3894 6336
135 313 214 372 511
1051 302 1504 372 EVANGELIUM
1545 299 1681 364 SEC'

1788 300 1916 368 DUM
1959 300 2393 370 ΜΑΤΤΙΙῶυΜ.

485 425 714 488 CODEX
753 423 1300 486 VEBCELLENSIS.

134 527 175 582 in
195 523 282 586 eis,
304 529 354 577 et
372 521 550 578 lucra—
928 518 1075 574 fuisti
1107 517 1300 582 ﬁdelis,

134 609 202 654 tus
217 605 290 650 est
316 594 414 648 alia
926 605 1088 660 super
1115 591 1284 644 multa

133 671 202 724 17.
236 667 485 737 quinque.
515 665 684 724 Simi—
929 671 982 719 te
1007 663 1272 737 constitu-

131 742 230 796 liter
252 733 303 794 et
321 735 410 808 qui
807 747 817 761 '
929 734 1216 808 am,_intra
1243 733 1294 787 iti

132 812 217 868 duo
242 805 451 878 accepe-
929 805 1179 878 gaudium

131 895 214 948 rat,
233 874 460 936 lucra-tus
927 874 1134 933 domini
1175 874 1270 948 tui.
1437 915 1444 924 .

132 947 209 1010 l8.
239 962 314 1009 est
338 953 388 1007 in
417 953 497 1010 eis
519 952 624 1008 alia
651 951 781 1010 duo.
927 949 1018 1004 24.
1063 947 1340 1004 Accedens
1381 958 1476 1000 au-

129 1027 210 1095 Qui
230 1037 394 1080 autem
931 1029 1036 1095 te_m
1067 1021 1156 1090 qui
1189 1033 1356 1074 unum

131 1093 269 1152 unum
296 1095 462 1152 talen-
929 1093 1188 1148 talantum

131 1180 222 1224 tum
249 1183 462 1237 accepe—
927 1171 1234 1234 acceperat,

129 1252 212 1306 rat,
241 1243 308 1310 (a)
331 1231 581 1312 ludit-fin
928 1237 1002 1312 ait
1025 1253 1038 1288 :
1061 1231 1318 1312 Domine,
1346 1231 1486 1288 scie—

129 1306 319 1377 terraui,
348 1321 402 1366 et
485 1306 498 1312 ⁷
927 1306 1049 1362 bam
1087 1308 1210 1376 quia
1239 1306 1336 1360 lto-

127 1383 374 1439 abscondit
401 1398 494 1452 pe-
925 1393 1015 1434 mo
1043 1383 1215 1452 durus
1245 1393 1326 1442 es,

127 1459 310 1510 cuniam
329 1449 534 1510 domini
927 1459 1096 1506 metes
1127 1449 1219 1505 ubi
1241 1464 1352 1504 non

131 1527 198 1582 l9.
239 1528 332 1581 sui.
365 1526 494 1582 Post
927 1523 1204 1578 seininasti
1223 1563 1240 1590 ,

127 1601 322 1653 multum
347 1613 436 1654 ve—
926 1605 982 1650 et
1007 1609 1239 1666 caugre-

127 1686 174 1724 ro
197 1669 442 1738 temporis

126 1743 245 1798 venit
267 1740 512 1798 dominus

127 1828 314 1868 SCI'VDI'II
321 1830 370 1868 ῐῐι

129 1883 332 1968 illorum,
359 1894 414 1968 et

124 1969 271 2025 pnsutt
295 1969 458 2012 ratiu-

125 2043 220 2083 nem
239 2044 354 2083 Clllll

123 2099 192 2154 20.
227 2101 318 2155 eis.
348 2099 418 2154 Et
442 2114 597 2164 acce-

123 2173 230 2226 dens
247 2173 330 2242 qui
358 2171 517 2242 quin-

122 2259 206 2312 que
229 2245 390 2298 talen-

124 2323 163 2368 ta
189 2323 476 2386 acceperat,

123 2388 272 2454 posuit
295 2384 398 2441 alia
431 2384 588 2456 quin-

923 1681 1018 1792 ξτες
1049 1667 1138 1721 ubi
1169 1680 1275 1722 non

963 1738 1015 1792 5.
1059 1738 1275 1792 snarsist

963 1738 1015 1792 5.
1059 1737 1346 1810 sparsisti:
1379 1745 1432 1796 et
1462 1735 1528 1790 ti-

925 1825 1080 1864 mens
1096 1809 1228 1872 abii,
1259 1819 1313 1864 et
1495 1811 1502 1816 ’

922 1881 1182 1936 abscondi
1217 1893 1296 1934 ta-

923 1952 1126 2008 lentum
1163 1963 1243 2006 tu-

923 2039 1011 2078 ttm
1045 2027 1096 2078 in
1129 2033 1236 2079 ter—

919 2110 976 2150 ra
1005 2113 1017 2149 :
1051 2111 1174 2150 ecce
1203 2094 1296 2150 ha-

925 2167 1022 2222 bes
1047 2170 1188 2238 quod
1214 2175 1297 2221 tu-

927 2254 1016 2293 um
1055 2246 1159 2294 est.
1513 2297 1524 2306 ,

925 2309 1014 2366 26.
1059 2309 1416 2380 Respondens

925 2390 1102 2438 autem
1134 2383 1386 2438 dominus

122 2473 206 2526 que
225 2459 384 2513 talen—
449 2454 464 2456 “
925 2455 1045 2522 cjus
1065 2493 1080 2518 ,
1109 2455 1246 2509 dixit
1275 2454 1323 2510 ei
1353 2470 1364 2506 :

123 2539 182 2594 ta,
208 2530 380 2585 dicens
411 2547 424 2583 :
456 2527 704 2596 Domine,
927 2527 1096 2582 Serve
1123 2541 1296 2595 nequa
1316 2568 1330 2588 ,

121 2601 322 2672 quinque
355 2610 434 2657 ta.
922 2606 976 2672 et
1002 2599 1188 2672 piger,_
1206 2598 1340 2650 scie-

121 2667 390 2728 lenta'mihi
922 2667 1020 2724 bas
1050 2668 1192 2738 quod
1230 2683 1342 2724 me-

121 2745 378 2812 tradidisti,
926 2749 1002 2805 to,
1027 2742 1116 2794 ubi
1147 2755 1255 2796 non
1285 2755 1372 2796 se—

121 2830 226 2872 ecce
249 2817 348 2871 alia
378 2815 538 2886 quin—
925 2813 1092 2874 mino,
1121 2821 1333 2886 etcen-

119 2902 204 2956 que
228 2903 358 2958 quae
381 2883 472 2943 su-
921 2899 1088 3009 grege
1112 2883 1202 2938 ubi
1227 2899 1332 2940 non

119 2960 362 3009 nerlncra-
963 2957 1012 3009 7.
1057 2969 1252 3009 spargo
1277 2975 1290 3009 ε
1320 2972 1332 3009 t

119 2960 362 3025 perlucra-
922 2957 1012 3028 277.
1057 2969 1252 3025 spargo
1277 2975 1290 3012 z
1320 2969 1482 3028 opor-

119 3037 188 3083 tus
212 3046 344 3086 sum.
926 3027 1026 3082 tuit
1053 3042 1184 3096 ergo
1223 3037 1274 3084 te

117 3099 191 3157 21.
226 3101 310 3158 Ait
339 3101 416 3158 illi
455 3101 708 3160 dominus
925 3098 1232 3154 committe-

117 3173 248 3240 ejus:
277 3175 426 3246 Euge
453 3175 567 3230 bo-
925 3185 986 3225 re
1016 3172 1300 3240 pecuniam

117 3259 172 3300 ne
201 3261 370 3312 serve,
403 3255 460 3302 et
925 3257 1099 3298 meam
1129 3259 1286 3298 num-

925 3315 1169 3398 mulariis
1188 3356 1202 3380 ,
1243 3323 1297 3370 et

925 3399 1152 3442 vemens
1178 3401 1278 3457 ego

511 3501 745 3562 CODEX
781 3501 1250 3558 CORBEIICNSIS.

113 3597 244 3652 estin
271 3599 374 3664 eis.
409 3606 468 3654 et
513 3597 751 3662 lucratus
789 3606 874 3651 est
914 3596 1017 3650 alia
1049 3595 1306 3666 quinque.
1339 3594 1598 3662 Similiter
1627 3603 1680 3652 et

111 3669 182 3736 qui
209 3670 310 3724 duo
338 3681 658 3740 acceperat,
715 3669 954 3724 lucratus
1001 3669 1014 3698 ¹
1065 3676 1150 3721 est
1182 3669 1232 3720 iu
1264 3668 1354 3740 eis
1398 3669 1504 3722 alia
1549 3667 1676 3720 duo.

111 3741 190 3804 Qui
210 3755 384 3796 autem
415 3736 579 3798 unum
617 3741 878 3794 talentum
917 3749 1222 3809 acceperat,
1255 3736 1408 3794 fodiit
1437 3749 1633 3794 terram
1661 3780 1675 3804 ,

109 3821 150 3864 et
175 3813 448 3870 absciiudit
493 3813 776 3883 pecuniam
834 3811 1038 3865 domini
1093 3811 1196 3864 sui.
1255 3810 1380 3864 Post
1449 3811 1678 3866 multum

107 3896 215 3936 vero
245 3885 506 3954 temporis
531 3883 678 3938 venit
718 3883 989 3954 dominus
1026 3898 1302 3936 servorum
1335 3883 1548 3938 illorum
1577 3923 1591 3947 ,
1625 3891 1682 3936 ttt

108 3953 369 4024 acciperet,
399 3957 470 4012 ab
507 3955 586 4012 eis
615 3957 898 4010 rationein.
955 3953 1266 4008 Etacces>it
1307 3955 1394 4023 qui
1441 3955 1681 4024 quinque

107 4027 276 4082 talenta
325 4037 642 4096 acceperat,
689 4038 742 4081 et
797 4026 993 4080 obtulit
1041 4026 1142 4078 alia
1183 4027 1418 4095 quinque
1463 4026 1682 4090 talenta,

105 4097 264 4154 dicens
317 4119 330 4154 :
373 4099 646 4164 Domine,
695 4097 932 4166 quinque
1018 4097 1215 4151 talenta
1263 4097 1392 4151 milii
1443 4097 1686 4162 dedisti,

107 4182 212 4222 ecce
255 4175 356 4226 alia
401 4172 694 4242 quinqueI
724 4169 1018 4242 adquisivi.
1064 4169 1135 4242 7|th
1181 4169 1258 4223 ait
1311 4169 1386 4222 illi
1434 4168 1687 4242 dominus

105 4254 248 4315 suus:
277 4241 430 4315 Euge
463 4259 623 4315 serve
653 4241 822 4306 bone,
853 4250 910 4295 et
949 4241 1161 4315 lilii-lis,
1191 4243 1447 4309 quoniam
1495 4241 1554 4315 in
1581 4243 1686 4294 itii-

103 4313 230 4386 niiuo
257 4312 404 4370 fuisti
435 4313 639 4378 tidelis,
669 4327 833 4382 super
856 4312 1061 4382 majori
1093 4315 1517 4386 lc.CttllSIltllalll,
1539 4312 1682 4386 intra

105 4385 146 4434 in
169 4389 416 4455 gaudium
445 4386 654 4440 domini
682 4387 777 4452 tui.
809 4387 1016 4442 Etcum
1041 4383 1364 4440 accessisset
1394 4385 1436 4438 is
1459 4383 1550 4454 qui
1577 4385 1686 4440 duo

105 4457 276 4528 tali-uta
317 4467 650 4527 acceperat,
683 4457 801 4512 ait:
851 4455 1110 4528 Domine,
1151 4455 1258 4528 duo
1305 4457 1504 4510 talenta
1553 4455 1683 4510 mihi

103 4526 314 4590 dedisti.
346 4526 483 4588 ecce
521 4529 628 4584 duo
655 4530 760 4582 alia
796 4531 994 4586 talenta
1025 4526 1310 4596 adquisivi.
1357 4528 1444 4584 Ait
1479 4528 1556 4584 illi
1587 4528 1686 4594 do-

101 4600 256 4656 minus
277 4603 398 4670 ejus
429 4619 442 4656 :
479 4601 627 4668 Euge
652 4617 808 4656 serve
839 4601 994 4664 bone,
1027 4609 1082 4654 et
1111 4599 1308 4664 ﬁdelis,
1339 4600 1594 4668 quoniam
1631 4599 1684 4664 in

101 4672 290 4726 modico
323 4674 472 4728 fuisti
527 4675 737 4735 lidelis,
787 4688 951 4741 super
996 4670 1200 4740 majora
1251 4683 1300 4724 te
1327 4673 1677 4735 con‘Illlllllll,

101 4741 218 4796 intra
247 4747 296 4800 in
323 4744 590 4813 gaudium
620 4744 820 4798 domini
857 4745 953 4798 tui.
989 4741 1272 4798 Accedens
1300 4753 1480 4796 autem
1506 4751 1560 4796 et
1588 4741 1682 4812 qui

100 4827 246 4868 unum
287 4818 558 4872 talentum
589 4816 1028 4884 acceperat,ait:
1075 4815 1330 4879 Domine,
1362 4815 1596 4868 sciebam
1631 4821 1684 4868 te

97 4885 270 4938 durum
305 4887 590 4942 hominem
620 4899 742 4941 csse
764 4929 778 4952 ,
822 4889 984 4942 metis
1015 4886 1099 4938 ubi
1133 4902 1238 4939 non
1277 4885 1554 4940 seniinasti
1583 4926 1596 4950 ,
1629 4895 1683 4939 et

97 4956 288 5026 colligis
319 4960 410 5013 ubi
462 4975 568 5013 non
611 4959 914 5025 disiiersisti
949 4976 961 5012 :
997 4959 1018 4990 ³
1049 4958 1244 5011 timens
1275 4973 1404 5026 ergo
1433 4957 1577 5025 abii,
1627 4967 1682 5012 ct

96 5027 332 5084 abscondi
365 5031 630 5084 talentum
669 5041 815 5084 tuum
841 5031 894 5084 in
924 5040 1066 5086 terra
1093 5048 1106 5084 :
1137 5029 1158 5059 ⁸⁵
1190 5045 1317 5085 ecce
1347 5029 1512 5084 babes
1536 5029 1678 5098 quod

98 5105 226 5154 tuum
249 5115 352 5156 eSI.
379 5103 483 5156 Cui
511 5103 848 5172 respondens
866 5102 1114 5156 dominus
1139 5115 1292 5166 suus,
1313 5102 1446 5156 dixit
1472 5118 1486 5154 :
1518 5101 1683 5172 Suri-’8

97 5185 280 5240 nequa,
308 5187 364 5229 et
399 5177 584 5243 piger,
629 5173 840 5228 sci'cbas
866 5189 954 5229 me
985 5183 1220 5238 metere,
1253 5173 1343 5228 ubi
1373 5189 1478 5226 non
1508 5173 1680 5233 semi-

97 5245 202 5316 nari
222 5286 235 5306 .
267 5255 322 5299 et
347 5246 616 5316 colligere
643 5246 734 5299 ubi
763 5260 868 5299 non
899 5246 1128 5312 disiiersi
1156 5262 1170 5298 :
1201 5246 1440 5316 Oportuit
1469 5259 1598 5312 ergo
1629 5254 1681 5299 te

97 5311 112 5340 ⁸
135 5315 252 5372 dare
277 5311 569 5388 pecuniam
595 5331 767 5372 meam
793 5311 1091 5371 nummulat
1189 5360 1204 5385 ,
1225 5311 1279 5373 et
1301 5315 1320 5346 ⁸
1342 5331 1442 5386 ego
1458 5311 1680 5370 veniens

116 3317 282 3385 ﬁdelis,
307 3319 436 3389 quia

115 3403 250 3458 super
283 3405 454 3462 pauca

2219 417 2451 486 CODEX
2488 415 2937 476 VERONENSIS.

1791 513 1850 570 in
1871 513 1952 568 cis
1976 512 2082 568 alia
2111 513 2370 584 quinque.
2623 514 2716 570 22.
2760 511 3003 568 Accessit
3031 517 3212 578 autem

1792 587 1879 640 17.
1923 585 2186 650 Similiter
2623 586 2710 652 qui
2739 585 2846 640 duo
2877 593 2956 640 ta-

1790 659 1878 728 qui
1907 657 2014 724 duo
2045 671 2137 720 ac-
2623 657 2766 713 lenta
2786 671 3016 729 accepe:
3128 724 3140 729 _
3225 725 3229 729 Ι

1789 724 1952 800 cepit,
1988 729 2228 786 lucratus
2255 799 2260 800 ί
2623 741 2706 785 rat
2727 771 2740 794 ,
2767 739 2822 784 et
2847 724 2935 786 ait
2951 747 2964 784 :
2980 724 3251 800 Domine,

1787 797 1872 856 est
1903 797 1957 854 in
1989 801 2070 854 eis
2097 802 2204 868 alia
2235 799 2363 864 duo.
2625 801 2892 856 tradidisti
2924 797 3056 856 mihi

1793 873 1881 926 18.
1921 871 2022 940 Qui
2054 883 2234 928 autem
2623 873 2731 928 duo
2761 873 2995 936 talenta,

1789 959 1954 999 unum
1999 944 2255 1000 talentum
2625 959 2751 1000 ecce
2771 946 2874 1000 alia
2905 945 3014 1000 duo

1789 1016 2018 1086 accepit,
2051 1015 2126 1086 (a)
2149 1015 2231 1074 fu-
2623 1016 2860 1072 lucratus
2889 1032 3030 1072 sum.

1789 1087 1871 1142 dit
1903 1085 1940 1158 -ιε
1969 1090 2020 1142 in
2051 1085 2160 1150 ter-
2624 1089 2714 1144 25.
2757 1090 2846 1144 Ait
2873 1089 2948 1144 illi
2985 1085 3234 1158 dominus

1789 1157 1926 1224 ram,
1945 1169 2012 1231 et
2041 1160 2138 1214 ab-
2624 1161 2741 1231 ejus
2771 1179 2784 1215 :
2821 1161 2963 1231 Euge
2985 1159 3141 1216 serbe
3167 1157 3339 1222 bone,

1789 1230 2002 1286 scondit
2020 1231 2302 1302 pecuniam
2624 1230 2678 1290 et
2711 1232 2886 1288 ﬁdelis
2905 1230 2922 1299 ,
2951 1231 3074 1302 quia

1794 1302 1996 1376 domini
2022 1301 2126 1370 sui.
2180 1375 2187 1376 ί
2399 1335 2406 1346 ι
2623 1321 2788 1374 super
2812 1301 2980 1376 pauca
3011 1301 3114 1358 fui-

1791 1373 1879 1428 19.
1925 1375 2054 1430 Post
2083 1375 2311 1444 multum
2623 1373 2703 1432 sti
2721 1373 2926 1443 ﬁdelis,
2953 1389 3116 1445 super

1790 1460 1920 1500 vero
1951 1448 2214 1516 temporis
2624 1451 2790 1504 multa
2819 1457 2872 1504 te
2899 1463 3031 1502 con-

1789 1519 1938 1572 venit
1962 1519 2142 1575 domi-
2621 1521 2838 1576 stituam
2857 1563 2873 1588 ,
2907 1521 3045 1576 intra
3075 1517 3129 1572 in

1792 1604 1892 1660 ηυε
1915 1605 2196 1660 servom!"
2620 1585 2875 1660 gaudium
2906 1589 3110 1648 domini
3139 1585 3240 1644 tui.

1794 1659 2033 1726 illorum,
2066 1659 2152 1730 eti
2621 1659 2712 1718 24.
2755 1663 3034 1720 Accedens
3058 1666 3239 1716 autem

1788 1733 1968 1802 posuit
1997 1735 2161 1816 ratio.-
2623 1738 2713 1808 qui
2737 1751 2900 1790 uuttm
2926 1735 3098 1816 talen-

1789 1821 1911 1876 nem
1941 1820 2062 1860 cum
2089 1815 2190 1876 eis.
2625 1818 2737 1862 tum
2771 1815 3070 1876 acceperat,

1786 1875 1878 1932 20.
1924 1877 1990 1942 Et
2015 1871 2280 1944 accedens
2624 1881 2699 1935 ait
2731 1899 2743 1934 :
2777 1871 3040 1944 Domine,

1787 1947 1880 2022 qui
1903 1949 2138 2018 quinque
2627 1952 2742 2006 scio
2767 1952 2890 2022 quia
2914 1951 3076 2008 homo

1793 2017 1993 2075 talenta
2025 2017 2182 2078 a’cce—
2626 2017 2858 2078 austeris
2887 2039 2979 2084 es.
3011 2017 3169 2076 metis

1793 2103 1976 2162 perat,
2005 2103 2162 2162 optu-
2629 2094 2718 2149 ubi
2747 2109 2852 2148 non
2883 2094 3115 2150 semina-

1791 2165 1856 2220 lit
1883 2165 1990 2218 alia
2021 2166 2175 2234 quin-
2625 2167 2726 2232 sti,
2759 2175 2813 2221 et
2836 2177 3134 2237 congregas

1789 2251 1897 2306 (ille
1927 2241 2093 2307 super
2625 2239 2716 2294 ubi
2749 2254 2856 2293 non
2887 2235 3178 2308 spiirsisti;

2622 2309 2716 2366 25.
2757 2319 2812 2364 et
2841 2305 3037 2364 tiniens
3064 2305 3204 2372 abii,

2623 2391 2680 2439 et
2703 2381 2964 2438 abscondi
2987 2391 3068 2438 ta-

2629 2455 2832 2509 lentum
2861 2463 3010 2509 tuum

2623 2526 2676 2581 in
2707 2536 2849 2581 terra
2882 2543 2898 2581 :
2927 2524 3098 2580 babes

2621 2612 2750 2654 ecce
2779 2597 2924 2666 quod
2952 2607 3103 2651 tuum
3131 2599 3236 2660 est.

2619 2669 2712 2744 26.
2755 2667 3318 2744 Respondensautem

2621 2737 2879 2796 dominus
2915 2741 3055 2808 ejus,
3079 2737 3216 2792 dixit
3243 2737 3295 2790 ei
3329 2748 3343 2786 :

2621 2811 2794 2868 Serve
2823 2811 2992 2876 male,
3016 2819 3074 2866 et

2623 2885 2804 2954 piger,
2834 2883 3043 2938 sciebas

2623 2953 2767 3026 quod
2790 2965 2934 3010 meto
2957 2995 2970 3018 ,
2997 2953 3093 3008 ubi

2625 3041 2732 3082 non
2759 3028 2989 3090 semino,

2623 3109 2678 3155 et
2699 3113 2968 3170 congrego
3002 3095 3089 3158 ubi
3118 3107 3228 3170 non

2625 3170 2715 3226 27.
2732 3167 2925 3242 sparsi:
2941 3167 3319 3242 oportuitergo
3331 3169 3385 3224 te

2623 3237 2964 3304 committere
2980 3237 3272 3310 pecuniam

1789 3311 1954 3383 (intra
1989 3313 2042 3367 in
2070 3329 2202 3382 gau-
2625 3312 3000 3369 nummulariis
3021 3355 3036 3380 ,
3065 3323 3121 3366 et

1788 3383 1934 3438 dium
1958 3383 2162 3440 domini
2193 3385 2315 3458 tui.)
2622 3385 2846 3442 veniens
2883 3401 2986 3456 ego
3011 3398 3131 3440 cum

2247 3503 2482 3576 CODEX
2519 3503 2908 3562 BBIXIANUS.

1789 3603 1936 3669 ratus
1965 3605 2049 3653 est
2079 3597 2130 3652 in
2158 3597 2258 3654 eis.
2291 3607 2344 3664 et
2376 3599 2610 3656 lucratus
2639 3610 2722 3656 est
2751 3601 2852 3656 alia
2885 3600 3120 3669 quinque
3151 3596 3378 3669 talenta.

1789 3667 2070 3742 Similiter.
2099 3681 2153 3726 et
2174 3671 2262 3740 qui
2287 3670 2394 3724 duo
2417 3683 2722 3742 acceperat.
2756 3667 2994 3727 lucratus
3015 3667 3097 3724 est
3123 3669 3225 3724 alia
3249 3667 3377 3742 duo.

1788 3740 1888 3806 Qui
1917 3749 2096 3796 autent
2138 3758 2302 3798 unum
2333 3740 2590 3798 talentum
2627 3753 2932 3811 acceperat.
2979 3742 3112 3796 abiit
3151 3749 3206 3794 et
3249 3740 3383 3794 indit

1789 3811 1839 3864 in
1873 3820 2069 3867 terram
2115 3823 2170 3868 et
2210 3816 2494 3870 abscumlit
2539 3815 2818 3884 pecuniam
2865 3813 3068 3868 domini
3115 3813 3218 3866 Sui.
3257 3811 3382 3884 Post

1791 3885 2016 3938 mttltum
2046 3899 2176 3940 vero
2220 3896 2431 3954 tempus
2477 3883 2621 3942 venit
2665 3887 2914 3940 dominus
2946 3899 3226 3938 servorum
3259 3883 3379 3935 illo-

1793 3971 1933 4010 rum.
1963 3965 2017 4008 et
2051 3957 2228 4024 posuit
2257 3957 2576 4012 raditioneut
2617 3973 2738 4014 cum
2763 3956 2863 4012 eis.
2897 3958 2962 4012 Et
2991 3955 3255 4010 accedens
3287 3954 3375 4019 qui

1793 4029 2028 4097 quinque
2073 4028 2272 4082 talenta
2319 4039 2624 4098 acceperat.
2659 4029 2854 4084 obtulit
2901 4028 3002 4082 alia
3033 4027 3273 4098 quinque
3301 4036 3378 4098 ta.

1793 4095 2166 4154 lcntndicens.
2195 4099 2418 4156 Domine
2445 4095 2682 4170 quinque
2702 4101 2901 4156 talenta
2930 4099 3056 4154 mibi
3087 4095 3373 4170 tradidisti.

1790 4185 1919 4225 ecce
1947 4171 2052 4224 alia
2079 4173 2318 4242 quinque
2349 4168 2758 4242 superlucratus
2788 4187 2931 4226 sum.
2969 4170 3036 4224 Et
3061 4171 3136 4224 ait
3169 4168 3246 4222 iiii
3275 4168 3377 4220 do-

1790 4244 1968 4298 minus
1999 4243 2136 4314 ejus.
2187 4244 2332 4314 Euge
2375 4260 2530 4300 serve
2564 4247 2702 4300 bone
2739 4255 2793 4300 et
2821 4243 3025 4306 ﬁdelis,
3060 4242 3182 4312 quia
3214 4255 3378 4308 super

1791 4329 1960 4384 pauca
1995 4313 2143 4386 inisti
2179 4313 2350 4370 ﬁdelis
2370 4331 2544 4386 super
2585 4317 2748 4372 multa
2791 4325 2840 4370 te
2871 4317 3195 4370 consumam
3239 4314 3376 4368 inua

1789 4387 1843 4440 in
1873 4385 2128 4456 gaudium
2155 4387 2360 4443 domini
2395 4385 2488 4442 tui.
2529 4387 2808 4444 Accedens
2845 4397 3022 4444 autem
3051 4398 3104 4440 et
3153 4387 3238 4454 qui
3270 4386 3378 4440 duo

1793 4461 1990 4512 talenta
2018 4469 2300 4528 acccperat
2323 4460 2483 4516 dixit.
2513 4461 2734 4514 Domine
2756 4459 2863 4514 duo
2887 4461 3084 4512 talenta
3111 4456 3376 4528 tradidisti

1789 4528 1940 4602 mihi.
1973 4545 2100 4584 ecce
2135 4525 2236 4586 alia
2269 4529 2376 4586 duo
2421 4533 2618 4588 talenta
2667 4532 3072 4602 superlucratus
3115 4545 3255 4584 sum.
3288 4525 3379 4602 Ait

1787 4601 1866 4656 illi
1896 4601 2148 4656 dominus
2180 4604 2316 4671 ejus.
2369 4603 2512 4672 Euge
2553 4618 2710 4660 serve
2755 4603 2894 4658 bone
2939 4613 2992 4658 et
3023 4602 3214 4654 lidelis.
3251 4601 3375 4668 quia

1785 4688 1951 4740 super
1981 4689 2148 4742 pauca
2177 4675 2316 4730 l'uisni
2349 4675 2541 4730 lidelis.
2567 4690 2730 4739 super
2759 4677 2921 4732 multa
2947 4682 2998 4728 te
3023 4673 3372 4728 cunstituam.

1786 4745 1924 4798 intra
1966 4745 2016 4798 in
2065 4746 2316 4814 gaudium
2359 4746 2564 4802 domini
2597 4748 2694 4800 tui.
2742 4745 3023 4800 Accedens
3073 4755 3273 4798 autem.
3321 4749 3377 4814 ct

1785 4816 1876 4870 ille
1903 4817 1992 4886 qui
2027 4813 2190 4870 unum
2221 4819 2481 4871 talentum
2527 4828 2812 4886 acreperat
2840 4818 2934 4870 ait.
2977 4815 3219 4886 Domine.
3260 4813 3375 4886 scio

1788 4895 1862 4941 te.
1889 4885 2010 4956 quia
2042 4889 2206 4942 homo
2237 4891 2404 4956 durus
2430 4905 2507 4945 es.
2537 4893 2714 4943 metis.
2746 4889 2832 4942 ubi
2865 4903 2968 4940 non
2996 4885 3292 4939 seiuiuasti.
3319 4893 3378 4939 et

1783 4974 2078 5028 Cougregns
2109 4961 2196 5012 ubi
2233 4977 2336 5014 non
2375 4961 2620 5029 sparsisti
2645 5002 2658 5015 .
2715 4972 2768 5014 et
2809 4961 3003 5014 timcns
3031 4957 3157 5012 abii.
3191 4967 3244 5011 et
3283 4956 3380 5029 ab-_-

1783 5027 1970 5084 scondi
2006 5032 2264 5085 talentum
2311 5027 2457 5086 tuum
2493 5033 2541 5084 in
2577 5044 2796 5087 terram.
2841 5045 2969 5085 ecce
3022 5031 3187 5084 imlle
3231 5027 3374 5097 quod

1786 5111 1932 5156 tuum
1965 5112 2066 5156 est.
2101 5103 2454 5174 Respondens
2480 5113 2657 5158 autem
2689 5103 2940 5158 dominus
2965 5102 3104 5156 dixit
3132 5103 3178 5156 ei
3208 5101 3378 5156 Serve

1784 5175 1922 5228 male
1948 5184 1998 5228 et
2030 5177 2200 5244 piger.
2237 5175 2446 5230 sciebas
2471 5177 2612 5244 quod
2642 5183 2782 5228 metu
2808 5174 2892 5227 ubi
2927 5187 3031 5228 ti0n
3062 5176 3289 5228 sentinu.
3326 5180 3378 5226 ιιι

1783 5245 1977 5314 Colligo
2011 5247 2096 5300 ubi
2131 5263 2232 5300 non
2261 5247 2454 5317 sparsi.
2485 5247 2734 5316 Oportuit
2763 5261 2890 5316 ergo
2932 5257 3003 5317 te.
3039 5245 3381 5300 committere

1783 5318 2066 5388 pecuniam
2099 5333 2271 5373 meam
2291 5315 2701 5373 iiummulnriis.
2736 5328 2790 5374 et
2829 5315 3052 5374 Veniens
3080 5331 3204 5387 ego.
3252 5331 3376 5370 cuin

1791 2308 1990 2364 talenta
2008 2351 2022 2375 ,
2055 2308 2137 2366 di-

1788 2395 1921 2435 cens
1945 2397 1959 2434 :
1984 2381 2206 2448 Domine
2223 2419 2239 2448 ,

1789 2452 2026 2523 quinque
2063 2463 2142 2508 ta-

1791 2523 1936 2578 lenta
1966 2524 2095 2578 mibi
2137 2523 2332 2590 dedisti
2356 2565 2370 2591 ,

1790 2609 1920 2650 ecce
1952 2597 2055 2650 alia
2091 2597 2332 2667 quinque

1789 2668 2196 2736 superlucratus
2227 2682 2368 2724 sum.

1788 2739 1880 2792 21.
1924 2741 2014 2793 Ait
2041 2741 2114 2794 illi
2144 2739 2398 2794 dominus

1789 2811 1907 2879 ejus
1937 2829 1952 2866 :
1985 2811 2132 2882 Euge
2163 2811 2306 2868 bone

1789 2883 1951 2938 serbe
1969 2925 1984 2948 ,
2017 2894 2070 2938 et
2101 2883 2231 2938 tide-

1790 2953 1856 3007 lis
1878 2995 1891 3019 ,
1922 2955 2046 3025 quia
2073 2969 2167 3025 su-

1789 3039 1886 3094 per
1917 3023 2082 3092 pauca
2109 3023 2220 3082 fui-

1790 3097 1857 3150 Sti
1891 3097 2066 3152 fidelis
2085 3139 2098 3165 ,
2131 3115 2222 3154 su-

1792 3182 1888 3236 per
1913 3171 2080 3224 multa
2106 3177 2156 3224 te

1790 3241 2116 3294 constituam
2139 3283 2154 3307 ,

760 5431 1158 5494 VABIANTES
1196 5431 1580 5488 LECTIONES
1619 5427 1881 5487 CODICIS
1919 5430 2031 5502 MS.
2075 5429 2132 5487 S.
2174 5430 2680 5504 GERMANENSIS.

147 5529 162 5562 ¹
196 5535 268 5580 est
287 5527 404 5592 alia,
435 5536 550 5590 etc.,
579 5535 630 5580 ut
652 5525 703 5580 in
732 5523 878 5591 Vulg.
904 5539 1073 5642 inﬂue,
1095 5525 1332 5600 adquisivj

147 5593 162 5622 ³
193 5591 412 5641 lucratus
435 5603 562 5642 sum.
589 5591 688 5642 Ait.
715 5599 834 5642 etc..
857 5597 910 5642 ut
987 5587 1089 5642 ula.
1115 5599 1264 5642 usque
1288 5595 1332 5640 tu

145 5593 162 5622 '
193 5587 412 5641 lucratus
435 5587 562 5642 sum.
589 5591 688 5655 Ait,
715 5587 910 5655 etc.,‘ut
941 5587 1089 5660 Vulg.
1115 5587 1264 5656 usqite
1288 5589 1470 5640 timens

147 5653 165 5686 ³
197 5653 377 5705 timens
393 5655 496 5705 abii

1844 5523 1872 5619 ζ
2153 5532 2276 5588 etc.,
2305 5530 2355 5576 ut
2393 5524 2534 5591 Vulg.
2561 5538 2731 5592 usque,
2756 5527 2876 5586 dare
2901 5523 3162 5590 pecuniam

1851 5611 1872 5619 '
1908 5611 1972 5635 IIII
1993 5626 1996 5630 ι
2071 5611 2079 5614 “
2099 5611 2111 5620 ⁸

1849 5647 1870 5682 ⁸
1906 5611 2114 5701 venian
2143 5662 2260 5714 ego,
2283 5654 2384 5716 etc,
2408 5655 2460 5702 ut
2490 5649 2635 5718 Vulg.

1311 5809 1324 5820 .
1421 5755 1788 5819 BLANCHINI
1825 5755 2054 5817 ΝΟΤᾸΞ.

157 5863 231 5950 (τι)
261 5865 405 5926 Ante
429 5863 561 5946 fodit
579 5903 596 5936 ,
631 5862 785 5942 deest
812 5861 1006 5936 abiens,
1033 5860 1091 5930 in
1119 5859 1244 5934 md-
1277 5870 1491 5946 quoque
1516 5855 1672 5944 Cant.
