1947 3168
258 148 312 177 510

443 247 446 252 1
457 207 573 236 CODEX
594 207 862 236 VERCELLENSIS.

259 255 424 291 recepissem
680 260 804 291 segregat
823 274 831 282 .
854 275 860 282 .
881 262 928 283 ves

261 292 352 321 usuris
363 291 436 328 quod
678 292 722 319 ab.
746 312 753 319 .
775 311 782 318 .
805 311 814 328 .
835 311 842 318 .
865 312 872 319 .
894 310 901 318 .
924 311 931 328 τ
954 311 960 317 .

261 336 352 364 meum
368 326 420 356 est.
447 363 451 364 ν
678 328 724 356 55.
744 332 772 356 et
785 326 821 364 (ε)
841 327 939 363 oves-j-
959 346 967 354 .
989 347 996 353 .
1020 348 1026 353 .
1050 346 1057 354 .

260 364 307 392 28.
330 363 427 392 Tollite
445 363 535 400 itaque
680 383 687 390 .
726 383 734 391 .
775 383 782 391 .
823 383 830 390 .
871 384 878 390 .
918 383 925 389 .
966 383 973 391 .
1014 383 1020 389 .

261 400 296 427 ab
309 407 342 428 eo
357 400 443 428 talan-
682 420 687 426 .
712 422 717 427 .
741 422 746 426 .
771 419 776 426 .
800 420 806 426 .
830 418 837 426 .
857 403 912 427 tem

261 440 329 469 tum,
343 440 370 463 et
382 436 444 464 date
679 436 711 462 ad
733 436 774 462 sin
796 456 802 463 .
827 457 832 462 .
856 456 861 461 .
886 455 893 462 .
915 455 922 462 .

679 472 723 499 5A5.
745 472 819 498 Tune
833 471 904 498 dicet
915 478 963 499 rex

680 507 721 535 bis
732 529 738 539 ,
757 509 800 541 qui
817 515 830 533 a
845 507 911 534 dex-

680 544 727 570 tris
740 544 798 577 ejus
813 548 877 570 sunt
893 551 899 569 :

680 579 775 606 Venite
789 579 872 607 benc-

260 471 286 499 ei
300 471 345 506 qui
361 471 442 499 habet

259 506 353 535 decem
370 507 455 535 talan—

258 542 305 570 29.
326 547 362 571 la.
377 543 457 571 Omni
473 543 544 572 enim

259 578 371 607 habenti
387 579 434 606 da-

258 613 351 642 bitur:
366 615 391 643 ei
408 619 498 643 autem
678 615 790 642 dictiPa
814 636 819 641 .
844 635 849 641 .
873 635 879 642 .
902 634 909 641 .
931 633 939 641 .

206 674 211 679 .
258 651 304 686 qui
322 658 376 678 non
392 651 483 681 habet.
678 651 746 682 mei,
763 658 826 686 poss
848 670 855 678 .
878 671 884 677 .
907 670 914 678 .
937 671 944 677 .
966 670 972 676 .
997 671 1003 678 .

257 686 373 723 etquod
388 686 427 723 (a)
443 687 566 723 habet-j,
678 691 704 714 te
720 695 736 721 p
757 707 763 713 .
787 706 794 713 .
817 708 823 714 .
845 705 854 714 .
875 707 882 713 .

257 722 395 750 auferetur
417 722 420 723 ⁷
542 722 545 723 ⁷
677 727 733 750 tum
754 743 762 750 .
785 742 793 750 .
815 743 822 750 .
845 743 852 749 .
874 742 880 750 .
905 741 912 748 .

258 757 305 786 30.
326 757 415 795 abeo.
428 758 591 795 Etnequam
676 765 724 794 reg
745 778 752 785 .
775 778 782 785 .
806 777 813 786 .
836 778 843 786 .
867 778 874 786 .
896 779 903 785 .

257 801 367 830 servum
380 794 417 830 (ιν)
432 796 505 828 proi-
675 801 708 822 co
730 815 736 821 .
759 814 766 821 .
790 815 796 821 .
819 813 827 822 .
849 815 855 822 .
878 814 886 822 .

256 829 462 866 citet‘oras-j-in
674 837 901 859 n.......

256 865 445 894 tenebrasex-
675 885 682 893 .
723 886 730 894 .
771 886 777 893 .
817 886 825 894 .
866 887 873 894 .
915 885 922 892 .
963 886 968 891 .
1010 885 1015 891 .

256 901 466 930 teri0res2illic
674 921 682 928 .
722 923 729 929 .
769 922 775 929 .
817 922 825 930 .
865 923 871 930 .
914 922 920 928 .
961 921 968 928 .
1009 921 1016 928 .

255 936 420 972 eritiletus,
675 957 681 965 .
723 958 729 964 .
771 958 777 965 .
818 958 825 965 .
866 958 873 965 .
914 958 921 964 .
962 957 969 964 .
1010 958 1016 964 .

255 973 476 1001 etstridorden-
674 993 681 1000 .
722 993 729 1000 .
769 993 777 1001 .
817 994 825 1001 .
866 993 874 1001 .
913 994 920 1000 .
960 993 968 1001 .
1008 994 1014 1000 .

255 1009 334 1036 tium.
674 1009 719 1037 35.
741 1009 854 1037 dedistis
867 1010 918 1037 mi-

255 1045 303 1073 51.
322 1043 388 1072 Cum
404 1049 494 1073 autem
674 1045 702 1072 hi
716 1045 809 1073 bibere
824 1055 830 1073 :
847 1045 911 1073 hos-

254 1080 360 1108 venerit
373 1080 426 1108 iili-
674 1088 723 1116 pes
743 1101 750 1109 .
773 1100 780 1108 .
803 1102 810 1109 .
832 1089 875 1114 nt.
891 1089 906 1109 e
927 1102 934 1108 .
957 1100 964 1107 .

256 1124 289 1144 Its
300 1116 419 1145 hominis
674 1124 690 1144 c
710 1138 718 1145 .
741 1137 748 1143 .
770 1137 779 1145 .
801 1137 808 1144 .
825 1117 883 1145 istis
895 1124 939 1145 me
956 1126 963 1144 :

256 1152 284 1180 in
296 1153 424 1187 majesta-
673 1152 720 1180 36.
743 1173 750 1180 .
772 1171 779 1180 .
803 1173 810 1180 .
833 1174 839 1180 .
861 1173 869 1180 .
892 1173 899 1181 .
913 1158 941 1181 et
954 1160 1035 1189 oper-

257 1192 475 1221 tesua,etom-
676 1196 956 1217 .....me...

256 1231 307 1252 nes
320 1224 407 1260 angeli
673 1224 707 1252 ﬁr
787 1246 794 1254 .
814 1245 820 1252 .
844 1244 850 1251 .
873 1243 879 1252 .

255 1265 464 1292 eumeo,tunc
674 1261 875 1289 sit......

257 1296 364 1324 sedebit
378 1303 461 1331 super
674 1304 706 1325 ca
727 1316 735 1323 .
755 1316 763 1324 .
786 1318 794 1326 .
816 1317 823 1323 .
845 1316 854 1324 .
876 1316 884 1325 .
899 1303 993 1329 eram,

257 1331 352 1360 sedem
365 1339 424 1359 ma-
674 1337 702 1360 et
716 1332 829 1361 venistis

255 1367 364 1402 jestatis
376 1374 442 1396 suae
456 1376 463 1394 :
675 1367 708 1395 ad
723 1376 776 1396 me.

256 1403 303 1440 32.
324 1408 351 1431 et
364 1411 511 1440 congrega-
676 1404 721 1432 57.
742 1404 818 1432 Tunc
834 1411 947 1440 respon-

256 1439 359 1467 buntur
369 1446 434 1468 ante
470 1439 477 1440 ί
677 1440 779 1468 debttnt
792 1442 816 1469 ei

259 1483 390 1503 eumom-
680 1496 686 1503 .
710 1497 717 1504 .
740 1496 747 1504 .
771 1497 777 1503 .
799 1497 806 1503 .
827 1477 921 1505 dicen-

259 1519 309 1538 nes
319 1517 428 1545 gentes,
444 1516 473 1539 et
679 1531 686 1539 .
709 1531 716 1539 .
739 1532 746 1539 .
769 1532 776 1539 .
799 1532 806 1540 .
829 1513 955 1546 Domine,
974 1519 1058 1547 quan-

261 1547 457 1582 separaviteOs
680 1567 687 1574 .
710 1568 717 1575 .
740 1569 748 1576 .
770 1569 777 1576 .
800 1569 807 1576 .
827 1549 917 1576 ditnus

262 1582 442 1617 abinvicem,
680 1604 687 1610 .
710 1603 717 1610 .
739 1604 745 1611 .
767 1603 776 1611 .
799 1604 805 1611 .
827 1589 899 1617 tem,

263 1636 603 1647 ........
680 1628 888 1648 .....mus

480 1676 596 1706 CODEX
615 1677 849 1707 CORBEIERSIS.

264 1724 564 1760 cxegisscmillamcum
581 1727 797 1754 usuris.Tollitel
808 1727 842 1754 ab
857 1727 903 1754 illo
919 1727 1061 1758 talentum.

265 1760 361 1788 etdate
370 1762 395 1788 ei
410 1761 454 1796 qui
467 1761 548 1789 habet
558 1762 652 1789 decent
661 1762 771 1790 talenta.
784 1763 862 1791 Omni
874 1763 945 1790 enim
953 1763 1061 1790 habenti

264 1796 374 1834 dabitur
384 1798 405 1823 ¹;
415 1798 440 1834 ei
454 1798 602 1834 autemqui
617 1805 671 1825 non
684 1799 774 1833 habet,
788 1803 816 1826 et
826 1799 897 1834 quod
915 1799 925 1813 ³
942 1804 955 1817 ι
970 1799 1060 1830 habet,

266 1831 404 1870 auferetur
413 1833 447 1860 ab
454 1841 497 1870 eo.
507 1831 671 1860 Et‘serVIIm
680 1831 898 1870 Itequavprojicite
910 1834 981 1861 foras
989 1835 1014 1861 in
1024 1839 1062 1861 tc-

268 1867 365 1895 nebras
374 1869 524 1896 exteriores
536 1874 547 1887 "
561 1879 567 1896 :
579 1869 614 1897 ibi
623 1870 673 1897 erit
685 1867 809 1903 ﬂetus,’et
820 1867 919 1898 stridor
929 1870 1060 1897 dentium.

267 1903 354 1936 Quum
368 1910 457 1935 autem
470 1906 573 1932 venerit
588 1906 658 1933 Illius
674 1906 790 1933 hominis
803 1907 828 1933 in
844 1906 985 1941 majestate
999 1914 1061 1937 sua,

267 1945 294 1966 et
308 1948 404 1977 urttnes
418 1941 580 1975 angelicum
601 1949 634 1968 eo
645 1961 653 1974 ,
669 1948 733 1969 tunc
747 1942 852 1970 sedebit
871 1950 952 1977 super
967 1942 1060 1969 sedem

268 1975 416 2010 ltmjeslatis
431 1984 496 2003 suae
510 1986 515 2003 :
531 1981 559 2004 et
569 1980 805 2013 congregabantur
816 1982 878 2005 ante
892 1975 954 2005 eum
967 1985 1062 2005 omnes

266 2017 361 2046 gentes
372 2032 379 2045 ,
394 2018 421 2039 et
436 2014 571 2046 separabit
582 2021 629 2040 eos
640 2014 674 2040 ab
688 2015 752 2041 invii
761 2022 802 2041 em
814 2034 822 2047 ,
834 2015 905 2041 sicut
916 2018 1008 2048 pastor
1019 2022 1063 2040 sc-

266 2052 360 2081 gregat
372 2055 436 2075 oves
450 2048 484 2075 ab
496 2048 590 2076 Ituedis
606 2058 612 2075 :
628 2054 655 2076 et
668 2055 768 2077 statuet
780 2057 843 2077 oves
853 2051 862 2065 ⁵
875 2050 906 2077 ad
919 2050 1062 2076 dexteram

268 2090 343 2109 suam
355 2103 363 2114 ,
378 2083 481 2110 hoedos
496 2092 584 2111 autent
596 2084 629 2110 ad
643 2085 791 2112 sinistram.
808 2085 884 2112 Tunc
899 2085 971 2112 dicet
985 2086 995 2100 θ
1012 2085 1061 2118 eis,

269 2119 320 2154 qui
328 2118 361 2145 ad
376 2118 515 2146 dexteram
530 2121 588 2154 ejus
602 2125 665 2147 sunt
683 2130 690 2147 :
710 2121 804 2148 Venite
824 2120 956 2148 benedicti
978 2120 1063 2147 Patris

269 2153 333 2186 ntei,
347 2154 484 2191 possidete
503 2153 624 2189 paratum
641 2157 716 2184 vobis
729 2164 842 2191 regnum
856 2156 870 2175 b
893 2157 927 2183 ab
940 2156 949 2171 ⁷
961 2156 1063 2191 origine

270 2189 374 2217 mundi.
389 2189 495 2217 Esurivi
511 2191 582 2218 enim
595 2212 601 2223 ,
618 2197 645 2218 et
662 2189 774 2219 dedistis
795 2192 860 2219 mihi
876 2189 1039 2219 manducare
1056 2201 1062 2219 :

270 2225 357 2262 sitivi.
371 2231 397 2252 et
412 2225 525 2253 dedistis
542 2227 605 2253 mihi
622 2227 714 2255 bibere
731 2237 737 2253 :
754 2227 852 2262 hospes
866 2229 877 2244 ⁸
899 2228 950 2261 1ὐί,
965 2231 992 2255 et
1006 2228 1063 2255 col-

270 2260 373 2295 legislis
388 2269 431 2288 me
454 2270 460 2288 :
486 2262 588 2295 nttdus,
604 2269 631 2290 et
648 2264 753 2290 texistis
771 2260 814 2290 me
837 2272 844 2290 :
864 2260 986 2291 inﬁrmus
1007 2263 1061 2296 iui,

268 2301 296 2323 et
312 2297 440 2324 visitastis
455 2305 498 2325 mc
518 2307 524 2325 :
540 2298 566 2325 in
580 2305 689 2326 carcere
701 2301 711 2315 ⁹
730 2299 765 2326 iui
776 2320 783 2331 ,
796 2303 824 2326 et
833 2300 945 2327 venistis
958 2300 992 2326 ad
1008 2307 1060 2326 me.

269 2332 345 2360 Tunc
370 2333 571 2368 respondebunt
593 2335 617 2361 ei
638 2334 721 2368 justi.
749 2335 871 2363 dicentes
895 2345 901 2362 ε
931 2335 1060 2368 Domine,

269 2369 377 2404 quando
393 2374 419 2397 te
434 2369 549 2398 vidimus
565 2371 742 2404 esurientem,
754 2376 782 2399 et
798 2372 936 2407 pavimus;

1092 977 1134 1001 .et
1144 973 1245 1000 stridor
1258 972 1327 1001 dett-

529 148 664 178 EUSEBII
686 147 854 177 VERCELL.
875 147 1098 177 EVANGELIUM
1117 147 1187 177 CUM
1207 147 1324 177 VARIIS
1342 148 1420 177 COD.
1440 149 1637 179 COLLATUM.
1821 154 1859 184 5ἰο

1325 206 1441 235 CODEX
1460 208 1679 238 VERONENSIS.

1112 254 1199 293 usuris
1220 254 1382 290 recepissem
1530 256 1566 293 (ι)
1579 264 1641 284 oves
1655 256 1674 293 ᾖ·
1686 257 1715 285 ad

1110 290 1182 325 quod
1197 298 1285 318 meum
1299 294 1350 318 est.
1527 290 1631 320 dextris
1643 290 1695 320 suis
1707 314 1713 326 ,

1110 326 1156 354 28.
1179 326 1277 354 Tollite
1527 329 1610 355 aedos
1619 333 1702 356 autem

1111 362 1201 397 itaque
1216 362 1249 389 ab
1263 370 1295 390 eo
1528 364 1560 391 ad
1574 364 1695 392 sinistris.

1110 398 1240 425 talentum
1250 419 1259 432 ,
1275 403 1303 426 et
1318 397 1379 426 date
1393 399 1418 426 ei
1528 400 1572 428 54.
1595 400 1668 428 Tunc
1677 400 1742 429 dicet

1110 434 1156 471 qui
1169 433 1250 461 habet
1265 443 1293 461 x.
1525 443 1573 464 rex
1589 435 1644 470 bis,
1660 437 1702 471 qui

1111 470 1222 497 talenta.
1526 472 1558 499 ad
1582 472 1682 500 dextris

1109 505 1156 532 ‘29.
1177 505 1256 533 Omni
1271 506 1344 534 enim
1525 508 1582 541 ejus
1598 512 1679 535 sunt:

1110 541 1218 569 habenti
1526 543 1621 570 uertite
1632 543 1757 571 benedicti

1110 577 1234 611 dabitur,
1250 583 1277 606 et
1292 578 1379 606 abun-
1526 579 1614 607 l’atris
1628 580 1678 607 mei
1689 601 1696 613 ,

1110 613 1183 641 dabit
1199 623 1205 640 :
1219 614 1243 641 ei
1255 620 1344 641 autem

1110 651 1155 684 qui
1172 657 1224 677 non
1239 650 1334 682 habet,

1110 690 1137 713 et
1148 685 1219 720 quod
1232 685 1270 721 (a)
1287 687 1333 713 Ita-

1110 721 1156 749 bet
1166 721 1184 757 -ἲ
1195 742 1202 754 ,
1215 721 1353 750 auferetur

1111 757 1145 784 ab
1161 765 1204 788 eo.

1110 793 1154 821 30.
1177 793 1212 821 Et
1227 801 1341 829 nequam
1355 801 1412 823 εει-ο

1110 836 1173 856 vum
1190 829 1228 864 (ὸ)
1241 831 1353 864 proicite

1109 865 1182 892 foras
1196 865 1216 901 -ιι
1232 866 1258 893 in
1271 870 1347 894 tene-

1107 900 1171 928 bras
1187 902 1336 929 exteriores
1349 911 1355 928 :

1109 937 1145 963 ibi
1161 937 1213 964 erit
1227 936 1305 965 ﬂetus
1317 958 1324 971 ,

1526 615 1661 651 possidete
1674 623 1718 650 pa-

1527 656 1614 679 ratum
1628 652 1701 679 vobis

1527 695 1638 721 regnum
1650 695 1664 714 a
1678 695 1738 714 con-

1527 724 1664 750 stitutione
1676 722 1768 749 nutndi.

1527 758 1571 785 5.3.
1594 759 1678 785 lisurii
1692 759 1758 786 enim

1527 800 1553 821 et
1564 795 1676 821 dedistis

1528 831 1592 857 ntihi
1605 830 1715 857 litandu-

1528 874 1588 892 care
1602 875 1607 892 :
1626 867 1695 893 Silil’i
1708 888 1714 899 ,

1528 907 1554 928 et
1569 902 1680 928 dedistis

1526 938 1590 964 inihi
1606 943 1717 972 potum:

1525 973 1570 1001 56.
1583 980 1665 1008 ospes
1677 981 1746 1000 eram
1760 993 1765 1005 ,

1525 1013 1553 1036 et
1565 1009 1712 1037 collexistis

1525 1053 1568 1074 me
1582 1054 1588 1071 :
1604 1045 1692 1072 nudus
1702 1066 1709 1077 ,

1525 1086 1552 1109 et
1565 1081 1711 1116 aperuistis

1526 1125 1584 1145 me:
1603 1117 1725 1144 inﬁrmus
1734 1137 1741 1149 ,

1525 1158 1552 1180 et
1568 1152 1698 1180 visitastis

1525 1196 1569 1216 me
1584 1197 1589 1215 :
1607 1189 1635 1216 in
1652 1196 1710 1217 car-

1525 1232 1615 1252 cerent
1631 1232 1704 1252 eram
1718 1245 1725 1258 ,

1526 1265 1553 1288 ct
1566 1261 1682 1296 venistis

1526 1296 1560 1323 ad
1574 1304 1628 1324 me.

1525 1332 1570 1361 37.
1591 1332 1670 1360 Tunc
1684 1339 1729 1360 re-

1525 1368 1701 1403 spondebunt

1524 1405 1548 1431 ei
1561 1404 1627 1438 justi
1642 1425 1649 1437 ,
1665 1404 1707 1432 di-

1524 1445 1618 1468 centes
1631 1448 1639 1466 :
1656 1440 1709 1467 Do-

1526 1475 1608 1508 mine,
1624 1484 1712 1510 quan-

1106 1009 1185 1036 litim.

1105 1045 1151 1072 2i.
1174 1044 1239 1072 Cum
1255 1050 1347 1073 autettt

1105 1081 1213 1108 venerit
1226 1081 1299 1109 (ilius

1106 1117 1224 1144 hominis
1235 1117 1261 1144 in

1106 1153 1249 1187 majestate
1261 1161 1308 1180 sua
1324 1175 1331 1185 ,

1106 1193 1135 1216 et
1145 1196 1239 1216 omnes
1254 1190 1343 1224 angeli

1107 1231 1169 1252 cum
1184 1232 1216 1252 eo
1227 1246 1235 1257 ,
1249 1229 1314 1253 tunc

1108 1260 1214 1288 sedebit
1225 1268 1307 1295 super

1108 1296 1200 1324 sedem
1216 1304 1273 1324 nta-

1107 1332 1214 1366 jestatis
1226 1339 1293 1360 suae
1306 1341 1312 1359 :

1108 1367 1153 1395 52.
1175 1372 1203 1395 et
1216 1375 1327 1403 cottgrer

1108 1404 1242 1438 gabunlur
1256 1409 1317 1431 ante
1331 1411 1393 1432 eum

1109 1447 1206 1467 omnes
1217 1445 1311 1475 gentes
1321 1461 1328 1473 ,

1109 1480 1138 1503 et
1150 1476 1287 1511 separabit

1109 1519 1158 1539 eos
1171 1513 1205 1538 ab
1217 1512 1330 1543 invicem
1344 1531 1349 1538 .
1526 1511 1561 1539 do
1578 1515 1604 1538 te
1617 1511 1689 1539 vidi-

1110 1547 1156 1575 ὃὸ.
1178 1547 1247 1575 sicut
1259 1553 1349 1583 pastor
1363 1554 1406 1574 se-
1527 1555 1587 1575 mus
1597 1549 1723 1575 esurien-

1110 1589 1204 1619 gregat
1218 1591 1286 1611 oves
1301 1583 1336 1610 ab
1528 1588 1581 1610 tem
1591 1605 1598 1617 ,
1613 1588 1644 1610 et

1113 1619 1192 1647 aedis
1207 1624 1235 1648 et
1249 1624 1350 1647 statuet
1527 1619 1654 1655 pavimus

1345 1677 1461 1706 CODEX
1481 1677 1680 1706 BRIXIANUS.

1116 1725 1205 1753 usuris
1215 1725 1308 1760 utique
1320 1725 1484 1760 recepissem
1495 1724 1568 1759 quod
1580 1732 1673 1752 meum
1689 1728 1739 1752 est.
1754 1722 1836 1760 Tollite
1846 1721 1880 1747 ita-

1116 1769 1168 1795 que
1183 1761 1217 1788 ab
1239 1759 1272 1788 eo
1287 1759 1416 1788 talentum
1431 1765 1458 1787 et
1471 1760 1534 1788 date
1555 1761 1579 1787 ei
1594 1761 1643 1795 qui
1662 1761 1742 1788 habet
1758 1759 1839 1796 decent
1852 1763 1879 1794 ως

1117 1793 1199 1824 lenta.
1216 1797 1295 1824 Omni
1316 1797 1388 1823 enim
1412 1796 1520 1824 ltabenti
1540 1793 1651 1824 dabitur
1674 1801 1702 1824 et
1724 1793 1850 1822 abundabit
1862 1798 1878 1818 et

1115 1838 1204 1860 autem
1221 1832 1266 1867 qui
1281 1840 1334 1859 non
1351 1832 1430 1859 habet
1444 1837 1471 1859 et
1486 1832 1556 1867 quod
1570 1832 1681 1860 videtur
1696 1830 1881 1867 habereaufere-

1117 1873 1161 1895 tur
1178 1868 1212 1895 ab
1226 1866 1318 1905 eant
1332 1868 1451 1905 inutilem
1463 1866 1570 1902 servum
1584 1869 1679 1905 proice
1694 1869 1718 1894 in
1735 1866 1881 1905 tenebras?!

1117 1905 1241 1932 leriores.
1258 1904 1311 1930 illic
1324 1905 1375 1931 erit
1397 1903 1475 1931 [lctus
1490 1907 1517 1930 ct
1528 1900 1629 1931 stridor
1647 1904 1766 1931 dentiuttt
1782 1922 1787 1928 .
1801 1921 1806 1927 .
1818 1921 1823 1927 .
1834 1900 1882 1925 Cum

1115 1946 1203 1967 autem
1232 1940 1334 1966 venerit
1361 1940 1432 1966 iilitts
1452 1939 1567 1966 hominis
1590 1940 1616 1966 itt
1634 1940 1775 1974 majestate
1797 1944 1844 1963 sua.
1863 1939 1882 1959 et

1115 1983 1209 2003 omnes
1225 1977 1308 2003 Sancti
1322 1976 1409 2010 angeli
1425 1983 1485 2002 cum
1506 1983 1549 2002 eo.
1565 1980 1629 2003 tuttc
1645 1976 1752 2002 sedebit
1764 1979 1833 2007 super
1853 1977 1882 1996 εε-

1115 2013 1176 2038 dettt
1191 2012 1340 2046 ntaje~tatis
1366 2019 1432 2038 sum.
1448 2016 1476 2038 et
1500 2016 1511 2030 ο
1538 2012 1744 2047 congrabnntnr
1765 2014 1819 2047 ante
1840 2013 1883 2033 eum

1115 2056 1210 2074 omnes
1223 2053 1327 2082 gentes.
1342 2053 1368 2074 et
1382 2047 1518 2081 superabit
1533 2055 1580 2074 ens
1597 2046 1639 2073 fab
1652 2048 1765 2074 invicem
1777 2046 1835 2072 sicut
1846 2048 1885 2082 935'

1117 2088 1160 2110 tor
1174 2079 1299 2117 segregat
1312 2091 1376 2110 ures
1392 2079 1424 2109 ab
1438 2083 1541 2109 haedis.
1559 2088 1585 2109 et
1601 2087 1715 2110 statuet.
1732 2082 1767 2117 (ε)
1782 2079 1861 2113 otes?
1875 2084 1885 2102 3

1116 2119 1218 2146 dextris
1230 2119 1287 2146 suis
1302 2119 1402 2145 haedus
1419 2124 1508 2145 autem
1522 2126 1535 2144 a
1549 2119 1681 2145 sinistris.
1699 2118 1773 2145 Tunc
1784 2117 1844 2152 dicet
1855 2120 1886 2152 re}

1116 2155 1158 2182 his
1173 2155 1243 2190 quia
1259 2155 1362 2182 dextris
1374 2155 1432 2188 ejus
1447 2160 1527 2181 erunt
1551 2154 1647 2182 Venite
1675 2152 1805 2181 benedicti
1825 2151 1887 2190 Patris

1116 2189 1187 2218 mei.
1198 2191 1333 2225 possidete
1360 2198 1471 2224 regnum
1495 2195 1617 2225 paratum
1647 2190 1728 2217 vobis
1747 2197 1760 2216 a
1786 2189 1888 2225 constitu-

1118 2222 1305 2254 Iioneinundi.
1322 2222 1428 2253 Esurivi
1442 2222 1514 2254 extitit
1526 2226 1678 2253 etdedistis
1695 2224 1760 2252 ntihi
1773 2222 1888 2261 manduca-

1116 2270 1157 2290 re.
1173 2262 1256 2289 sitivi.
1272 2267 1299 2289 ct
1315 2263 1425 2297 potastis
1441 2270 1493 2299 me.
1512 2262 1712 2299 hospes‘eram.
1735 2265 1761 2299 et
1774 2258 1889 2299 εηῌεέἓῖεξιξ

1116 2306 1169 2326 me.
1185 2298 1282 2325 nudus.
1293 2295 1321 2325 et
1330 2295 1568 2331 coeperuistisnte.
1577 2297 1701 2324 inﬁrmus
1713 2295 1892 2323 lni.etvisitasl=5

1115 2343 1169 2371 me.
1183 2335 1358 2371 incarcerem
1383 2333 1419 2360 fui
1436 2338 1463 2360 et
1474 2334 1585 2371 venistis
1600 2334 1633 2360 ad
1652 2341 1708 2359 me.
1718 2332 1794 2371 _'l‘nnc
1805 2333 1891 2371 restituti

1115 2369 1326 2404 deburtteijusti
1351 2370 1471 2397 dicentes
1496 2369 1619 2397 Domine.
1634 2367 1744 2404 quando
1771 2364 1893 2394 tevidimlls

1114 2406 1278 2434 esurientem
1302 2410 1330 2433 et
1344 2406 1466 2440 pavimus

611 2462 808 2492 VARIANTES
826 2463 1019 2493 LECTIONES
1037 2463 1172 2492 CODICIS
1190 2463 1245 2491 MS.
1267 2462 1297 2491 S.
1317 2461 1573 2490 GEIlMANENSlS.

303 2510 311 2525 ¹
331 2510 414 2541 itaque

303 2542 314 2556 ¹
332 2543 358 2565 et
369 2541 500 2567 abundabit

302 2572 315 2618 ξ
330 2572 428 2628 ivliltilcetur
440 2573 563 2599 habere...
578 2572 692 2599 inutilem
702 2580 801 2599 servum
813 2573 907 2606 injicitc

303 2635 313 2649 ⁵
331 2634 431 2666 quidem
442 2641 457 2660 a
466 2636 562 2661 dextris
573 2637 654 2663 suis...
667 2642 680 2660 a
690 2637 795 2662 sinistris

1157 2511 1168 2526 ο
1184 2517 1240 2540 rex,
1254 2513 1303 2541 etc,
1327 2512 1352 2534 ut
1368 2507 1440 2541 Vulg.

1156 2542 1165 2558 ⁷
1185 2549 1198 2566 a
1209 2542 1385 2566 constitutione

1154 2573 1167 2620 ξ
1183 2579 1262 2630 ἓξὲξ,
1276 2577 1302 2598 et
1311 2572 1477 2598 collexistis...
1491 2572 1626 2603 operuistis

948 2679 1129 2707 BLANCHINI
1149 2679 1264 2708 NOT/E.

311 2726 324 2740 ιι
341 2721 440 2761 graeca
459 2721 566 2761 habent
582 2724 655 2758 quod
674 2725 717 2753 hic
733 2725 784 2753 loci
798 2725 913 2761 legimus
925 2727 952 2753 in
964 2726 1066 2754 codice.

277 2765 328 2785 ms.
344 2757 643 2796 Corbeiensi._ililarius
662 2768 769 2796 quoque
780 2757 896 2796 legit,Et
905 2762 973 2796 quod
984 2762 1067 2794 habet,

277 2795 419 2834 emeretur,
429 2828 435 2834 .
444 2793 541 2834 etcle
553 2802 619 2822 vero
632 2793 703 2831 quod
719 2793 852 2832 sequitur'
864 2798 892 2825 in
908 2793 1003 2825 eodem
1017 2793 1067 2825 ms.

278 2827 435 2869 Gerbeiensi
450 2836 472 2869 ξ.
485 2828 629 2869 Εεδεηιιιηι
642 2827 733 2867 ἠεᾳιια
758 2827 876 2869 ᾗνοῙίεἰΙε
890 2836 960 2869 [oras
971 2854 978 2865 ,
1003 2838 1067 2867 etc.,

281 2864 488 2900 repraesentavit
507 2863 618 2894 Grrecus
641 2863 782 2897 contextus
801 2863 964 2906 exemplaris
972 2863 1072 2898 Canta-

1123 2727 1490 2769 1)ι·ἱς.,υ1›ἰ]θςιιηῑ,βάλεςτε
1506 2727 1566 2761 ἔξω.
1625 2764 1630 2769 Ι
1873 2756 1877 2761 _

1160 2763 1174 2782 ι’
1208 2762 1376 2799 Cyprianus,
1406 2764 1512 2791 Luetier
1545 2764 1734 2795 Calarttanus.
1769 2760 1898 2799 Gaudcntqtt

1124 2792 1278 2836 episcopis
1292 2792 1456 2833 Brixicnsis,
1471 2805 1498 2827 et
1522 2800 1691 2836 Augustinus
1703 2821 1710 2833 ,
1729 2792 1819 2827 eodem
1837 2792 1897 2821 πιοάο

1126 2834 1223 2870 legunt
1233 2856 1240 2868 ,
1254 2835 1285 2862 ab
1300 2837 1401 2871 origine
1414 2836 1514 2863 mundi.

1164 2868 1175 2890 ί
1199 2870 1280 2899 Deest
1291 2871 1318 2899 in
1331 2868 1392 2900 cod.
1413 2872 1597 2909 partic.grein
1607 2868 1897 2907 vcrbocongngabuntur.

317 2921 357 2957 (a)
371 2920 409 2949 Ita
424 2925 451 2949 et
464 2925 519 2950 lex.
534 2922 583 2951 Gr.
601 2922 756 2962 ἴχει.--(ὸ)
775 2927 814 2956 Ita
829 2927 1050 2966 etcod.Cant.ﬁa’

1119 2927 1202 2962 ὶξω-
1214 2929 1251 2965 (ι)
1270 2929 1334 2958 Post
1349 2938 1406 2957 om
1421 2929 1497 2959 deest
1510 2930 1624 2965 quidem,
1636 2930 1675 2957 ita
1691 2933 1719 2957 et
1733 2928 1759 2957 in
1771 2924 1825 2955 cod.
1838 2922 1896 2951 Cant-
