  <div class='ocr_page' id='page_1' title='image "/cluster/home/n/w/nwhite01/storage/ocr_20150623/12/hvd.32044015471980/166.png"; bbox 0 0 1920 3169; ppageno 0'>
   <div class='ocr_carea' id='block_1_1' title="bbox 17 163 1659 197">
    <p class='ocr_par' dir='ltr' id='par_1_1' title="bbox 17 163 1659 197">
     <span class='ocr_line' id='line_1_1' title="bbox 17 163 1659 197; baseline -0.002 -2"><span class='ocrx_word' id='word_1_1' title='bbox 17 169 39 197; x_wconf 78' lang='lat' dir='ltr'><strong>ll</strong></span> <span class='ocrx_word' id='word_1_2' title='bbox 486 163 707 193; x_wconf 77' lang='lat' dir='ltr'><strong>EVANGELIUM</strong></span> <span class='ocrx_word' id='word_1_3' title='bbox 727 163 915 194; x_wconf 78' lang='lat' dir='ltr'><strong>SECUNDUM</strong></span> <span class='ocrx_word' id='word_1_4' title='bbox 935 163 1150 193; x_wconf 67' lang='lat' dir='ltr'><strong>MATTHIEUM.</strong></span> <span class='ocrx_word' id='word_1_5' title='bbox 1605 164 1659 192; x_wconf 68' lang='lat'><strong>322</strong></span> 
     </span>
    </p>
   </div>
   <div class='ocr_carea' id='block_1_2' title="bbox 193 219 606 250">
    <p class='ocr_par' dir='ltr' id='par_1_2' title="bbox 193 219 606 250">
     <span class='ocr_line' id='line_1_2' title="bbox 193 219 606 250; baseline -0.002 -1"><span class='ocrx_word' id='word_1_6' title='bbox 193 220 317 250; x_wconf 79' lang='lat' dir='ltr'><strong>CODEX</strong></span> <span class='ocrx_word' id='word_1_7' title='bbox 337 219 606 250; x_wconf 75' lang='lat' dir='ltr'><strong>VERCELLENSIS.</strong></span> 
     </span>
    </p>
   </div>
   <div class='ocr_carea' id='block_1_3' title="bbox 421 268 621 297">
    <p class='ocr_par' dir='ltr' id='par_1_3' title="bbox 421 268 621 297">
     <span class='ocr_line' id='line_1_3' title="bbox 421 268 621 297; baseline 0 -1"><span class='ocrx_word' id='word_1_8' title='bbox 421 273 449 297; x_wconf 91' lang='lat' dir='ltr'><strong>et</strong></span> <span class='ocrx_word' id='word_1_9' title='bbox 464 277 517 296; x_wconf 92' lang='lat' dir='ltr'><strong>non</strong></span> <span class='ocrx_word' id='word_1_10' title='bbox 530 268 621 297; x_wconf 86' lang='lat' dir='ltr'><strong>dedis—</strong></span> 
     </span>
    </p>
   </div>
   <div class='ocr_carea' id='block_1_4' title="bbox 421 305 659 339">
    <p class='ocr_par' dir='ltr' id='par_1_4' title="bbox 421 305 659 339">
     <span class='ocr_line' id='line_1_4' title="bbox 421 305 659 339; baseline 0 -7"><span class='ocrx_word' id='word_1_11' title='bbox 421 306 457 332; x_wconf 90' lang='lat' dir='ltr'><strong>tis</strong></span> <span class='ocrx_word' id='word_1_12' title='bbox 468 305 533 332; x_wconf 91' lang='lat' dir='ltr'><strong>mihi</strong></span> <span class='ocrx_word' id='word_1_13' title='bbox 549 310 659 339; x_wconf 91' lang='lat' dir='ltr'><strong>potum:</strong></span> 
     </span>
    </p>
   </div>
   <div class='ocr_carea' id='block_1_5' title="bbox 421 340 689 376">
    <p class='ocr_par' dir='ltr' id='par_1_5' title="bbox 421 340 689 376">
     <span class='ocr_line' id='line_1_5' title="bbox 421 340 689 376; baseline 0 -8"><span class='ocrx_word' id='word_1_14' title='bbox 421 341 466 368; x_wconf 67' lang='grc' dir='ltr'><strong>ιδ.</strong></span> <span class='ocrx_word' id='word_1_15' title='bbox 487 340 585 376; x_wconf 84' lang='lat' dir='ltr'><strong>hospes</strong></span> <span class='ocrx_word' id='word_1_16' title='bbox 595 348 669 368; x_wconf 83' lang='lat' dir='ltr'><strong>eram</strong></span> <span class='ocrx_word' id='word_1_17' title='bbox 682 361 689 374; x_wconf 89' lang='lat'><strong>,</strong></span> 
     </span>
    </p>
   </div>
   <div class='ocr_carea' id='block_1_6' title="bbox 421 377 613 404">
    <p class='ocr_par' dir='ltr' id='par_1_6' title="bbox 421 377 613 404">
     <span class='ocr_line' id='line_1_6' title="bbox 421 377 613 404; baseline -0.005 0"><span class='ocrx_word' id='word_1_18' title='bbox 421 381 448 404; x_wconf 93' lang='lat' dir='ltr'><strong>et</strong></span> <span class='ocrx_word' id='word_1_19' title='bbox 463 385 516 404; x_wconf 90' lang='lat' dir='ltr'><strong>non</strong></span> <span class='ocrx_word' id='word_1_20' title='bbox 531 377 613 404; x_wconf 84' lang='lat' dir='ltr'><strong>colle-</strong></span> 
     </span>
    </p>
   </div>
   <div class='ocr_carea' id='block_1_7' title="bbox 420 412 643 447">
    <p class='ocr_par' dir='ltr' id='par_1_7' title="bbox 420 412 643 447">
     <span class='ocr_line' id='line_1_7' title="bbox 420 412 643 447; baseline 0.004 -8"><span class='ocrx_word' id='word_1_21' title='bbox 420 412 497 447; x_wconf 85' lang='lat' dir='ltr'><strong>gistis</strong></span> <span class='ocrx_word' id='word_1_22' title='bbox 508 420 552 440; x_wconf 91' lang='lat' dir='ltr'><strong>me</strong></span> <span class='ocrx_word' id='word_1_23' title='bbox 564 421 571 438; x_wconf 91' lang='lat'>:</span> <span class='ocrx_word' id='word_1_24' title='bbox 594 421 643 440; x_wconf 90' lang='lat' dir='ltr'><strong>nu-</strong></span> 
     </span>
    </p>
   </div>
   <div class='ocr_carea' id='block_1_8' title="bbox 37 288 345 299">
    <p class='ocr_par' dir='ltr' id='par_1_8' title="bbox 37 288 345 299">
     <span class='ocr_line' id='line_1_8' title="bbox 37 288 345 299; baseline -0.01 0"><span class='ocrx_word' id='word_1_25' title='bbox 37 292 43 299; x_wconf 77' lang='grc' dir='ltr'>ι</span> <span class='ocrx_word' id='word_1_26' title='bbox 85 289 93 297; x_wconf 75' lang='grc' dir='ltr'>ι</span> <span class='ocrx_word' id='word_1_27' title='bbox 134 289 141 297; x_wconf 72' lang='grc' dir='ltr'><strong>ο</strong></span> <span class='ocrx_word' id='word_1_28' title='bbox 184 289 191 296; x_wconf 78' lang='grc' dir='ltr'><strong>ο</strong></span> <span class='ocrx_word' id='word_1_29' title='bbox 235 288 244 296; x_wconf 69' lang='grc' dir='ltr'>θ</span> <span class='ocrx_word' id='word_1_30' title='bbox 288 289 296 297; x_wconf 73' lang='grc' dir='ltr'>ι</span> <span class='ocrx_word' id='word_1_31' title='bbox 338 290 345 296; x_wconf 73' lang='grc' dir='ltr'>ι</span> 
     </span>
    </p>
   </div>
   <div class='ocr_carea' id='block_1_9' title="bbox 36 360 346 370">
    <p class='ocr_par' dir='ltr' id='par_1_9' title="bbox 36 360 346 370">
     <span class='ocr_line' id='line_1_9' title="bbox 36 360 346 370; baseline 0.003 -1"><span class='ocrx_word' id='word_1_32' title='bbox 36 363 43 369; x_wconf 86' lang='grc'><strong>.</strong></span> <span class='ocrx_word' id='word_1_33' title='bbox 83 360 92 369; x_wconf 75' lang='grc' dir='ltr'><strong><em>ο</em></strong></span> <span class='ocrx_word' id='word_1_34' title='bbox 134 363 140 369; x_wconf 79' lang='grc' dir='ltr'>ι</span> <span class='ocrx_word' id='word_1_35' title='bbox 183 360 191 368; x_wconf 71' lang='grc' dir='ltr'><em>α</em></span> <span class='ocrx_word' id='word_1_36' title='bbox 236 361 243 368; x_wconf 73' lang='grc' dir='ltr'>ι</span> <span class='ocrx_word' id='word_1_37' title='bbox 287 361 295 369; x_wconf 77' lang='grc' dir='ltr'>α</span> <span class='ocrx_word' id='word_1_38' title='bbox 338 361 346 370; x_wconf 76' lang='grc' dir='ltr'><strong>ο</strong></span> 
     </span>
    </p>
   </div>
   <div class='ocr_carea' id='block_1_10' title="bbox 34 432 344 442">
    <p class='ocr_par' dir='ltr' id='par_1_10' title="bbox 34 432 344 442">
     <span class='ocr_line' id='line_1_10' title="bbox 34 432 344 442; baseline -0.006 0"><span class='ocrx_word' id='word_1_39' title='bbox 34 435 41 442; x_wconf 72' lang='grc' dir='ltr'>ι</span> <span class='ocrx_word' id='word_1_40' title='bbox 83 434 89 440; x_wconf 81' lang='grc'><em>.</em></span> <span class='ocrx_word' id='word_1_41' title='bbox 132 433 139 440; x_wconf 83' lang='grc' dir='ltr'>ι</span> <span class='ocrx_word' id='word_1_42' title='bbox 181 432 190 440; x_wconf 75' lang='grc' dir='ltr'>ι</span> <span class='ocrx_word' id='word_1_43' title='bbox 234 432 242 440; x_wconf 72' lang='grc' dir='ltr'>σ</span> <span class='ocrx_word' id='word_1_44' title='bbox 287 433 294 440; x_wconf 80' lang='grc' dir='ltr'><strong>ο</strong></span> <span class='ocrx_word' id='word_1_45' title='bbox 338 433 344 440; x_wconf 78' lang='grc' dir='ltr'>ι</span> 
     </span>
    </p>
   </div>
   <div class='ocr_carea' id='block_1_11' title="bbox 1077 221 1442 251">
    <p class='ocr_par' dir='ltr' id='par_1_11' title="bbox 1077 221 1442 251">
     <span class='ocr_line' id='line_1_11' title="bbox 1077 221 1442 251; baseline 0.003 -2"><span class='ocrx_word' id='word_1_46' title='bbox 1077 221 1194 250; x_wconf 79' lang='lat' dir='ltr'><strong>CODEX</strong></span> <span class='ocrx_word' id='word_1_47' title='bbox 1216 221 1442 251; x_wconf 79' lang='lat' dir='ltr'><strong>VERONENSIS.</strong></span> 
     </span>
    </p>
   </div>
   <div class='ocr_carea' id='block_1_12' title="bbox 857 267 1471 304">
    <p class='ocr_par' dir='ltr' id='par_1_12' title="bbox 857 267 1471 304">
     <span class='ocr_line' id='line_1_12' title="bbox 857 267 1471 304; baseline -0.002 -8"><span class='ocrx_word' id='word_1_48' title='bbox 857 273 882 296; x_wconf 93' lang='lat' dir='ltr'><strong>te</strong></span> <span class='ocrx_word' id='word_1_49' title='bbox 895 277 901 296; x_wconf 93' lang='lat'><strong>:</strong></span> <span class='ocrx_word' id='word_1_50' title='bbox 917 267 1053 297; x_wconf 72' lang='lat' dir='ltr'><strong>sitientem</strong></span> <span class='ocrx_word' id='word_1_51' title='bbox 1063 289 1070 302; x_wconf 91' lang='lat'><strong>,</strong></span> <span class='ocrx_word' id='word_1_52' title='bbox 1276 270 1343 297; x_wconf 90' lang='lat' dir='ltr'><strong>mihi</strong></span> <span class='ocrx_word' id='word_1_53' title='bbox 1358 273 1451 304; x_wconf 91' lang='lat' dir='ltr'><strong>potum</strong></span> <span class='ocrx_word' id='word_1_54' title='bbox 1464 277 1471 295; x_wconf 86' lang='lat'><strong>:</strong></span> 
     </span>
    </p>
   </div>
   <div class='ocr_carea' id='block_1_13' title="bbox 855 305 1542 340">
    <p class='ocr_par' dir='ltr' id='par_1_13' title="bbox 855 305 1542 340">
     <span class='ocr_line' id='line_1_13' title="bbox 855 305 1542 340; baseline -0.001 -8"><span class='ocrx_word' id='word_1_55' title='bbox 855 309 883 332; x_wconf 87' lang='lat' dir='ltr'><strong>et</strong></span> <span class='ocrx_word' id='word_1_56' title='bbox 895 305 1019 332; x_wconf 85' lang='lat' dir='ltr'><strong>dedimus</strong></span> <span class='ocrx_word' id='word_1_57' title='bbox 1275 306 1322 334; x_wconf 77' lang='grc'><strong>45.</strong></span> <span class='ocrx_word' id='word_1_58' title='bbox 1344 305 1443 340; x_wconf 84' lang='lat' dir='ltr'><strong>hospes</strong></span> <span class='ocrx_word' id='word_1_59' title='bbox 1457 311 1542 339; x_wconf 85' lang='lat' dir='ltr'><strong>eram,</strong></span> 
     </span>
    </p>
   </div>
   <div class='ocr_carea' id='block_1_14' title="bbox 856 340 1436 376">
    <p class='ocr_par' dir='ltr' id='par_1_14' title="bbox 856 340 1436 376">
     <span class='ocr_line' id='line_1_14' title="bbox 856 340 1436 376; baseline 0.003 -9"><span class='ocrx_word' id='word_1_60' title='bbox 856 340 904 368; x_wconf 87' lang='lat' dir='ltr'><strong>tibi</strong></span> <span class='ocrx_word' id='word_1_61' title='bbox 919 340 1033 376; x_wconf 87' lang='lat' dir='ltr'><strong>potum?</strong></span> <span class='ocrx_word' id='word_1_62' title='bbox 1276 345 1305 369; x_wconf 89' lang='lat' dir='ltr'><strong>et</strong></span> <span class='ocrx_word' id='word_1_63' title='bbox 1315 349 1368 370; x_wconf 93' lang='lat' dir='ltr'><strong>non</strong></span> <span class='ocrx_word' id='word_1_64' title='bbox 1380 342 1436 369; x_wconf 91' lang='lat' dir='ltr'><strong>eol-</strong></span> 
     </span>
    </p>
   </div>
   <div class='ocr_carea' id='block_1_15' title="bbox 855 376 1462 412">
    <p class='ocr_par' dir='ltr' id='par_1_15' title="bbox 855 376 1462 412">
     <span class='ocr_line' id='line_1_15' title="bbox 855 376 1462 412; baseline 0 -8"><span class='ocrx_word' id='word_1_65' title='bbox 855 376 898 404; x_wconf 80' lang='grc'><strong>58.</strong></span> <span class='ocrx_word' id='word_1_66' title='bbox 919 377 1029 412; x_wconf 88' lang='lat' dir='ltr'><strong>quando</strong></span> <span class='ocrx_word' id='word_1_67' title='bbox 1043 380 1135 405; x_wconf 87' lang='lat' dir='ltr'><strong>autem</strong></span> <span class='ocrx_word' id='word_1_68' title='bbox 1276 377 1381 405; x_wconf 80' lang='lat' dir='ltr'><strong>lexistis</strong></span> <span class='ocrx_word' id='word_1_69' title='bbox 1394 385 1438 406; x_wconf 93' lang='lat' dir='ltr'><strong>me</strong></span> <span class='ocrx_word' id='word_1_70' title='bbox 1455 385 1462 404; x_wconf 90' lang='lat'><strong>:</strong></span> 
     </span>
    </p>
   </div>
   <div class='ocr_carea' id='block_1_16' title="bbox 854 413 1417 446">
    <p class='ocr_par' dir='ltr' id='par_1_16' title="bbox 854 413 1417 446">
     <span class='ocr_line' id='line_1_16' title="bbox 854 413 1417 446; baseline 0.002 -6"><span class='ocrx_word' id='word_1_71' title='bbox 854 416 882 440; x_wconf 85' lang='lat' dir='ltr'><strong>te</strong></span> <span class='ocrx_word' id='word_1_72' title='bbox 898 413 1017 440; x_wconf 89' lang='lat' dir='ltr'><strong>vidimus</strong></span> <span class='ocrx_word' id='word_1_73' title='bbox 1275 413 1374 446; x_wconf 85' lang='lat' dir='ltr'><strong>nudus,</strong></span> <span class='ocrx_word' id='word_1_74' title='bbox 1389 418 1417 441; x_wconf 89' lang='lat' dir='ltr'><strong>et</strong></span> 
     </span>
    </p>
   </div>
   <div class='ocr_carea' id='block_1_17' title="bbox 17 485 262 521">
    <p class='ocr_par' dir='ltr' id='par_1_17' title="bbox 17 485 262 521">
     <span class='ocr_line' id='line_1_17' title="bbox 17 485 262 521; baseline -0.008 -7"><span class='ocrx_word' id='word_1_75' title='bbox 17 489 30 514; x_wconf 78' lang='grc' dir='ltr'><strong>ι.</strong></span> <span class='ocrx_word' id='word_1_76' title='bbox 52 485 190 521; x_wconf 73' lang='lat' dir='ltr'><strong>hospitem</strong></span> <span class='ocrx_word' id='word_1_77' title='bbox 204 505 213 519; x_wconf 93' lang='lat'><strong>,</strong></span> <span class='ocrx_word' id='word_1_78' title='bbox 230 490 262 512; x_wconf 90' lang='lat' dir='ltr'><strong>et</strong></span> 
     </span>
    </p>
   </div>
   <div class='ocr_carea' id='block_1_18' title="bbox 17 523 152 558">
    <p class='ocr_par' dir='ltr' id='par_1_18' title="bbox 17 523 152 558">
     <span class='ocr_line' id='line_1_18' title="bbox 17 523 152 558; baseline -0.015 -8"><span class='ocrx_word' id='word_1_79' title='bbox 17 523 152 558; x_wconf 74' lang='lat' dir='ltr'><strong>iscipiinus</strong></span> 
     </span>
    </p>
   </div>
   <div class='ocr_carea' id='block_1_19' title="bbox 24 557 209 586">
    <p class='ocr_par' dir='ltr' id='par_1_19' title="bbox 24 557 209 586">
     <span class='ocr_line' id='line_1_19' title="bbox 24 557 209 586; baseline -0.011 0"><span class='ocrx_word' id='word_1_80' title='bbox 24 569 30 586; x_wconf 91' lang='lat'><strong>:</strong></span> <span class='ocrx_word' id='word_1_81' title='bbox 45 563 90 586; x_wconf 82' lang='lat' dir='ltr'><strong>aut</strong></span> <span class='ocrx_word' id='word_1_82' title='bbox 103 557 209 585; x_wconf 91' lang='lat' dir='ltr'><strong>nudum</strong></span> 
     </span>
    </p>
   </div>
   <div class='ocr_carea' id='block_1_20' title="bbox 24 594 204 623">
    <p class='ocr_par' dir='ltr' id='par_1_20' title="bbox 24 594 204 623">
     <span class='ocr_line' id='line_1_20' title="bbox 24 594 204 623; baseline -0.011 -1"><span class='ocrx_word' id='word_1_83' title='bbox 24 594 183 623; x_wconf 75' lang='lat' dir='ltr'><strong>vestirimus</strong></span> <span class='ocrx_word' id='word_1_84' title='bbox 197 602 204 620; x_wconf 87' lang='lat'><strong>:</strong></span> 
     </span>
    </p>
   </div>
   <div class='ocr_carea' id='block_1_21' title="bbox 17 629 223 665">
    <p class='ocr_par' dir='ltr' id='par_1_21' title="bbox 17 629 223 665">
     <span class='ocr_line' id='line_1_21' title="bbox 17 629 223 665; baseline -0.01 -7"><span class='ocrx_word' id='word_1_85' title='bbox 17 632 31 658; x_wconf 66' lang='grc' dir='ltr'><strong>ι.</strong></span> <span class='ocrx_word' id='word_1_86' title='bbox 51 635 96 658; x_wconf 85' lang='lat' dir='ltr'><strong>aut</strong></span> <span class='ocrx_word' id='word_1_87' title='bbox 108 629 223 665; x_wconf 82' lang='lat' dir='ltr'><strong>quando</strong></span> 
     </span>
    </p>
   </div>
   <div class='ocr_carea' id='block_1_22' title="bbox 26 667 140 695">
    <p class='ocr_par' dir='ltr' id='par_1_22' title="bbox 26 667 140 695">
     <span class='ocr_line' id='line_1_22' title="bbox 26 667 140 695; baseline -0.018 0"><span class='ocrx_word' id='word_1_88' title='bbox 26 667 140 695; x_wconf 86' lang='lat' dir='ltr'><strong>vidimus</strong></span> 
     </span>
    </p>
   </div>
   <div class='ocr_carea' id='block_1_23' title="bbox 20 703 186 735">
    <p class='ocr_par' dir='ltr' id='par_1_23' title="bbox 20 703 186 735">
     <span class='ocr_line' id='line_1_23' title="bbox 20 703 186 735; baseline 0 -6"><span class='ocrx_word' id='word_1_89' title='bbox 20 703 133 735; x_wconf 83' lang='lat' dir='ltr'><strong>tinuum,</strong></span> <span class='ocrx_word' id='word_1_90' title='bbox 179 714 186 722; x_wconf 67' lang='grc' dir='ltr'><strong>υ</strong></span> 
     </span>
    </p>
   </div>
   <div class='ocr_carea' id='block_1_24' title="bbox 17 739 182 765">
    <p class='ocr_par' dir='ltr' id='par_1_24' title="bbox 17 739 182 765">
     <span class='ocr_line' id='line_1_24' title="bbox 17 739 182 765; baseline -0.006 0"><span class='ocrx_word' id='word_1_91' title='bbox 17 742 36 765; x_wconf 81' lang='grc' dir='ltr'><strong>ιι</strong></span> <span class='ocrx_word' id='word_1_92' title='bbox 47 739 72 765; x_wconf 90' lang='lat' dir='ltr'><strong>in</strong></span> <span class='ocrx_word' id='word_1_93' title='bbox 85 744 182 765; x_wconf 83' lang='lat' dir='ltr'><strong>carce-</strong></span> 
     </span>
    </p>
   </div>
   <div class='ocr_carea' id='block_1_25' title="bbox 17 772 197 807">
    <p class='ocr_par' dir='ltr' id='par_1_25' title="bbox 17 772 197 807">
     <span class='ocr_line' id='line_1_25' title="bbox 17 772 197 807; baseline -0.006 -6"><span class='ocrx_word' id='word_1_94' title='bbox 17 783 46 802; x_wconf 67' lang='lat' dir='ltr'><strong>nn</strong></span> <span class='ocrx_word' id='word_1_95' title='bbox 59 796 66 807; x_wconf 81' lang='grc'>,</span> <span class='ocrx_word' id='word_1_96' title='bbox 80 778 107 802; x_wconf 88' lang='lat' dir='ltr'><strong>et</strong></span> <span class='ocrx_word' id='word_1_97' title='bbox 120 772 197 801; x_wconf 91' lang='lat' dir='ltr'><strong>veni-</strong></span> 
     </span>
    </p>
   </div>
   <div class='ocr_carea' id='block_1_26' title="bbox 17 809 154 838">
    <p class='ocr_par' dir='ltr' id='par_1_26' title="bbox 17 809 154 838">
     <span class='ocr_line' id='line_1_26' title="bbox 17 809 154 838; baseline -0.007 -2"><span class='ocrx_word' id='word_1_98' title='bbox 17 819 49 838; x_wconf 56' lang='lat' dir='ltr'><strong>.us</strong></span> <span class='ocrx_word' id='word_1_99' title='bbox 62 810 94 837; x_wconf 80' lang='lat' dir='ltr'><strong>ad</strong></span> <span class='ocrx_word' id='word_1_100' title='bbox 106 813 132 836; x_wconf 91' lang='lat' dir='ltr'><strong>te</strong></span> <span class='ocrx_word' id='word_1_101' title='bbox 142 809 154 835; x_wconf 82' lang='lat'>?</span> 
     </span>
    </p>
   </div>
   <div class='ocr_carea' id='block_1_27' title="bbox 17 844 279 880">
    <p class='ocr_par' dir='ltr' id='par_1_27' title="bbox 17 844 279 880">
     <span class='ocr_line' id='line_1_27' title="bbox 17 844 279 880; baseline -0.011 -6"><span class='ocrx_word' id='word_1_102' title='bbox 17 850 37 874; x_wconf 66' lang='grc' dir='ltr'><strong>δ.</strong></span> <span class='ocrx_word' id='word_1_103' title='bbox 56 846 89 873; x_wconf 81' lang='lat' dir='ltr'><strong>Et</strong></span> <span class='ocrx_word' id='word_1_104' title='bbox 102 844 279 880; x_wconf 88' lang='lat' dir='ltr'><strong>respondens</strong></span> 
     </span>
    </p>
   </div>
   <div class='ocr_carea' id='block_1_28' title="bbox 17 881 142 909">
    <p class='ocr_par' dir='ltr' id='par_1_28' title="bbox 17 881 142 909">
     <span class='ocr_line' id='line_1_28' title="bbox 17 881 142 909; baseline -0.016 0"><span class='ocrx_word' id='word_1_105' title='bbox 17 883 56 909; x_wconf 82' lang='lat' dir='ltr'><strong>icit</strong></span> <span class='ocrx_word' id='word_1_106' title='bbox 70 881 122 908; x_wconf 90' lang='lat' dir='ltr'><strong>illis</strong></span> <span class='ocrx_word' id='word_1_107' title='bbox 135 889 142 907; x_wconf 87' lang='lat'><strong>:</strong></span> 
     </span>
    </p>
   </div>
   <div class='ocr_carea' id='block_1_29' title="bbox 420 450 595 479">
    <p class='ocr_par' dir='ltr' id='par_1_29' title="bbox 420 450 595 479">
     <span class='ocr_line' id='line_1_29' title="bbox 420 450 595 479; baseline 0.006 -4"><span class='ocrx_word' id='word_1_108' title='bbox 420 450 470 476; x_wconf 89' lang='lat' dir='ltr'><strong>dus</strong></span> <span class='ocrx_word' id='word_1_109' title='bbox 479 469 487 479; x_wconf 81' lang='lat'><strong>,</strong></span> <span class='ocrx_word' id='word_1_110' title='bbox 504 453 531 476; x_wconf 72' lang='grc' dir='ltr'><strong>ει</strong></span> <span class='ocrx_word' id='word_1_111' title='bbox 542 456 595 476; x_wconf 93' lang='lat' dir='ltr'><strong>non</strong></span> 
     </span>
    </p>
   </div>
   <div class='ocr_carea' id='block_1_30' title="bbox 420 484 566 519">
    <p class='ocr_par' dir='ltr' id='par_1_30' title="bbox 420 484 566 519">
     <span class='ocr_line' id='line_1_30' title="bbox 420 484 566 519; baseline -0.014 -7"><span class='ocrx_word' id='word_1_112' title='bbox 420 484 566 519; x_wconf 87' lang='lat' dir='ltr'><strong>operuistis</strong></span> 
     </span>
    </p>
   </div>
   <div class='ocr_carea' id='block_1_31' title="bbox 420 520 638 553">
    <p class='ocr_par' dir='ltr' id='par_1_31' title="bbox 420 520 638 553">
     <span class='ocr_line' id='line_1_31' title="bbox 420 520 638 553; baseline 0 -6"><span class='ocrx_word' id='word_1_113' title='bbox 420 527 484 551; x_wconf 84' lang='lat' dir='ltr'><strong>me;</strong></span> <span class='ocrx_word' id='word_1_114' title='bbox 499 520 638 553; x_wconf 78' lang='lat' dir='ltr'><strong>infirmus,</strong></span> 
     </span>
    </p>
   </div>
   <div class='ocr_carea' id='block_1_32' title="bbox 419 557 597 583">
    <p class='ocr_par' dir='ltr' id='par_1_32' title="bbox 419 557 597 583">
     <span class='ocr_line' id='line_1_32' title="bbox 419 557 597 583; baseline -0.006 0"><span class='ocrx_word' id='word_1_115' title='bbox 419 560 447 583; x_wconf 92' lang='lat' dir='ltr'><strong>et</strong></span> <span class='ocrx_word' id='word_1_116' title='bbox 463 557 489 583; x_wconf 92' lang='lat' dir='ltr'><strong>in</strong></span> <span class='ocrx_word' id='word_1_117' title='bbox 503 563 597 583; x_wconf 85' lang='lat' dir='ltr'><strong>carce-</strong></span> 
     </span>
    </p>
   </div>
   <div class='ocr_carea' id='block_1_33' title="bbox 422 596 607 624">
    <p class='ocr_par' dir='ltr' id='par_1_33' title="bbox 422 596 607 624">
     <span class='ocr_line' id='line_1_33' title="bbox 422 596 607 624; baseline 0.005 -6"><span class='ocrx_word' id='word_1_118' title='bbox 422 599 478 619; x_wconf 82' lang='lat' dir='ltr'><strong>rem</strong></span> <span class='ocrx_word' id='word_1_119' title='bbox 489 613 497 624; x_wconf 92' lang='lat'><strong>,</strong></span> <span class='ocrx_word' id='word_1_120' title='bbox 511 596 539 619; x_wconf 86' lang='lat' dir='ltr'><strong>et</strong></span> <span class='ocrx_word' id='word_1_121' title='bbox 553 599 607 619; x_wconf 93' lang='lat' dir='ltr'><strong>non</strong></span> 
     </span>
    </p>
   </div>
   <div class='ocr_carea' id='block_1_34' title="bbox 421 627 616 655">
    <p class='ocr_par' dir='ltr' id='par_1_34' title="bbox 421 627 616 655">
     <span class='ocr_line' id='line_1_34' title="bbox 421 627 616 655; baseline 0 -1"><span class='ocrx_word' id='word_1_122' title='bbox 421 627 550 655; x_wconf 84' lang='lat' dir='ltr'><strong>visitastis</strong></span> <span class='ocrx_word' id='word_1_123' title='bbox 563 634 616 654; x_wconf 88' lang='lat' dir='ltr'><strong>me.</strong></span> 
     </span>
    </p>
   </div>
   <div class='ocr_carea' id='block_1_35' title="bbox 420 662 689 698">
    <p class='ocr_par' dir='ltr' id='par_1_35' title="bbox 420 662 689 698">
     <span class='ocr_line' id='line_1_35' title="bbox 420 662 689 698; baseline 0 -8"><span class='ocrx_word' id='word_1_124' title='bbox 420 662 465 690; x_wconf 74' lang='grc' dir='ltr'><strong>«Η.</strong></span> <span class='ocrx_word' id='word_1_125' title='bbox 487 663 562 690; x_wconf 86' lang='lat' dir='ltr'><strong>Tunc</strong></span> <span class='ocrx_word' id='word_1_126' title='bbox 577 669 689 698; x_wconf 85' lang='lat' dir='ltr'><strong>respon-</strong></span> 
     </span>
    </p>
   </div>
   <div class='ocr_carea' id='block_1_36' title="bbox 420 698 670 734">
    <p class='ocr_par' dir='ltr' id='par_1_36' title="bbox 420 698 670 734">
     <span class='ocr_line' id='line_1_36' title="bbox 420 698 670 734; baseline 0.004 -9"><span class='ocrx_word' id='word_1_127' title='bbox 420 698 522 726; x_wconf 87' lang='lat' dir='ltr'><strong>debunt</strong></span> <span class='ocrx_word' id='word_1_128' title='bbox 537 698 572 734; x_wconf 83' lang='lat' dir='ltr'><strong>(c)</strong></span> <span class='ocrx_word' id='word_1_129' title='bbox 587 704 615 726; x_wconf 88' lang='lat' dir='ltr'><strong>et</strong></span> <span class='ocrx_word' id='word_1_130' title='bbox 630 700 670 733; x_wconf 91' lang='lat' dir='ltr'><strong>ip-</strong></span> 
     </span>
    </p>
   </div>
   <div class='ocr_carea' id='block_1_37' title="bbox 419 734 653 770">
    <p class='ocr_par' dir='ltr' id='par_1_37' title="bbox 419 734 653 770">
     <span class='ocr_line' id='line_1_37' title="bbox 419 734 653 770; baseline -0.009 -8"><span class='ocrx_word' id='word_1_131' title='bbox 419 735 443 762; x_wconf 84' lang='lat' dir='ltr'><strong>si</strong></span> <span class='ocrx_word' id='word_1_132' title='bbox 454 734 474 770; x_wconf 66' lang='grc' dir='ltr'><strong>-ι-</strong></span> <span class='ocrx_word' id='word_1_133' title='bbox 487 755 494 767; x_wconf 82' lang='grc'><em>,</em></span> <span class='ocrx_word' id='word_1_134' title='bbox 512 734 653 762; x_wconf 74' lang='lat' dir='ltr'><strong>dicentes:</strong></span> 
     </span>
    </p>
   </div>
   <div class='ocr_carea' id='block_1_38' title="bbox 421 770 656 804">
    <p class='ocr_par' dir='ltr' id='par_1_38' title="bbox 421 770 656 804">
     <span class='ocr_line' id='line_1_38' title="bbox 421 770 656 804; baseline 0 -7"><span class='ocrx_word' id='word_1_135' title='bbox 421 770 535 798; x_wconf 89' lang='lat' dir='ltr'><strong>Domine</strong></span> <span class='ocrx_word' id='word_1_136' title='bbox 548 791 555 801; x_wconf 80' lang='lat'><strong>.</strong></span> <span class='ocrx_word' id='word_1_137' title='bbox 570 778 656 804; x_wconf 82' lang='lat' dir='ltr'><strong>quan-</strong></span> 
     </span>
    </p>
   </div>
   <div class='ocr_carea' id='block_1_39' title="bbox 418 805 619 834">
    <p class='ocr_par' dir='ltr' id='par_1_39' title="bbox 418 805 619 834">
     <span class='ocr_line' id='line_1_39' title="bbox 418 805 619 834; baseline 0.005 -1"><span class='ocrx_word' id='word_1_138' title='bbox 418 805 492 834; x_wconf 89' lang='lat' dir='ltr'><strong>dote</strong></span> <span class='ocrx_word' id='word_1_139' title='bbox 503 806 619 834; x_wconf 86' lang='lat' dir='ltr'><strong>vidimus</strong></span> 
     </span>
    </p>
   </div>
   <div class='ocr_carea' id='block_1_40' title="bbox 417 842 604 874">
    <p class='ocr_par' dir='ltr' id='par_1_40' title="bbox 417 842 604 874">
     <span class='ocr_line' id='line_1_40' title="bbox 417 842 604 874; baseline -0.005 -5"><span class='ocrx_word' id='word_1_140' title='bbox 417 842 583 869; x_wconf 73' lang='lat' dir='ltr'><strong>esurientem</strong></span> <span class='ocrx_word' id='word_1_141' title='bbox 596 862 604 874; x_wconf 91' lang='lat'><strong>,</strong></span> 
     </span>
    </p>
   </div>
   <div class='ocr_carea' id='block_1_41' title="bbox 417 877 616 911">
    <p class='ocr_par' dir='ltr' id='par_1_41' title="bbox 417 877 616 911">
     <span class='ocr_line' id='line_1_41' title="bbox 417 877 616 911; baseline 0 -7"><span class='ocrx_word' id='word_1_142' title='bbox 417 877 616 911; x_wconf 85' lang='lat' dir='ltr'><strong>autsitientem,</strong></span> 
     </span>
    </p>
   </div>
   <div class='ocr_carea' id='block_1_42' title="bbox 20 913 656 946">
    <p class='ocr_par' dir='ltr' id='par_1_42' title="bbox 20 913 656 946">
     <span class='ocr_line' id='line_1_42' title="bbox 20 913 656 946; baseline -0.009 -1"><span class='ocrx_word' id='word_1_143' title='bbox 20 926 76 945; x_wconf 83' lang='lat' dir='ltr'><strong>men</strong></span> <span class='ocrx_word' id='word_1_144' title='bbox 91 916 152 944; x_wconf 86' lang='lat' dir='ltr'><strong>dico</strong></span> <span class='ocrx_word' id='word_1_145' title='bbox 417 917 464 940; x_wconf 86' lang='lat' dir='ltr'><strong>aut</strong></span> <span class='ocrx_word' id='word_1_146' title='bbox 474 913 573 941; x_wconf 91' lang='lat' dir='ltr'><strong>nudum</strong></span> <span class='ocrx_word' id='word_1_147' title='bbox 586 934 593 946; x_wconf 84' lang='lat'><strong>,</strong></span> <span class='ocrx_word' id='word_1_148' title='bbox 608 916 656 940; x_wconf 84' lang='lat' dir='ltr'><strong>aut</strong></span> 
     </span>
    </p>
   </div>
   <div class='ocr_carea' id='block_1_43' title="bbox 17 950 617 992">
    <p class='ocr_par' dir='ltr' id='par_1_43' title="bbox 17 950 617 992">
     <span class='ocr_line' id='line_1_43' title="bbox 17 950 617 992; baseline -0.01 -11"><span class='ocrx_word' id='word_1_149' title='bbox 17 954 87 992; x_wconf 67' lang='lat' dir='ltr'><strong>ubis,</strong></span> <span class='ocrx_word' id='word_1_150' title='bbox 100 960 187 992; x_wconf 84' lang='lat' dir='ltr'><strong>quan-</strong></span> <span class='ocrx_word' id='word_1_151' title='bbox 418 950 534 992; x_wconf 72' lang='lat' dir='ltr'><strong>ospitem</strong></span> <span class='ocrx_word' id='word_1_152' title='bbox 547 969 555 982; x_wconf 88' lang='lat'><strong>,</strong></span> <span class='ocrx_word' id='word_1_153' title='bbox 571 953 617 976; x_wconf 84' lang='lat' dir='ltr'><strong>aut</strong></span> 
     </span>
    </p>
   </div>
   <div class='ocr_carea' id='block_1_44' title="bbox 19 986 574 1026">
    <p class='ocr_par' dir='ltr' id='par_1_44' title="bbox 19 986 574 1026">
     <span class='ocr_line' id='line_1_44' title="bbox 19 986 574 1026; baseline -0.007 -11"><span class='ocrx_word' id='word_1_154' title='bbox 19 990 49 1016; x_wconf 88' lang='lat' dir='ltr'><strong>iiu</strong></span> <span class='ocrx_word' id='word_1_155' title='bbox 63 986 136 1017; x_wconf 78' lang='lat' dir='ltr'><strong>fecis.</strong></span> <span class='ocrx_word' id='word_1_156' title='bbox 154 1009 160 1015; x_wconf 96' lang='lat'><strong>.</strong></span> <span class='ocrx_word' id='word_1_157' title='bbox 177 994 192 1014; x_wconf 93' lang='lat' dir='ltr'><strong>s</strong></span> <span class='ocrx_word' id='word_1_158' title='bbox 418 986 552 1026; x_wconf 69' lang='lat' dir='ltr'><strong>infirmum</strong></span> <span class='ocrx_word' id='word_1_159' title='bbox 567 1005 574 1017; x_wconf 90' lang='lat'><strong>,</strong></span> 
     </span>
    </p>
   </div>
   <div class='ocr_carea' id='block_1_45' title="bbox 17 1024 610 1060">
    <p class='ocr_par' dir='ltr' id='par_1_45' title="bbox 17 1024 610 1060">
     <span class='ocr_line' id='line_1_45' title="bbox 17 1024 610 1060; baseline -0.008 -8"><span class='ocrx_word' id='word_1_160' title='bbox 17 1026 39 1052; x_wconf 91' lang='lat' dir='ltr'><strong>ni</strong></span> <span class='ocrx_word' id='word_1_161' title='bbox 53 1024 90 1060; x_wconf 79' lang='grc' dir='ltr'><strong>(α)</strong></span> <span class='ocrx_word' id='word_1_162' title='bbox 105 1025 202 1060; x_wconf 82' lang='lat' dir='ltr'><strong>horum</strong></span> <span class='ocrx_word' id='word_1_163' title='bbox 418 1025 464 1048; x_wconf 83' lang='lat' dir='ltr'><strong>aut</strong></span> <span class='ocrx_word' id='word_1_164' title='bbox 475 1024 500 1048; x_wconf 92' lang='lat' dir='ltr'><strong>in</strong></span> <span class='ocrx_word' id='word_1_165' title='bbox 515 1028 610 1048; x_wconf 82' lang='lat' dir='ltr'><strong>caree-</strong></span> 
     </span>
    </p>
   </div>
   <div class='ocr_carea' id='block_1_46' title="bbox 17 1059 601 1097">
    <p class='ocr_par' dir='ltr' id='par_1_46' title="bbox 17 1059 601 1097">
     <span class='ocr_line' id='line_1_46' title="bbox 17 1059 601 1097; baseline -0.01 -9"><span class='ocrx_word' id='word_1_166' title='bbox 17 1059 161 1097; x_wconf 45' lang='lat' dir='ltr'><strong>utruum&#39;jj</strong></span> <span class='ocrx_word' id='word_1_167' title='bbox 419 1065 493 1097; x_wconf 79' lang='lat' dir='ltr'><strong>rem.</strong></span> <span class='ocrx_word' id='word_1_168' title='bbox 510 1062 535 1084; x_wconf 90' lang='lat' dir='ltr'><strong>et</strong></span> <span class='ocrx_word' id='word_1_169' title='bbox 550 1064 601 1097; x_wconf 77' lang='lat' dir='ltr'><strong>non</strong></span> 
     </span>
    </p>
   </div>
   <div class='ocr_carea' id='block_1_47' title="bbox 19 1095 588 1125">
    <p class='ocr_par' dir='ltr' id='par_1_47' title="bbox 19 1095 588 1125">
     <span class='ocr_line' id='line_1_47' title="bbox 19 1095 588 1125; baseline -0.007 -3"><span class='ocrx_word' id='word_1_170' title='bbox 19 1105 112 1125; x_wconf 71' lang='lat' dir='ltr'><strong>ieorum</strong></span> <span class='ocrx_word' id='word_1_171' title='bbox 126 1095 177 1123; x_wconf 91' lang='lat' dir='ltr'><strong>mi—</strong></span> <span class='ocrx_word' id='word_1_172' title='bbox 419 1095 588 1120; x_wconf 80' lang='lat' dir='ltr'><strong>ministravi-</strong></span> 
     </span>
    </p>
   </div>
   <div class='ocr_carea' id='block_1_48' title="bbox 20 1129 557 1163">
    <p class='ocr_par' dir='ltr' id='par_1_48' title="bbox 20 1129 557 1163">
     <span class='ocr_line' id='line_1_48' title="bbox 20 1129 557 1163; baseline -0.013 -3"><span class='ocrx_word' id='word_1_173' title='bbox 20 1134 122 1160; x_wconf 89' lang='lat' dir='ltr'><strong>imorum</strong></span> <span class='ocrx_word' id='word_1_174' title='bbox 135 1152 143 1163; x_wconf 89' lang='lat'><strong>.</strong></span> <span class='ocrx_word' id='word_1_175' title='bbox 418 1136 476 1155; x_wconf 77' lang='lat' dir='ltr'><strong>mus</strong></span> <span class='ocrx_word' id='word_1_176' title='bbox 492 1129 557 1154; x_wconf 80' lang='lat' dir='ltr'><strong>tibi?</strong></span> 
     </span>
    </p>
   </div>
   <div class='ocr_carea' id='block_1_49' title="bbox 17 1167 252 1206">
    <p class='ocr_par' dir='ltr' id='par_1_49' title="bbox 17 1167 252 1206">
     <span class='ocr_line' id='line_1_49' title="bbox 17 1167 252 1206; baseline -0.004 -12"><span class='ocrx_word' id='word_1_177' title='bbox 17 1167 196 1206; x_wconf 12' lang='lat' dir='ltr'><strong>iiiihi#fecist_i_s._</strong></span> <span class='ocrx_word' id='word_1_178' title='bbox 225 1201 232 1206; x_wconf 84' lang='lat'><em>_</em></span> <span class='ocrx_word' id='word_1_179' title='bbox 247 1202 252 1206; x_wconf 37' lang='grc'><strong>1</strong></span> 
     </span>
    </p>
   </div>
   <div class='ocr_carea' id='block_1_50' title="bbox 17 1201 282 1235">
    <p class='ocr_par' dir='ltr' id='par_1_50' title="bbox 17 1201 282 1235">
     <span class='ocr_line' id='line_1_50' title="bbox 17 1201 282 1235; baseline -0.015 -3"><span class='ocrx_word' id='word_1_180' title='bbox 17 1205 43 1232; x_wconf 58' lang='grc' dir='ltr'><strong>τι.</strong></span> <span class='ocrx_word' id='word_1_181' title='bbox 60 1204 130 1232; x_wconf 89' lang='lat' dir='ltr'><strong>Tunc</strong></span> <span class='ocrx_word' id='word_1_182' title='bbox 144 1203 211 1231; x_wconf 88' lang='lat' dir='ltr'><strong>dicit</strong></span> <span class='ocrx_word' id='word_1_183' title='bbox 225 1201 282 1235; x_wconf 88' lang='lat' dir='ltr'><strong>his,</strong></span> 
     </span>
    </p>
   </div>
   <div class='ocr_carea' id='block_1_51' title="bbox 17 1239 173 1275">
    <p class='ocr_par' dir='ltr' id='par_1_51' title="bbox 17 1239 173 1275">
     <span class='ocr_line' id='line_1_51' title="bbox 17 1239 173 1275; baseline 0.006 -8"><span class='ocrx_word' id='word_1_184' title='bbox 17 1242 44 1275; x_wconf 82' lang='lat' dir='ltr'><strong>pii</strong></span> <span class='ocrx_word' id='word_1_185' title='bbox 53 1241 82 1268; x_wconf 83' lang='lat' dir='ltr'><strong>ad</strong></span> <span class='ocrx_word' id='word_1_186' title='bbox 95 1239 173 1268; x_wconf 87' lang='lat' dir='ltr'><strong>sinis-</strong></span> 
     </span>
    </p>
   </div>
   <div class='ocr_carea' id='block_1_52' title="bbox 21 1275 209 1304">
    <p class='ocr_par' dir='ltr' id='par_1_52' title="bbox 21 1275 209 1304">
     <span class='ocr_line' id='line_1_52' title="bbox 21 1275 209 1304; baseline 0.005 -3"><span class='ocrx_word' id='word_1_187' title='bbox 21 1277 50 1304; x_wconf 90' lang='lat' dir='ltr'><strong>ris</strong></span> <span class='ocrx_word' id='word_1_188' title='bbox 62 1282 116 1304; x_wconf 89' lang='lat' dir='ltr'><strong>sunt</strong></span> <span class='ocrx_word' id='word_1_189' title='bbox 127 1285 133 1303; x_wconf 86' lang='lat'><strong><em>:</em></strong></span> <span class='ocrx_word' id='word_1_190' title='bbox 150 1275 209 1302; x_wconf 82' lang='lat' dir='ltr'><strong>Dis-</strong></span> 
     </span>
    </p>
   </div>
   <div class='ocr_carea' id='block_1_53' title="bbox 17 1313 157 1340">
    <p class='ocr_par' dir='ltr' id='par_1_53' title="bbox 17 1313 157 1340">
     <span class='ocr_line' id='line_1_53' title="bbox 17 1313 157 1340; baseline 0.007 -2"><span class='ocrx_word' id='word_1_191' title='bbox 17 1313 81 1340; x_wconf 73' lang='lat' dir='ltr'><strong>:edite</strong></span> <span class='ocrx_word' id='word_1_192' title='bbox 92 1320 106 1339; x_wconf 91' lang='lat' dir='ltr'><strong>a</strong></span> <span class='ocrx_word' id='word_1_193' title='bbox 114 1319 157 1339; x_wconf 87' lang='lat' dir='ltr'><strong>ine</strong></span> 
     </span>
    </p>
   </div>
   <div class='ocr_carea' id='block_1_54' title="bbox 17 1348 168 1376">
    <p class='ocr_par' dir='ltr' id='par_1_54' title="bbox 17 1348 168 1376">
     <span class='ocr_line' id='line_1_54' title="bbox 17 1348 168 1376; baseline 0.007 -2"><span class='ocrx_word' id='word_1_194' title='bbox 17 1348 124 1376; x_wconf 77' lang='lat' dir='ltr'><strong>naledicti</strong></span> <span class='ocrx_word' id='word_1_195' title='bbox 141 1348 168 1375; x_wconf 90' lang='lat' dir='ltr'><strong>in</strong></span> 
     </span>
    </p>
   </div>
   <div class='ocr_carea' id='block_1_55' title="bbox 17 1388 181 1419">
    <p class='ocr_par' dir='ltr' id='par_1_55' title="bbox 17 1388 181 1419">
     <span class='ocr_line' id='line_1_55' title="bbox 17 1388 181 1419; baseline 0.006 -10"><span class='ocrx_word' id='word_1_196' title='bbox 17 1392 83 1419; x_wconf 75' lang='lat' dir='ltr'><strong>gnem</strong></span> <span class='ocrx_word' id='word_1_197' title='bbox 95 1388 181 1412; x_wconf 86' lang='lat' dir='ltr'><strong>aeter-</strong></span> 
     </span>
    </p>
   </div>
   <div class='ocr_carea' id='block_1_56' title="bbox 17 1417 254 1455">
    <p class='ocr_par' dir='ltr' id='par_1_56' title="bbox 17 1417 254 1455">
     <span class='ocr_line' id='line_1_56' title="bbox 17 1417 254 1455; baseline -0.008 -9"><span class='ocrx_word' id='word_1_198' title='bbox 17 1417 61 1447; x_wconf 73' lang='lat' dir='ltr'><strong>iuin</strong></span> <span class='ocrx_word' id='word_1_199' title='bbox 75 1420 109 1455; x_wconf 73' lang='grc' dir='ltr'><strong>(ὁ)</strong></span> <span class='ocrx_word' id='word_1_200' title='bbox 119 1417 189 1455; x_wconf 87' lang='lat' dir='ltr'><strong>quod</strong></span> <span class='ocrx_word' id='word_1_201' title='bbox 203 1423 254 1453; x_wconf 83' lang='lat' dir='ltr'><strong>pa-</strong></span> 
     </span>
    </p>
   </div>
   <div class='ocr_carea' id='block_1_57' title="bbox 17 1456 151 1483">
    <p class='ocr_par' dir='ltr' id='par_1_57' title="bbox 17 1456 151 1483">
     <span class='ocr_line' id='line_1_57' title="bbox 17 1456 151 1483; baseline 0.007 -1"><span class='ocrx_word' id='word_1_202' title='bbox 17 1456 66 1483; x_wconf 72' lang='lat' dir='ltr'><strong>uvit</strong></span> <span class='ocrx_word' id='word_1_203' title='bbox 77 1456 151 1483; x_wconf 83' lang='lat' dir='ltr'><strong>Pater</strong></span> 
     </span>
    </p>
   </div>
   <div class='ocr_carea' id='block_1_58' title="bbox 17 1489 245 1527">
    <p class='ocr_par' dir='ltr' id='par_1_58' title="bbox 17 1489 245 1527">
     <span class='ocr_line' id='line_1_58' title="bbox 17 1489 245 1527; baseline -0.004 -10"><span class='ocrx_word' id='word_1_204' title='bbox 17 1499 74 1519; x_wconf 81' lang='lat' dir='ltr'><strong>nens</strong></span> <span class='ocrx_word' id='word_1_205' title='bbox 87 1492 106 1527; x_wconf 60' lang='grc' dir='ltr'><strong>’ξ’</strong></span> <span class='ocrx_word' id='word_1_206' title='bbox 116 1489 224 1519; x_wconf 80' lang='lat' dir='ltr'><strong>diabolo</strong></span> <span class='ocrx_word' id='word_1_207' title='bbox 237 1508 245 1521; x_wconf 88' lang='lat'><strong>,</strong></span> 
     </span>
    </p>
   </div>
   <div class='ocr_carea' id='block_1_59' title="bbox 417 1164 685 1200">
    <p class='ocr_par' dir='ltr' id='par_1_59' title="bbox 417 1164 685 1200">
     <span class='ocr_line' id='line_1_59' title="bbox 417 1164 685 1200; baseline 0.007 -10"><span class='ocrx_word' id='word_1_208' title='bbox 417 1164 459 1190; x_wconf 62' lang='lat' dir='ltr'><strong>liii.</strong></span> <span class='ocrx_word' id='word_1_209' title='bbox 483 1164 557 1191; x_wconf 84' lang='lat' dir='ltr'><strong>Tunc</strong></span> <span class='ocrx_word' id='word_1_210' title='bbox 573 1171 685 1200; x_wconf 86' lang='lat' dir='ltr'><strong>respon-</strong></span> 
     </span>
    </p>
   </div>
   <div class='ocr_carea' id='block_1_60' title="bbox 416 1200 610 1227">
    <p class='ocr_par' dir='ltr' id='par_1_60' title="bbox 416 1200 610 1227">
     <span class='ocr_line' id='line_1_60' title="bbox 416 1200 610 1227; baseline -0.005 0"><span class='ocrx_word' id='word_1_211' title='bbox 416 1200 489 1227; x_wconf 80' lang='lat' dir='ltr'><strong>debit</strong></span> <span class='ocrx_word' id='word_1_212' title='bbox 504 1200 556 1227; x_wconf 86' lang='lat' dir='ltr'><strong>illis</strong></span> <span class='ocrx_word' id='word_1_213' title='bbox 570 1200 610 1227; x_wconf 88' lang='lat' dir='ltr'><strong>(li—</strong></span> 
     </span>
    </p>
   </div>
   <div class='ocr_carea' id='block_1_61' title="bbox 417 1238 607 1263">
    <p class='ocr_par' dir='ltr' id='par_1_61' title="bbox 417 1238 607 1263">
     <span class='ocr_line' id='line_1_61' title="bbox 417 1238 607 1263; baseline 0.005 -1"><span class='ocrx_word' id='word_1_214' title='bbox 417 1244 479 1263; x_wconf 81' lang='lat' dir='ltr'><strong>cens</strong></span> <span class='ocrx_word' id='word_1_215' title='bbox 499 1244 505 1262; x_wconf 80' lang='lat'><strong>2</strong></span> <span class='ocrx_word' id='word_1_216' title='bbox 524 1238 607 1263; x_wconf 76' lang='lat' dir='ltr'><strong>Amen</strong></span> 
     </span>
    </p>
   </div>
   <div class='ocr_carea' id='block_1_62' title="bbox 417 1272 590 1298">
    <p class='ocr_par' dir='ltr' id='par_1_62' title="bbox 417 1272 590 1298">
     <span class='ocr_line' id='line_1_62' title="bbox 417 1272 590 1298; baseline -0.006 0"><span class='ocrx_word' id='word_1_217' title='bbox 417 1272 492 1298; x_wconf 80' lang='lat' dir='ltr'><strong>Vobis</strong></span> <span class='ocrx_word' id='word_1_218' title='bbox 507 1272 567 1298; x_wconf 78' lang='lat' dir='ltr'><strong>dico</strong></span> <span class='ocrx_word' id='word_1_219' title='bbox 585 1281 590 1297; x_wconf 89' lang='lat'>:</span> 
     </span>
    </p>
   </div>
   <div class='ocr_carea' id='block_1_63' title="bbox 415 1307 607 1341">
    <p class='ocr_par' dir='ltr' id='par_1_63' title="bbox 415 1307 607 1341">
     <span class='ocr_line' id='line_1_63' title="bbox 415 1307 607 1341; baseline 0 -7"><span class='ocrx_word' id='word_1_220' title='bbox 415 1307 538 1341; x_wconf 86' lang='lat' dir='ltr'><strong>Quandiu</strong></span> <span class='ocrx_word' id='word_1_221' title='bbox 554 1314 607 1334; x_wconf 90' lang='lat' dir='ltr'><strong>non</strong></span> 
     </span>
    </p>
   </div>
   <div class='ocr_carea' id='block_1_64' title="bbox 416 1343 581 1371">
    <p class='ocr_par' dir='ltr' id='par_1_64' title="bbox 416 1343 581 1371">
     <span class='ocr_line' id='line_1_64' title="bbox 416 1343 581 1371; baseline -0.006 -1"><span class='ocrx_word' id='word_1_222' title='bbox 416 1343 519 1371; x_wconf 86' lang='lat' dir='ltr'><strong>fecistis</strong></span> <span class='ocrx_word' id='word_1_223' title='bbox 535 1343 581 1370; x_wconf 93' lang='lat' dir='ltr'><strong>uni</strong></span> 
     </span>
    </p>
   </div>
   <div class='ocr_carea' id='block_1_65' title="bbox 416 1378 581 1407">
    <p class='ocr_par' dir='ltr' id='par_1_65' title="bbox 416 1378 581 1407">
     <span class='ocr_line' id='line_1_65' title="bbox 416 1378 581 1407; baseline -0.012 0"><span class='ocrx_word' id='word_1_224' title='bbox 416 1380 449 1407; x_wconf 88' lang='lat' dir='ltr'><strong>de</strong></span> <span class='ocrx_word' id='word_1_225' title='bbox 462 1378 581 1406; x_wconf 89' lang='lat' dir='ltr'><strong>minimis</strong></span> 
     </span>
    </p>
   </div>
   <div class='ocr_carea' id='block_1_66' title="bbox 417 1414 619 1448">
    <p class='ocr_par' dir='ltr' id='par_1_66' title="bbox 417 1414 619 1448">
     <span class='ocr_line' id='line_1_66' title="bbox 417 1414 619 1448; baseline -0.005 -6"><span class='ocrx_word' id='word_1_226' title='bbox 417 1415 469 1448; x_wconf 88' lang='lat' dir='ltr'><strong>his,</strong></span> <span class='ocrx_word' id='word_1_227' title='bbox 488 1422 537 1442; x_wconf 91' lang='lat' dir='ltr'><strong>nec</strong></span> <span class='ocrx_word' id='word_1_228' title='bbox 552 1414 619 1441; x_wconf 89' lang='lat' dir='ltr'><strong>mihi</strong></span> 
     </span>
    </p>
   </div>
   <div class='ocr_carea' id='block_1_67' title="bbox 416 1450 643 1479">
    <p class='ocr_par' dir='ltr' id='par_1_67' title="bbox 416 1450 643 1479">
     <span class='ocr_line' id='line_1_67' title="bbox 416 1450 643 1479; baseline -0.009 0"><span class='ocrx_word' id='word_1_229' title='bbox 416 1451 461 1479; x_wconf 72' lang='grc'><strong>46.</strong></span> <span class='ocrx_word' id='word_1_230' title='bbox 483 1450 592 1478; x_wconf 74' lang='lat' dir='ltr'><strong>fecistis.</strong></span> <span class='ocrx_word' id='word_1_231' title='bbox 610 1450 643 1477; x_wconf 84' lang='lat' dir='ltr'><strong>Et</strong></span> 
     </span>
    </p>
   </div>
   <div class='ocr_carea' id='block_1_68' title="bbox 417 1486 571 1514">
    <p class='ocr_par' dir='ltr' id='par_1_68' title="bbox 417 1486 571 1514">
     <span class='ocr_line' id='line_1_68' title="bbox 417 1486 571 1514; baseline -0.006 0"><span class='ocrx_word' id='word_1_232' title='bbox 417 1487 494 1514; x_wconf 87' lang='lat' dir='ltr'><strong>ibunt</strong></span> <span class='ocrx_word' id='word_1_233' title='bbox 505 1486 531 1513; x_wconf 88' lang='lat' dir='ltr'><strong>hi</strong></span> <span class='ocrx_word' id='word_1_234' title='bbox 545 1486 571 1513; x_wconf 93' lang='lat' dir='ltr'><strong>in</strong></span> 
     </span>
    </p>
   </div>
   <div class='ocr_carea' id='block_1_69' title="bbox 855 447 1047 482">
    <p class='ocr_par' dir='ltr' id='par_1_69' title="bbox 855 447 1047 482">
     <span class='ocr_line' id='line_1_69' title="bbox 855 447 1047 482; baseline 0.005 -7"><span class='ocrx_word' id='word_1_235' title='bbox 855 447 989 482; x_wconf 86' lang='lat' dir='ltr'><strong>hospitem</strong></span> <span class='ocrx_word' id='word_1_236' title='bbox 997 469 1005 481; x_wconf 91' lang='lat'><strong>,</strong></span> <span class='ocrx_word' id='word_1_237' title='bbox 1020 452 1047 476; x_wconf 85' lang='lat' dir='ltr'><strong>et</strong></span> 
     </span>
    </p>
   </div>
   <div class='ocr_carea' id='block_1_70' title="bbox 853 484 1079 519">
    <p class='ocr_par' dir='ltr' id='par_1_70' title="bbox 853 484 1079 519">
     <span class='ocr_line' id='line_1_70' title="bbox 853 484 1079 519; baseline 0 -8"><span class='ocrx_word' id='word_1_238' title='bbox 853 484 1013 519; x_wconf 80' lang='lat' dir='ltr'><strong>collegimus</strong></span> <span class='ocrx_word' id='word_1_239' title='bbox 1029 489 1054 512; x_wconf 88' lang='lat' dir='ltr'><strong>te</strong></span> <span class='ocrx_word' id='word_1_240' title='bbox 1070 492 1079 511; x_wconf 94' lang='lat'><em>:</em></span> 
     </span>
    </p>
   </div>
   <div class='ocr_carea' id='block_1_71' title="bbox 853 521 1038 552">
    <p class='ocr_par' dir='ltr' id='par_1_71' title="bbox 853 521 1038 552">
     <span class='ocr_line' id='line_1_71' title="bbox 853 521 1038 552; baseline 0 -5"><span class='ocrx_word' id='word_1_241' title='bbox 853 525 901 547; x_wconf 88' lang='lat' dir='ltr'><strong>aut</strong></span> <span class='ocrx_word' id='word_1_242' title='bbox 920 521 1021 547; x_wconf 90' lang='lat' dir='ltr'><strong>nudum</strong></span> <span class='ocrx_word' id='word_1_243' title='bbox 1030 540 1038 552; x_wconf 85' lang='lat'><em>.</em></span> 
     </span>
    </p>
   </div>
   <div class='ocr_carea' id='block_1_72' title="bbox 854 555 1042 590">
    <p class='ocr_par' dir='ltr' id='par_1_72' title="bbox 854 555 1042 590">
     <span class='ocr_line' id='line_1_72' title="bbox 854 555 1042 590; baseline -0.005 -7"><span class='ocrx_word' id='word_1_244' title='bbox 854 560 882 583; x_wconf 90' lang='lat' dir='ltr'><strong>et</strong></span> <span class='ocrx_word' id='word_1_245' title='bbox 899 555 1042 590; x_wconf 87' lang='lat' dir='ltr'><strong>cooperui-</strong></span> 
     </span>
    </p>
   </div>
   <div class='ocr_carea' id='block_1_73' title="bbox 853 591 1092 619">
    <p class='ocr_par' dir='ltr' id='par_1_73' title="bbox 853 591 1092 619">
     <span class='ocr_line' id='line_1_73' title="bbox 853 591 1092 619; baseline 0.004 -1"><span class='ocrx_word' id='word_1_246' title='bbox 853 591 899 618; x_wconf 81' lang='grc'><strong>59.</strong></span> <span class='ocrx_word' id='word_1_247' title='bbox 914 599 974 619; x_wconf 89' lang='lat' dir='ltr'><strong>mus</strong></span> <span class='ocrx_word' id='word_1_248' title='bbox 987 597 1012 619; x_wconf 86' lang='lat' dir='ltr'><strong>te</strong></span> <span class='ocrx_word' id='word_1_249' title='bbox 1025 601 1031 618; x_wconf 72' lang='grc' dir='ltr'><strong><em>ι</em></strong></span> <span class='ocrx_word' id='word_1_250' title='bbox 1045 595 1092 619; x_wconf 85' lang='lat' dir='ltr'><strong>aut</strong></span> 
     </span>
    </p>
   </div>
   <div class='ocr_carea' id='block_1_74' title="bbox 853 627 1020 662">
    <p class='ocr_par' dir='ltr' id='par_1_74' title="bbox 853 627 1020 662">
     <span class='ocr_line' id='line_1_74' title="bbox 853 627 1020 662; baseline 0.012 -9"><span class='ocrx_word' id='word_1_251' title='bbox 853 627 962 662; x_wconf 82' lang='lat' dir='ltr'><strong>quando</strong></span> <span class='ocrx_word' id='word_1_252' title='bbox 978 628 1020 655; x_wconf 92' lang='lat' dir='ltr'><strong>in-</strong></span> 
     </span>
    </p>
   </div>
   <div class='ocr_carea' id='block_1_75' title="bbox 855 664 1034 695">
    <p class='ocr_par' dir='ltr' id='par_1_75' title="bbox 855 664 1034 695">
     <span class='ocr_line' id='line_1_75' title="bbox 855 664 1034 695; baseline 0.006 -6"><span class='ocrx_word' id='word_1_253' title='bbox 855 664 974 695; x_wconf 87' lang='lat' dir='ltr'><strong>firmum,</strong></span> <span class='ocrx_word' id='word_1_254' title='bbox 987 667 1034 690; x_wconf 87' lang='lat' dir='ltr'><strong>aut</strong></span> 
     </span>
    </p>
   </div>
   <div class='ocr_carea' id='block_1_76' title="bbox 854 698 1085 731">
    <p class='ocr_par' dir='ltr' id='par_1_76' title="bbox 854 698 1085 731">
     <span class='ocr_line' id='line_1_76' title="bbox 854 698 1085 731; baseline 0.004 -6"><span class='ocrx_word' id='word_1_255' title='bbox 854 698 880 725; x_wconf 93' lang='lat' dir='ltr'><strong>in</strong></span> <span class='ocrx_word' id='word_1_256' title='bbox 897 706 1045 731; x_wconf 80' lang='lat' dir='ltr'><strong>carcerem,</strong></span> <span class='ocrx_word' id='word_1_257' title='bbox 1056 704 1085 726; x_wconf 87' lang='lat' dir='ltr'><strong>et</strong></span> 
     </span>
    </p>
   </div>
   <div class='ocr_carea' id='block_1_77' title="bbox 853 734 1087 762">
    <p class='ocr_par' dir='ltr' id='par_1_77' title="bbox 853 734 1087 762">
     <span class='ocr_line' id='line_1_77' title="bbox 853 734 1087 762; baseline 0.009 -2"><span class='ocrx_word' id='word_1_258' title='bbox 853 735 978 762; x_wconf 83' lang='lat' dir='ltr'><strong>venimus</strong></span> <span class='ocrx_word' id='word_1_259' title='bbox 990 734 1023 762; x_wconf 79' lang='lat' dir='ltr'><strong>ad</strong></span> <span class='ocrx_word' id='word_1_260' title='bbox 1037 734 1087 762; x_wconf 85' lang='lat' dir='ltr'><strong>te?</strong></span> 
     </span>
    </p>
   </div>
   <div class='ocr_carea' id='block_1_78' title="bbox 853 769 1085 805">
    <p class='ocr_par' dir='ltr' id='par_1_78' title="bbox 853 769 1085 805">
     <span class='ocr_line' id='line_1_78' title="bbox 853 769 1085 805; baseline 0.009 -9"><span class='ocrx_word' id='word_1_261' title='bbox 853 769 900 797; x_wconf 83' lang='grc'><strong>40.</strong></span> <span class='ocrx_word' id='word_1_262' title='bbox 922 770 956 797; x_wconf 86' lang='lat' dir='ltr'><strong>Et</strong></span> <span class='ocrx_word' id='word_1_263' title='bbox 971 777 1085 805; x_wconf 91' lang='lat' dir='ltr'><strong>respon-</strong></span> 
     </span>
    </p>
   </div>
   <div class='ocr_carea' id='block_1_79' title="bbox 853 806 1091 833">
    <p class='ocr_par' dir='ltr' id='par_1_79' title="bbox 853 806 1091 833">
     <span class='ocr_line' id='line_1_79' title="bbox 853 806 1091 833; baseline 0 0"><span class='ocrx_word' id='word_1_264' title='bbox 853 806 922 833; x_wconf 86' lang='lat' dir='ltr'><strong>dens</strong></span> <span class='ocrx_word' id='word_1_265' title='bbox 933 814 980 833; x_wconf 83' lang='lat' dir='ltr'><strong>rex</strong></span> <span class='ocrx_word' id='word_1_266' title='bbox 1003 806 1069 833; x_wconf 89' lang='lat' dir='ltr'><strong>dicit</strong></span> <span class='ocrx_word' id='word_1_267' title='bbox 1086 824 1091 830; x_wconf 74' lang='lat'><strong>.</strong></span> 
     </span>
    </p>
   </div>
   <div class='ocr_carea' id='block_1_80' title="bbox 854 842 1028 869">
    <p class='ocr_par' dir='ltr' id='par_1_80' title="bbox 854 842 1028 869">
     <span class='ocr_line' id='line_1_80' title="bbox 854 842 1028 869; baseline 0.011 -2"><span class='ocrx_word' id='word_1_268' title='bbox 854 842 907 868; x_wconf 89' lang='lat' dir='ltr'><strong>illis</strong></span> <span class='ocrx_word' id='word_1_269' title='bbox 920 851 926 868; x_wconf 92' lang='lat'>:</span> <span class='ocrx_word' id='word_1_270' title='bbox 941 843 1028 869; x_wconf 80' lang='lat' dir='ltr'><strong>Amen</strong></span> 
     </span>
    </p>
   </div>
   <div class='ocr_carea' id='block_1_81' title="bbox 855 877 1021 909">
    <p class='ocr_par' dir='ltr' id='par_1_81' title="bbox 855 877 1021 909">
     <span class='ocr_line' id='line_1_81' title="bbox 855 877 1021 909; baseline 0 -5"><span class='ocrx_word' id='word_1_271' title='bbox 855 877 916 905; x_wconf 91' lang='lat' dir='ltr'><strong>dico</strong></span> <span class='ocrx_word' id='word_1_272' title='bbox 928 878 1004 905; x_wconf 82' lang='lat' dir='ltr'><strong>vobis</strong></span> <span class='ocrx_word' id='word_1_273' title='bbox 1013 898 1021 909; x_wconf 85' lang='lat'><strong>,</strong></span> 
     </span>
    </p>
   </div>
   <div class='ocr_carea' id='block_1_82' title="bbox 854 913 1037 948">
    <p class='ocr_par' dir='ltr' id='par_1_82' title="bbox 854 913 1037 948">
     <span class='ocr_line' id='line_1_82' title="bbox 854 913 1037 948; baseline 0.005 -8"><span class='ocrx_word' id='word_1_274' title='bbox 854 913 982 948; x_wconf 83' lang='lat' dir='ltr'><strong>quamdiu</strong></span> <span class='ocrx_word' id='word_1_275' title='bbox 997 913 1037 941; x_wconf 94' lang='lat' dir='ltr'><strong>fe-</strong></span> 
     </span>
    </p>
   </div>
   <div class='ocr_carea' id='block_1_83' title="bbox 854 949 1044 984">
    <p class='ocr_par' dir='ltr' id='par_1_83' title="bbox 854 949 1044 984">
     <span class='ocr_line' id='line_1_83' title="bbox 854 949 1044 984; baseline -0.005 -9"><span class='ocrx_word' id='word_1_276' title='bbox 854 949 931 976; x_wconf 89' lang='lat' dir='ltr'><strong>cistis</strong></span> <span class='ocrx_word' id='word_1_277' title='bbox 944 950 988 976; x_wconf 89' lang='lat' dir='ltr'><strong>uui</strong></span> <span class='ocrx_word' id='word_1_278' title='bbox 1006 949 1044 984; x_wconf 84' lang='lat' dir='ltr'><strong>(a)</strong></span> 
     </span>
    </p>
   </div>
   <div class='ocr_carea' id='block_1_84' title="bbox 856 984 1017 1012">
    <p class='ocr_par' dir='ltr' id='par_1_84' title="bbox 856 984 1017 1012">
     <span class='ocr_line' id='line_1_84' title="bbox 856 984 1017 1012; baseline 0.006 -1"><span class='ocrx_word' id='word_1_279' title='bbox 856 984 951 1012; x_wconf 81' lang='lat' dir='ltr'><strong>hortuli</strong></span> <span class='ocrx_word' id='word_1_280' title='bbox 964 985 1017 1012; x_wconf 86' lang='lat' dir='ltr'><strong>fra-</strong></span> 
     </span>
    </p>
   </div>
   <div class='ocr_carea' id='block_1_85' title="bbox 855 1020 1080 1061">
    <p class='ocr_par' dir='ltr' id='par_1_85' title="bbox 855 1020 1080 1061">
     <span class='ocr_line' id='line_1_85' title="bbox 855 1020 1080 1061; baseline 0.009 -15"><span class='ocrx_word' id='word_1_281' title='bbox 855 1025 944 1061; x_wconf 80' lang='lat' dir='ltr'><strong>truu_m</strong></span> <span class='ocrx_word' id='word_1_282' title='bbox 959 1020 980 1056; x_wconf 67' lang='lat'><strong>1-</strong></span> <span class='ocrx_word' id='word_1_283' title='bbox 991 1028 1080 1048; x_wconf 87' lang='lat' dir='ltr'><strong>meum</strong></span> 
     </span>
    </p>
   </div>
   <div class='ocr_carea' id='block_1_86' title="bbox 854 1056 1047 1089">
    <p class='ocr_par' dir='ltr' id='par_1_86' title="bbox 854 1056 1047 1089">
     <span class='ocr_line' id='line_1_86' title="bbox 854 1056 1047 1089; baseline 0.01 -7"><span class='ocrx_word' id='word_1_284' title='bbox 854 1056 1028 1084; x_wconf 88' lang='lat' dir='ltr'><strong>minimorum</strong></span> <span class='ocrx_word' id='word_1_285' title='bbox 1040 1077 1047 1089; x_wconf 90' lang='lat'><strong>,</strong></span> 
     </span>
    </p>
   </div>
   <div class='ocr_carea' id='block_1_87' title="bbox 855 1091 1046 1119">
    <p class='ocr_par' dir='ltr' id='par_1_87' title="bbox 855 1091 1046 1119">
     <span class='ocr_line' id='line_1_87' title="bbox 855 1091 1046 1119; baseline 0.005 -1"><span class='ocrx_word' id='word_1_286' title='bbox 855 1091 922 1118; x_wconf 92' lang='lat' dir='ltr'><strong>mihi</strong></span> <span class='ocrx_word' id='word_1_287' title='bbox 934 1091 1046 1119; x_wconf 79' lang='lat' dir='ltr'><strong>fecistis.</strong></span> 
     </span>
    </p>
   </div>
   <div class='ocr_carea' id='block_1_88' title="bbox 853 1126 1081 1156">
    <p class='ocr_par' dir='ltr' id='par_1_88' title="bbox 853 1126 1081 1156">
     <span class='ocr_line' id='line_1_88' title="bbox 853 1126 1081 1156; baseline 0.013 -3"><span class='ocrx_word' id='word_1_288' title='bbox 853 1126 900 1154; x_wconf 77' lang='grc'><strong>41.</strong></span> <span class='ocrx_word' id='word_1_289' title='bbox 923 1127 998 1155; x_wconf 90' lang='lat' dir='ltr'><strong>Tunc</strong></span> <span class='ocrx_word' id='word_1_290' title='bbox 1015 1128 1081 1156; x_wconf 91' lang='lat' dir='ltr'><strong>dicit</strong></span> 
     </span>
    </p>
   </div>
   <div class='ocr_carea' id='block_1_89' title="bbox 855 1163 1001 1198">
    <p class='ocr_par' dir='ltr' id='par_1_89' title="bbox 855 1163 1001 1198">
     <span class='ocr_line' id='line_1_89' title="bbox 855 1163 1001 1198; baseline 0.007 -8"><span class='ocrx_word' id='word_1_291' title='bbox 855 1163 890 1196; x_wconf 90' lang='lat' dir='ltr'><strong>is,</strong></span> <span class='ocrx_word' id='word_1_292' title='bbox 905 1163 953 1198; x_wconf 91' lang='lat' dir='ltr'><strong>qui</strong></span> <span class='ocrx_word' id='word_1_293' title='bbox 968 1164 1001 1191; x_wconf 90' lang='lat' dir='ltr'><strong>ad</strong></span> 
     </span>
    </p>
   </div>
   <div class='ocr_carea' id='block_1_90' title="bbox 853 1199 1048 1235">
    <p class='ocr_par' dir='ltr' id='par_1_90' title="bbox 853 1199 1048 1235">
     <span class='ocr_line' id='line_1_90' title="bbox 853 1199 1048 1235; baseline 0.005 -9"><span class='ocrx_word' id='word_1_294' title='bbox 853 1199 974 1227; x_wconf 83' lang='lat' dir='ltr'><strong>sinistris</strong></span> <span class='ocrx_word' id='word_1_295' title='bbox 989 1199 1048 1235; x_wconf 87' lang='lat' dir='ltr'><strong>ejus</strong></span> 
     </span>
    </p>
   </div>
   <div class='ocr_carea' id='block_1_91' title="bbox 854 1236 1047 1264">
    <p class='ocr_par' dir='ltr' id='par_1_91' title="bbox 854 1236 1047 1264">
     <span class='ocr_line' id='line_1_91' title="bbox 854 1236 1047 1264; baseline 0.01 -2"><span class='ocrx_word' id='word_1_296' title='bbox 854 1241 918 1263; x_wconf 88' lang='lat' dir='ltr'><strong>sunt</strong></span> <span class='ocrx_word' id='word_1_297' title='bbox 932 1244 939 1262; x_wconf 94' lang='lat'>:</span> <span class='ocrx_word' id='word_1_298' title='bbox 957 1236 1047 1264; x_wconf 89' lang='lat' dir='ltr'><strong>Disce-</strong></span> 
     </span>
    </p>
   </div>
   <div class='ocr_carea' id='block_1_92' title="bbox 854 1271 1072 1300">
    <p class='ocr_par' dir='ltr' id='par_1_92' title="bbox 854 1271 1072 1300">
     <span class='ocr_line' id='line_1_92' title="bbox 854 1271 1072 1300; baseline 0.005 -2"><span class='ocrx_word' id='word_1_299' title='bbox 854 1271 910 1299; x_wconf 87' lang='lat' dir='ltr'><strong>dite</strong></span> <span class='ocrx_word' id='word_1_300' title='bbox 925 1279 940 1299; x_wconf 87' lang='lat' dir='ltr'><strong>a</strong></span> <span class='ocrx_word' id='word_1_301' title='bbox 955 1279 999 1300; x_wconf 89' lang='lat' dir='ltr'><strong>me</strong></span> <span class='ocrx_word' id='word_1_302' title='bbox 1014 1279 1072 1299; x_wconf 89' lang='lat' dir='ltr'><strong>ma-</strong></span> 
     </span>
    </p>
   </div>
   <div class='ocr_carea' id='block_1_93' title="bbox 854 1307 1092 1343">
    <p class='ocr_par' dir='ltr' id='par_1_93' title="bbox 854 1307 1092 1343">
     <span class='ocr_line' id='line_1_93' title="bbox 854 1307 1092 1343; baseline 0.004 -9"><span class='ocrx_word' id='word_1_303' title='bbox 854 1307 946 1335; x_wconf 92' lang='lat' dir='ltr'><strong>ledicti</strong></span> <span class='ocrx_word' id='word_1_304' title='bbox 962 1308 987 1335; x_wconf 93' lang='lat' dir='ltr'><strong>in</strong></span> <span class='ocrx_word' id='word_1_305' title='bbox 1004 1308 1092 1343; x_wconf 81' lang='lat' dir='ltr'><strong>ignem</strong></span> 
     </span>
    </p>
   </div>
   <div class='ocr_carea' id='block_1_94' title="bbox 854 1343 1077 1384">
    <p class='ocr_par' dir='ltr' id='par_1_94' title="bbox 854 1343 1077 1384">
     <span class='ocr_line' id='line_1_94' title="bbox 854 1343 1077 1384; baseline 0 -14"><span class='ocrx_word' id='word_1_306' title='bbox 854 1347 1006 1377; x_wconf 83' lang='lat' dir='ltr'><strong>aeternum,</strong></span> <span class='ocrx_word' id='word_1_307' title='bbox 1025 1343 1077 1384; x_wconf 53' lang='grc' dir='ltr'><strong>(1))Δ</strong></span> 
     </span>
    </p>
   </div>
   <div class='ocr_carea' id='block_1_95' title="bbox 854 1385 1054 1414">
    <p class='ocr_par' dir='ltr' id='par_1_95' title="bbox 854 1385 1054 1414">
     <span class='ocr_line' id='line_1_95' title="bbox 854 1385 1054 1414; baseline 0.005 -9"><span class='ocrx_word' id='word_1_308' title='bbox 854 1386 934 1413; x_wconf 85' lang='lat' dir='ltr'><strong>quem</strong></span> <span class='ocrx_word' id='word_1_309' title='bbox 949 1385 1054 1414; x_wconf 78' lang='lat' dir='ltr'><strong>parant</strong></span> 
     </span>
    </p>
   </div>
   <div class='ocr_carea' id='block_1_96' title="bbox 854 1414 1059 1450">
    <p class='ocr_par' dir='ltr' id='par_1_96' title="bbox 854 1414 1059 1450">
     <span class='ocr_line' id='line_1_96' title="bbox 854 1414 1059 1450; baseline 0.015 -10"><span class='ocrx_word' id='word_1_310' title='bbox 854 1414 935 1441; x_wconf 80' lang='lat' dir='ltr'><strong>Pater</strong></span> <span class='ocrx_word' id='word_1_311' title='bbox 951 1422 1026 1442; x_wconf 86' lang='lat' dir='ltr'><strong>meus</strong></span> <span class='ocrx_word' id='word_1_312' title='bbox 1039 1415 1059 1450; x_wconf 68' lang='grc' dir='ltr'><strong>ἰ-</strong></span> 
     </span>
    </p>
   </div>
   <div class='ocr_carea' id='block_1_97' title="bbox 855 1450 1022 1483">
    <p class='ocr_par' dir='ltr' id='par_1_97' title="bbox 855 1450 1022 1483">
     <span class='ocr_line' id='line_1_97' title="bbox 855 1450 1022 1483; baseline 0.006 -6"><span class='ocrx_word' id='word_1_313' title='bbox 855 1450 966 1478; x_wconf 89' lang='lat' dir='ltr'><strong>diabuio</strong></span> <span class='ocrx_word' id='word_1_314' title='bbox 975 1471 982 1483; x_wconf 82' lang='lat'><strong>,</strong></span> <span class='ocrx_word' id='word_1_315' title='bbox 994 1455 1022 1478; x_wconf 91' lang='lat' dir='ltr'><strong>et</strong></span> 
     </span>
    </p>
   </div>
   <div class='ocr_carea' id='block_1_98' title="bbox 854 1486 1044 1522">
    <p class='ocr_par' dir='ltr' id='par_1_98' title="bbox 854 1486 1044 1522">
     <span class='ocr_line' id='line_1_98' title="bbox 854 1486 1044 1522; baseline 0.016 -11"><span class='ocrx_word' id='word_1_316' title='bbox 854 1487 959 1522; x_wconf 72' lang='lat' dir='ltr'><strong>angelis</strong></span> <span class='ocrx_word' id='word_1_317' title='bbox 974 1486 1044 1522; x_wconf 90' lang='lat' dir='ltr'><strong>ejus.</strong></span> 
     </span>
    </p>
   </div>
   <div class='ocr_carea' id='block_1_99' title="bbox 1276 448 1513 484">
    <p class='ocr_par' dir='ltr' id='par_1_99' title="bbox 1276 448 1513 484">
     <span class='ocr_line' id='line_1_99' title="bbox 1276 448 1513 484; baseline 0.004 -8"><span class='ocrx_word' id='word_1_318' title='bbox 1276 456 1330 476; x_wconf 87' lang='lat' dir='ltr'><strong>non</strong></span> <span class='ocrx_word' id='word_1_319' title='bbox 1349 448 1513 484; x_wconf 77' lang='lat' dir='ltr'><strong>operuistis;</strong></span> 
     </span>
    </p>
   </div>
   <div class='ocr_carea' id='block_1_100' title="bbox 1276 485 1449 518">
    <p class='ocr_par' dir='ltr' id='par_1_100' title="bbox 1276 485 1449 518">
     <span class='ocr_line' id='line_1_100' title="bbox 1276 485 1449 518; baseline 0.006 -6"><span class='ocrx_word' id='word_1_320' title='bbox 1276 485 1409 518; x_wconf 82' lang='lat' dir='ltr'><strong>inﬁrmus,</strong></span> <span class='ocrx_word' id='word_1_321' title='bbox 1422 489 1449 513; x_wconf 87' lang='lat' dir='ltr'><strong>et</strong></span> 
     </span>
    </p>
   </div>
   <div class='ocr_carea' id='block_1_101' title="bbox 1276 521 1464 552">
    <p class='ocr_par' dir='ltr' id='par_1_101' title="bbox 1276 521 1464 552">
     <span class='ocr_line' id='line_1_101' title="bbox 1276 521 1464 552; baseline 0.005 -4"><span class='ocrx_word' id='word_1_322' title='bbox 1276 521 1302 548; x_wconf 95' lang='lat' dir='ltr'><strong>in</strong></span> <span class='ocrx_word' id='word_1_323' title='bbox 1314 528 1464 552; x_wconf 85' lang='lat' dir='ltr'><strong>carcerem.</strong></span> 
     </span>
    </p>
   </div>
   <div class='ocr_carea' id='block_1_102' title="bbox 1275 557 1475 584">
    <p class='ocr_par' dir='ltr' id='par_1_102' title="bbox 1275 557 1475 584">
     <span class='ocr_line' id='line_1_102' title="bbox 1275 557 1475 584; baseline -0.005 0"><span class='ocrx_word' id='word_1_324' title='bbox 1275 562 1302 584; x_wconf 81' lang='lat' dir='ltr'><strong>cl</strong></span> <span class='ocrx_word' id='word_1_325' title='bbox 1317 566 1369 583; x_wconf 83' lang='lat' dir='ltr'><strong>non</strong></span> <span class='ocrx_word' id='word_1_326' title='bbox 1386 557 1475 584; x_wconf 76' lang='lat' dir='ltr'><strong>visita-</strong></span> 
     </span>
    </p>
   </div>
   <div class='ocr_carea' id='block_1_103' title="bbox 1275 594 1388 620">
    <p class='ocr_par' dir='ltr' id='par_1_103' title="bbox 1275 594 1388 620">
     <span class='ocr_line' id='line_1_103' title="bbox 1275 594 1388 620; baseline 0 -1"><span class='ocrx_word' id='word_1_327' title='bbox 1275 594 1324 620; x_wconf 80' lang='lat' dir='ltr'><strong>stis</strong></span> <span class='ocrx_word' id='word_1_328' title='bbox 1336 601 1388 619; x_wconf 87' lang='lat' dir='ltr'><strong>me.</strong></span> 
     </span>
    </p>
   </div>
   <div class='ocr_carea' id='block_1_104' title="bbox 1272 629 1545 663">
    <p class='ocr_par' dir='ltr' id='par_1_104' title="bbox 1272 629 1545 663">
     <span class='ocr_line' id='line_1_104' title="bbox 1272 629 1545 663; baseline 0 -8"><span class='ocrx_word' id='word_1_329' title='bbox 1272 630 1319 656; x_wconf 65' lang='lat' dir='ltr'><strong>tt.</strong></span> <span class='ocrx_word' id='word_1_330' title='bbox 1344 629 1418 655; x_wconf 88' lang='lat' dir='ltr'><strong>Tunc</strong></span> <span class='ocrx_word' id='word_1_331' title='bbox 1434 634 1545 663; x_wconf 85' lang='lat' dir='ltr'><strong>respon-</strong></span> 
     </span>
    </p>
   </div>
   <div class='ocr_carea' id='block_1_105' title="bbox 1273 664 1464 698">
    <p class='ocr_par' dir='ltr' id='par_1_105' title="bbox 1273 664 1464 698">
     <span class='ocr_line' id='line_1_105' title="bbox 1273 664 1464 698; baseline 0 -7"><span class='ocrx_word' id='word_1_332' title='bbox 1273 665 1374 692; x_wconf 84' lang='lat' dir='ltr'><strong>debunt</strong></span> <span class='ocrx_word' id='word_1_333' title='bbox 1388 664 1424 698; x_wconf 77' lang='lat' dir='ltr'><strong>(c)</strong></span> <span class='ocrx_word' id='word_1_334' title='bbox 1438 670 1464 691; x_wconf 90' lang='lat' dir='ltr'><strong>et</strong></span> 
     </span>
    </p>
   </div>
   <div class='ocr_carea' id='block_1_106' title="bbox 1274 700 1475 735">
    <p class='ocr_par' dir='ltr' id='par_1_106' title="bbox 1274 700 1475 735">
     <span class='ocr_line' id='line_1_106' title="bbox 1274 700 1475 735; baseline 0 -8"><span class='ocrx_word' id='word_1_335' title='bbox 1274 700 1323 735; x_wconf 90' lang='lat' dir='ltr'><strong>ipsi</strong></span> <span class='ocrx_word' id='word_1_336' title='bbox 1336 700 1364 734; x_wconf 48' lang='lat'><strong>1‘,</strong></span> <span class='ocrx_word' id='word_1_337' title='bbox 1382 700 1475 727; x_wconf 85' lang='lat' dir='ltr'><strong>dicen-</strong></span> 
     </span>
    </p>
   </div>
   <div class='ocr_carea' id='block_1_107' title="bbox 1274 737 1477 770">
    <p class='ocr_par' dir='ltr' id='par_1_107' title="bbox 1274 737 1477 770">
     <span class='ocr_line' id='line_1_107' title="bbox 1274 737 1477 770; baseline -0.005 -7"><span class='ocrx_word' id='word_1_338' title='bbox 1274 741 1333 763; x_wconf 81' lang='lat' dir='ltr'><strong>tes:</strong></span> <span class='ocrx_word' id='word_1_339' title='bbox 1349 737 1459 763; x_wconf 87' lang='lat' dir='ltr'><strong>Domine</strong></span> <span class='ocrx_word' id='word_1_340' title='bbox 1470 757 1477 770; x_wconf 89' lang='lat'><strong>,</strong></span> 
     </span>
    </p>
   </div>
   <div class='ocr_carea' id='block_1_108' title="bbox 1273 772 1423 806">
    <p class='ocr_par' dir='ltr' id='par_1_108' title="bbox 1273 772 1423 806">
     <span class='ocr_line' id='line_1_108' title="bbox 1273 772 1423 806; baseline 0.02 -10"><span class='ocrx_word' id='word_1_341' title='bbox 1273 772 1380 806; x_wconf 79' lang='lat' dir='ltr'><strong>quando</strong></span> <span class='ocrx_word' id='word_1_342' title='bbox 1398 777 1423 799; x_wconf 90' lang='lat' dir='ltr'><strong>te</strong></span> 
     </span>
    </p>
   </div>
   <div class='ocr_carea' id='block_1_109' title="bbox 1274 809 1467 835">
    <p class='ocr_par' dir='ltr' id='par_1_109' title="bbox 1274 809 1467 835">
     <span class='ocr_line' id='line_1_109' title="bbox 1274 809 1467 835; baseline 0 -1"><span class='ocrx_word' id='word_1_343' title='bbox 1274 809 1391 835; x_wconf 79' lang='lat' dir='ltr'><strong>vidimus</strong></span> <span class='ocrx_word' id='word_1_344' title='bbox 1404 816 1467 835; x_wconf 87' lang='lat' dir='ltr'><strong>csu-</strong></span> 
     </span>
    </p>
   </div>
   <div class='ocr_carea' id='block_1_110' title="bbox 1276 845 1402 875">
    <p class='ocr_par' dir='ltr' id='par_1_110' title="bbox 1276 845 1402 875">
     <span class='ocr_line' id='line_1_110' title="bbox 1276 845 1402 875; baseline 0 -5"><span class='ocrx_word' id='word_1_345' title='bbox 1276 845 1402 875; x_wconf 83' lang='lat' dir='ltr'><strong>rientem,</strong></span> 
     </span>
    </p>
   </div>
   <div class='ocr_carea' id='block_1_111' title="bbox 1275 879 1493 912">
    <p class='ocr_par' dir='ltr' id='par_1_111' title="bbox 1275 879 1493 912">
     <span class='ocr_line' id='line_1_111' title="bbox 1275 879 1493 912; baseline 0 -7"><span class='ocrx_word' id='word_1_346' title='bbox 1275 884 1320 906; x_wconf 85' lang='lat' dir='ltr'><strong>aut</strong></span> <span class='ocrx_word' id='word_1_347' title='bbox 1335 879 1493 912; x_wconf 74' lang='lat' dir='ltr'><strong>sitientem‘,</strong></span> 
     </span>
    </p>
   </div>
   <div class='ocr_carea' id='block_1_112' title="bbox 1276 916 1480 950">
    <p class='ocr_par' dir='ltr' id='par_1_112' title="bbox 1276 916 1480 950">
     <span class='ocr_line' id='line_1_112' title="bbox 1276 916 1480 950; baseline -0.005 -8"><span class='ocrx_word' id='word_1_348' title='bbox 1276 921 1320 942; x_wconf 87' lang='lat' dir='ltr'><strong>aut</strong></span> <span class='ocrx_word' id='word_1_349' title='bbox 1335 916 1480 950; x_wconf 81' lang='lat' dir='ltr'><strong>hospitem,</strong></span> 
     </span>
    </p>
   </div>
   <div class='ocr_carea' id='block_1_113' title="bbox 1276 950 1502 983">
    <p class='ocr_par' dir='ltr' id='par_1_113' title="bbox 1276 950 1502 983">
     <span class='ocr_line' id='line_1_113' title="bbox 1276 950 1502 983; baseline 0.004 -6"><span class='ocrx_word' id='word_1_350' title='bbox 1276 956 1321 978; x_wconf 83' lang='lat' dir='ltr'><strong>alit</strong></span> <span class='ocrx_word' id='word_1_351' title='bbox 1334 953 1444 983; x_wconf 89' lang='lat' dir='ltr'><strong>nudum,</strong></span> <span class='ocrx_word' id='word_1_352' title='bbox 1460 950 1502 979; x_wconf 80' lang='lat' dir='ltr'><strong>vel</strong></span> 
     </span>
    </p>
   </div>
   <div class='ocr_carea' id='block_1_114' title="bbox 1276 988 1465 1019">
    <p class='ocr_par' dir='ltr' id='par_1_114' title="bbox 1276 988 1465 1019">
     <span class='ocr_line' id='line_1_114' title="bbox 1276 988 1465 1019; baseline -0.005 -5"><span class='ocrx_word' id='word_1_353' title='bbox 1276 988 1302 1014; x_wconf 93' lang='lat' dir='ltr'><strong>in</strong></span> <span class='ocrx_word' id='word_1_354' title='bbox 1316 994 1465 1019; x_wconf 88' lang='lat' dir='ltr'><strong>carcerem,</strong></span> 
     </span>
    </p>
   </div>
   <div class='ocr_carea' id='block_1_115' title="bbox 1273 1023 1486 1056">
    <p class='ocr_par' dir='ltr' id='par_1_115' title="bbox 1273 1023 1486 1056">
     <span class='ocr_line' id='line_1_115' title="bbox 1273 1023 1486 1056; baseline -0.005 -6"><span class='ocrx_word' id='word_1_355' title='bbox 1273 1028 1321 1050; x_wconf 87' lang='lat' dir='ltr'><strong>aut</strong></span> <span class='ocrx_word' id='word_1_356' title='bbox 1334 1023 1486 1056; x_wconf 79' lang='lat' dir='ltr'><strong>inﬁrmum,</strong></span> 
     </span>
    </p>
   </div>
   <div class='ocr_carea' id='block_1_116' title="bbox 1271 1058 1554 1086">
    <p class='ocr_par' dir='ltr' id='par_1_116' title="bbox 1271 1058 1554 1086">
     <span class='ocr_line' id='line_1_116' title="bbox 1271 1058 1554 1086; baseline 0 0"><span class='ocrx_word' id='word_1_357' title='bbox 1271 1063 1300 1086; x_wconf 90' lang='lat' dir='ltr'><strong>et</strong></span> <span class='ocrx_word' id='word_1_358' title='bbox 1315 1066 1368 1086; x_wconf 90' lang='lat' dir='ltr'><strong>non</strong></span> <span class='ocrx_word' id='word_1_359' title='bbox 1384 1058 1554 1086; x_wconf 44' lang='lat' dir='ltr'><strong>ministrabi’</strong></span> 
     </span>
    </p>
   </div>
   <div class='ocr_carea' id='block_1_117' title="bbox 1274 1094 1420 1123">
    <p class='ocr_par' dir='ltr' id='par_1_117' title="bbox 1274 1094 1420 1123">
     <span class='ocr_line' id='line_1_117' title="bbox 1274 1094 1420 1123; baseline 0 -2"><span class='ocrx_word' id='word_1_360' title='bbox 1274 1102 1336 1123; x_wconf 92' lang='lat' dir='ltr'><strong>mus</strong></span> <span class='ocrx_word' id='word_1_361' title='bbox 1348 1094 1396 1122; x_wconf 89' lang='lat' dir='ltr'><strong>tibi</strong></span> <span class='ocrx_word' id='word_1_362' title='bbox 1409 1095 1420 1121; x_wconf 88' lang='lat'><strong>?</strong></span> 
     </span>
    </p>
   </div>
   <div class='ocr_carea' id='block_1_118' title="bbox 1274 1129 1542 1166">
    <p class='ocr_par' dir='ltr' id='par_1_118' title="bbox 1274 1129 1542 1166">
     <span class='ocr_line' id='line_1_118' title="bbox 1274 1129 1542 1166; baseline 0.004 -8"><span class='ocrx_word' id='word_1_363' title='bbox 1274 1129 1320 1158; x_wconf 80' lang='grc'><strong>45.</strong></span> <span class='ocrx_word' id='word_1_364' title='bbox 1342 1130 1418 1158; x_wconf 88' lang='lat' dir='ltr'><strong>Tunc</strong></span> <span class='ocrx_word' id='word_1_365' title='bbox 1429 1138 1542 1166; x_wconf 86' lang='lat' dir='ltr'><strong>respon-</strong></span> 
     </span>
    </p>
   </div>
   <div class='ocr_carea' id='block_1_119' title="bbox 1274 1166 1416 1195">
    <p class='ocr_par' dir='ltr' id='par_1_119' title="bbox 1274 1166 1416 1195">
     <span class='ocr_line' id='line_1_119' title="bbox 1274 1166 1416 1195; baseline 0 -1"><span class='ocrx_word' id='word_1_366' title='bbox 1274 1166 1350 1195; x_wconf 89' lang='lat' dir='ltr'><strong>debit</strong></span> <span class='ocrx_word' id='word_1_367' title='bbox 1363 1166 1416 1194; x_wconf 83' lang='lat' dir='ltr'><strong>illis</strong></span> 
     </span>
    </p>
   </div>
   <div class='ocr_carea' id='block_1_120' title="bbox 1275 1202 1493 1231">
    <p class='ocr_par' dir='ltr' id='par_1_120' title="bbox 1275 1202 1493 1231">
     <span class='ocr_line' id='line_1_120' title="bbox 1275 1202 1493 1231; baseline 0 -1"><span class='ocrx_word' id='word_1_368' title='bbox 1275 1202 1371 1231; x_wconf 90' lang='lat' dir='ltr'><strong>dicens</strong></span> <span class='ocrx_word' id='word_1_369' title='bbox 1388 1212 1394 1229; x_wconf 95' lang='lat'>:</span> <span class='ocrx_word' id='word_1_370' title='bbox 1407 1203 1493 1231; x_wconf 86' lang='lat' dir='ltr'><strong>Amen</strong></span> 
     </span>
    </p>
   </div>
   <div class='ocr_carea' id='block_1_121' title="bbox 1275 1238 1450 1267">
    <p class='ocr_par' dir='ltr' id='par_1_121' title="bbox 1275 1238 1450 1267">
     <span class='ocr_line' id='line_1_121' title="bbox 1275 1238 1450 1267; baseline 0 -2"><span class='ocrx_word' id='word_1_371' title='bbox 1275 1238 1339 1266; x_wconf 85' lang='lat' dir='ltr'><strong>dico</strong></span> <span class='ocrx_word' id='word_1_372' title='bbox 1352 1239 1428 1267; x_wconf 85' lang='lat' dir='ltr'><strong>vobis</strong></span> <span class='ocrx_word' id='word_1_373' title='bbox 1444 1247 1450 1265; x_wconf 94' lang='lat'>:</span> 
     </span>
    </p>
   </div>
   <div class='ocr_carea' id='block_1_122' title="bbox 1276 1273 1467 1308">
    <p class='ocr_par' dir='ltr' id='par_1_122' title="bbox 1276 1273 1467 1308">
     <span class='ocr_line' id='line_1_122' title="bbox 1276 1273 1467 1308; baseline 0.005 -7"><span class='ocrx_word' id='word_1_374' title='bbox 1276 1273 1402 1308; x_wconf 84' lang='lat' dir='ltr'><strong>Quandiu</strong></span> <span class='ocrx_word' id='word_1_375' title='bbox 1414 1282 1467 1302; x_wconf 94' lang='lat' dir='ltr'><strong>non</strong></span> 
     </span>
    </p>
   </div>
   <div class='ocr_carea' id='block_1_123' title="bbox 1279 1310 1439 1338">
    <p class='ocr_par' dir='ltr' id='par_1_123' title="bbox 1279 1310 1439 1338">
     <span class='ocr_line' id='line_1_123' title="bbox 1279 1310 1439 1338; baseline 0 -1"><span class='ocrx_word' id='word_1_376' title='bbox 1279 1311 1383 1338; x_wconf 80' lang='lat' dir='ltr'><strong>fecistis</strong></span> <span class='ocrx_word' id='word_1_377' title='bbox 1394 1310 1439 1338; x_wconf 91' lang='lat' dir='ltr'><strong>uni</strong></span> 
     </span>
    </p>
   </div>
   <div class='ocr_carea' id='block_1_124' title="bbox 1278 1345 1481 1374">
    <p class='ocr_par' dir='ltr' id='par_1_124' title="bbox 1278 1345 1481 1374">
     <span class='ocr_line' id='line_1_124' title="bbox 1278 1345 1481 1374; baseline 0.005 -1"><span class='ocrx_word' id='word_1_378' title='bbox 1278 1346 1314 1373; x_wconf 95' lang='lat' dir='ltr'><strong>de</strong></span> <span class='ocrx_word' id='word_1_379' title='bbox 1332 1345 1481 1374; x_wconf 86' lang='lat' dir='ltr'><strong>minoribus</strong></span> 
     </span>
    </p>
   </div>
   <div class='ocr_carea' id='block_1_125' title="bbox 1278 1380 1463 1414">
    <p class='ocr_par' dir='ltr' id='par_1_125' title="bbox 1278 1380 1463 1414">
     <span class='ocr_line' id='line_1_125' title="bbox 1278 1380 1463 1414; baseline 0.005 -6"><span class='ocrx_word' id='word_1_380' title='bbox 1278 1380 1333 1414; x_wconf 86' lang='lat' dir='ltr'><strong>his,</strong></span> <span class='ocrx_word' id='word_1_381' title='bbox 1347 1389 1397 1410; x_wconf 89' lang='lat' dir='ltr'><strong>nec</strong></span> <span class='ocrx_word' id='word_1_382' title='bbox 1413 1382 1463 1409; x_wconf 91' lang='lat' dir='ltr'><strong>mi-</strong></span> 
     </span>
    </p>
   </div>
   <div class='ocr_carea' id='block_1_126' title="bbox 1279 1416 1433 1445">
    <p class='ocr_par' dir='ltr' id='par_1_126' title="bbox 1279 1416 1433 1445">
     <span class='ocr_line' id='line_1_126' title="bbox 1279 1416 1433 1445; baseline 0.006 -1"><span class='ocrx_word' id='word_1_383' title='bbox 1279 1416 1307 1444; x_wconf 86' lang='lat' dir='ltr'><strong>hi</strong></span> <span class='ocrx_word' id='word_1_384' title='bbox 1324 1418 1433 1445; x_wconf 81' lang='lat' dir='ltr'><strong>fecistis.</strong></span> 
     </span>
    </p>
   </div>
   <div class='ocr_carea' id='block_1_127' title="bbox 1279 1452 1442 1481">
    <p class='ocr_par' dir='ltr' id='par_1_127' title="bbox 1279 1452 1442 1481">
     <span class='ocr_line' id='line_1_127' title="bbox 1279 1452 1442 1481; baseline 0.006 -1"><span class='ocrx_word' id='word_1_385' title='bbox 1279 1452 1314 1480; x_wconf 83' lang='lat' dir='ltr'><strong>Et</strong></span> <span class='ocrx_word' id='word_1_386' title='bbox 1328 1454 1404 1481; x_wconf 87' lang='lat' dir='ltr'><strong>ibunt</strong></span> <span class='ocrx_word' id='word_1_387' title='bbox 1415 1453 1442 1481; x_wconf 90' lang='lat' dir='ltr'><strong>hi</strong></span> 
     </span>
    </p>
   </div>
   <div class='ocr_carea' id='block_1_128' title="bbox 1278 1488 1405 1525">
    <p class='ocr_par' dir='ltr' id='par_1_128' title="bbox 1278 1488 1405 1525">
     <span class='ocr_line' id='line_1_128' title="bbox 1278 1488 1405 1525; baseline 0.016 -9"><span class='ocrx_word' id='word_1_388' title='bbox 1278 1488 1305 1516; x_wconf 90' lang='lat' dir='ltr'><strong>in</strong></span> <span class='ocrx_word' id='word_1_389' title='bbox 1318 1489 1405 1525; x_wconf 87' lang='lat' dir='ltr'><strong>ignem</strong></span> 
     </span>
    </p>
   </div>
   <div class='ocr_carea' id='block_1_129' title="bbox 417 1523 569 1558">
    <p class='ocr_par' dir='ltr' id='par_1_129' title="bbox 417 1523 569 1558">
     <span class='ocr_line' id='line_1_129' title="bbox 417 1523 569 1558; baseline -0.007 -8"><span class='ocrx_word' id='word_1_390' title='bbox 417 1523 505 1558; x_wconf 88' lang='lat' dir='ltr'><strong>ignem</strong></span> <span class='ocrx_word' id='word_1_391' title='bbox 524 1529 569 1549; x_wconf 89' lang='lat' dir='ltr'><strong>ae-</strong></span> 
     </span>
    </p>
   </div>
   <div class='ocr_carea' id='block_1_130' title="bbox 17 1526 554 1563">
    <p class='ocr_par' dir='ltr' id='par_1_130' title="bbox 17 1526 554 1563">
     <span class='ocr_line' id='line_1_130' title="bbox 17 1526 554 1563; baseline -0.007 -10"><span class='ocrx_word' id='word_1_392' title='bbox 17 1532 30 1554; x_wconf 76' lang='grc' dir='ltr'><strong>ει</strong></span> <span class='ocrx_word' id='word_1_393' title='bbox 43 1526 136 1562; x_wconf 75' lang='lat' dir='ltr'><strong>angelis</strong></span> <span class='ocrx_word' id='word_1_394' title='bbox 150 1526 219 1562; x_wconf 85' lang='lat' dir='ltr'><strong>ejus.</strong></span> <span class='ocrx_word' id='word_1_395' title='bbox 417 1526 505 1558; x_wconf 88' lang='lat' dir='ltr'><strong>ignem</strong></span> <span class='ocrx_word' id='word_1_396' title='bbox 524 1529 554 1563; x_wconf 79' lang='lat' dir='ltr'><strong>ae</strong></span> 
     </span>
    </p>
   </div>
   <div class='ocr_carea' id='block_1_131' title="bbox 417 1564 603 1593">
    <p class='ocr_par' dir='ltr' id='par_1_131' title="bbox 417 1564 603 1593">
     <span class='ocr_line' id='line_1_131' title="bbox 417 1564 603 1593; baseline -0.005 -7"><span class='ocrx_word' id='word_1_397' title='bbox 417 1564 535 1590; x_wconf 88' lang='lat' dir='ltr'><strong>ternum,</strong></span> <span class='ocrx_word' id='word_1_398' title='bbox 546 1566 603 1593; x_wconf 75' lang='lat' dir='ltr'><strong>jus-</strong></span> 
     </span>
    </p>
   </div>
   <div class='ocr_carea' id='block_1_132' title="bbox 17 1563 554 1600">
    <p class='ocr_par' dir='ltr' id='par_1_132' title="bbox 17 1563 554 1600">
     <span class='ocr_line' id='line_1_132' title="bbox 17 1563 554 1600; baseline -0.009 -11"><span class='ocrx_word' id='word_1_399' title='bbox 17 1563 46 1589; x_wconf 49' lang='grc' dir='ltr'><strong>ΡΖ.</strong></span> <span class='ocrx_word' id='word_1_400' title='bbox 60 1563 226 1600; x_wconf 20' lang='lat' dir='ltr'><strong>Esuriirenim</strong></span> <span class='ocrx_word' id='word_1_401' title='bbox 240 1580 249 1593; x_wconf 91' lang='lat'><strong>,</strong></span> <span class='ocrx_word' id='word_1_402' title='bbox 417 1564 554 1600; x_wconf 77' lang='lat' dir='ltr'><strong>ternum,j_</strong></span> 
     </span>
    </p>
   </div>
   <div class='ocr_carea' id='block_1_133' title="bbox 18 1599 576 1635">
    <p class='ocr_par' dir='ltr' id='par_1_133' title="bbox 18 1599 576 1635">
     <span class='ocr_line' id='line_1_133' title="bbox 18 1599 576 1635; baseline -0.009 -10"><span class='ocrx_word' id='word_1_403' title='bbox 18 1605 30 1625; x_wconf 67' lang='lat' dir='ltr'><strong>tl</strong></span> <span class='ocrx_word' id='word_1_404' title='bbox 42 1607 88 1626; x_wconf 92' lang='lat' dir='ltr'><strong>non</strong></span> <span class='ocrx_word' id='word_1_405' title='bbox 101 1599 187 1627; x_wconf 90' lang='lat' dir='ltr'><strong>dedis-</strong></span> <span class='ocrx_word' id='word_1_406' title='bbox 418 1599 534 1635; x_wconf 75' lang='lat' dir='ltr'><strong>tiautcm</strong></span> <span class='ocrx_word' id='word_1_407' title='bbox 548 1602 576 1621; x_wconf 85' lang='lat' dir='ltr'><strong>in</strong></span> 
     </span>
    </p>
   </div>
   <div class='ocr_carea' id='block_1_134' title="bbox 19 1635 602 1663">
    <p class='ocr_par' dir='ltr' id='par_1_134' title="bbox 19 1635 602 1663">
     <span class='ocr_line' id='line_1_134' title="bbox 19 1635 602 1663; baseline -0.005 -3"><span class='ocrx_word' id='word_1_408' title='bbox 19 1635 37 1661; x_wconf 77' lang='lat' dir='ltr'><strong>is</strong></span> <span class='ocrx_word' id='word_1_409' title='bbox 47 1635 105 1663; x_wconf 83' lang='lat' dir='ltr'><strong>mihi</strong></span> <span class='ocrx_word' id='word_1_410' title='bbox 119 1642 193 1663; x_wconf 78' lang='lat' dir='ltr'><strong>man-</strong></span> <span class='ocrx_word' id='word_1_411' title='bbox 417 1636 499 1658; x_wconf 86' lang='lat' dir='ltr'><strong>vitam</strong></span> <span class='ocrx_word' id='word_1_412' title='bbox 514 1635 602 1658; x_wconf 86' lang='lat' dir='ltr'><strong>aeter-</strong></span> 
     </span>
    </p>
   </div>
   <div class='ocr_carea' id='block_1_135' title="bbox 18 1670 491 1704">
    <p class='ocr_par' dir='ltr' id='par_1_135' title="bbox 18 1670 491 1704">
     <span class='ocr_line' id='line_1_135' title="bbox 18 1670 491 1704; baseline -0.008 -7"><span class='ocrx_word' id='word_1_413' title='bbox 18 1670 97 1699; x_wconf 82' lang='lat' dir='ltr'><strong>lucare</strong></span> <span class='ocrx_word' id='word_1_414' title='bbox 109 1680 115 1699; x_wconf 89' lang='lat'>:</span> <span class='ocrx_word' id='word_1_415' title='bbox 135 1672 190 1699; x_wconf 91' lang='lat' dir='ltr'><strong>sitii</strong></span> <span class='ocrx_word' id='word_1_416' title='bbox 203 1691 211 1704; x_wconf 88' lang='lat'><strong>,</strong></span> <span class='ocrx_word' id='word_1_417' title='bbox 418 1674 491 1694; x_wconf 81' lang='lat' dir='ltr'><strong>nam.</strong></span> 
     </span>
    </p>
   </div>
   <div class='ocr_carea' id='block_1_136' title="bbox 205 1722 589 1756">
    <p class='ocr_par' dir='ltr' id='par_1_136' title="bbox 205 1722 589 1756">
     <span class='ocr_line' id='line_1_136' title="bbox 205 1722 589 1756; baseline -0.018 0"><span class='ocrx_word' id='word_1_418' title='bbox 205 1725 330 1756; x_wconf 84' lang='lat' dir='ltr'><strong>CODEX</strong></span> <span class='ocrx_word' id='word_1_419' title='bbox 350 1722 589 1752; x_wconf 77' lang='lat' dir='ltr'><strong>CORBEIENSIS.</strong></span> 
     </span>
    </p>
   </div>
   <div class='ocr_carea' id='block_1_137' title="bbox 18 1769 804 1810">
    <p class='ocr_par' dir='ltr' id='par_1_137' title="bbox 18 1769 804 1810">
     <span class='ocr_line' id='line_1_137' title="bbox 18 1769 804 1810; baseline -0.005 -10"><span class='ocrx_word' id='word_1_420' title='bbox 18 1774 129 1803; x_wconf 59' lang='lat' dir='ltr'><strong>.itientem</strong></span> <span class='ocrx_word' id='word_1_421' title='bbox 141 1797 148 1809; x_wconf 93' lang='lat'><strong>,</strong></span> <span class='ocrx_word' id='word_1_422' title='bbox 168 1780 197 1803; x_wconf 87' lang='lat' dir='ltr'><strong>et</strong></span> <span class='ocrx_word' id='word_1_423' title='bbox 211 1779 310 1810; x_wconf 90' lang='lat' dir='ltr'><strong>potum</strong></span> <span class='ocrx_word' id='word_1_424' title='bbox 325 1772 373 1800; x_wconf 88' lang='lat' dir='ltr'><strong>tibi</strong></span> <span class='ocrx_word' id='word_1_425' title='bbox 387 1771 534 1810; x_wconf 78' lang='lat' dir='ltr'><strong>dedimus?</strong></span> <span class='ocrx_word' id='word_1_426' title='bbox 549 1769 656 1805; x_wconf 86' lang='lat' dir='ltr'><strong>quando</strong></span> <span class='ocrx_word' id='word_1_427' title='bbox 672 1773 761 1797; x_wconf 84' lang='lat' dir='ltr'><strong>autem</strong></span> <span class='ocrx_word' id='word_1_428' title='bbox 778 1773 804 1810; x_wconf 76' lang='lat' dir='ltr'><strong>te</strong></span> 
     </span>
    </p>
   </div>
   <div class='ocr_carea' id='block_1_138' title="bbox 19 1805 803 1847">
    <p class='ocr_par' dir='ltr' id='par_1_138' title="bbox 19 1805 803 1847">
     <span class='ocr_line' id='line_1_138' title="bbox 19 1805 803 1847; baseline -0.005 -11"><span class='ocrx_word' id='word_1_429' title='bbox 19 1811 113 1839; x_wconf 68' lang='lat' dir='ltr'><strong>iidimus</strong></span> <span class='ocrx_word' id='word_1_430' title='bbox 130 1805 146 1827; x_wconf 71' lang='grc' dir='ltr'><strong><em>ι’</em></strong></span> <span class='ocrx_word' id='word_1_431' title='bbox 158 1805 355 1847; x_wconf 71' lang='lat' dir='ltr'><strong>peregrinum,</strong></span> <span class='ocrx_word' id='word_1_432' title='bbox 371 1807 579 1847; x_wconf 40' lang='lat' dir='ltr'><strong>et‘colleximns</strong></span> <span class='ocrx_word' id='word_1_433' title='bbox 593 1815 600 1847; x_wconf 80' lang='lat'><strong>:_</strong></span> <span class='ocrx_word' id='word_1_434' title='bbox 625 1810 672 1833; x_wconf 86' lang='lat' dir='ltr'><strong>aut</strong></span> <span class='ocrx_word' id='word_1_435' title='bbox 695 1805 803 1847; x_wconf 75' lang='lat' dir='ltr'><strong>quando</strong></span> 
     </span>
    </p>
   </div>
   <div class='ocr_carea' id='block_1_139' title="bbox 21 1841 803 1879">
    <p class='ocr_par' dir='ltr' id='par_1_139' title="bbox 21 1841 803 1879">
     <span class='ocr_line' id='line_1_139' title="bbox 21 1841 803 1879; baseline -0.008 -6"><span class='ocrx_word' id='word_1_436' title='bbox 21 1855 32 1873; x_wconf 89' lang='lat' dir='ltr'><strong>e</strong></span> <span class='ocrx_word' id='word_1_437' title='bbox 44 1847 149 1875; x_wconf 73' lang='lat' dir='ltr'><strong>vidimus</strong></span> <span class='ocrx_word' id='word_1_438' title='bbox 159 1841 281 1875; x_wconf 54' lang='lat' dir='ltr'><strong>&#39;nud&#39;um</strong></span> <span class='ocrx_word' id='word_1_439' title='bbox 295 1867 303 1879; x_wconf 84' lang='lat'><strong>,</strong></span> <span class='ocrx_word' id='word_1_440' title='bbox 319 1841 352 1872; x_wconf 76' lang='lat' dir='ltr'><strong>et</strong></span> <span class='ocrx_word' id='word_1_441' title='bbox 363 1843 477 1872; x_wconf 85' lang='lat' dir='ltr'><strong>teximus</strong></span> <span class='ocrx_word' id='word_1_442' title='bbox 489 1851 495 1869; x_wconf 72' lang='grc' dir='ltr'><strong>ς</strong></span> <span class='ocrx_word' id='word_1_443' title='bbox 513 1841 620 1879; x_wconf 79' lang='lat' dir='ltr'><strong>quando</strong></span> <span class='ocrx_word' id='word_1_444' title='bbox 637 1847 662 1869; x_wconf 92' lang='lat' dir='ltr'><strong>te</strong></span> <span class='ocrx_word' id='word_1_445' title='bbox 674 1841 803 1879; x_wconf 77' lang='lat' dir='ltr'><strong>_vidimus</strong></span> 
     </span>
    </p>
   </div>
   <div class='ocr_carea' id='block_1_140' title="bbox 21 1876 803 1919">
    <p class='ocr_par' dir='ltr' id='par_1_140' title="bbox 21 1876 803 1919">
     <span class='ocr_line' id='line_1_140' title="bbox 21 1876 803 1919; baseline -0.006 -12"><span class='ocrx_word' id='word_1_446' title='bbox 21 1883 129 1910; x_wconf 84' lang='lat' dir='ltr'><strong>nlirmum</strong></span> <span class='ocrx_word' id='word_1_447' title='bbox 143 1904 150 1917; x_wconf 89' lang='lat'><strong>,</strong></span> <span class='ocrx_word' id='word_1_448' title='bbox 165 1888 193 1911; x_wconf 91' lang='lat' dir='ltr'><strong>et</strong></span> <span class='ocrx_word' id='word_1_449' title='bbox 206 1884 233 1910; x_wconf 94' lang='lat' dir='ltr'><strong>in</strong></span> <span class='ocrx_word' id='word_1_450' title='bbox 248 1876 376 1919; x_wconf 58' lang='lat' dir='ltr'><strong>carcere,</strong></span> <span class='ocrx_word' id='word_1_451' title='bbox 395 1883 423 1907; x_wconf 87' lang='lat' dir='ltr'><strong>et</strong></span> <span class='ocrx_word' id='word_1_452' title='bbox 434 1876 560 1919; x_wconf 60' lang='lat' dir='ltr'><strong>venimus</strong></span> <span class='ocrx_word' id='word_1_453' title='bbox 577 1878 610 1904; x_wconf 83' lang='lat' dir='ltr'><strong>ad</strong></span> <span class='ocrx_word' id='word_1_454' title='bbox 636 1877 682 1919; x_wconf 74' lang='lat' dir='ltr'><strong>te?</strong></span> <span class='ocrx_word' id='word_1_455' title='bbox 711 1878 721 1892; x_wconf 83' lang='grc'>¹</span> <span class='ocrx_word' id='word_1_456' title='bbox 750 1876 803 1904; x_wconf 78' lang='lat' dir='ltr'><strong>Re-</strong></span> 
     </span>
    </p>
   </div>
   <div class='ocr_carea' id='block_1_141' title="bbox 19 1914 801 1954">
    <p class='ocr_par' dir='ltr' id='par_1_141' title="bbox 19 1914 801 1954">
     <span class='ocr_line' id='line_1_141' title="bbox 19 1914 801 1954; baseline -0.006 -10"><span class='ocrx_word' id='word_1_457' title='bbox 19 1919 133 1951; x_wconf 62' lang='lat' dir='ltr'><strong>spondens</strong></span> <span class='ocrx_word' id='word_1_458' title='bbox 143 1914 234 1946; x_wconf 71' lang='lat' dir='ltr'><strong>autem</strong></span> <span class='ocrx_word' id='word_1_459' title='bbox 249 1917 322 1946; x_wconf 75' lang='lat' dir='ltr'><strong>dixit</strong></span> <span class='ocrx_word' id='word_1_460' title='bbox 337 1916 391 1954; x_wconf 80' lang='lat' dir='ltr'><strong>illis</strong></span> <span class='ocrx_word' id='word_1_461' title='bbox 403 1925 413 1954; x_wconf 18' lang='lat'><strong>2»</strong></span> <span class='ocrx_word' id='word_1_462' title='bbox 426 1915 515 1954; x_wconf 78' lang='lat' dir='ltr'><strong>A_men</strong></span> <span class='ocrx_word' id='word_1_463' title='bbox 529 1914 590 1954; x_wconf 82' lang='lat' dir='ltr'><strong>dico</strong></span> <span class='ocrx_word' id='word_1_464' title='bbox 606 1914 801 1954; x_wconf 42' lang='lat' dir='ltr'><strong>v_eliis,’qtiatn-</strong></span> 
     </span>
    </p>
   </div>
   <div class='ocr_carea' id='block_1_142' title="bbox 19 1947 798 1990">
    <p class='ocr_par' dir='ltr' id='par_1_142' title="bbox 19 1947 798 1990">
     <span class='ocr_line' id='line_1_142' title="bbox 19 1947 798 1990; baseline -0.006 -11"><span class='ocrx_word' id='word_1_465' title='bbox 19 1947 49 1979; x_wconf 82' lang='lat' dir='ltr'><strong>liu</strong></span> <span class='ocrx_word' id='word_1_466' title='bbox 62 1954 156 1982; x_wconf 82' lang='lat' dir='ltr'><strong>fecistis</strong></span> <span class='ocrx_word' id='word_1_467' title='bbox 181 1956 228 1982; x_wconf 91' lang='lat' dir='ltr'><strong>uni</strong></span> <span class='ocrx_word' id='word_1_468' title='bbox 254 1961 291 1981; x_wconf 80' lang='lat' dir='ltr'><strong>ex</strong></span> <span class='ocrx_word' id='word_1_469' title='bbox 316 1957 328 1971; x_wconf 74' lang='grc' dir='ltr'>α</span> <span class='ocrx_word' id='word_1_470' title='bbox 351 1951 468 1990; x_wconf 83' lang='lat' dir='ltr'><strong>minimis</strong></span> <span class='ocrx_word' id='word_1_471' title='bbox 497 1950 575 1982; x_wconf 89' lang='lat' dir='ltr'><strong>istis,</strong></span> <span class='ocrx_word' id='word_1_472' title='bbox 591 1949 667 1990; x_wconf 54' lang='lat' dir='ltr'><strong>mihi</strong></span> <span class='ocrx_word' id='word_1_473' title='bbox 686 1947 798 1990; x_wconf 65' lang='lat' dir='ltr'><strong>fecistis.</strong></span> 
     </span>
    </p>
   </div>
   <div class='ocr_carea' id='block_1_143' title="bbox 19 1984 801 2024">
    <p class='ocr_par' dir='ltr' id='par_1_143' title="bbox 19 1984 801 2024">
     <span class='ocr_line' id='line_1_143' title="bbox 19 1984 801 2024; baseline -0.006 -9"><span class='ocrx_word' id='word_1_474' title='bbox 19 1988 75 2016; x_wconf 74' lang='lat' dir='ltr'><strong>hinc</strong></span> <span class='ocrx_word' id='word_1_475' title='bbox 86 1990 153 2018; x_wconf 90' lang='lat' dir='ltr'><strong>dicet</strong></span> <span class='ocrx_word' id='word_1_476' title='bbox 165 1995 193 2018; x_wconf 86' lang='lat' dir='ltr'><strong>et</strong></span> <span class='ocrx_word' id='word_1_477' title='bbox 206 1991 247 2018; x_wconf 89' lang='lat' dir='ltr'><strong>cis</strong></span> <span class='ocrx_word' id='word_1_478' title='bbox 258 2011 267 2022; x_wconf 88' lang='lat'><strong>,</strong></span> <span class='ocrx_word' id='word_1_479' title='bbox 284 1989 330 2024; x_wconf 87' lang='lat' dir='ltr'><strong>qui</strong></span> <span class='ocrx_word' id='word_1_480' title='bbox 342 1988 375 2015; x_wconf 83' lang='lat' dir='ltr'><strong>ad</strong></span> <span class='ocrx_word' id='word_1_481' title='bbox 389 1987 525 2014; x_wconf 80' lang='lat' dir='ltr'><strong>sinistram</strong></span> <span class='ocrx_word' id='word_1_482' title='bbox 541 1991 603 2013; x_wconf 87' lang='lat' dir='ltr'><strong>sunt</strong></span> <span class='ocrx_word' id='word_1_483' title='bbox 615 1993 622 2012; x_wconf 87' lang='lat'><strong>:</strong></span> <span class='ocrx_word' id='word_1_484' title='bbox 639 1984 772 2024; x_wconf 57' lang='lat' dir='ltr'><strong>Discedite</strong></span> <span class='ocrx_word' id='word_1_485' title='bbox 785 1991 801 2011; x_wconf 85' lang='lat' dir='ltr'><strong>a</strong></span> 
     </span>
    </p>
   </div>
   <div class='ocr_carea' id='block_1_144' title="bbox 20 2020 800 2061">
    <p class='ocr_par' dir='ltr' id='par_1_144' title="bbox 20 2020 800 2061">
     <span class='ocr_line' id='line_1_144' title="bbox 20 2020 800 2061; baseline -0.009 -9"><span class='ocrx_word' id='word_1_486' title='bbox 20 2032 48 2052; x_wconf 86' lang='lat' dir='ltr'><strong>uc</strong></span> <span class='ocrx_word' id='word_1_487' title='bbox 61 2026 187 2054; x_wconf 81' lang='lat' dir='ltr'><strong>maledicti</strong></span> <span class='ocrx_word' id='word_1_488' title='bbox 199 2026 225 2053; x_wconf 91' lang='lat' dir='ltr'><strong>in</strong></span> <span class='ocrx_word' id='word_1_489' title='bbox 238 2020 330 2060; x_wconf 73' lang='lat' dir='ltr'><strong>ignem</strong></span> <span class='ocrx_word' id='word_1_490' title='bbox 346 2028 486 2061; x_wconf 81' lang='lat' dir='ltr'><strong>aeternum</strong></span> <span class='ocrx_word' id='word_1_491' title='bbox 500 2041 507 2054; x_wconf 83' lang='lat'><strong>,</strong></span> <span class='ocrx_word' id='word_1_492' title='bbox 522 2029 602 2061; x_wconf 70' lang='lat' dir='ltr'><strong>quem</strong></span> <span class='ocrx_word' id='word_1_493' title='bbox 618 2020 726 2061; x_wconf 78' lang='lat' dir='ltr'><strong>paravit</strong></span> <span class='ocrx_word' id='word_1_494' title='bbox 749 2020 800 2061; x_wconf 26' lang='lat' dir='ltr'><strong>Pas</strong></span> 
     </span>
    </p>
   </div>
   <div class='ocr_carea' id='block_1_145' title="bbox 21 2058 800 2096">
    <p class='ocr_par' dir='ltr' id='par_1_145' title="bbox 21 2058 800 2096">
     <span class='ocr_line' id='line_1_145' title="bbox 21 2058 800 2096; baseline -0.004 -10"><span class='ocrx_word' id='word_1_495' title='bbox 21 2068 46 2087; x_wconf 88' lang='lat' dir='ltr'><strong>er</strong></span> <span class='ocrx_word' id='word_1_496' title='bbox 59 2069 126 2089; x_wconf 81' lang='lat' dir='ltr'><strong>meus</strong></span> <span class='ocrx_word' id='word_1_497' title='bbox 152 2058 262 2089; x_wconf 71' lang='lat' dir='ltr'><strong>diabolo</strong></span> <span class='ocrx_word' id='word_1_498' title='bbox 277 2081 284 2093; x_wconf 90' lang='lat'><strong>,</strong></span> <span class='ocrx_word' id='word_1_499' title='bbox 298 2065 325 2088; x_wconf 93' lang='lat' dir='ltr'><strong>et</strong></span> <span class='ocrx_word' id='word_1_500' title='bbox 342 2059 444 2096; x_wconf 74' lang='lat' dir='ltr'><strong>angelis</strong></span> <span class='ocrx_word' id='word_1_501' title='bbox 459 2058 527 2096; x_wconf 83' lang='lat' dir='ltr'><strong>ejus.</strong></span> <span class='ocrx_word' id='word_1_502' title='bbox 538 2058 651 2096; x_wconf 82' lang='lat' dir='ltr'><strong>_Esurivi</strong></span> <span class='ocrx_word' id='word_1_503' title='bbox 667 2058 757 2096; x_wconf 60' lang='lat' dir='ltr'><strong>enim,</strong></span> <span class='ocrx_word' id='word_1_504' title='bbox 773 2060 800 2096; x_wconf 77' lang='lat' dir='ltr'><strong>et</strong></span> 
     </span>
    </p>
   </div>
   <div class='ocr_carea' id='block_1_146' title="bbox 20 2091 800 2127">
    <p class='ocr_par' dir='ltr' id='par_1_146' title="bbox 20 2091 800 2127">
     <span class='ocr_line' id='line_1_146' title="bbox 20 2091 800 2127; baseline -0.004 -5"><span class='ocrx_word' id='word_1_505' title='bbox 20 2103 57 2122; x_wconf 82' lang='lat' dir='ltr'><strong>inn</strong></span> <span class='ocrx_word' id='word_1_506' title='bbox 70 2098 175 2125; x_wconf 83' lang='lat' dir='ltr'><strong>dedistis</strong></span> <span class='ocrx_word' id='word_1_507' title='bbox 191 2097 260 2124; x_wconf 89' lang='lat' dir='ltr'><strong>mihi</strong></span> <span class='ocrx_word' id='word_1_508' title='bbox 278 2091 458 2127; x_wconf 72' lang='lat' dir='ltr'><strong>manducare;</strong></span> <span class='ocrx_word' id='word_1_509' title='bbox 474 2091 544 2121; x_wconf 77' lang='lat' dir='ltr'><strong>sitivi</strong></span> <span class='ocrx_word' id='word_1_510' title='bbox 558 2115 565 2126; x_wconf 93' lang='lat'><strong>,</strong></span> <span class='ocrx_word' id='word_1_511' title='bbox 582 2097 609 2120; x_wconf 84' lang='lat' dir='ltr'><strong>et</strong></span> <span class='ocrx_word' id='word_1_512' title='bbox 621 2101 674 2119; x_wconf 90' lang='lat' dir='ltr'><strong>non</strong></span> <span class='ocrx_word' id='word_1_513' title='bbox 687 2091 800 2119; x_wconf 86' lang='lat' dir='ltr'><strong>dedistis</strong></span> 
     </span>
    </p>
   </div>
   <div class='ocr_carea' id='block_1_147' title="bbox 20 2127 800 2170">
    <p class='ocr_par' dir='ltr' id='par_1_147' title="bbox 20 2127 800 2170">
     <span class='ocr_line' id='line_1_147' title="bbox 20 2127 800 2170; baseline -0.005 -13"><span class='ocrx_word' id='word_1_514' title='bbox 20 2132 68 2159; x_wconf 83' lang='lat' dir='ltr'><strong>inhi</strong></span> <span class='ocrx_word' id='word_1_515' title='bbox 82 2133 186 2161; x_wconf 84' lang='lat' dir='ltr'><strong>bibere:</strong></span> <span class='ocrx_word' id='word_1_516' title='bbox 214 2134 225 2148; x_wconf 86' lang='grc'>³</span> <span class='ocrx_word' id='word_1_517' title='bbox 240 2131 401 2168; x_wconf 86' lang='lat' dir='ltr'><strong>peregrinus</strong></span> <span class='ocrx_word' id='word_1_518' title='bbox 429 2137 527 2170; x_wconf 68' lang='lat' dir='ltr'><strong>eram,</strong></span> <span class='ocrx_word' id='word_1_519' title='bbox 547 2134 578 2170; x_wconf 23' lang='lat' dir='ltr'><strong>Aet</strong></span> <span class='ocrx_word' id='word_1_520' title='bbox 604 2136 664 2170; x_wconf 49' lang='lat' dir='ltr'><strong>non”</strong></span> <span class='ocrx_word' id='word_1_521' title='bbox 685 2127 695 2142; x_wconf 60' lang='grc'>⁵</span> <span class='ocrx_word' id='word_1_522' title='bbox 718 2128 800 2170; x_wconf 31' lang='lat' dir='ltr'><strong>colle?</strong></span> 
     </span>
    </p>
   </div>
   <div class='ocr_carea' id='block_1_148' title="bbox 20 2164 801 2200">
    <p class='ocr_par' dir='ltr' id='par_1_148' title="bbox 20 2164 801 2200">
     <span class='ocr_line' id='line_1_148' title="bbox 20 2164 801 2200; baseline -0.005 -7"><span class='ocrx_word' id='word_1_523' title='bbox 20 2168 77 2200; x_wconf 58' lang='lat' dir='ltr'><strong>{istis</strong></span> <span class='ocrx_word' id='word_1_524' title='bbox 91 2164 272 2200; x_wconf 73' lang='lat' dir='ltr'><strong>meznudus.</strong></span> <span class='ocrx_word' id='word_1_525' title='bbox 297 2164 324 2195; x_wconf 72' lang='lat' dir='ltr'><strong>ct</strong></span> <span class='ocrx_word' id='word_1_526' title='bbox 347 2174 400 2193; x_wconf 92' lang='lat' dir='ltr'><strong>non</strong></span> <span class='ocrx_word' id='word_1_527' title='bbox 428 2166 438 2181; x_wconf 78' lang='grc'>⁵</span> <span class='ocrx_word' id='word_1_528' title='bbox 461 2165 596 2196; x_wconf 82' lang='lat' dir='ltr'><strong>vestistis;</strong></span> <span class='ocrx_word' id='word_1_529' title='bbox 620 2164 801 2196; x_wconf 89' lang='lat' dir='ltr'><strong>infirmus,et</strong></span> 
     </span>
    </p>
   </div>
   <div class='ocr_carea' id='block_1_149' title="bbox 23 2200 801 2241">
    <p class='ocr_par' dir='ltr' id='par_1_149' title="bbox 23 2200 801 2241">
     <span class='ocr_line' id='line_1_149' title="bbox 23 2200 801 2241; baseline -0.009 -9"><span class='ocrx_word' id='word_1_530' title='bbox 23 2211 36 2228; x_wconf 86' lang='grc' dir='ltr'>ιι</span> <span class='ocrx_word' id='word_1_531' title='bbox 49 2211 148 2232; x_wconf 75' lang='lat' dir='ltr'><strong>carcere</strong></span> <span class='ocrx_word' id='word_1_532' title='bbox 159 2226 166 2236; x_wconf 83' lang='grc'>,</span> <span class='ocrx_word' id='word_1_533' title='bbox 196 2210 224 2232; x_wconf 89' lang='lat' dir='ltr'><strong>et</strong></span> <span class='ocrx_word' id='word_1_534' title='bbox 247 2211 303 2232; x_wconf 86' lang='lat' dir='ltr'><strong>non</strong></span> <span class='ocrx_word' id='word_1_535' title='bbox 323 2203 333 2217; x_wconf 77' lang='grc'>⁸</span> <span class='ocrx_word' id='word_1_536' title='bbox 347 2201 459 2241; x_wconf 76' lang='lat' dir='ltr'><strong>venistis</strong></span> <span class='ocrx_word' id='word_1_537' title='bbox 471 2201 505 2228; x_wconf 90' lang='lat' dir='ltr'><strong>ad</strong></span> <span class='ocrx_word' id='word_1_538' title='bbox 520 2209 574 2228; x_wconf 89' lang='lat' dir='ltr'><strong>me.</strong></span> <span class='ocrx_word' id='word_1_539' title='bbox 586 2200 662 2241; x_wconf 69' lang='lat' dir='ltr'><strong>&#39;l‘unc</strong></span> <span class='ocrx_word' id='word_1_540' title='bbox 687 2207 801 2241; x_wconf 69' lang='lat' dir='ltr'><strong>respon-</strong></span> 
     </span>
    </p>
   </div>
   <div class='ocr_carea' id='block_1_150' title="bbox 21 2235 798 2275">
    <p class='ocr_par' dir='ltr' id='par_1_150' title="bbox 21 2235 798 2275">
     <span class='ocr_line' id='line_1_150' title="bbox 21 2235 798 2275; baseline -0.004 -11"><span class='ocrx_word' id='word_1_541' title='bbox 21 2238 132 2268; x_wconf 84' lang='lat' dir='ltr'><strong>lcbuntet</strong></span> <span class='ocrx_word' id='word_1_542' title='bbox 145 2235 206 2275; x_wconf 85' lang='lat' dir='ltr'><strong>ipsi,</strong></span> <span class='ocrx_word' id='word_1_543' title='bbox 217 2240 359 2268; x_wconf 81' lang='lat' dir='ltr'><strong>dicentes:</strong></span> <span class='ocrx_word' id='word_1_544' title='bbox 376 2238 498 2275; x_wconf 77' lang='lat' dir='ltr'><strong>Domine,</strong></span> <span class='ocrx_word' id='word_1_545' title='bbox 514 2235 620 2275; x_wconf 81' lang='lat' dir='ltr'><strong>quando</strong></span> <span class='ocrx_word' id='word_1_546' title='bbox 637 2241 661 2263; x_wconf 89' lang='lat' dir='ltr'><strong>te</strong></span> <span class='ocrx_word' id='word_1_547' title='bbox 672 2235 798 2275; x_wconf 79' lang='lat' dir='ltr'><strong>vidimus,</strong></span> 
     </span>
    </p>
   </div>
   <div class='ocr_carea' id='block_1_151' title="bbox 21 2272 800 2312">
    <p class='ocr_par' dir='ltr' id='par_1_151' title="bbox 21 2272 800 2312">
     <span class='ocr_line' id='line_1_151' title="bbox 21 2272 800 2312; baseline -0.004 -12"><span class='ocrx_word' id='word_1_548' title='bbox 21 2272 164 2304; x_wconf 62' lang='lat' dir='ltr'><strong>esurientem</strong></span> <span class='ocrx_word' id='word_1_549' title='bbox 177 2281 205 2304; x_wconf 92' lang='lat' dir='ltr'><strong>et</strong></span> <span class='ocrx_word' id='word_1_550' title='bbox 220 2276 372 2312; x_wconf 77' lang='lat' dir='ltr'><strong>sitientem,</strong></span> <span class='ocrx_word' id='word_1_551' title='bbox 390 2274 399 2289; x_wconf 96' lang='grc'><strong>⁷</strong></span> <span class='ocrx_word' id='word_1_552' title='bbox 413 2277 459 2300; x_wconf 86' lang='lat' dir='ltr'><strong>aut</strong></span> <span class='ocrx_word' id='word_1_553' title='bbox 472 2272 583 2305; x_wconf 89' lang='lat' dir='ltr'><strong>nudum,</strong></span> <span class='ocrx_word' id='word_1_554' title='bbox 610 2276 666 2312; x_wconf 40' lang='lat' dir='ltr'><strong>aut.</strong></span> <span class='ocrx_word' id='word_1_555' title='bbox 683 2272 800 2312; x_wconf 81' lang='lat' dir='ltr'><strong>peregri-</strong></span> 
     </span>
    </p>
   </div>
   <div class='ocr_carea' id='block_1_152' title="bbox 21 2311 798 2348">
    <p class='ocr_par' dir='ltr' id='par_1_152' title="bbox 21 2311 798 2348">
     <span class='ocr_line' id='line_1_152' title="bbox 21 2311 798 2348; baseline -0.005 -12"><span class='ocrx_word' id='word_1_556' title='bbox 21 2317 123 2343; x_wconf 74' lang='lat' dir='ltr'><strong>inm,aut</strong></span> <span class='ocrx_word' id='word_1_557' title='bbox 134 2312 285 2343; x_wconf 81' lang='lat' dir='ltr'><strong>infirmum,</strong></span> <span class='ocrx_word' id='word_1_558' title='bbox 299 2315 346 2337; x_wconf 81' lang='lat' dir='ltr'><strong>aut</strong></span> <span class='ocrx_word' id='word_1_559' title='bbox 356 2311 380 2348; x_wconf 68' lang='lat' dir='ltr'><strong>ili</strong></span> <span class='ocrx_word' id='word_1_560' title='bbox 395 2315 515 2348; x_wconf 57' lang='lat' dir='ltr'><strong>carcere,</strong></span> <span class='ocrx_word' id='word_1_561' title='bbox 524 2313 554 2348; x_wconf 71' lang='lat' dir='ltr'><strong>_et</strong></span> <span class='ocrx_word' id='word_1_562' title='bbox 567 2316 620 2348; x_wconf 69' lang='lat' dir='ltr'><strong>lion</strong></span> <span class='ocrx_word' id='word_1_563' title='bbox 633 2311 798 2348; x_wconf 63' lang='lat' dir='ltr'><strong>ministrum-</strong></span> 
     </span>
    </p>
   </div>
   <div class='ocr_carea' id='block_1_153' title="bbox 21 2343 801 2380">
    <p class='ocr_par' dir='ltr' id='par_1_153' title="bbox 21 2343 801 2380">
     <span class='ocr_line' id='line_1_153' title="bbox 21 2343 801 2380; baseline -0.003 -9"><span class='ocrx_word' id='word_1_564' title='bbox 21 2354 66 2373; x_wconf 75' lang='lat' dir='ltr'><strong>nus</strong></span> <span class='ocrx_word' id='word_1_565' title='bbox 79 2347 145 2374; x_wconf 82' lang='lat' dir='ltr'><strong>tibi?</strong></span> <span class='ocrx_word' id='word_1_566' title='bbox 167 2348 245 2375; x_wconf 84' lang='lat' dir='ltr'><strong>Tunc</strong></span> <span class='ocrx_word' id='word_1_567' title='bbox 261 2345 438 2380; x_wconf 84' lang='lat' dir='ltr'><strong>respondebit</strong></span> <span class='ocrx_word' id='word_1_568' title='bbox 455 2344 508 2371; x_wconf 89' lang='lat' dir='ltr'><strong>illis</strong></span> <span class='ocrx_word' id='word_1_569' title='bbox 524 2345 534 2359; x_wconf 82' lang='grc'><strong>³</strong></span> <span class='ocrx_word' id='word_1_570' title='bbox 548 2352 554 2370; x_wconf 88' lang='lat'>:</span> <span class='ocrx_word' id='word_1_571' title='bbox 571 2343 666 2380; x_wconf 75' lang='lat' dir='ltr'><strong>Amen</strong></span> <span class='ocrx_word' id='word_1_572' title='bbox 677 2343 738 2380; x_wconf 86' lang='lat' dir='ltr'><strong>dico</strong></span> <span class='ocrx_word' id='word_1_573' title='bbox 753 2350 801 2369; x_wconf 91' lang='lat' dir='ltr'><strong>vo-</strong></span> 
     </span>
    </p>
   </div>
   <div class='ocr_carea' id='block_1_154' title="bbox 21 2378 800 2419">
    <p class='ocr_par' dir='ltr' id='par_1_154' title="bbox 21 2378 800 2419">
     <span class='ocr_line' id='line_1_154' title="bbox 21 2378 800 2419; baseline -0.001 -13"><span class='ocrx_word' id='word_1_574' title='bbox 21 2381 65 2419; x_wconf 57' lang='lat' dir='ltr'><strong>nis&quot;:</strong></span> <span class='ocrx_word' id='word_1_575' title='bbox 79 2382 207 2416; x_wconf 80' lang='lat' dir='ltr'><strong>Quamdiu</strong></span> <span class='ocrx_word' id='word_1_576' title='bbox 217 2386 228 2400; x_wconf 64' lang='grc' dir='ltr'><strong>ν</strong></span> <span class='ocrx_word' id='word_1_577' title='bbox 240 2383 287 2410; x_wconf 91' lang='lat' dir='ltr'><strong>uni</strong></span> <span class='ocrx_word' id='word_1_578' title='bbox 302 2378 336 2409; x_wconf 76' lang='lat' dir='ltr'><strong>ex</strong></span> <span class='ocrx_word' id='word_1_579' title='bbox 349 2381 466 2419; x_wconf 76' lang='lat' dir='ltr'><strong>minimis</strong></span> <span class='ocrx_word' id='word_1_580' title='bbox 474 2381 536 2419; x_wconf 80' lang='lat' dir='ltr'><strong>istis</strong></span> <span class='ocrx_word' id='word_1_581' title='bbox 550 2387 602 2407; x_wconf 91' lang='lat' dir='ltr'><strong>non</strong></span> <span class='ocrx_word' id='word_1_582' title='bbox 618 2378 718 2406; x_wconf 79' lang='lat' dir='ltr'><strong>fecistis</strong></span> <span class='ocrx_word' id='word_1_583' title='bbox 728 2385 800 2419; x_wconf 28' lang='lat' dir='ltr'><strong>anet;</strong></span> 
     </span>
    </p>
   </div>
   <div class='ocr_carea' id='block_1_155' title="bbox 21 2416 799 2451">
    <p class='ocr_par' dir='ltr' id='par_1_155' title="bbox 21 2416 799 2451">
     <span class='ocr_line' id='line_1_155' title="bbox 21 2416 799 2451; baseline -0.001 -9"><span class='ocrx_word' id='word_1_584' title='bbox 21 2416 71 2443; x_wconf 87' lang='lat' dir='ltr'><strong>mihi</strong></span> <span class='ocrx_word' id='word_1_585' title='bbox 87 2419 193 2447; x_wconf 77' lang='lat' dir='ltr'><strong>fecistis.</strong></span> <span class='ocrx_word' id='word_1_586' title='bbox 211 2419 245 2447; x_wconf 79' lang='lat' dir='ltr'><strong>Et</strong></span> <span class='ocrx_word' id='word_1_587' title='bbox 260 2419 338 2446; x_wconf 90' lang='lat' dir='ltr'><strong>ibunt</strong></span> <span class='ocrx_word' id='word_1_588' title='bbox 350 2417 387 2444; x_wconf 91' lang='lat' dir='ltr'><strong>illi</strong></span> <span class='ocrx_word' id='word_1_589' title='bbox 402 2417 430 2444; x_wconf 91' lang='lat' dir='ltr'><strong>in</strong></span> <span class='ocrx_word' id='word_1_590' title='bbox 441 2417 461 2432; x_wconf 86' lang='grc'><strong>¹⁰</strong></span> <span class='ocrx_word' id='word_1_591' title='bbox 473 2416 561 2451; x_wconf 86' lang='lat' dir='ltr'><strong>ignem</strong></span> <span class='ocrx_word' id='word_1_592' title='bbox 569 2419 720 2448; x_wconf 84' lang='lat' dir='ltr'><strong>aeternum,</strong></span> <span class='ocrx_word' id='word_1_593' title='bbox 733 2416 799 2449; x_wconf 88' lang='lat' dir='ltr'><strong>justi</strong></span> 
     </span>
    </p>
   </div>
   <div class='ocr_carea' id='block_1_156' title="bbox 21 2455 392 2483">
    <p class='ocr_par' dir='ltr' id='par_1_156' title="bbox 21 2455 392 2483">
     <span class='ocr_line' id='line_1_156' title="bbox 21 2455 392 2483; baseline 0.008 -6"><span class='ocrx_word' id='word_1_594' title='bbox 21 2456 94 2481; x_wconf 63' lang='lat' dir='ltr'><strong>autem</strong></span> <span class='ocrx_word' id='word_1_595' title='bbox 106 2455 130 2482; x_wconf 92' lang='lat' dir='ltr'><strong>in</strong></span> <span class='ocrx_word' id='word_1_596' title='bbox 145 2455 226 2483; x_wconf 85' lang='lat' dir='ltr'><strong>vitam</strong></span> <span class='ocrx_word' id='word_1_597' title='bbox 240 2459 392 2483; x_wconf 87' lang='lat' dir='ltr'><strong>aeternam.</strong></span> 
     </span>
    </p>
   </div>
   <div class='ocr_carea' id='block_1_157' title="bbox 853 1520 1429 1559">
    <p class='ocr_par' dir='ltr' id='par_1_157' title="bbox 853 1520 1429 1559">
     <span class='ocr_line' id='line_1_157' title="bbox 853 1520 1429 1559; baseline 0.01 -11"><span class='ocrx_word' id='word_1_598' title='bbox 853 1520 901 1548; x_wconf 63' lang='lat'><strong>42.</strong></span> <span class='ocrx_word' id='word_1_599' title='bbox 923 1520 1010 1559; x_wconf 77' lang='lat' dir='ltr'><strong>Esurii</strong></span> <span class='ocrx_word' id='word_1_600' title='bbox 1019 1522 1129 1559; x_wconf 15' lang='lat' dir='ltr'><strong>enim,’</strong></span> <span class='ocrx_word' id='word_1_601' title='bbox 1145 1557 1149 1559; x_wconf 18' lang='grc' dir='ltr'><strong>μ</strong></span> <span class='ocrx_word' id='word_1_602' title='bbox 1276 1520 1429 1559; x_wconf 67' lang='grc' dir='ltr'><strong>υθῑέτυυηι,</strong></span> 
     </span>
    </p>
   </div>
   <div class='ocr_carea' id='block_1_158' title="bbox 855 1557 1444 1595">
    <p class='ocr_par' dir='ltr' id='par_1_158' title="bbox 855 1557 1444 1595">
     <span class='ocr_line' id='line_1_158' title="bbox 855 1557 1444 1595; baseline 0.008 -10"><span class='ocrx_word' id='word_1_603' title='bbox 855 1562 882 1585; x_wconf 88' lang='lat' dir='ltr'><strong>et</strong></span> <span class='ocrx_word' id='word_1_604' title='bbox 896 1565 949 1595; x_wconf 87' lang='lat' dir='ltr'><strong>non</strong></span> <span class='ocrx_word' id='word_1_605' title='bbox 963 1558 1075 1586; x_wconf 85' lang='lat' dir='ltr'><strong>dedistis</strong></span> <span class='ocrx_word' id='word_1_606' title='bbox 1085 1557 1151 1586; x_wconf 82' lang='lat' dir='ltr'><strong>milii</strong></span> <span class='ocrx_word' id='word_1_607' title='bbox 1274 1559 1339 1595; x_wconf 86' lang='lat' dir='ltr'><strong>justi</strong></span> <span class='ocrx_word' id='word_1_608' title='bbox 1355 1557 1444 1590; x_wconf 76' lang='lat' dir='ltr'><strong>autem</strong></span> 
     </span>
    </p>
   </div>
   <div class='ocr_carea' id='block_1_159' title="bbox 854 1594 1498 1627">
    <p class='ocr_par' dir='ltr' id='par_1_159' title="bbox 854 1594 1498 1627">
     <span class='ocr_line' id='line_1_159' title="bbox 854 1594 1498 1627; baseline 0.011 -7"><span class='ocrx_word' id='word_1_609' title='bbox 854 1594 1037 1623; x_wconf 82' lang='lat' dir='ltr'><strong>manducare:</strong></span> <span class='ocrx_word' id='word_1_610' title='bbox 1276 1594 1304 1624; x_wconf 88' lang='lat' dir='ltr'><strong>in</strong></span> <span class='ocrx_word' id='word_1_611' title='bbox 1320 1597 1400 1626; x_wconf 85' lang='lat' dir='ltr'><strong>vitam</strong></span> <span class='ocrx_word' id='word_1_612' title='bbox 1411 1601 1498 1627; x_wconf 85' lang='lat' dir='ltr'><strong>aeter-</strong></span> 
     </span>
    </p>
   </div>
   <div class='ocr_carea' id='block_1_160' title="bbox 854 1629 1350 1662">
    <p class='ocr_par' dir='ltr' id='par_1_160' title="bbox 854 1629 1350 1662">
     <span class='ocr_line' id='line_1_160' title="bbox 854 1629 1350 1662; baseline 0.01 -6"><span class='ocrx_word' id='word_1_613' title='bbox 854 1629 928 1657; x_wconf 88' lang='lat' dir='ltr'><strong>sitivi</strong></span> <span class='ocrx_word' id='word_1_614' title='bbox 937 1650 944 1662; x_wconf 85' lang='lat'><strong>,</strong></span> <span class='ocrx_word' id='word_1_615' title='bbox 960 1635 988 1658; x_wconf 92' lang='lat' dir='ltr'><strong>et</strong></span> <span class='ocrx_word' id='word_1_616' title='bbox 1278 1640 1350 1661; x_wconf 87' lang='lat' dir='ltr'><strong>nam.</strong></span> 
     </span>
    </p>
   </div>
   <div class='ocr_carea' id='block_1_161' title="bbox 855 1666 1036 1695">
    <p class='ocr_par' dir='ltr' id='par_1_161' title="bbox 855 1666 1036 1695">
     <span class='ocr_line' id='line_1_161' title="bbox 855 1666 1036 1695; baseline 0.017 -3"><span class='ocrx_word' id='word_1_617' title='bbox 855 1672 908 1694; x_wconf 91' lang='lat' dir='ltr'><strong>non</strong></span> <span class='ocrx_word' id='word_1_618' title='bbox 922 1666 1036 1695; x_wconf 88' lang='lat' dir='ltr'><strong>dedistis</strong></span> 
     </span>
    </p>
   </div>
   <div class='ocr_carea' id='block_1_162' title="bbox 1089 1723 1423 1755">
    <p class='ocr_par' dir='ltr' id='par_1_162' title="bbox 1089 1723 1423 1755">
     <span class='ocr_line' id='line_1_162' title="bbox 1089 1723 1423 1755; baseline 0.009 -3"><span class='ocrx_word' id='word_1_619' title='bbox 1089 1723 1206 1753; x_wconf 76' lang='lat' dir='ltr'><strong>CODEX</strong></span> <span class='ocrx_word' id='word_1_620' title='bbox 1224 1724 1423 1755; x_wconf 78' lang='lat' dir='ltr'><strong>BRIXIANUS.</strong></span> 
     </span>
    </p>
   </div>
   <div class='ocr_carea' id='block_1_163' title="bbox 857 1770 1658 1809">
    <p class='ocr_par' dir='ltr' id='par_1_163' title="bbox 857 1770 1658 1809">
     <span class='ocr_line' id='line_1_163' title="bbox 857 1770 1658 1809; baseline 0.009 -12"><span class='ocrx_word' id='word_1_621' title='bbox 857 1774 904 1809; x_wconf 72' lang='lat' dir='ltr'><strong>aut</strong></span> <span class='ocrx_word' id='word_1_622' title='bbox 917 1770 1054 1809; x_wconf 81' lang='lat' dir='ltr'><strong>sitientem</strong></span> <span class='ocrx_word' id='word_1_623' title='bbox 1067 1776 1094 1799; x_wconf 91' lang='lat' dir='ltr'><strong>et</strong></span> <span class='ocrx_word' id='word_1_624' title='bbox 1105 1772 1265 1806; x_wconf 77' lang='lat' dir='ltr'><strong>putavimus.</strong></span> <span class='ocrx_word' id='word_1_625' title='bbox 1281 1774 1390 1809; x_wconf 93' lang='lat' dir='ltr'><strong>quando</strong></span> <span class='ocrx_word' id='word_1_626' title='bbox 1400 1779 1490 1803; x_wconf 86' lang='lat' dir='ltr'><strong>autem</strong></span> <span class='ocrx_word' id='word_1_627' title='bbox 1502 1779 1528 1804; x_wconf 89' lang='lat' dir='ltr'><strong>te</strong></span> <span class='ocrx_word' id='word_1_628' title='bbox 1542 1775 1658 1804; x_wconf 87' lang='lat' dir='ltr'><strong>vidimus</strong></span> 
     </span>
    </p>
   </div>
   <div class='ocr_carea' id='block_1_164' title="bbox 857 1806 1654 1846">
    <p class='ocr_par' dir='ltr' id='par_1_164' title="bbox 857 1806 1654 1846">
     <span class='ocr_line' id='line_1_164' title="bbox 857 1806 1654 1846; baseline 0.006 -13"><span class='ocrx_word' id='word_1_629' title='bbox 857 1806 1002 1846; x_wconf 63' lang='lat' dir='ltr'><strong>hospitem.</strong></span> <span class='ocrx_word' id='word_1_630' title='bbox 1021 1812 1049 1835; x_wconf 86' lang='lat' dir='ltr'><strong>ct</strong></span> <span class='ocrx_word' id='word_1_631' title='bbox 1062 1808 1223 1846; x_wconf 34' lang='lat' dir='ltr'><strong>coll-eximus</strong></span> <span class='ocrx_word' id='word_1_632' title='bbox 1238 1806 1399 1846; x_wconf 58' lang='lat' dir='ltr'><strong>aut&#39;nudum</strong></span> <span class='ocrx_word' id='word_1_633' title='bbox 1413 1815 1438 1838; x_wconf 92' lang='lat' dir='ltr'><strong>et</strong></span> <span class='ocrx_word' id='word_1_634' title='bbox 1453 1812 1654 1846; x_wconf 89' lang='lat' dir='ltr'><strong>cooperuimns.</strong></span> 
     </span>
    </p>
   </div>
   <div class='ocr_carea' id='block_1_165' title="bbox 855 1843 1657 1877">
    <p class='ocr_par' dir='ltr' id='par_1_165' title="bbox 855 1843 1657 1877">
     <span class='ocr_line' id='line_1_165' title="bbox 855 1843 1657 1877; baseline 0.009 -8"><span class='ocrx_word' id='word_1_635' title='bbox 855 1847 901 1869; x_wconf 84' lang='lat' dir='ltr'><strong>aut</strong></span> <span class='ocrx_word' id='word_1_636' title='bbox 912 1843 1019 1877; x_wconf 90' lang='lat' dir='ltr'><strong>quando</strong></span> <span class='ocrx_word' id='word_1_637' title='bbox 1034 1848 1060 1871; x_wconf 92' lang='lat' dir='ltr'><strong>te</strong></span> <span class='ocrx_word' id='word_1_638' title='bbox 1077 1844 1192 1871; x_wconf 88' lang='lat' dir='ltr'><strong>vidimus</strong></span> <span class='ocrx_word' id='word_1_639' title='bbox 1207 1844 1344 1872; x_wconf 91' lang='lat' dir='ltr'><strong>infirmum</strong></span> <span class='ocrx_word' id='word_1_640' title='bbox 1371 1851 1417 1874; x_wconf 85' lang='lat' dir='ltr'><strong>aut</strong></span> <span class='ocrx_word' id='word_1_641' title='bbox 1442 1846 1468 1874; x_wconf 95' lang='lat' dir='ltr'><strong>in</strong></span> <span class='ocrx_word' id='word_1_642' title='bbox 1491 1843 1611 1876; x_wconf 68' lang='lat' dir='ltr'><strong>carcere.</strong></span> <span class='ocrx_word' id='word_1_643' title='bbox 1628 1853 1657 1876; x_wconf 91' lang='lat' dir='ltr'><strong>et</strong></span> 
     </span>
    </p>
   </div>
   <div class='ocr_carea' id='block_1_166' title="bbox 855 1879 1654 1914">
    <p class='ocr_par' dir='ltr' id='par_1_166' title="bbox 855 1879 1654 1914">
     <span class='ocr_line' id='line_1_166' title="bbox 855 1879 1654 1914; baseline 0.009 -10"><span class='ocrx_word' id='word_1_644' title='bbox 855 1880 978 1914; x_wconf 76' lang='lat' dir='ltr'><strong>venimus</strong></span> <span class='ocrx_word' id='word_1_645' title='bbox 991 1879 1025 1906; x_wconf 85' lang='lat' dir='ltr'><strong>ad</strong></span> <span class='ocrx_word' id='word_1_646' title='bbox 1038 1884 1070 1906; x_wconf 78' lang='lat' dir='ltr'><strong>te</strong></span> <span class='ocrx_word' id='word_1_647' title='bbox 1098 1879 1131 1906; x_wconf 82' lang='lat' dir='ltr'><strong>Et</strong></span> <span class='ocrx_word' id='word_1_648' title='bbox 1144 1880 1313 1914; x_wconf 85' lang='lat' dir='ltr'><strong>respondens</strong></span> <span class='ocrx_word' id='word_1_649' title='bbox 1336 1889 1383 1909; x_wconf 80' lang='lat' dir='ltr'><strong>rex</strong></span> <span class='ocrx_word' id='word_1_650' title='bbox 1399 1882 1472 1910; x_wconf 86' lang='lat' dir='ltr'><strong>dicet</strong></span> <span class='ocrx_word' id='word_1_651' title='bbox 1486 1883 1551 1910; x_wconf 87' lang='lat' dir='ltr'><strong>illis.</strong></span> <span class='ocrx_word' id='word_1_652' title='bbox 1566 1883 1654 1911; x_wconf 85' lang='lat' dir='ltr'><strong>Amen</strong></span> 
     </span>
    </p>
   </div>
   <div class='ocr_carea' id='block_1_167' title="bbox 854 1913 1655 1949">
    <p class='ocr_par' dir='ltr' id='par_1_167' title="bbox 854 1913 1655 1949">
     <span class='ocr_line' id='line_1_167' title="bbox 854 1913 1655 1949; baseline 0.009 -9"><span class='ocrx_word' id='word_1_653' title='bbox 854 1913 916 1940; x_wconf 89' lang='lat' dir='ltr'><strong>dico</strong></span> <span class='ocrx_word' id='word_1_654' title='bbox 929 1914 1004 1941; x_wconf 79' lang='lat' dir='ltr'><strong>vobis</strong></span> <span class='ocrx_word' id='word_1_655' title='bbox 1017 1915 1145 1949; x_wconf 87' lang='lat' dir='ltr'><strong>quamdiu</strong></span> <span class='ocrx_word' id='word_1_656' title='bbox 1161 1916 1260 1943; x_wconf 83' lang='lat' dir='ltr'><strong>fecistis</strong></span> <span class='ocrx_word' id='word_1_657' title='bbox 1277 1916 1322 1944; x_wconf 92' lang='lat' dir='ltr'><strong>uni</strong></span> <span class='ocrx_word' id='word_1_658' title='bbox 1335 1917 1370 1945; x_wconf 89' lang='lat' dir='ltr'><strong>de</strong></span> <span class='ocrx_word' id='word_1_659' title='bbox 1383 1918 1426 1945; x_wconf 85' lang='lat' dir='ltr'><strong>his</strong></span> <span class='ocrx_word' id='word_1_660' title='bbox 1445 1918 1571 1946; x_wconf 82' lang='lat' dir='ltr'><strong>fratribus</strong></span> <span class='ocrx_word' id='word_1_661' title='bbox 1586 1920 1655 1947; x_wconf 84' lang='lat' dir='ltr'><strong>meis</strong></span> 
     </span>
    </p>
   </div>
   <div class='ocr_carea' id='block_1_168' title="bbox 854 1949 1653 1988">
    <p class='ocr_par' dir='ltr' id='par_1_168' title="bbox 854 1949 1653 1988">
     <span class='ocr_line' id='line_1_168' title="bbox 854 1949 1653 1988; baseline 0.006 -13"><span class='ocrx_word' id='word_1_662' title='bbox 854 1949 982 1988; x_wconf 85' lang='lat' dir='ltr'><strong>minimis.</strong></span> <span class='ocrx_word' id='word_1_663' title='bbox 998 1950 1062 1988; x_wconf 81' lang='lat' dir='ltr'><strong>mihi</strong></span> <span class='ocrx_word' id='word_1_664' title='bbox 1074 1951 1185 1978; x_wconf 72' lang='lat' dir='ltr'><strong>fecistis.</strong></span> <span class='ocrx_word' id='word_1_665' title='bbox 1201 1951 1278 1979; x_wconf 84' lang='lat' dir='ltr'><strong>Tunc</strong></span> <span class='ocrx_word' id='word_1_666' title='bbox 1291 1952 1373 1980; x_wconf 87' lang='lat' dir='ltr'><strong>dicet.</strong></span> <span class='ocrx_word' id='word_1_667' title='bbox 1388 1958 1416 1980; x_wconf 91' lang='lat' dir='ltr'><strong>et</strong></span> <span class='ocrx_word' id='word_1_668' title='bbox 1430 1953 1472 1981; x_wconf 91' lang='lat' dir='ltr'><strong>his</strong></span> <span class='ocrx_word' id='word_1_669' title='bbox 1486 1955 1558 1988; x_wconf 88' lang='lat' dir='ltr'><strong>quia</strong></span> <span class='ocrx_word' id='word_1_670' title='bbox 1571 1955 1653 1981; x_wconf 81' lang='lat' dir='ltr'><strong>sinis-</strong></span> 
     </span>
    </p>
   </div>
   <div class='ocr_carea' id='block_1_169' title="bbox 855 1985 1653 2024">
    <p class='ocr_par' dir='ltr' id='par_1_169' title="bbox 855 1985 1653 2024">
     <span class='ocr_line' id='line_1_169' title="bbox 855 1985 1653 2024; baseline 0.006 -12"><span class='ocrx_word' id='word_1_671' title='bbox 855 1985 902 2012; x_wconf 86' lang='lat' dir='ltr'><strong>tris</strong></span> <span class='ocrx_word' id='word_1_672' title='bbox 918 1990 1008 2024; x_wconf 83' lang='lat' dir='ltr'><strong>erunt.</strong></span> <span class='ocrx_word' id='word_1_673' title='bbox 1027 1986 1162 2014; x_wconf 81' lang='lat' dir='ltr'><strong>Discedite</strong></span> <span class='ocrx_word' id='word_1_674' title='bbox 1181 1994 1254 2024; x_wconf 72' lang='lat' dir='ltr'><strong>ame</strong></span> <span class='ocrx_word' id='word_1_675' title='bbox 1264 1988 1404 2024; x_wconf 83' lang='lat' dir='ltr'><strong>maledicti</strong></span> <span class='ocrx_word' id='word_1_676' title='bbox 1417 1988 1443 2016; x_wconf 92' lang='lat' dir='ltr'><strong>in</strong></span> <span class='ocrx_word' id='word_1_677' title='bbox 1461 1985 1548 2024; x_wconf 79' lang='lat' dir='ltr'><strong>ignem</strong></span> <span class='ocrx_word' id='word_1_678' title='bbox 1564 1995 1653 2017; x_wconf 84' lang='lat' dir='ltr'><strong>aeter-</strong></span> 
     </span>
    </p>
   </div>
   <div class='ocr_carea' id='block_1_170' title="bbox 853 2022 1650 2060">
    <p class='ocr_par' dir='ltr' id='par_1_170' title="bbox 853 2022 1650 2060">
     <span class='ocr_line' id='line_1_170' title="bbox 853 2022 1650 2060; baseline 0.008 -13"><span class='ocrx_word' id='word_1_679' title='bbox 853 2029 928 2060; x_wconf 84' lang='lat' dir='ltr'><strong>num.</strong></span> <span class='ocrx_word' id='word_1_680' title='bbox 941 2022 987 2057; x_wconf 89' lang='lat' dir='ltr'><strong>qui</strong></span> <span class='ocrx_word' id='word_1_681' title='bbox 1002 2028 1111 2060; x_wconf 75' lang='lat' dir='ltr'><strong>paratus</strong></span> <span class='ocrx_word' id='word_1_682' title='bbox 1125 2028 1166 2060; x_wconf 81' lang='lat' dir='ltr'><strong>est</strong></span> <span class='ocrx_word' id='word_1_683' title='bbox 1180 2023 1289 2060; x_wconf 80' lang='lat' dir='ltr'><strong>diabolo</strong></span> <span class='ocrx_word' id='word_1_684' title='bbox 1302 2028 1330 2051; x_wconf 81' lang='lat' dir='ltr'><strong>et</strong></span> <span class='ocrx_word' id='word_1_685' title='bbox 1341 2024 1445 2060; x_wconf 81' lang='lat' dir='ltr'><strong>angelis</strong></span> <span class='ocrx_word' id='word_1_686' title='bbox 1459 2022 1529 2059; x_wconf 82' lang='lat' dir='ltr'><strong>ejus.</strong></span> <span class='ocrx_word' id='word_1_687' title='bbox 1543 2025 1650 2053; x_wconf 85' lang='lat' dir='ltr'><strong>Esurivi</strong></span> 
     </span>
    </p>
   </div>
   <div class='ocr_carea' id='block_1_171' title="bbox 852 2057 1651 2089">
    <p class='ocr_par' dir='ltr' id='par_1_171' title="bbox 852 2057 1651 2089">
     <span class='ocr_line' id='line_1_171' title="bbox 852 2057 1651 2089; baseline 0.006 -5"><span class='ocrx_word' id='word_1_688' title='bbox 852 2058 923 2084; x_wconf 89' lang='lat' dir='ltr'><strong>enim</strong></span> <span class='ocrx_word' id='word_1_689' title='bbox 939 2062 967 2084; x_wconf 88' lang='lat' dir='ltr'><strong>et</strong></span> <span class='ocrx_word' id='word_1_690' title='bbox 980 2065 1033 2085; x_wconf 92' lang='lat' dir='ltr'><strong>non</strong></span> <span class='ocrx_word' id='word_1_691' title='bbox 1047 2057 1158 2086; x_wconf 90' lang='lat' dir='ltr'><strong>dedistis</strong></span> <span class='ocrx_word' id='word_1_692' title='bbox 1172 2059 1237 2086; x_wconf 88' lang='lat' dir='ltr'><strong>milii</strong></span> <span class='ocrx_word' id='word_1_693' title='bbox 1262 2057 1434 2088; x_wconf 69' lang='lat' dir='ltr'><strong>manducare.</strong></span> <span class='ocrx_word' id='word_1_694' title='bbox 1451 2057 1535 2087; x_wconf 74' lang='lat' dir='ltr'><strong>siiivi.</strong></span> <span class='ocrx_word' id='word_1_695' title='bbox 1551 2066 1578 2089; x_wconf 89' lang='lat' dir='ltr'><strong>ct</strong></span> <span class='ocrx_word' id='word_1_696' title='bbox 1599 2070 1651 2089; x_wconf 90' lang='lat' dir='ltr'><strong>non</strong></span> 
     </span>
    </p>
   </div>
   <div class='ocr_carea' id='block_1_172' title="bbox 852 2093 1653 2132">
    <p class='ocr_par' dir='ltr' id='par_1_172' title="bbox 852 2093 1653 2132">
     <span class='ocr_line' id='line_1_172' title="bbox 852 2093 1653 2132; baseline 0.007 -13"><span class='ocrx_word' id='word_1_697' title='bbox 852 2093 964 2120; x_wconf 89' lang='lat' dir='ltr'><strong>dedistis</strong></span> <span class='ocrx_word' id='word_1_698' title='bbox 979 2093 1044 2132; x_wconf 83' lang='lat' dir='ltr'><strong>mihi</strong></span> <span class='ocrx_word' id='word_1_699' title='bbox 1061 2098 1163 2128; x_wconf 88' lang='lat' dir='ltr'><strong>potum.</strong></span> <span class='ocrx_word' id='word_1_700' title='bbox 1186 2095 1285 2130; x_wconf 86' lang='lat' dir='ltr'><strong>hospes</strong></span> <span class='ocrx_word' id='word_1_701' title='bbox 1312 2095 1350 2122; x_wconf 91' lang='lat' dir='ltr'><strong>fui</strong></span> <span class='ocrx_word' id='word_1_702' title='bbox 1370 2103 1397 2123; x_wconf 94' lang='lat' dir='ltr'><strong>et</strong></span> <span class='ocrx_word' id='word_1_703' title='bbox 1417 2104 1472 2124; x_wconf 92' lang='lat' dir='ltr'><strong>non</strong></span> <span class='ocrx_word' id='word_1_704' title='bbox 1495 2098 1653 2132; x_wconf 87' lang='lat' dir='ltr'><strong>suscepistis</strong></span> 
     </span>
    </p>
   </div>
   <div class='ocr_carea' id='block_1_173' title="bbox 853 2129 1651 2165">
    <p class='ocr_par' dir='ltr' id='par_1_173' title="bbox 853 2129 1651 2165">
     <span class='ocr_line' id='line_1_173' title="bbox 853 2129 1651 2165; baseline 0.005 -9"><span class='ocrx_word' id='word_1_705' title='bbox 853 2136 906 2156; x_wconf 89' lang='lat' dir='ltr'><strong>me.</strong></span> <span class='ocrx_word' id='word_1_706' title='bbox 934 2129 1022 2157; x_wconf 89' lang='lat' dir='ltr'><strong>nudus</strong></span> <span class='ocrx_word' id='word_1_707' title='bbox 1046 2133 1075 2157; x_wconf 90' lang='lat' dir='ltr'><strong>et</strong></span> <span class='ocrx_word' id='word_1_708' title='bbox 1104 2138 1157 2157; x_wconf 90' lang='lat' dir='ltr'><strong>non</strong></span> <span class='ocrx_word' id='word_1_709' title='bbox 1172 2129 1352 2165; x_wconf 36' lang='lat' dir='ltr'><strong>coop&#39;eruistis</strong></span> <span class='ocrx_word' id='word_1_710' title='bbox 1376 2140 1428 2159; x_wconf 90' lang='lat' dir='ltr'><strong>me.</strong></span> <span class='ocrx_word' id='word_1_711' title='bbox 1446 2129 1610 2160; x_wconf 43' lang='lat' dir='ltr'><strong>infirmus-et</strong></span> <span class='ocrx_word' id='word_1_712' title='bbox 1626 2134 1651 2161; x_wconf 93' lang='lat' dir='ltr'><strong>in</strong></span> 
     </span>
    </p>
   </div>
   <div class='ocr_carea' id='block_1_174' title="bbox 853 2166 1655 2204">
    <p class='ocr_par' dir='ltr' id='par_1_174' title="bbox 853 2166 1655 2204">
     <span class='ocr_line' id='line_1_174' title="bbox 853 2166 1655 2204; baseline 0.006 -12"><span class='ocrx_word' id='word_1_713' title='bbox 853 2172 991 2204; x_wconf 73' lang='lat' dir='ltr'><strong>carcerem</strong></span> <span class='ocrx_word' id='word_1_714' title='bbox 1004 2170 1031 2204; x_wconf 84' lang='lat' dir='ltr'><strong>et</strong></span> <span class='ocrx_word' id='word_1_715' title='bbox 1046 2174 1099 2204; x_wconf 78' lang='lat' dir='ltr'><strong>non</strong></span> <span class='ocrx_word' id='word_1_716' title='bbox 1128 2166 1256 2204; x_wconf 68' lang='lat' dir='ltr'><strong>visitastis</strong></span> <span class='ocrx_word' id='word_1_717' title='bbox 1275 2175 1327 2204; x_wconf 89' lang='lat' dir='ltr'><strong>me.</strong></span> <span class='ocrx_word' id='word_1_718' title='bbox 1348 2167 1424 2195; x_wconf 86' lang='lat' dir='ltr'><strong>Tunc</strong></span> <span class='ocrx_word' id='word_1_719' title='bbox 1449 2168 1655 2204; x_wconf 87' lang='lat' dir='ltr'><strong>respondebunt</strong></span> 
     </span>
    </p>
   </div>
   <div class='ocr_carea' id='block_1_175' title="bbox 852 2200 1654 2238">
    <p class='ocr_par' dir='ltr' id='par_1_175' title="bbox 852 2200 1654 2238">
     <span class='ocr_line' id='line_1_175' title="bbox 852 2200 1654 2238; baseline 0.006 -11"><span class='ocrx_word' id='word_1_720' title='bbox 852 2201 877 2228; x_wconf 94' lang='lat' dir='ltr'><strong>ei</strong></span> <span class='ocrx_word' id='word_1_721' title='bbox 902 2205 930 2228; x_wconf 87' lang='lat' dir='ltr'><strong>et</strong></span> <span class='ocrx_word' id='word_1_722' title='bbox 962 2200 1012 2236; x_wconf 91' lang='lat' dir='ltr'><strong>ipsi</strong></span> <span class='ocrx_word' id='word_1_723' title='bbox 1045 2201 1176 2230; x_wconf 90' lang='lat' dir='ltr'><strong>dicentes.</strong></span> <span class='ocrx_word' id='word_1_724' title='bbox 1219 2203 1330 2230; x_wconf 90' lang='lat' dir='ltr'><strong>Domine</strong></span> <span class='ocrx_word' id='word_1_725' title='bbox 1356 2203 1463 2238; x_wconf 89' lang='lat' dir='ltr'><strong>quando</strong></span> <span class='ocrx_word' id='word_1_726' title='bbox 1488 2200 1514 2232; x_wconf 76' lang='lat' dir='ltr'><strong>te</strong></span> <span class='ocrx_word' id='word_1_727' title='bbox 1539 2206 1654 2232; x_wconf 88' lang='lat' dir='ltr'><strong>vidimus</strong></span> 
     </span>
    </p>
   </div>
   <div class='ocr_carea' id='block_1_176' title="bbox 852 2238 1651 2274">
    <p class='ocr_par' dir='ltr' id='par_1_176' title="bbox 852 2238 1651 2274">
     <span class='ocr_line' id='line_1_176' title="bbox 852 2238 1651 2274; baseline 0.004 -11"><span class='ocrx_word' id='word_1_728' title='bbox 852 2238 1018 2265; x_wconf 84' lang='lat' dir='ltr'><strong>esurientem</strong></span> <span class='ocrx_word' id='word_1_729' title='bbox 1036 2245 1071 2265; x_wconf 86' lang='lat' dir='ltr'><strong>au</strong></span> <span class='ocrx_word' id='word_1_730' title='bbox 1094 2238 1241 2266; x_wconf 86' lang='lat' dir='ltr'><strong>sitientem.</strong></span> <span class='ocrx_word' id='word_1_731' title='bbox 1263 2247 1296 2266; x_wconf 82' lang='lat' dir='ltr'><strong>au</strong></span> <span class='ocrx_word' id='word_1_732' title='bbox 1317 2239 1462 2274; x_wconf 86' lang='lat' dir='ltr'><strong>hospitem.</strong></span> <span class='ocrx_word' id='word_1_733' title='bbox 1490 2248 1523 2267; x_wconf 86' lang='lat' dir='ltr'><strong>au</strong></span> <span class='ocrx_word' id='word_1_734' title='bbox 1541 2240 1651 2268; x_wconf 81' lang='lat' dir='ltr'><strong>nudum.</strong></span> 
     </span>
    </p>
   </div>
   <div class='ocr_carea' id='block_1_177' title="bbox 853 2274 1653 2303">
    <p class='ocr_par' dir='ltr' id='par_1_177' title="bbox 853 2274 1653 2303">
     <span class='ocr_line' id='line_1_177' title="bbox 853 2274 1653 2303; baseline 0.005 -4"><span class='ocrx_word' id='word_1_735' title='bbox 853 2280 885 2299; x_wconf 85' lang='lat' dir='ltr'><strong>au</strong></span> <span class='ocrx_word' id='word_1_736' title='bbox 911 2274 1058 2301; x_wconf 88' lang='lat' dir='ltr'><strong>intirmum.</strong></span> <span class='ocrx_word' id='word_1_737' title='bbox 1088 2281 1123 2302; x_wconf 77' lang='lat' dir='ltr'><strong>au</strong></span> <span class='ocrx_word' id='word_1_738' title='bbox 1148 2275 1175 2302; x_wconf 90' lang='lat' dir='ltr'><strong>in</strong></span> <span class='ocrx_word' id='word_1_739' title='bbox 1201 2282 1338 2302; x_wconf 83' lang='lat' dir='ltr'><strong>carcerem</strong></span> <span class='ocrx_word' id='word_1_740' title='bbox 1365 2280 1392 2302; x_wconf 88' lang='lat' dir='ltr'><strong>et</strong></span> <span class='ocrx_word' id='word_1_741' title='bbox 1415 2283 1468 2303; x_wconf 89' lang='lat' dir='ltr'><strong>non</strong></span> <span class='ocrx_word' id='word_1_742' title='bbox 1489 2276 1653 2303; x_wconf 82' lang='lat' dir='ltr'><strong>ministravi-</strong></span> 
     </span>
    </p>
   </div>
   <div class='ocr_carea' id='block_1_178' title="bbox 855 2310 1654 2345">
    <p class='ocr_par' dir='ltr' id='par_1_178' title="bbox 855 2310 1654 2345">
     <span class='ocr_line' id='line_1_178' title="bbox 855 2310 1654 2345; baseline 0.004 -10"><span class='ocrx_word' id='word_1_743' title='bbox 855 2316 915 2345; x_wconf 88' lang='lat' dir='ltr'><strong>mus</strong></span> <span class='ocrx_word' id='word_1_744' title='bbox 930 2310 986 2337; x_wconf 89' lang='lat' dir='ltr'><strong>tibi.</strong></span> <span class='ocrx_word' id='word_1_745' title='bbox 1013 2310 1088 2338; x_wconf 89' lang='lat' dir='ltr'><strong>Tunc</strong></span> <span class='ocrx_word' id='word_1_746' title='bbox 1107 2311 1282 2345; x_wconf 80' lang='lat' dir='ltr'><strong>respondebit</strong></span> <span class='ocrx_word' id='word_1_747' title='bbox 1305 2310 1358 2338; x_wconf 89' lang='lat' dir='ltr'><strong>illis</strong></span> <span class='ocrx_word' id='word_1_748' title='bbox 1371 2311 1474 2338; x_wconf 88' lang='lat' dir='ltr'><strong>dicens.</strong></span> <span class='ocrx_word' id='word_1_749' title='bbox 1493 2312 1579 2339; x_wconf 83' lang='lat' dir='ltr'><strong>Amen</strong></span> <span class='ocrx_word' id='word_1_750' title='bbox 1591 2311 1654 2338; x_wconf 91' lang='lat' dir='ltr'><strong>dico</strong></span> 
     </span>
    </p>
   </div>
   <div class='ocr_carea' id='block_1_179' title="bbox 855 2344 1654 2379">
    <p class='ocr_par' dir='ltr' id='par_1_179' title="bbox 855 2344 1654 2379">
     <span class='ocr_line' id='line_1_179' title="bbox 855 2344 1654 2379; baseline 0.003 -8"><span class='ocrx_word' id='word_1_751' title='bbox 855 2344 931 2372; x_wconf 80' lang='lat' dir='ltr'><strong>vobis</strong></span> <span class='ocrx_word' id='word_1_752' title='bbox 949 2345 1081 2379; x_wconf 85' lang='lat' dir='ltr'><strong>Quamdiu</strong></span> <span class='ocrx_word' id='word_1_753' title='bbox 1097 2344 1266 2374; x_wconf 28' lang='lat' dir='ltr'><strong>non’fecistis</strong></span> <span class='ocrx_word' id='word_1_754' title='bbox 1277 2347 1321 2374; x_wconf 92' lang='lat' dir='ltr'><strong>uni</strong></span> <span class='ocrx_word' id='word_1_755' title='bbox 1335 2346 1369 2374; x_wconf 92' lang='lat' dir='ltr'><strong>de</strong></span> <span class='ocrx_word' id='word_1_756' title='bbox 1383 2347 1533 2375; x_wconf 87' lang='lat' dir='ltr'><strong>minoribus</strong></span> <span class='ocrx_word' id='word_1_757' title='bbox 1547 2346 1588 2374; x_wconf 91' lang='lat' dir='ltr'><strong>his</strong></span> <span class='ocrx_word' id='word_1_758' title='bbox 1604 2354 1654 2374; x_wconf 90' lang='lat' dir='ltr'><strong>nee</strong></span> 
     </span>
    </p>
   </div>
   <div class='ocr_carea' id='block_1_180' title="bbox 854 2381 1652 2417">
    <p class='ocr_par' dir='ltr' id='par_1_180' title="bbox 854 2381 1652 2417">
     <span class='ocr_line' id='line_1_180' title="bbox 854 2381 1652 2417; baseline 0.005 -11"><span class='ocrx_word' id='word_1_759' title='bbox 854 2381 919 2417; x_wconf 86' lang='lat' dir='ltr'><strong>mihi</strong></span> <span class='ocrx_word' id='word_1_760' title='bbox 937 2381 1048 2409; x_wconf 83' lang='lat' dir='ltr'><strong>fecistis.</strong></span> <span class='ocrx_word' id='word_1_761' title='bbox 1064 2386 1092 2409; x_wconf 89' lang='lat' dir='ltr'><strong>et</strong></span> <span class='ocrx_word' id='word_1_762' title='bbox 1116 2381 1213 2409; x_wconf 90' lang='lat' dir='ltr'><strong>hibuut</strong></span> <span class='ocrx_word' id='word_1_763' title='bbox 1228 2382 1276 2409; x_wconf 93' lang='lat' dir='ltr'><strong>hii.</strong></span> <span class='ocrx_word' id='word_1_764' title='bbox 1298 2382 1326 2409; x_wconf 87' lang='lat' dir='ltr'><strong>in</strong></span> <span class='ocrx_word' id='word_1_765' title='bbox 1341 2382 1483 2417; x_wconf 85' lang='lat' dir='ltr'><strong>suplicium</strong></span> <span class='ocrx_word' id='word_1_766' title='bbox 1498 2386 1652 2410; x_wconf 82' lang='lat' dir='ltr'><strong>aeternum.</strong></span> 
     </span>
    </p>
   </div>
   <div class='ocr_carea' id='block_1_181' title="bbox 852 2416 1339 2451">
    <p class='ocr_par' dir='ltr' id='par_1_181' title="bbox 852 2416 1339 2451">
     <span class='ocr_line' id='line_1_181' title="bbox 852 2416 1339 2451; baseline 0.004 -9"><span class='ocrx_word' id='word_1_767' title='bbox 852 2416 917 2451; x_wconf 89' lang='lat' dir='ltr'><strong>justi</strong></span> <span class='ocrx_word' id='word_1_768' title='bbox 937 2420 1027 2444; x_wconf 83' lang='lat' dir='ltr'><strong>autem</strong></span> <span class='ocrx_word' id='word_1_769' title='bbox 1050 2417 1076 2444; x_wconf 94' lang='lat' dir='ltr'><strong>in</strong></span> <span class='ocrx_word' id='word_1_770' title='bbox 1092 2417 1172 2445; x_wconf 86' lang='lat' dir='ltr'><strong>vitam</strong></span> <span class='ocrx_word' id='word_1_771' title='bbox 1186 2421 1339 2446; x_wconf 83' lang='lat' dir='ltr'><strong>aeternam.</strong></span> 
     </span>
    </p>
   </div>
   <div class='ocr_carea' id='block_1_182' title="bbox 352 2505 1313 2540">
    <p class='ocr_par' dir='ltr' id='par_1_182' title="bbox 352 2505 1313 2540">
     <span class='ocr_line' id='line_1_182' title="bbox 352 2505 1313 2540; baseline -0.007 0"><span class='ocrx_word' id='word_1_772' title='bbox 352 2510 550 2540; x_wconf 79' lang='lat' dir='ltr'><strong>VARlANTES</strong></span> <span class='ocrx_word' id='word_1_773' title='bbox 569 2508 758 2538; x_wconf 81' lang='lat' dir='ltr'><strong>LECTIONES</strong></span> <span class='ocrx_word' id='word_1_774' title='bbox 777 2506 911 2536; x_wconf 90' lang='lat' dir='ltr'><strong>CODIClS</strong></span> <span class='ocrx_word' id='word_1_775' title='bbox 930 2506 987 2534; x_wconf 85' lang='lat' dir='ltr'><strong>MS.</strong></span> <span class='ocrx_word' id='word_1_776' title='bbox 1009 2506 1039 2534; x_wconf 82' lang='lat' dir='ltr'><strong>S.</strong></span> <span class='ocrx_word' id='word_1_777' title='bbox 1059 2505 1313 2535; x_wconf 79' lang='lat' dir='ltr'><strong>GERMANENSIS.</strong></span> 
     </span>
    </p>
   </div>
   <div class='ocr_carea' id='block_1_183' title="bbox 46 2558 724 2595">
    <p class='ocr_par' dir='ltr' id='par_1_183' title="bbox 46 2558 724 2595">
     <span class='ocr_line' id='line_1_183' title="bbox 46 2558 724 2595; baseline -0.004 -9"><span class='ocrx_word' id='word_1_778' title='bbox 46 2560 53 2595; x_wconf 65' lang='grc' dir='ltr'><strong>ξ</strong></span> <span class='ocrx_word' id='word_1_779' title='bbox 69 2560 212 2595; x_wconf 63' lang='lat' dir='ltr'><strong>incepitem...</strong></span> <span class='ocrx_word' id='word_1_780' title='bbox 224 2566 268 2588; x_wconf 92' lang='lat' dir='ltr'><strong>aut</strong></span> <span class='ocrx_word' id='word_1_781' title='bbox 279 2561 381 2591; x_wconf 89' lang='lat' dir='ltr'><strong>nudum,</strong></span> <span class='ocrx_word' id='word_1_782' title='bbox 395 2558 587 2595; x_wconf 35' lang='grc' dir='ltr'><strong>εις-,ιυι-ξίίις.Δ</strong></span> <span class='ocrx_word' id='word_1_783' title='bbox 719 2588 724 2594; x_wconf 85' lang='lat'><strong>_</strong></span> 
     </span>
    </p>
   </div>
   <div class='ocr_carea' id='block_1_184' title="bbox 46 2590 803 2625">
    <p class='ocr_par' dir='ltr' id='par_1_184' title="bbox 46 2590 803 2625">
     <span class='ocr_line' id='line_1_184' title="bbox 46 2590 803 2625; baseline -0.007 -7"><span class='ocrx_word' id='word_1_784' title='bbox 46 2592 55 2605; x_wconf 81' lang='grc'>³</span> <span class='ocrx_word' id='word_1_785' title='bbox 69 2592 98 2617; x_wconf 76' lang='lat' dir='ltr'><strong>Et</strong></span> <span class='ocrx_word' id='word_1_786' title='bbox 108 2590 257 2625; x_wconf 76' lang='lat' dir='ltr'><strong>respondens</strong></span> <span class='ocrx_word' id='word_1_787' title='bbox 268 2600 330 2624; x_wconf 78' lang='lat' dir='ltr'><strong>rex,</strong></span> <span class='ocrx_word' id='word_1_788' title='bbox 349 2590 408 2623; x_wconf 55' lang='lat' dir='ltr'><strong>etc,</strong></span> <span class='ocrx_word' id='word_1_789' title='bbox 418 2594 442 2617; x_wconf 80' lang='lat' dir='ltr'><strong>ut</strong></span> <span class='ocrx_word' id='word_1_790' title='bbox 454 2590 479 2617; x_wconf 78' lang='lat' dir='ltr'><strong>in</strong></span> <span class='ocrx_word' id='word_1_791' title='bbox 499 2590 603 2623; x_wconf 74' lang='lat' dir='ltr'><strong>Vulgata</strong></span> <span class='ocrx_word' id='word_1_792' title='bbox 617 2594 706 2621; x_wconf 78' lang='lat' dir='ltr'><strong>usque,</strong></span> <span class='ocrx_word' id='word_1_793' title='bbox 719 2590 803 2620; x_wconf 81' lang='lat' dir='ltr'><strong>ignem</strong></span> 
     </span>
    </p>
   </div>
   <div class='ocr_carea' id='block_1_185' title="bbox 22 2626 153 2686">
    <p class='ocr_par' dir='ltr' id='par_1_185' title="bbox 22 2626 153 2686">
     <span class='ocr_line' id='line_1_185' title="bbox 22 2626 136 2649; baseline 0.044 -5"><span class='ocrx_word' id='word_1_794' title='bbox 22 2626 136 2649; x_wconf 81' lang='lat' dir='ltr'><strong>aeternum</strong></span> 
     </span>
     <span class='ocr_line' id='line_1_186' title="bbox 48 2653 153 2686; baseline 0.029 -8"><span class='ocrx_word' id='word_1_795' title='bbox 48 2653 57 2686; x_wconf 56' lang='grc' dir='ltr'><strong>ἒ</strong></span> <span class='ocrx_word' id='word_1_796' title='bbox 71 2654 153 2686; x_wconf 81' lang='lat' dir='ltr'><strong>hespes</strong></span> 
     </span>
    </p>
   </div>
   <div class='ocr_carea' id='block_1_186' title="bbox 49 2683 199 2713">
    <p class='ocr_par' dir='ltr' id='par_1_186' title="bbox 49 2683 199 2713">
     <span class='ocr_line' id='line_1_187' title="bbox 49 2683 199 2713; baseline 0.027 -4"><span class='ocrx_word' id='word_1_797' title='bbox 49 2683 57 2698; x_wconf 71' lang='grc'><strong>’⁸</strong></span> <span class='ocrx_word' id='word_1_798' title='bbox 73 2683 199 2713; x_wconf 75' lang='lat' dir='ltr'><strong>coiiexistis</strong></span> 
     </span>
    </p>
   </div>
   <div class='ocr_carea' id='block_1_187' title="bbox 49 2715 245 2748">
    <p class='ocr_par' dir='ltr' id='par_1_187' title="bbox 49 2715 245 2748">
     <span class='ocr_line' id='line_1_188' title="bbox 49 2715 245 2748; baseline 0.015 -5"><span class='ocrx_word' id='word_1_799' title='bbox 49 2715 58 2730; x_wconf 83' lang='lat'><em>‘</em></span> <span class='ocrx_word' id='word_1_800' title='bbox 73 2720 193 2748; x_wconf 70' lang='lat' dir='ltr'><strong>aperuistis</strong></span> <span class='ocrx_word' id='word_1_801' title='bbox 203 2727 245 2746; x_wconf 87' lang='lat' dir='ltr'><strong>me</strong></span> 
     </span>
    </p>
   </div>
   <div class='ocr_carea' id='block_1_188' title="bbox 890 2554 1037 2579">
    <p class='ocr_par' dir='ltr' id='par_1_188' title="bbox 890 2554 1037 2579">
     <span class='ocr_line' id='line_1_189' title="bbox 890 2554 1037 2579; baseline 0 -1"><span class='ocrx_word' id='word_1_802' title='bbox 890 2555 900 2570; x_wconf 71' lang='lat'><strong>°</strong></span> <span class='ocrx_word' id='word_1_803' title='bbox 923 2554 1037 2579; x_wconf 75' lang='lat' dir='ltr'><strong>visitastis</strong></span> 
     </span>
    </p>
   </div>
   <div class='ocr_carea' id='block_1_189' title="bbox 890 2584 1258 2615">
    <p class='ocr_par' dir='ltr' id='par_1_189' title="bbox 890 2584 1258 2615">
     <span class='ocr_line' id='line_1_190' title="bbox 890 2584 1258 2615; baseline -0.003 -5"><span class='ocrx_word' id='word_1_804' title='bbox 890 2586 900 2601; x_wconf 85' lang='grc'><strong><em>⁷</em></strong></span> <span class='ocrx_word' id='word_1_805' title='bbox 918 2589 961 2610; x_wconf 85' lang='lat' dir='ltr'><strong>aut</strong></span> <span class='ocrx_word' id='word_1_806' title='bbox 972 2585 1102 2615; x_wconf 84' lang='lat' dir='ltr'><strong>hospitem,</strong></span> <span class='ocrx_word' id='word_1_807' title='bbox 1115 2588 1157 2611; x_wconf 88' lang='lat' dir='ltr'><strong>aut</strong></span> <span class='ocrx_word' id='word_1_808' title='bbox 1167 2584 1258 2610; x_wconf 90' lang='lat' dir='ltr'><strong>nudum</strong></span> 
     </span>
    </p>
   </div>
   <div class='ocr_carea' id='block_1_190' title="bbox 888 2616 1001 2641">
    <p class='ocr_par' dir='ltr' id='par_1_190' title="bbox 888 2616 1001 2641">
     <span class='ocr_line' id='line_1_191' title="bbox 888 2616 1001 2641; baseline 0 -1"><span class='ocrx_word' id='word_1_809' title='bbox 888 2617 899 2632; x_wconf 84' lang='grc'><strong>⁸</strong></span> <span class='ocrx_word' id='word_1_810' title='bbox 915 2616 1001 2641; x_wconf 88' lang='lat' dir='ltr'><strong>dicens</strong></span> 
     </span>
    </p>
   </div>
   <div class='ocr_carea' id='block_1_191' title="bbox 889 2646 1034 2680">
    <p class='ocr_par' dir='ltr' id='par_1_191' title="bbox 889 2646 1034 2680">
     <span class='ocr_line' id='line_1_192' title="bbox 889 2646 1034 2680; baseline -0.007 -7"><span class='ocrx_word' id='word_1_811' title='bbox 889 2649 899 2664; x_wconf 74' lang='grc' dir='ltr'>ο</span> <span class='ocrx_word' id='word_1_812' title='bbox 920 2648 951 2673; x_wconf 87' lang='lat' dir='ltr'><strong>Ut</strong></span> <span class='ocrx_word' id='word_1_813' title='bbox 964 2646 1034 2680; x_wconf 81' lang='lat' dir='ltr'><strong>Vulg.</strong></span> 
     </span>
    </p>
   </div>
   <div class='ocr_carea' id='block_1_192' title="bbox 890 2679 1171 2711">
    <p class='ocr_par' dir='ltr' id='par_1_192' title="bbox 890 2679 1171 2711">
     <span class='ocr_line' id='line_1_193' title="bbox 890 2679 1171 2711; baseline -0.004 -7"><span class='ocrx_word' id='word_1_814' title='bbox 890 2679 912 2695; x_wconf 78' lang='grc' dir='ltr'><strong>ιο</strong></span> <span class='ocrx_word' id='word_1_815' title='bbox 930 2679 1033 2711; x_wconf 85' lang='lat' dir='ltr'><strong>poenam</strong></span> <span class='ocrx_word' id='word_1_816' title='bbox 1044 2681 1171 2705; x_wconf 85' lang='lat' dir='ltr'><strong>aeternam</strong></span> 
     </span>
    </p>
   </div>
   <div class='ocr_carea' id='block_1_193' title="bbox 669 2753 991 2792">
    <p class='ocr_par' dir='ltr' id='par_1_193' title="bbox 669 2753 991 2792">
     <span class='ocr_line' id='line_1_194' title="bbox 669 2753 991 2792; baseline -0.012 -7"><span class='ocrx_word' id='word_1_817' title='bbox 669 2753 991 2792; x_wconf 66' lang='lat' dir='ltr'><strong>BLANCHINLNOTIE.</strong></span> 
     </span>
    </p>
   </div>
   <div class='ocr_carea' id='block_1_194' title="bbox 58 2804 800 2847">
    <p class='ocr_par' dir='ltr' id='par_1_194' title="bbox 58 2804 800 2847">
     <span class='ocr_line' id='line_1_195' title="bbox 58 2804 800 2847; baseline -0.005 -12"><span class='ocrx_word' id='word_1_818' title='bbox 58 2810 71 2847; x_wconf 33' lang='grc' dir='ltr'><strong>ξι.</strong></span> <span class='ocrx_word' id='word_1_819' title='bbox 82 2807 142 2837; x_wconf 85' lang='lat' dir='ltr'><strong>Huic</strong></span> <span class='ocrx_word' id='word_1_820' title='bbox 162 2806 466 2847; x_wconf 28' lang='lat' dir='ltr'><strong>lectioniWCorbeiensis</strong></span> <span class='ocrx_word' id='word_1_821' title='bbox 488 2806 590 2847; x_wconf 74' lang='lat' dir='ltr'><strong>codicis</strong></span> <span class='ocrx_word' id='word_1_822' title='bbox 614 2804 707 2847; x_wconf 76' lang='lat' dir='ltr'><strong>favent</strong></span> <span class='ocrx_word' id='word_1_823' title='bbox 731 2812 800 2832; x_wconf 87' lang='lat' dir='ltr'><strong>non-</strong></span> 
     </span>
    </p>
   </div>
   <div class='ocr_carea' id='block_1_195' title="bbox 28 2842 799 2882">
    <p class='ocr_par' dir='ltr' id='par_1_195' title="bbox 28 2842 799 2882">
     <span class='ocr_line' id='line_1_196' title="bbox 28 2842 799 2882; baseline 0 -15"><span class='ocrx_word' id='word_1_824' title='bbox 28 2842 88 2870; x_wconf 84' lang='lat' dir='ltr'><strong>nulla</strong></span> <span class='ocrx_word' id='word_1_825' title='bbox 100 2847 254 2882; x_wconf 77' lang='lat' dir='ltr'><strong>exemplaria</strong></span> <span class='ocrx_word' id='word_1_826' title='bbox 269 2846 441 2879; x_wconf 71' lang='lat' dir='ltr'><strong>Grzecorum,</strong></span> <span class='ocrx_word' id='word_1_827' title='bbox 459 2848 487 2872; x_wconf 92' lang='lat' dir='ltr'><strong>ut</strong></span> <span class='ocrx_word' id='word_1_828' title='bbox 499 2844 591 2872; x_wconf 89' lang='lat' dir='ltr'><strong>videre</strong></span> <span class='ocrx_word' id='word_1_829' title='bbox 601 2846 644 2871; x_wconf 86' lang='lat' dir='ltr'><strong>est</strong></span> <span class='ocrx_word' id='word_1_830' title='bbox 663 2842 733 2869; x_wconf 88' lang='lat' dir='ltr'><strong>inter</strong></span> <span class='ocrx_word' id='word_1_831' title='bbox 751 2847 799 2868; x_wconf 82' lang='lat' dir='ltr'><strong>va-</strong></span> 
     </span>
    </p>
   </div>
   <div class='ocr_carea' id='block_1_196' title="bbox 852 2798 1653 2835">
    <p class='ocr_par' dir='ltr' id='par_1_196' title="bbox 852 2798 1653 2835">
     <span class='ocr_line' id='line_1_197' title="bbox 852 2798 1653 2835; baseline 0.004 -5"><span class='ocrx_word' id='word_1_832' title='bbox 852 2803 954 2835; x_wconf 82' lang='lat' dir='ltr'><strong>riantes</strong></span> <span class='ocrx_word' id='word_1_833' title='bbox 974 2801 1103 2830; x_wconf 83' lang='lat' dir='ltr'><strong>lectiones</strong></span> <span class='ocrx_word' id='word_1_834' title='bbox 1125 2798 1234 2829; x_wconf 74' lang='lat' dir='ltr'><strong>Graecas</strong></span> <span class='ocrx_word' id='word_1_835' title='bbox 1257 2798 1326 2830; x_wconf 85' lang='lat' dir='ltr'><strong>Novi</strong></span> <span class='ocrx_word' id='word_1_836' title='bbox 1341 2800 1507 2832; x_wconf 86' lang='lat' dir='ltr'><strong>Testamenti</strong></span> <span class='ocrx_word' id='word_1_837' title='bbox 1523 2809 1589 2833; x_wconf 90' lang='lat' dir='ltr'><strong>tom.</strong></span> <span class='ocrx_word' id='word_1_838' title='bbox 1620 2805 1653 2833; x_wconf 86' lang='lat' dir='ltr'><strong>Vt</strong></span> 
     </span>
    </p>
   </div>
   <div class='ocr_carea' id='block_1_197' title="bbox 852 2837 1118 2874">
    <p class='ocr_par' dir='ltr' id='par_1_197' title="bbox 852 2837 1118 2874">
     <span class='ocr_line' id='line_1_198' title="bbox 852 2837 1118 2874; baseline -0.008 -8"><span class='ocrx_word' id='word_1_839' title='bbox 852 2839 985 2874; x_wconf 81' lang='lat' dir='ltr'><strong>Polyglot.</strong></span> <span class='ocrx_word' id='word_1_840' title='bbox 1002 2837 1118 2866; x_wconf 89' lang='lat' dir='ltr'><strong>Londin.</strong></span> 
     </span>
    </p>
   </div>
   <div class='ocr_carea' id='block_1_198' title="bbox 60 2894 818 2940">
    <p class='ocr_par' dir='ltr' id='par_1_198' title="bbox 60 2898 818 2940">
     <span class='ocr_line' id='line_1_199' title="bbox 60 2898 818 2940; baseline -0.004 -8"><span class='ocrx_word' id='word_1_841' title='bbox 60 2900 93 2940; x_wconf 59' lang='lat' dir='ltr'><strong>(fl)</strong></span> <span class='ocrx_word' id='word_1_842' title='bbox 106 2902 140 2940; x_wconf 72' lang='lat' dir='ltr'><strong>ita</strong></span> <span class='ocrx_word' id='word_1_843' title='bbox 153 2909 178 2931; x_wconf 90' lang='lat' dir='ltr'><strong>et</strong></span> <span class='ocrx_word' id='word_1_844' title='bbox 190 2908 241 2933; x_wconf 78' lang='lat' dir='ltr'><strong>tex.</strong></span> <span class='ocrx_word' id='word_1_845' title='bbox 253 2905 300 2933; x_wconf 84' lang='lat' dir='ltr'><strong>Gr.</strong></span> <span class='ocrx_word' id='word_1_846' title='bbox 317 2904 415 2932; x_wconf 71' lang='grc' dir='ltr'><strong>τούτων</strong></span> <span class='ocrx_word' id='word_1_847' title='bbox 428 2907 477 2940; x_wconf 48' lang='lat' dir='ltr'><strong>Et?»</strong></span> <span class='ocrx_word' id='word_1_848' title='bbox 491 2902 610 2940; x_wconf 68' lang='grc' dir='ltr'><strong>ἀδελφῶν.</strong></span> <span class='ocrx_word' id='word_1_849' title='bbox 626 2915 662 2922; x_wconf 90' lang='grc'><strong><em>--</em></strong></span> <span class='ocrx_word' id='word_1_850' title='bbox 671 2898 706 2936; x_wconf 65' lang='grc' dir='ltr'><strong>(δ)</strong></span> <span class='ocrx_word' id='word_1_851' title='bbox 731 2898 768 2926; x_wconf 67' lang='grc' dir='ltr'><strong>ΙιὶΙ</strong></span> <span class='ocrx_word' id='word_1_852' title='bbox 796 2901 818 2926; x_wconf 57' lang='grc' dir='ltr'><strong>οἳ</strong></span> 
     </span>
    </p>
   </div>
   <div class='ocr_carea' id='block_1_199' title="bbox 893 2894 1651 2940">
    <p class='ocr_par' dir='ltr' id='par_1_199' title="bbox 897 2894 1651 2936">
     <span class='ocr_line' id='line_1_200' title="bbox 897 2894 1651 2936; baseline 0.003 -12"><span class='ocrx_word' id='word_1_853' title='bbox 897 2916 902 2924; x_wconf 92' lang='grc'>.</span> <span class='ocrx_word' id='word_1_854' title='bbox 927 2896 1005 2924; x_wconf 81' lang='lat' dir='ltr'><strong>Cant.</strong></span> <span class='ocrx_word' id='word_1_855' title='bbox 1027 2894 1054 2924; x_wconf 78' lang='grc' dir='ltr'><strong>ὃν</strong></span> <span class='ocrx_word' id='word_1_856' title='bbox 1070 2896 1207 2931; x_wconf 72' lang='grc' dir='ltr'><strong>ἡτοίμασεν</strong></span> <span class='ocrx_word' id='word_1_857' title='bbox 1221 2894 1234 2923; x_wconf 83' lang='grc' dir='ltr'>ὁ</span> <span class='ocrx_word' id='word_1_858' title='bbox 1249 2900 1333 2935; x_wconf 74' lang='grc' dir='ltr'><strong>πατὴρ</strong></span> <span class='ocrx_word' id='word_1_859' title='bbox 1356 2909 1417 2935; x_wconf 65' lang='grc' dir='ltr'><strong>μην.</strong></span> <span class='ocrx_word' id='word_1_860' title='bbox 1430 2912 1465 2918; x_wconf 90' lang='lat'><strong>-—</strong></span> <span class='ocrx_word' id='word_1_861' title='bbox 1480 2898 1518 2936; x_wconf 90' lang='lat' dir='ltr'><strong>(c)</strong></span> <span class='ocrx_word' id='word_1_862' title='bbox 1537 2897 1608 2928; x_wconf 84' lang='lat' dir='ltr'><strong>Ante</strong></span> <span class='ocrx_word' id='word_1_863' title='bbox 1628 2904 1651 2927; x_wconf 83' lang='lat' dir='ltr'><strong>et</strong></span> 
     </span>
    </p>
   </div>
   <div class='ocr_carea' id='block_1_200' title="bbox 32 2935 506 2971">
    <p class='ocr_par' dir='ltr' id='par_1_200' title="bbox 32 2935 506 2971">
     <span class='ocr_line' id='line_1_201' title="bbox 32 2935 506 2971; baseline 0 -4"><span class='ocrx_word' id='word_1_864' title='bbox 32 2935 89 2971; x_wconf 61' lang='lat' dir='ltr'><strong>ipsi,</strong></span> <span class='ocrx_word' id='word_1_865' title='bbox 99 2938 169 2968; x_wconf 84' lang='lat' dir='ltr'><strong>deest</strong></span> <span class='ocrx_word' id='word_1_866' title='bbox 178 2941 199 2969; x_wconf 78' lang='lat' dir='ltr'><strong>ei</strong></span> <span class='ocrx_word' id='word_1_867' title='bbox 212 2941 291 2970; x_wconf 84' lang='lat' dir='ltr'><strong>etiam</strong></span> <span class='ocrx_word' id='word_1_868' title='bbox 308 2941 336 2968; x_wconf 91' lang='lat' dir='ltr'><strong>in</strong></span> <span class='ocrx_word' id='word_1_869' title='bbox 352 2939 413 2968; x_wconf 89' lang='lat' dir='ltr'><strong>cod.</strong></span> <span class='ocrx_word' id='word_1_870' title='bbox 429 2938 506 2967; x_wconf 86' lang='lat' dir='ltr'><strong>Cant.</strong></span> 
     </span>
    </p>
   </div>
  </div>
