3894 6336
54 341 143 396 525

56 525 117 580 cit
135 523 179 578 in
208 537 406 577 memo-

53 594 285 666 riamisui.
366 655 377 666 Δ
605 662 614 666 ﬁ

56 665 129 723 11.
163 665 303 720 'I‘unc
328 661 459 720 abiit
481 662 619 723 unus

57 739 113 793 de
132 737 396 792 duodecim

57 808 318 878 discipulis,
347 807 438 878 qui

57 881 157 935 dici.
199 920 212 932 .
255 919 266 930 .
302 878 468 934 .Iudas
526 927 530 931 .
578 890 586 901 '

56 949 268 1008 Searioth
286 993 301 1018 ,
326 950 392 1005 ad

61 1025 146 1091 pri.
185 1065 198 1076 .
239 1063 252 1076 .
294 1035 388 1093 pes
414 1037 501 1076 sa-

59 1095 129 1149 15.
163 1109 208 1150 c.
249 1133 264 1148 .
307 1133 322 1148 .
367 1131 381 1146 .
422 1102 662 1163 tum,et

58 1181 98 1220 a.
136 1204 149 1219 .
185 1176 202 1221 t
228 1165 330 1220 illis
357 1207 371 1220 .
397 1165 538 1235 Quid

56 1237 190 1292 vultis
219 1237 344 1290 mihi

58 1309 164 1364 dare
179 1352 192 1371 .
212 1317 264 1363 et
291 1323 393 1376 ego

61 1381 186 1435 vobis
211 1380 358 1434 illutn

63 1451 279 1506 tradam?
305 1449 387 1506 Ad
416 1449 480 1506 il-

62 1523 90 1578 li
114 1531 397 1578 statuerunt

61 1595 120 1649 illi
162 1610 281 1649 xxx.
320 1594 397 1666 (a)
430 1591 542 1666 sta-

63 1666 129 1722 16.
165 1678 298 1722 teres
324 1665 383 1736 ii
429 1665 497 1722 Et
534 1666 685 1723 exin-

62 1739 114 1794 de
134 1737 413 1808 quaerebat

65 1811 352 1879 opportuni-

67 1890 201 1936 tatem
230 1890 283 1936 ut
307 1896 434 1937 eum

65 1952 285 2008 traderet.

69 2024 134 2077 l7.
170 2024 340 2078 Prima
371 2033 550 2079 autem

66 2095 134 2149 die
158 2111 364 2168 azymo-

67 2183 158 2221 rum
182 2182 361 2222 acces-

68 2250 224 2312 εςηωι
258 2239 370 2312 dis:
459 2307 470 2312 _

68 2309 196 2378 cipuli
225 2309 289 2365 ad
318 2308 506 2366 Jesuiii
531 2349 546 2374 ,

67 2381 278 2436 dicentes
306 2401 319 2434 :

70 2451 149 2507 ilbi
173 2453 251 2508 vis
281 2467 441 2523 prae-

69 2539 187 2593 pare.
220 2563 235 2577 .
280 2539 341 2579 us
359 2527 427 2578 ti-

71 2596 108 2650 bi
134 2595 420 2650 manduca-

71 2681 115 2720 re
135 2667 332 2722 Pascha
361 2668 384 2720 ?

73 2738 142 2792 18.
176 2738 331 2794 Jesus
351 2747 532 2794 autem
559 2733 696 2793 dixit

72 2811 132 2862 eis
158 2828 168 2862 :
190 2810 266 2865 lte
294 2812 346 2864 iu
376 2811 451 2865 cio

73 2881 207 2938 vitate
226 2924 243 2946 ,
267 2883 333 2936 ad
363 2894 556 2952 quem-

72 2952 193 3019 dam,
218 2964 274 3010 et
303 2953 434 3009 dici-

75 3032 112 3077 te
134 3028 174 3079 ei
201 3025 431 3095 :Magis—

74 3107 138 3150 ter
153 3097 270 3152 dicit
308 3116 321 3150 :
354 3097 517 3152 Tem-

73 3181 149 3236 pus
169 3184 338 3225 meum

73 3252 214 3313 prope
226 3252 331 3304 est,
360 3252 496 3313 apttt

73 3320 114 3364 te
134 3311 254 3366 facio
289 3311 497 3369 Pascha

77 3395 172 3436 cum
191 3384 354 3440 disci-

78 3452 142 3507 l9.
179 3456 306 3523 pulis
335 3455 495 3512 meis.
527 3453 596 3510 Et

75 3525 284 3582 fecerunt

976 331 1428 392 EVANGELIUM
1463 316 1831 392 SECUNDUM
1869 324 2304 388 nummum.

413 425 646 486 CODEX
681 426 1222 487 VERCELLENSIS.

855 532 1008 594 perat
1034 523 1104 578 ei.
1153 563 1166 576 .

856 605 909 650 et
936 610 1166 664 parave-

855 675 980 721 runt
1008 665 1236 721 Pascha.

855 737 947 793 20.
987 737 1234 808 Cumque
1261 753 1374 794 ser.
1421 779 1434 792 .

859 820 1004 865 esset
1035 808 1235 866 factum
1261 850 1276 878 ,

860 880 1135 936 discubuit

860 967 983 1008 cum
1015 952 1220 1010 duode-

861 1025 964 1080 cim
989 1022 1152 1079 disci-

861 1095 954 1151 2l.
996 1097 1134 1164 pulis
1163 1096 1298 1152 suis.
1340 1095 1405 1152 Et

863 1168 1194 1223 manducan-

864 1239 1007 1295 tibus
1033 1239 1140 1303 eis,
1169 1238 1256 1294 di-

862 1310 942 1364 xit
972 1325 991 1364 :
1020 1310 1190 1366 Amen
1221 1310 1306 1366 di-

862 1396 928 1436 co
955 1383 1106 1438 vobis
1130 1424 1147 1450 ,
1171 1380 1298 1453 quia

863 1469 1002 1508 unus
1032 1469 1097 1524 ex
1121 1471 1215 1508 vo-

863 1525 947 1580 bis
969 1525 1149 1580 tradet
1179 1540 1282 1580 me.

862 1596 955 1652 22.
999 1597 1067 1651 Et
1086 1596 1377 1654 vehemen-

863 1678 948 1724 ter
973 1669 1207 1724 contris-

867 1741 997 1795 tatis
1015 1781 1031 1807 ,
1057 1755 1254 1812 coepe-

869 1818 998 1867 runt
1026 1811 1211 1866 dicere

869 1883 1069 1953 singuli
1101 1900 1114 1936 :
1143 1882 1307 1937 Num-

869 1954 1000 2025 quid
1029 1970 1131 2026 ego
1153 1970 1271 2008 sum

866 2024 960 2082 25.
1005 2024 1228 2081 Domine
1249 2029 1272 2078 ‘l
1293 2024 1498 2093 Quibus

868 2097 1207 2166 reSpoudens

869 2169 1029 2227 Jesns
1057 2210 1071 2232 ,
1111 2168 1284 2237 dixit,
1318 2167 1422 2236 Qui

871 2241 1089 2310 iutiugit
1114 2256 1228 2294 me-

870 2328 992 2367 cum
1025 2327 1241 2366 manum
1274 2311 1326 2367 in
1357 2309 1491 2367 cati-

874 2398 1036 2450 num,
1069 2383 1158 2437 hic
1188 2399 1275 2437 me

871 2455 964 2511 24.
1009 2455 1204 2509 tradet.
1236 2455 1408 2510 Filius

875 2526 1096 2598 quidem
1133 2526 1229 2598 lio-

876 2596 1039 2654 minis
1081 2596 1228 2652 vadit
1263 2638 1276 2662 ,

791 2676 793 2678 ’
872 2669 1016 2725 sicut
1043 2669 1301 2738 scriptum

874 2751 959 2797 est
985 2739 1054 2795 de
1083 2755 1170 2794 eo.

875 2828 973 2868 vae
996 2821 1176 2866 autem
1207 2810 1307 2866 ho-

876 2883 1010 2940 mini
1039 2883 1150 2951 illi,
1179 2899 1274 2954 per

876 2971 1058 3028 quem.
1107 2995 1120 3011 .
1165 2995 1178 3008 .
1226 2996 1238 3009 .
1285 2971 1346 3010 us

877 3027 1417 3154 39min.....a-

876 3258 1268 3298 num.....

879 3314 1428 3369 sinon.....‘

879 3396 963 3440 set
997 3397 1108 3440 nat.
1157 3427 1169 3439 .
1216 3425 1230 3440 .
1279 3426 1293 3440 .
1340 3424 1354 3439 .

879 3472 970 3511 mo
1004 3457 1118 3513 ille.
1167 3497 1180 3510 .
1225 3496 1240 3510 .
1285 3495 1301 3508 .

877 3527 968 3584 2'3.
1014 3527 1391 3598 Respondens.

2151 422 2386 480 CODEX
2429 418 2883 478 VERONENSIS.

1721 520 1848 576 fecit
1872 521 1923 575 in
1949 535 2154 576 memo-

1722 592 1798 648 l‘isi
1832 593 2024 657 ipsius.
2251 641 2254 644 .

1721 667 1811 721 14.
1854 663 2004 718 Tunc
2032 661 2167 718 abiit

1720 749 1864 792 unus
1886 734 1955 791 de
1983 734 2188 790 duode-

1722 809 1828 864 cim
1846 847 1861 873 ,
1890 806 1982 878 qui
2004 805 2172 864 ludas

1723 876 1924 934 dicitur
1954 876 2202 934 Scarioth
2224 918 2241 946 ,

1725 950 1791 1004 ad
1826 951 2100 1019 principes

1726 1021 2070 1077 sacerdotum
2091 1061 2108 1088 ,

1727 1103 1780 1148 et
1806 1096 1880 1148 ait
1915 1093 2021 1148 illis
2051 1109 2064 1145 :

1728 1165 1816 1220 15.
1848 1163 1989 1232 Quid
2017 1163 2180 1220 vultis
2201 1163 2302 1221 mi-

1731 1237 1784 1290 lii
1809 1235 1940 1290 dare
1960 1277 1975 1300 ,
2001 1245 2058 1290 et

1731 1323 1833 1378 ego
1864 1307 2022 1362 vobis
2039 1321 2164 1364 eum

1733 1378 1940 1433 tradam
1967 1379 1990 1430 ?

1734 1449 1824 1505 16.
1868 1450 1946 1504 Ad
1976 1450 2052 1506 illi
2077 1465 2204 1507 con-

1733 1527 2033 1577 stituerunt
2054 1523 2106 1578 ei

1733 1609 1867 1666 xxx.
1893 1595 1970 1666 (a)
1998 1602 2166 1650 state-

1734 1679 1825 1720 res
1941 1667 2006 1719 lit
2031 1669 2186 1736 exin-

1737 1737 1806 1792 de
1838 1737 2134 1805 quaerebat

1734 1810 2202 1878 opportunitatem

1736 1889 1795 1934 ut
1819 1896 1939 1934 eum
1966 1881 2143 1937 trade-

1737 1961 1827 2024 ret
1853 1949 1928 2024 (li)
1953 1953 2033 2006 eis
2052 1953 2112 2024 αξ.

1737 2023 1828 2078 17.
1865 2021 2050 2078 Prima
2068 2021 2254 2080 'autein
2286 2021 2376 2082 die

1735 2109 2052 2162 azymorum
2084 2111 2268 2153 acces-

1737 2175 1926 2222 serunt
1957 2166 2118 2222 disci-

1737 2237 1852 2308 puli
1883 2237 1950 2292 ad
1983 2238 2168 2298 Jesum
2194 2281 2211 2308 ,

1739 2308 1986 2364 dicentes
2013 2326 2028 2364 :
2064 2310 2162 2367 Ubi

1739 2380 1825 2434 bis
1849 2395 2102 2450 paremus

1743 2453 1839 2506 tibi
1871 2453 2075 2508 Pascha

1741 2523 2116 2580 manducare?

1746 2596 1852 2669 is.
1878 2594 1952 2666 (ε)
1978 2597 2058 2652 Ad
2083 2595 2178 2652 ille
2201 2598 2239 2669 ατ

1743 2667 1880 2720 dixit
1917 2671 2037 2722 eis:

1749 2737 1824 2792 Ite
1853 2737 1906 2792 in
1938 2739 2070 2793 civi-
2105 2805 2108 2808 .

1747 2819 1857 2864 tate
1879 2850 1892 2872 ,
1918 2811 1984 2864 ad
2015 2825 2203 2877 quem-

1745 2881 1868 2934 dam
1896 2922 1911 2944 ,
1941 2891 1996 2936 et
2024 2882 2189 2940 dicite

1747 2952 1799 3026 ei
1828 2969 1847 3026 :7
1874 2951 2133 3026 Magister

1748 3023 1880 3079 dicit
1907 3042 1919 3077 :
1945 3023 2183 3098 Tempus

1751 3110 1931 3150 meum
1964 3113 2134 3172 prope

1750 3177 1835 3221 est
1855 3210 1870 3231 ,
1901 3179 2033 3234 aput
2063 3177 2116 3225 te

1752 3238 1892 3293 facio
1922 3239 2130 3296 Pascha

1749 3326 1873 3383 cum
1903 3311 2147 3383 discipu-

2555 515 2742 578 Jesus,
2769 525 2823 569 et
2853 527 2946 584 pa—

2556 604 2613 642 ra
2623 596 2816 641 verunt

2559 659 2789 712 Pascha.

2559 730 2650 784 20.
2692 727 2940 798 Vespere
2965 742 3063 783 au-

2562 811 2668 856 tem
2697 800 2838 855 facto
2861 841 2876 867 ,

2560 872 2834 928 discubuit
2863 887 2988 930 cttm

2560 961 2654 1000 xu.
2688 943 2968 1014 discipulis

2561 1016 2653 1070 2i.
2695 1018 2832 1070 suis.
2869 1016 2933 1070 Et
2953 1014 3119 1072 eden-

2525 1091 2529 1095 ·
2562 1087 2705 1143 tibus
2727 1087 2870 1156 illis,

2562 1159 2699 1214 dixit
2739 1177 2751 1212 :

2563 1230 2738 1287 Amen
2769 1230 2896 1286 dico

2565 1303 2720 1358 vobis
2745 1345 2760 1368 ,
2795 1302 2938 1371 quod

2567 1390 2708 1430 unus
2735 1384 2976 1430 vestrum

2568 1462 2656 1502 me
2689 1447 2918 1502 traditu-

2570 1534 2664 1573 l‘llS
2693 1526 2796 1572 est.

2572 1589 2665 1644 22.
2710 1590 2776 1644 Et
2807 1589 3010 1646 contri-

2573 1662 2700 1717 stati
2731 1662 2889 1718 nimis
2909 1704 2926 1730 ,

2573 1740 2873 1802 coeperunt

2573 1805 2770 1874 singuli
2802 1805 2951 1862 diee-

2573 1892 2634 1931 re
2660 1895 2672 1930 :
2703 1875 2978 1943 Numquid

2574 1963 2676 2018 ego
2705 1963 2822 2002 sum
2857 1949 2961 2004 Do-

2575 2022 2723 2092 mine
2744 2019 2787 2092 ?7
2867 2085 2875 2092 .

2574 2091 2669 2146 25.
2711 2091 2792 2146 Ad
2822 2091 2936 2162 ipse
2967 2107 3053 2150 re-

2575 2163 2854 2230 stiondens
2885 2207 2898 2227 ,
2923 2165 2998 2220 ait
3033 2182 3046 2219 :

2575 2234 2676 2302 Qui
2709 2236 2924 2307 intiugit

2577 2323 2791 2362 mecum
2824 2323 3043 2364 manum

2579 2378 2633 2433 in
2665 2379 2950 2449 parabside
2966 2421 2982 2446 ,

2581 2449 2671 2506 hic
2699 2465 2786 2505 me
2813 2459 2924 2506 tra-

2578 2521 2671 2576 24.
2715 2521 2827 2576 det.
2854 2522 3026 2579 Filius

2581 2592 2799 2664 quidem
2829 2595 2932 2648 ho-

2581 2665 2746 2720 minis
2772 2665 2951 2730 vadit;

2582 2736 2727 2791 sicut
2754 2738 3014 2807 scriptum

2582 2819 2666 2862 εει
2693 2808 2760 2863 de
2782 2809 2875 2863 illo
2905 2827 2918 2862 :

2584 2894 2682 2935 vae
2711 2891 2895 2935 autem
2913 2935 2920 2940 ,

2584 2950 2791 3006 homini
2841 2951 2919 3007 illi
2951 2969 2966 3007 :

2583 3037 2682 3150 per
2703 3039 2862 3106 quem
2886 3022 3030 3080 ﬁlius

2627 3111 2824 3150 omitus
2852 3106 2960 3150 tra-

2627 3097 2824 3152 ominis
2852 3106 2960 3152 tra-

2587 3167 2732 3222 ditur
2760 3185 2774 3222 :

2588 3237 2790 3294 bonum
2820 3248 2938 3294 erat

2588 3311 2794 3366 homini
2825 3310 2903 3365 illi

3209 321 3318 385 320

74 3594 286 3668 discipuli
312 3599 392 3654 si-

73 3679 142 3722 cut
161 3686 297 3739 prae.
348 3709 363 3724 .
412 3711 426 3724 .

878 3598 1047 3672 ludas
1067 3638 1083 3664 ,
1114 3600 1196 3672 (ά)
1227 3600 1318 3672 qui
1343 3610 1450 3654 tra-

881 3671 1093 3726 diturus
1120 3671 1238 3727 erat
1273 3671 1312 3743 ’ἒ

469 3759 697 3816 CODEX
729 3759 1197 3820 COHBEIENSIS.

76 3853 180 3908 riam
215 3857 354 3926 ejus.
405 3855 553 3909 Tunc
593 3855 726 3908 abiit
758 3871 895 3909 unus
934 3871 1000 3911 ex
1040 3855 1364 3917 duodecim,
1414 3854 1503 3925 qui
1563 3853 1642 3907 di-

75 3929 258 4002 cebatur
280 3928 729 4002 Jndas_Scari_ot,
770 3927 1134 4002 adpriucipes
1175 3926 1542 4002 sacerdotum.
1589 3934 1644 3980 et

77 4001 133 4051 ait
166 4001 258 4055 illis
289 4019 303 4052 :
335 3998 478 4068 Quid
528 4000 687 4052 vultis
728 3999 859 4052 mihi
899 4000 1057 4063 dare,
1099 4011 1151 4055 et
1183 3998 1283 4068 ego
1327 3999 1474 4053 vobis
1517 4013 1639 4052 eum

76 4071 291 4140 tradam?
345 4073 419 4126 At
460 4071 536 4123 illi
564 4071 963 4124 constituerunt
988 4073 1034 4125 ei
1068 4073 1284 4140 triginta
1327 4080 1637 4140 argenteos.

75 4138 125 4212 Et
161 4145 348 4199 exinde
401 4143 700 4212 quaerebat
748 4138 1207 4212 opportunitatem
1257 4153 1310 4195 ιιι
1351 4138 1474 4196 cum
1535 4151 1644 4194 tra-

75 4210 212 4268 deret.
264 4210 450 4270 Prima
501 4224 679 4267 autem
735 4210 1052 4284 aiymornm
1097 4225 1441 4269 accesserunt
1478 4212 1642 4284 discri-

75 4285 161 4351 puli
201 4287 263 4340 ad
310 4287 546 4349 Jesuin,
599 4283 887 4339 dicentes:
945 4284 1046 4340 Uhi
1101 4287 1183 4338 vis
1243 4299 1494 4354 paremus
1545 4283 1642 4338 tibi

77 4359 332 4413 cciuedere
368 4356 615 4411 Pascha?
643 4357 659 4387 ¹
705 4356 796 4412 Ait
825 4356 986 4412 .lesus
1030 4374 1042 4411 :
1101 4358 1178 4411 lte
1231 4359 1282 4409 in
1335 4359 1642 4419 civitatem,

73 4428 124 4479 ad
147 4431 461 4496 quemdam,
505 4440 558 4482 et
608 4428 772 4483 dicite
824 4428 917 4483 ei:
977 4429 1228 4500 Magister
1257 4427 1429 4482 dicit:
1485 4427 1646 4481 Tem-

73 4510 154 4565 pus
198 4518 376 4556 meum
432 4515 600 4570 prope
651 4511 772 4565 est,
823 4500 962 4569 apud
1011 4512 1062 4556 te
1095 4501 1233 4554 facio
1288 4501 1489 4553 Pascha
1521 4514 1642 4552 cum

75 4571 322 4638 discipulis
369 4587 533 4627 meas.
567 4572 633 4625 Et
679 4572 926 4626 fecerunt
975 4573 1225 4642 discipuli
1255 4572 1394 4625 sicut
1443 4570 1640 4625 coasti-

73 4643 161 4695 tuit
184 4645 283 4699 illis
318 4645 486 4701 Jesus
507 4685 521 4707 ,
553 4656 608 4697 et
639 4653 964 4712 paraverunt
1011 4643 1513 4713 Pasclia.,Vespere
1554 4656 1649 4695 au-

74 4719 162 4784 tem
199 4715 375 4781 facto,
437 4714 810 4769 discumbebat
837 4731 959 4768 cum
1006 4716 1292 4770 duodecim
1341 4713 1641 4784 discipulis.

50 4779 131 4837 'Et
170 4779 454 4843 edentibus
499 4787 607 4840 illis
631 4829 646 4850 ,
703 4788 837 4840 dixit
866 4804 878 4840 :
910 4787 1082 4842 Amen
1124 4787 1246 4840 dico
1279 4786 1433 4839 vobis
1459 4779 1497 4851 ,⁷
1523 4785 1646 4854 quia

73 4869 191 4910 anius
215 4873 458 4914 vestrum
511 4874 596 4912 tne
629 4859 919 4912 traditurus
951 4869 1054 4913 est.
1091 4860 1153 4912 Et
1201 4859 1502 4911 contristati
1539 4856 1648 4910 val-

75 4926 163 5001 de,
211 4941 512 5001 coeperunt
564 4930 758 5000 singuli
792 4930 1019 4984 dicere:
1065 4930 1333 4999 Numquid
1379 4944 1479 4998 ego
1528 4941 1646 4981 sum

56 4993 325 5058 .Ilominef
380 5007 453 5058 At
506 5002 621 5072 ipse
653 4993 1044 5072 'rt-spOudeus,
1093 5005 1167 5055 ait
1200 4993 1234 5056 ε’
1273 5001 1373 5067 Qui
1413 4993 1648 5072 'intiugit

58 5081 260 5144 “mecum
292 5071 602 5130 maoum’in
635 5071 920 5144 paropside
944 5113 960 5139 ,
1006 5073 1090 5127 hic
1132 5088 1216 5127 me
1247 5072 1443 5126 tradet.
1479 5071 1650 5144 Filius

58 5144 266 5214 'jtqiudeiu
301 5146 543 5201 hominis
575 5147 752 5208 vadit,
783 5145 924 5199 sicut
972 5148 1232 5214 scriptum
1265 5153 1351 5199 est
1393 5144 1462 5198 de
1514 5143 1646 5196 illo:

60 5211 160 5286 fetae
203 5232 385 5273 autem
441 5217 643 5271 boiniui
701 5217 812 5281 illi,
864 5231 960 5286 per
1009 5211 1170 5286 quem
1226 5217 1366 5270 filius
1416 5214 1652 5268 hominis

62 5279 338 5356 Etradetur:
371 5292 571 5344 bonum
600 5298 718 5345 erat
744 5279 836 5356 ei,
864 5279 913 5342 si
947 5279 1103 5343 natus
1135 5301 1240 5342 non
1264 5286 1458 5341 fuisset
1487 5287 1653 5339 homo

75 5349 171 5414 Ille.
209 5359 570 5433 Respondens
620 5349 1047 5428 autem'Judas,
1081 5359 1174 5430 qui
1231 5358 1450 5413 tradidit
1501 5371 1650 5423 eum,

1750 3381 1818 3436 lis
1841 3384 1997 3438 meis.
2048 3381 2061 3383 ⁷
2584 3383 2793 3437 25.non
2820 3382 2989 3437 nasci.

1750 3453 1839 3509 19.
1887 3456 1954 3509 Et
1987 3453 2231 3512 fecerunt
2587 3454 2945 3524 Respondeas

1749 3525 2002 3596 discipuli
2588 3523 2770 3581 autem
2802 3525 2990 3588 Judas,
3026 3523 3108 3596 (ά)

1751 3598 1892 3652 sicut
1926 3614 2084 3668 prae-
2586 3597 2677 3668 qui
2710 3600 3012 3652 traditurus

1751 3671 1898 3740 cepit
1929 3670 2041 3724 illis
2586 3679 2704 3724 erat
2731 3671 2772 3741 1-
2799 3685 2950 3736 eum,

2213 3759 2447 3818 coosx
2487 3760 2876 3817 BRIXIANUS.
2897 3761 2922 3833 ς

1748 3851 1877 3908 fecit
1928 3853 1980 3907 in
2013 3856 2333 3909 memoriam
2364 3855 2502 3923 ejus.
2552 3853 2702 3908 Tunc
2731 3853 2866 3908 abiit
2892 3865 3031 3907 unus
3059 3865 3123 3908 ex
3154 3850 3357 3908 duode'

1747 3925 1878 3978 cim.
1913 3926 2003 3996 qui
2052 3924 2253 3980 dicitur
2281 3923 2450 3981 ludas
2478 3924 2817 3982 Scariothes.
2857 3936 2911 3996 at
2945 3924 3216 3995 principes
3265 3939 3355 3977 sa-

1750 3995 2032 4051 cerdotum
2066 4005 2120 4052 et
2168 3999 2241 4052 ait
2293 3999 2418 4054 illis.
2446 3997 2585 4066 Quid
2616 3998 2776 4051 vultis
2807 3995 2936 4050 mihi
2983 3997 3114 4050 dare
3143 4005 3199 4050 et
3257 4011 3358 4066 ego

1748 4067 1905 4122 vobis
1959 4084 2080 4124 eum
2138 4070 2369 4125 tradam.
2406 4073 2473 4124 Αι
2506 4069 2580 4124 illi
2629 4077 2937 4124 statuerunt
2993 4068 3042 4123 ei
3091 4083 3216 4122 xxx.
3269 4083 3358 4122 ar-

1749 4148 2014 4214 genteos.
2057 4141 2123 4196 Et
2179 4143 2373 4198 exinde
2426 4141 2723 4214 quaerebat
2783 4142 3244 4214 opportunitatem
3300 4148 3358 4192 ut

1751 4226 1876 4266 cum
1903 4213 2162 4268 traderet.

1829 4284 2005 4338 Prima
2055 4295 2237 4341 autem
2301 4285 2388 4341 die
2444 4285 2744 4341 azimorum
2796 4291 3146 4339 accesserunt
3195 4281 3358 4338 disci-

1751 4355 1863 4424 puli
1915 4355 1981 4410 ad
2036 4356 2220 4412 Jesum
2264 4357 2508 4414 dicentes
2556 4358 2628 4414 ei.
2674 4355 2776 4414 Ubi
2834 4358 2913 4411 vis
2961 4372 3213 4427 paremus
3262 4354 3356 4427 tibi

1753 4428 2086 4484 manducare
2138 4429 2366 4484 Pascha.
2421 4431 2490 4500 (ε)
2543 4429 2613 4484 At
2643 4430 2734 4485 ille
2783 4427 2824 4500 ’ί-
2872 4426 3009 4484 dixit
3040 4427 3115 4482 lte
3145 4428 3195 4481 in
3226 4426 3359 4500 civi-

1754 4509 1919 4554 tatem
1977 4501 2044 4554 ad
2106 4502 2394 4570 quemdam
2431 4496 2500 4556 et
2550 4502 2712 4556 dicite
2769 4496 2840 4556 ei.
2896 4500 3163 4570 Magister
3205 4496 3356 4570 dicit.

1753 4569 1990 4641 Tempus
2047 4569 2224 4628 meum
2284 4589 2457 4644 prope
2511 4583 2612 4628 est.
2661 4585 2788 4642 aput
2858 4584 2908 4628 te
2961 4572 3111 4644 facio,
3152 4569 3355 4644 Pascha

1753 4658 1876 4696 cum
1939 4643 2217 4713 discipulis
2263 4642 2421 4701 meis.
2479 4644 2546 4700 Et
2591 4644 2837 4699 fecerunt
2885 4643 3157 4713 discipuli.
3218 4642 3357 4694 sicut

1757 4717 2035 4785 praecepit
2065 4711 2170 4771 illis
2197 4715 2357 4773 Jesus
2407 4725 2460 4771 et
2493 4724 2822 4785 paraverunt
2851 4715 3078 4770 Pascha.
3118 4711 3357 4785 Vespere

1753 4794 1933 4840 autem
1957 4783 2101 4842 facto
2131 4783 2504 4844 discumbebat
2531 4786 2691 4843 Jesus
2719 4804 2842 4843 cum
2873 4788 3154 4842 duodecim
3191 4783 3356 4837 disci-

1753 4857 1918 4926 pults.
1957 4859 2018 4911 Et
2050 4860 2334 4914 edentibus
2363 4862 2490 4915 illis.
2521 4859 2658 4915 dixit
2683 4861 2852 4914 Arnen
2880 4860 3001 4911 dico
3031 4858 3199 4911 vobis.
3230 4853 3355 4926 quid

1758 4924 1896 4982 itnus
1923 4943 2156 4985 vesmun
2185 4933 2482 4987 traditurus
2511 4944 2593 4986 est
2618 4947 2724 4987 me.
2753 4933 2817 4985 Et
2843 4929 3146 4985 contristati
3180 4924 3355 4981 valde.

1756 5011 2054 5074 coeperunt
2075 5005 2269 5072 singuli
2301 5005 2484 5060 dicere
2521 5003 2788 5074 Numquid
2819 5017 2920 5072 ego
2950 5007 3070 5056 sunt
3102 4999 3352 5054 Domine.

1755 5070 1827 5146 ᾼι
1872 5073 1988 5140 ipse
2031 5070 2367 5145 reSpondens
2399 5077 2472 5131 ait
2498 5076 2598 5146 Qui
2633 5070 3086 5146 iu'tiugitauccnut
3124 5086 3358 5146 manum

1758 5143 1810 5197 in
1843 5141 2136 5215 parapside'
2159 5149 2244 5203 hic
2290 5163 2376 5204 me
2407 5141 2606 5204 tradet.
2642 5141 2808 5200 Filius
2855 5144 3070 5214 quidem
3123 5141 3360 5215 hominis

1758 5217 1908 5268 vadit
1937 5214 2079 5272 sicut
2104 5221 2366 5274 scrihtum
2396 5221 2568 5275 estde
2599 5235 2685 5275 eo.
2712 5234 2808 5273 vae
2831 5227 3012 5272 autem
3048 5214 3255 5270 huuiini
3285 5214 3360 5266 illi

1757 5298 1856 5356 per
1881 5297 2043 5358 quem
2072 5289 2216 5346 filius
2245 5291 2479 5347 hominis
2510 5290 2761 5346 traditur.
2818 5289 3018 5343 bonum
3056 5296 3175 5343 erat
3194 5286 3298 5358 illi_
3314 5285 3363 5340 si

1759 5355 2059 5434 natusiion
2092 5361 2282 5418 fuisset
2309 5366 2470 5420 homo
2494 5365 2603 5419 ille.
2631 5360 2987 5434 Respondeus
3040 5371 3222 5415 autem
3269 5355 3365 5413 Ju-

1759 5427 1859 5485 das
1885 5430 1962 5504 (ά)
2017 5434 2108 5504 qui
2157 5435 2459 5493 traditurus
2510 5446 2626 5493 erat
2665 5436 2705 5508 -ζ-
2743 5427 2876 5492 eum

763 5525 1156 5584 VARIANTES
1192 5521 1572 5584 LECTIONES
1607 5511 1876 5581 CODICIS
1913 5513 2022 5584 MS.
2065 5529 2124 5586 S.
2164 5529 2671 5590 GERMANENSIS.

72 5669 74 5714 ς
134 5623 148 5653 ί
178 5625 241 5675 At
260 5623 413 5676 Iesus
433 5621 561 5676 dixit

1404 5703 1774 5770 BLANCHINI
1809 5712 2043 5772 ΝΟΤᾸὲ.

146 5804 214 5888 (α.)
239 5805 320 5888 lla
349 5814 408 5860 et
423 5803 580 5888 Eant.
615 5802 732 5859 Lat.
753 5812 830 5888 “et
847 5803 944 5888 Gr.
974 5812 1256 5882 στατῆρας.
1275 5833 1342 5844 -
1373 5802 1447 5877 (b)
1471 5803 1636 5860 Addit

1757 5823 1796 5879 π,
1828 5809 1950 5866 cod.
1977 5825 2194 5884 quoque
2218 5809 2376 5870 Cant.
2404 5812 2748 5888 αὐτοῖς.-(σ)
2779 5813 2858 5870 lta
2877 5823 2932 5872 et
2965 5823 3079 5872 tex.
3103 5814 3199 5872 Gr.
3229 5813 3255 5870 ὁ
3285 5813 3360 5871 δέ.

149 5877 220 5947 (ά)
253 5875 394 5935 Tex.
419 5875 510 5935 Gr.
545 5876 571 5934 ὁ
602 5873 945 5955 παραδιδούς.
