1920 3169
471 213 584 248 CODEX
603 212 871 249 YERCELLENSIS.

269 283 277 291 .
303 284 310 291 .
334 261 519 300 .liora,et_ﬁ_-
687 259 759 287 51..
782 279 789 286 .
811 279 818 287 .
842 279 849 286 .
871 278 878 286 .
901 278 908 286 .
931 278 938 285 .
959 265 1025 300 ecce

272 293 526 330 .....hominis
690 293 1012 327 ........exhis

271 334 427 362 tradeturin
690 352 696 358 .
719 352 727 359 .
750 353 756 359 .
781 353 787 359 .
811 353 817 358 .
841 351 847 358 .
870 350 877 357 .
900 338 968 360 .um

269 370 473 404 manibuspec—
690 387 697 394 .
738 387 745 394 .
784 388 790 394 .
832 388 838 394 .
880 386 886 393 .
928 385 935 393 .
977 387 983 392 .
1024 385 1031 392 .

268 403 536 433 46.catorum.Sut-e
689 424 694 431 .
737 424 744 431 .
785 423 792 430 .
834 424 840 430 .
882 423 888 429 .
929 422 937 430 .
978 422 984 428 .
1025 422 1031 428 .

268 442 425 475 giteeamus
688 458 696 466 .
737 460 744 466 .
784 459 791 466 .
833 460 840 467 .
881 458 888 465 .
928 458 935 465 .
976 458 984 465 .
1025 457 1031 464 .

270 477 331 504 hinc
349 485 355 502 ε
376 484 439 504 ecce
687 475 805 509 gladium
817 482 862 502 sn-

268 513 466 547 adpropiuqun-
689 518 753 547 um,
761 516 788 538 et
804 510 841 546 (b)
857 517 968 545 percus-

268 545 310 575 vit'
318 545 363 583 qui
377 545 420 575 me
689 547 729 583 sit
741 545 879 582 fservum

266 584 363 611 tradet.
690 582 820 617 principis
835 589 878 610 sa-

266 619 312 647 47.
330 619 427 647 Adhuc
434 625 468 647 eo
478 618 518 647 lo-
689 617 839 649 cerdotum,

286 661 379 689 uente,
392 662 457 682 ecce
693 653 730 690 (ε)
744 658 772 690 et
786 652 959 690 amputavit?

285 691 353 718 udas
367 697 438 718 unus
690 689 840 717 auriculam

267 733 303 755 ex
314 726 456 755 duodecim
690 724 761 758 ejus.

691 760 736 788 52.
757 760 877 789 Tuncait
890 759 923 787 ad
937 759 968 787 il-

691 796 745 823 lum
756 796 835 824 Jesus
848 805 854 823 :
870 795 941 823 Con-

691 836 766 860 verte
776 832 861 867 gladi-

266 762 350 795 venit,
367 765 466 790 etcum

267 796 329 832 ipso
344 797 421 825 turba

268 833 364 868 multa,
377 841 420 861 cu.
444 853 450 859 .
475 852 481 858 .

267 868 421 904 gladiis,et.
446 889 451 896 .
475 888 482 895 .
505 887 512 894 .
691 876 735 904 tim
750 872 825 896 tuum
839 868 866 896 in

268 903 341 933 tibus
355 913 392 932 m.
413 925 420 932 .
445 925 451 932 .
473 924 481 931 .
504 923 511 931 .
690 903 779 931 locum
792 912 883 932 suum.

268 940 349 976 apri.
373 961 380 967 .
402 961 410 968 .
432 960 440 967 .
462 959 470 967 .
493 960 500 966 .
524 961 531 968 .
690 939 859 976 0mnes,rqui

267 975 330 1004 bus.
352 996 359 1003 .
381 996 389 1004 .
411 996 419 1004 .
441 995 449 1003 .
470 995 478 1003 .
500 995 507 1003 .
690 975 844 1010 acceperint

268 1016 336 1040 tum.
359 1032 366 1039 .
388 1032 395 1039 .
418 1031 426 1039 .
448 1032 455 1039 .
478 1032 485 1039 .
509 1032 515 1039 .
538 1031 545 1037 .
689 1011 887 1073 gladium,gla—

710 1047 887 1074 tooeribu..

690 1054 915 1081 utoperinu...

691 1082 941 1110 55.Autnon...

691 1090 967 1110 ao.nutnon....

268 1090 611 1152 £8........eum,
692 1122 967 1153 tasposs......

269 1153 300 1183 d.
321 1173 328 1181 .
351 1174 358 1181 .
380 1175 387 1181 .
411 1175 417 1181 .
440 1174 447 1181 .
463 1154 543 1190 ssig-
692 1152 908 1190 (d)7modo-l-ro.
931 1168 953 1181 .-

268 1198 345 1223 num,
360 1190 473 1219 dicens:
516 1189 526 1190 7
693 1196 723 1216 re
735 1189 826 1217 Patre.
849 1210 856 1217 .
879 1209 885 1215 .

268 1226 433 1261 Quemcum-
693 1232 766 1261 men.
791 1246 797 1252 .
819 1244 827 1252 .
850 1245 857 1252 .
880 1245 886 1251 .
911 1243 918 1251 .
941 1245 946 1251 .

267 1259 315 1297 q'u.
338 1280 345 1288 .
360 1262 468 1290 oscula—
695 1259 767 1297 bibe.
849 1281 857 1288 .
880 1281 886 1287 .
910 1281 918 1288 .
940 1280 946 1287 .
969 1278 978 1287 .

267 1295 321 1326 fus.
344 1317 351 1324 .
363 1305 440 1332 uero,
457 1297 498 1333 ip—
694 1295 722 1333 bi
736 1296 773 1333 (ξ)
786 1296 846 1333 plus
861 1303 941 1332 quam

268 1341 299 1362 se
308 1339 360 1367 est,
377 1331 476 1362 tenete'
693 1331 835 1359 duodecim

268 1377 343 1397 eum.
693 1367 813 1402 legiones
825 1375 873 1395 an-

267 1403 314 1433 49.
334 1405 368 1433 Et
378 1404 469 1432 statim
483 1411 529 1432 ac—
694 1403 739 1432 54.
759 1403 898 1439 gelornm?
912 1403 983 1439 Quov

267 1441 350 1469 cessit
360 1440 393 1468 ad
403 1440 508 1472 .lesum,
693 1439 775 1467 modo
786 1447 850 1475 ergo

268 1481 296 1504 et
306 1476 391 1504 dixit:
406 1476 482 1504 Habe
495 1475 568 1503 Rab—
694 1475 879 1510 iniplebuntur

268 1511 307 1552 bi.
325 1512 362 1552 Et
370 1512 476 1539 oscula-
693 1510 861 1552 Scripturae,

269 1551 313 1575 tus
324 1551 366 1575 est
375 1554 449 1575 eum.
714 1551 756 1574 uia
769 1554 808 1574 snc
818 1554 902 1581 opor-

271 1582 315 1623 Eft):
333 1582 406 1623 Dixit
420 1582 445 1610 ei
460 1581 557 1610 Iesus:
694 1554 741 1623 g5.
757 1586 795 1623 tet
810 1582 886 1623 ﬁeri}
901 1582 930 1610 ln
942 1581 988 1616 illa

271 1618 313 1646 Ad
324 1617 396 1653 quod
409 1625 456 1645 ve—
492 1652 495 1653 ν
694 1617 760 1645 hora
771 1616 850 1645 Jesus
860 1617 902 1645 di-

275 1675 280 1680 .
304 1674 311 1681 .
334 1652 342 1680 .
354 1653 384 1685 ti,
396 1652 500 1694 amice?

274 1710 282 1717 .
305 1709 312 1717 .
336 1696 391 1716 .nc
406 1696 507 1723 iniece-

695 1653 734 1680 xit
745 1653 778 1680 ad
793 1653 900 1680 turbam
916 1663 923 1680 :

696 1688 778 1721 Quasi
790 1688 823 1716 ad
839 1688 922 1717 latro-

276 1746 283 1753 .
306 1745 314 1753 .
330 1729 360 1752 nt
372 1731 449 1760 man-
699 1731 759 1760 nem
773 1724 807 1760 (Γ)
824 1725 915 1752 venis-

275 1781 283 1789 .
307 1781 315 1790 .
336 1780 343 1787 .
366 1780 372 1787 .
387 1759 491 1792 .lesum,
507 1763 535 1790 et
701 1760 734 1787 tis
748 1759 810 1822 ΓΜ
821 1768 866 1788 me
876 1768 940 1788 cum

277 1818 284 1822 .
307 1817 314 1822 .
336 1814 345 1822 .
367 1816 374 1822 .
397 1815 405 1822 .
428 1816 435 1822 .
449 1799 524 1822 runt.
701 1795 746 1822 tria
766 1796 798 1822 iis
813 1801 840 1822 et
853 1796 910 1822 ius-

277 1818 284 1825 .
307 1817 314 1824 .
336 1814 345 1824 .
367 1816 374 1824 .
397 1815 405 1823 .
428 1816 435 1822 .
449 1799 524 1823 runt.
701 1795 798 1830 gladiis
813 1801 840 1823 et
853 1796 910 1824 tus.

492 1840 610 1869 CODEX
628 1841 868 1870 COBBEIENSIS.

274 1888 466 1926 propinquavit
479 1889 556 1920 hora,
567 1892 603 1926 get
618 1888 688 1926 ﬁlius
703 1889 819 1916 hominis
835 1890 957 1917 tradetur
972 1891 999 1917 in
1022 1897 1079 1917 ma-

277 1924 335 1954 nus
354 1924 536 1961 peccatorum.
563 1924 670 1962 surgite
692 1933 820 1962 eamus:
844 1933 908 1962 cccc
930 1926 1079 1962 appropin-

293 1960 367 1989 uavii.
393 1962 439 1997 qui
467 1969 509 1988 me
538 1960 644 1997 tradet.
660 1960 756 1988 Adhuc
777 1961 824 1992 illo
848 1960 986 1996 loquente,
1015 1960 1080 1989 ecce

293 1971 367 1989 uavrt
393 1971 439 1997 qlll
467 1971 509 1988 me
538 1971 635 1990 ll'ZIUCI-
660 1971 756 1988 nunuc
778 1971 824 1992 ιιιυ
848 1971 986 1996 loquente,
1015 1971 1079 1989 CCCC

273 1971 359 2026 audas
383 2005 453 2025 unus
475 1997 509 2024 de
533 1995 675 2027 duodecim
699 1996 782 2030 venit,
809 2002 837 2025 et
859 2005 920 2025 cum
943 2005 977 2025 eo
1000 1998 1079 2025 turba

277 2034 371 2066 multa,
393 2040 454 2060 cum
477 2031 573 2067 gladiis
589 2035 615 2059 ct
634 2031 760 2066 fustibus,
777 2033 853 2060 missi
875 2042 888 2060 a
908 2032 1075 2068 principibus

278 2068 515 2105 sacerdotumtretr
526 2068 678 2105 senioribus
693 2069 792 2105 populi.
809 2068 867 2105 Qui
877 2074 967 2096 autem
988 2068 1074 2096 tradi-

279 2105 320 2132 dit
333 2112 406 2137 eum,
423 2103 495 2131 dedit
511 2103 562 2130 illis
576 2103 698 2138 signum,
718 2105 811 2131 dicens
828 2113 833 2130 :
851 2103 1076 2139 Quemqunmque

280 2140 418 2168 osculatus
438 2138 523 2171 fuero,
547 2140 604 2174 ipse
619 2144 672 2172 est,
688 2144 778 2167 tenete
795 2147 868 2166 cum.
885 2140 917 2174 Et
932 2140 1075 2167 confestim

281 2175 415 2203 aecedcns
430 2174 462 2202 ad
477 2171 577 2208 .lesum,
594 2171 681 2202 dixit:
701 2176 756 2201 Ave
772 2174 867 2201 Rabbi.
886 2171 919 2202 Et
941 2176 1078 2202 osculatus

282 2216 324 2240 est
345 2219 417 2238 enm.
444 2212 567 2246 Dixitque
589 2211 626 2238 illi
640 2210 740 2237 .lesus:
761 2210 864 2241 Amice.
888 2211 921 2238 ad
945 2211 1015 2245 quod
1032 2218 1077 2238 ve-

284 2247 364 2275 nisti?
379 2246 454 2274 Tunc
468 2251 652 2279 accesserunt,
669 2251 697 2272 et
712 2253 807 2273 manus
823 2246 973 2280 injecerunt
989 2247 1015 2274 in
1033 2247 1079 2274 Jc-

284 2291 355 2317 sum,
374 2288 400 2310 et
418 2287 563 2310 tenuerunt
588 2289 660 2308 eum.
687 2281 720 2311 Et
735 2288 797 2308 cccc
819 2289 888 2308 unus
913 2290 945 2309 ex
971 2283 1012 2310 bis
1034 2283 1079 2316 qui

284 2324 362 2346 erant
372 2326 433 2346 cum
445 2318 520 2350 Jesu,
537 2317 688 2344 extendens
709 2324 829 2349 manuni,
843 2318 943 2345 exemit
961 2318 1081 2353 gladium

283 2362 375 2388 suum,
398 2360 423 2381 et
448 2353 602 2389 percutiens
624 2360 731 2389 servuli)
759 2353 886 2389 principis
909 2354 1079 2386 sacerdotum

285 2387 434 2425 amputavit
447 2387 683 2425 auriculamrcjus.
698 2387 773 2414 'l‘unc
792 2388 828 2415 ait
842 2389 879 2416 illi
894 2388 973 2416 .lesus
989 2399 994 2417 :
1010 2389 1081 2417 Con-

285 2424 362 2454 verte
374 2424 492 2460 gladium
508 2429 585 2460 tuan
601 2424 626 2450 in
643 2424 731 2460 locum
751 2431 840 2451 suum.
859 2425 867 2439 ‘
883 2425 982 2452 Omnes
995 2426 1080 2460 enim,

287 2462 331 2497 qui
351 2458 504 2496 acceperint
517 2459 646 2494 gladium,
663 2458 751 2497 gladio
771 2460 904 2493 peribunt.
931 2461 972 2488 An
990 2458 1077 2495 putas,

287 2494 350 2532 quia
367 2494 541 2532 nonfpossuni
556 2502 651 2532 rogare
667 2494 884 2532 Raireinmeum,
902 2501 928 2524 et
943 2494 1083 2525 exhibebit

287 2530 353 2559 mihi
366 2531 446 2568 modo
458 2531 596 2568 plusquam
616 2530 757 2567 duodecim
771 2531 891 2565 legiones
907 2534 1083 2568 angelorum?

287 2566 428 2604 Quomodo
435 2574 498 2601 ergo
506 2566 811 2604 iniplebttnturrscriptu:
818 2575 849 2595 ae
857 2569 867 2583 ²
876 2566 1082 2604 Prophetarum,

287 2603 351 2638 quia
362 2603 400 2630 sic
409 2607 515 2637 oportet
527 2602 601 2629 iicri?
618 2602 644 2629 In
669 2602 714 2630 illa
726 2603 791 2630 hora
808 2603 874 2631 dixit
888 2602 965 2632 Jes‘us
979 2605 1062 2632 turbis
1076 2613 1083 2631 :

287 2639 436 2675 Tamquam
459 2637 492 2666 ad
511 2639 643 2665 latronem
669 2638 761 2666 existis
775 2646 835 2667 cum
851 2640 946 2674 gladiis
958 2644 985 2668 et
997 2640 1054 2668 fus—

541 154 674 186 EUSEBII
693 153 863 184 VERCELL.
885 153 1110 188 EVANGEIJUH
1129 155 1198 185 CUM
1219 155 1334 186 VARIIS
1351 154 1429 184 COD.
1449 155 1650 185 COLLATUM.

1343 214 1461 243 CODEX
1479 213 1704 243 VERONENSIS.

1544 264 1609 287 runt
1623 267 1691 287 eum.

1544 295 1590 323 5|.
1609 295 1642 322 Et
1652 303 1710 324 ecce
1721 303 1784 324 unus

1545 339 1579 360 ex
1594 331 1636 359 his
1648 332 1691 367 qui

1545 372 1624 395 erant
1636 375 1696 395 cum

1545 403 1651 436 Jesum,
1665 403 1800 432 extendens

1546 447 1667 472 manum,
1679 440 1771 466 exemit

1502 498 1509 502 .
1546 475 1666 510 gladium
1680 482 1761 508 suum,

1547 515 1575 538 et
1590 510 1628 546 (ὁ)
1644 511 1767 552 percussit
1776 511 1793 546 ῒ

1546 554 1655 574 servum
1669 554 1762 582 princi-

1123 267 1164 292 ra,
1178 264 1206 288 et
1218 259 1288 288 ﬁlius

1124 295 1241 323 hominis
1252 295 1291 331 (a)
1307 300 1361 325 tra-

1124 332 1196 359 ditur
1206 331 1225 366 ἢ·
1241 331 1269 359 in
1284 339 1341 359 ma—

1125 367 1204 395 nibus
1216 374 1310 402 pecca-

1124 402 1171 431 46.
1180 408 1279 430 torum.
1290 403 1381 439 Surgi-

1125 443 1151 467 te
1166 446 1273 466 eamus:
1285 446 1331 466 CC-

1124 482 1156 502 ce
1170 475 1340 510 adpropiavit

1144 511 1171 538 ui
1182 519 1225 538 me
1237 510 1333 538 tradet.

1145 547 1172 574 7.
1186 547 1282 573 Adhuc
1294 547 1354 581 ipso

1126 581 1264 617 loquente.
1280 590 1344 611 ecce
1547 582 1587 617 pis
1596 581 1717 610 sacerdo-

1125 617 1208 645 Judas
1218 625 1287 645 unus
1547 622 1603 645 tum
1618 617 1656 653 (c)
1670 621 1697 646 et
1707 625 1758 645 am-

1125 653 1160 681 de
1173 661 1219 681 xn.
1234 654 1317 685 venit,
1547 654 1650 689 putavit
1662 653 1681 688 4,-

1126 693 1154 717 et
1163 696 1224 717 cum
1237 696 1270 717 eo
1281 693 1337 717 tur—
1546 689 1694 717 auriculam

1127 725 1160 752 ba
1172 725 1267 756 multa,
1282 732 1343 752 cum
1547 725 1616 759 ejus.

1126 760 1234 795 gladiis,
1250 765 1277 788 et
1292 760 1332 788 fu-

1126 796 1214 824 stibus
1227 796 1303 824 missi

1127 839 1142 859 a
1157 832 1324 868 principibus

1129 868 1310 902 sacerdotum,
1326 872 1353 895 et

1547 760 1592 788 52.
1609 760 1686 788 Tunc
1698 760 1733 788 ait

1549 796 1587 823 illi
1600 796 1694 824 Jesus:

1548 832 1684 860 Converte

1549 868 1670 909 gladium
1681 872 1751 895 tuum

1129 903 1282 931 senioribus
1553 903 1579 931 in
1596 905 1657 932 loco
1665 911 1723 931 suo.

1129 939 1229 974 plebis.
1551 938 1652 967 Omnes
1664 940 1744 972 enim,

1130 974 1178 1002 48.
1191 975 1241 1009 Qui
1254 979 1344 1005 autem
1551 976 1598 1011 qui
1610 975 1744 1010 accipiunt

1132 1010 1323 1044 tradiditeum,
1552 1010 1682 1046 gladium,
1700 1011 1753 1046 gla-

1131 1045 1206 1074 dedit
1221 1046 1275 1074 illis
1552 1045 1599 1075 dio
1614 1045 1746 1082 peribunt.

1130 1082 1247 1117 signum,
1263 1082 1375 1110 dicens:
1551 1083 1598 1111 55.
1614 1085 1668 1110 Aut
1683 1089 1735 1110 non
1748 1089 1790 1117 pu-

1131 1089 1247 1117 sngnum,
1263 1089 1375 1110 dicens:
1551 1089 1598 1111 56.
1614 1089 1668 1110 Aut
1683 1089 1735 1110 non
1779 1095 1790 1101 -

1131 1118 1334 1154 Quemcumque
1349 1124 1351 1127 '
1552 1123 1593 1147 tas
1605 1126 1686 1154 posse
1697 1125 1738 1146 me
1747 1089 1781 1154 xl“)
1791 1123 1837 1145 Ino-

1132 1126 1334 1154 Quemcumque
1552 1126 1593 1147 tas
1626 1126 1686 1146 osse
1697 1126 1733 1146 me

1132 1154 1271 1190 osculatus
1554 1155 1590 1182 do
1602 1126 1624 1190 ξ
1637 1162 1733 1190 rogare

1131 1189 1220 1223 fuero,
1235 1190 1293 1225 ipse
1553 1189 1662 1218 Patrem
1675 1189 1769 1220 meum.

1132 1230 1183 1258 est,
1198 1230 1287 1254 tenete

1132 1269 1205 1289 eum.

1133 1296 1178 1325 49.
1196 1297 1231 1325 Et
1242 1296 1387 1325 confestim

1554 1231 1582 1254 et
1595 1226 1716 1254 exibebit
1728 1225 1786 1253 mihi

1555 1262 1593 1298 (ι)
1607 1262 1667 1296 plus
1682 1269 1730 1289 xit.
1745 1260 1788 1289 mi-

1555 1298 1589 1325 lia
1604 1298 1724 1333 legiones
1737 1305 1780 1324 an-

1133 1332 1268 1361 accedens
1282 1333 1316 1361 ad
1555 1332 1698 1368 geloriim‘l

1133 1368 1239 1400 Iesum.
1256 1368 1343 1396 dixit:
1555 1370 1601 1398 54.
1622 1368 1762 1403 Quomodo

1135 1404 1211 1442 [labe
1223 1404 1322 1442 Rabbi.
1555 1412 1622 1442 ergo
1635 1405 1732 1442 imple:

1134 1440 1169 1469 Et
1180 1441 1317 1468 osculatus

1135 1477 1181 1505 50.
1198 1482 1239 1504 est
1251 1483 1323 1504 eum.
1339 1475 1383 1504 Di-

1557 1440 1661 1470 buntur
1671 1440 1742 1468 Scri-

1558 1483 1654 1512 pturae
1666 1476 1779 1511 Prophe-

1136 1512 1229 1555 xitque
1243 1512 1282 1555 illi
1303 1548 1309 1554 ο
1559 1518 1659 1555 tarum,
1671 1513 1733 1555 quia

1136 1547 1215 1590 Jesus
1228 1557 1234 1574 :
1250 1548 1353 1590 amice,
1558 1550 1599 1590 sic
1611 1553 1723 1590 oportet

1137 1583 1172 1611 ad
1187 1583 1259 1618 quod
1268 1591 1314 1611 ve~
1520 1607 1523 1611 .
1558 1585 1638 1612 ﬁeri?

1137 1619 1221 1646 nisti?
1558 1620 1604 1649 55.
1625 1621 1654 1649 In
1669 1620 1713 1648 illa
1727 1620 1787 1648 hora

1138 1654 1215 1683 Tunc
1224 1662 1318 1683 acces—
1558 1656 1627 1684 dixit
1640 1656 1719 1684 Iesus

1138 1694 1242 1724 serunt,
1263 1695 1292 1719 et
1559 1692 1645 1721 turbis
1662 1701 1670 1720 :
1684 1691 1762 1726 Quasi
1772 1689 1802 1718 ad
1813 1689 1841 1717 lt-

1139 1734 1236 1754 manus
1252 1727 1320 1764 inje-
1560 1733 1666 1756 tronem
1678 1727 1714 1764 (f)
1726 1735 1767 1756 ve-

1139 1767 1235 1800 cerunt
1250 1763 1277 1790 in
1518 1788 1523 1791 ι
1560 1764 1638 1792 nislis
1653 1765 1674 1800 -ι-
1689 1771 1748 1792 cum

1140 1797 1244 1831 Jesum,
1260 1803 1288 1826 et
1301 1803 1393 1828 tenue-
1516 1809 1521 1813 ν
1559 1797 1699 1835 ειειάὶὶεέι

1365 1844 1480 1872 GODEX
1500 1844 1700 1873 BRIXIANUS.

1132 1891 1224 1926 quavit
1246 1892 1323 1919 hora.
1348 1897 1375 1919 ct
1401 1891 1470 1919 ﬁlius
1497 1891 1614 1919 hominis
1641 1891 1760 1919 tradetur
1782 1891 1880 1926 inuam

1133 1924 1316 1961 peccatorum.
1349 1926 1456 1963 Surgite
1482 1935 1586 1960 eamus.
1620 1935 1685 1955 ecce
1714 1924 1880 1963 adpropiuqtﬁfi’l

1134 1957 1180 1997 qui
1201 1970 1244 1990 me
1264 1963 1360 1991 tradet.
1390 1957 1420 1990 Ei
1443 1963 1532 1991 adhuc
1550 1958 1585 1991 eo.
1609 1964 1736 1999 loquente
1749 1957 1817 1990 'ecce
1834 1957 1879 1999 iud}-

1136 1993 1205 2026 tinus
1227 2007 1260 2026 ex
1289 1999 1430 2027 duodecim
1456 2000 1530 2027 venit
1552 2005 1579 2027 et
1602 1993 1664 2028 cum
1687 2007 1720 2027 eo
1744 1998 1810 2029 turba
1833 1993 1880 2024 mulli

1133 2041 1194 2062 cum
1210 2035 1306 2069 gladiis
1321 2041 1348 2063 et
1369 2035 1484 2063 fustibus
1500 2035 1575 2063 missi
1591 2043 1605 2062 ιι
1621 2035 1783 2070 principibus
1796 2029 1877 2070 sacerth

1131 2073 1197 2106 tum.
1212 2075 1239 2098 ct
1256 2071 1409 2099 senioribus
1432 2071 1528 2106 plebis.
1545 2071 1595 2104 Qui
1619 2069 1716 2098 tantem
1729 2069 1833 2102 tradebat
1845 2069 1877 2105 eum

1131 2104 1206 2132 dedit
1219 2106 1258 2134 eis
1271 2107 1377 2141 signum
1401 2104 1505 2134 dicens.
1520 2107 1605 2141 Quem
1621 2106 1759 2134 osculatus
1779 2105 1879 2141 incipit“

1131 2146 1173 2168 e51
1196 2146 1286 2169 tcuete
1297 2139 1380 2170 'enm.
1407 2142 1441 2169 Et
1461 2139 1603 2171 confestim
1630 2142 1762 2173 accedens
1782 2141 1812 2169 ad
1826 2139 1878 2167 lein!“

1131 2176 1208 2203 dixit.
1226 2177 1300 2204 [labe
1311 2178 1408 2205 Rabbi.
1424 2179 1457 2205 Et
1469 2179 1606 2206 osculatus
1616 2183 1658 2206 est
1672 2186 1743 2205 eum.
1756 2177 1878 2208 llixilaﬂlEm

1132 2212 1171 2239 illi
1188 2212 1277 2240 Jesus.
1291 2214 1330 2241 Ad
1346 2214 1415 2249 quod
1431 2214 1527 2242 venisti
1543 2215 1640 2242 amice.
1662 2214 1739 2242 Tunc
1756 2210 1880 2249 accesserth

1135 2252 1162 2274 et
1178 2256 1273 2276 manus
1286 2241 1436 2284 injec'erunt
1450 2251 1476 2277 in
1491 2250 1595 2277 Jesnm.
1609 2241 1637 2277 et
1653 2241 1794 2278 tenuerunt
1805 2241 1879 2275 eum.“

1137 2291 1204 2311 unus
1218 2292 1251 2311 ex
1265 2285 1304 2312 eis
1325 2286 1368 2320 qui
1382 2290 1439 2312 crnl.
1452 2293 1512 2313 eum
1531 2285 1634 2313 Jcsum.
1650 2285 1795 2313 extendens
1805 2285 1878 2310 mammi-

1136 2320 1237 2347 exeniit
1256 2321 1374 2356 gladium
1397 2329 1486 2348 Situm.
1514 2327 1541 2348 et
1567 2320 1605 2356 (ὀ)
1627 2321 1760 2356 percussit
1780 2320 1797 2355 1-
1815 2319 1879 2356 sertum

1136 2351 1270 2392 principis
1292 2357 1462 2384 sacerdotum
1478 2357 1514 2392 (ε)
1529 2361 1556 2384 et
1569 2351 1726 2392 ‘at'nputavit
1745 2356 1763 2391 1‘
1779 2351 1878 2387 auriculam

1136 2391 1204 2428 ejus.
1223 2392 1299 2419 Tunc
1314 2393 1350 2420 ait
1362 2392 1400 2420 illi
1414 2391 1501 2420 .lcsus.
1519 2391 1654 2420 Converte
1669 2391 1878 2428 gladiumrtttuml'"

1135 2427 1226 2464 locum
1240 2436 1329 2456 suum.
1342 2428 1443 2456 Omnes
1455 2430 1526 2456 enim
1541 2428 1587 2463 qui
1599 2426 1762 2464 peretnerint
1774 2426 1878 2464 gladius?

1137 2462 1181 2499 dio
1202 2464 1338 2498 peribunt.
1361 2465 1401 2492 An
1421 2465 1519 2499 putatis
1533 2462 1606 2498 quin.
1629 2473 1683 2492 non
1706 2470 1806 2499 Possum
1823 2462 1878 2499 r083“

1138 2495 1247 2536 Patrem
1262 2508 1350 2527 meum
1364 2505 1390 2526 et
1405 2495 1548 2527 exhibebit
1565 2500 1632 2527 inibi
1648 2499 1685 2536 (ε)
1707 2495 1830 2536 plusquam
1841 2495 1878 2536 diu?

1138 2533 1225 2571 decim
1243 2536 1314 2563 milia
1329 2535 1448 2571 legiones
1460 2536 1628 2571 angelorum.
1644 2533 1840 2571 Qdoinodorergu
1854 2533 1879 2571 ηιξ

1140 2569 1285 2631 pilebuntur
1318 2565 1474 2607 ScFipturae
1488 2565 1685 2606 Frophetaruiu
1699 2572 1759 2607 quia
1770 2570 1804 2598 sic
1813 2565 1878 2602 ϐροτω

1161 2613 1209 2631 8’1.

1161 2613 1209 2632 8’1.

1176 2640 1206 2669 In
1222 2642 1267 2670 illa
1280 2642 1344 2670 hora
1358 2642 1429 2671 dixit
1446 2642 1524 2670 Jesns
1538 2643 1623 2672 turbis
1635 2643 1777 2679 Tamquam
1789 2639 1816 2669 ad
1829 2638 1877 2665 Μεθ’

1140 2684 1202 2704 nem
1218 2678 1313 2706 existis
1333 2686 1395 2706 cum
1413 2679 1510 2714 gladiis
1522 2683 1550 2706 et
1570 2679 1612 2707 fu-

623 2715 819 2746 YARIANTES
837 2716 1029 2746 LECTIONES
1046 2717 1181 2750 CODICIS
1194 2723 1247 2751 HS.
1269 2725 1297 2753 S.
1318 2724 1571 2754 GERMANENSIS.
1607 2760 1610 2761 ν

315 2764 323 2781 ι
342 2763 420 2796 pinnis
430 2763 496 2793 enim
504 2764 545 2795 qui
557 2762 638 2795 gladio
648 2763 766 2795 percutit,
779 2762 858 2794 gladio
870 2763 968 2795 peribit.

1167 2769 1177 2784 ¹
1194 2770 1344 2802 Scripturae,
1354 2772 1413 2804 quia

955 2806 1139 2836 BLANCHINI
1157 2809 1273 2839 NOTAE.

323 2842 360 2887 (αξ
376 2843 412 2887 ξιῇ
434 2846 461 2869 et
475 2844 541 2887 text.
557 2840 611 2887 .Gr.
629 2840 886 2887 napadiaozat.—”-(b)
907 2841 943 2869 ita
955 2848 981 2887 cit
992 2843 1053 2887 cod.

1135 2847 1302 2887 gena-misy.
1325 2863 1363 2887 έ
1385 2850 1421 2884 (ε)
1437 2850 1475 2877 Ita
1493 2854 1520 2878 et
1541 2850 1602 2878 cod.
1614 2850 1694 2879 Cant.
1713 2853 1751 2879 καὶ
1768 2848 1876 2887 desilit-7

447 2878 532 2923 modo,
552 2876 737 2923 texhqluoq‘ue
746 2876 794 2917 tir.
823 2876 942 2923 apag“—
966 2878 1000 2914 (ι’)
1022 2879 1064 2908 P0:

1134 2882 1179 2916 illi,
1197 2876 1274 2913 deest
1298 2876 1481 2919 modo,‘c,tiaiii
1544 2876 1601 2915 tet.
1810 2889 1830 2911 et
1840 2879 1876 2909 cud-

283 2911 360 2943 Cant.
377 2915 465 2945 ἤλθατε
480 2913 522 2940 hic
549 2916 576 2940 et
591 2911 655 2939 alibi
682 2913 781 2948 passim
795 2933 802 2945 ,
815 2911 863 2950 pro
876 2911 974 2944 ἠλοετεξ
