3840 6338
420 447 659 508 CODEX
698 446 1250 508 VERCELLENSIS.

878 543 932 598 5.
963 542 1132 598 deris.
1162 542 1233 599 Et
1261 556 1379 614 pro-

871 615 1031 683 jectis
1069 631 1257 684 argen-

878 687 948 740 tis
973 689 1026 741 in
1057 687 1262 758 templo
1277 729 1293 753 ,

874 757 1131 814 secessit:
1165 757 1220 814 et
1246 774 1295 813 a-

873 830 1009 894 biit,
1041 840 1098 885 et
1125 830 1321 900 laqueo

872 916 933 957 se
962 901 1267 970 suspendit.

871 975 924 1029 6.
956 972 1218 1044 Princeps
1242 990 1330 1031 au-

871 1054 978 1100 tem
1001 1045 1251 1101 sacerdo-

869 1125 984 1171 tum
1002 1157 1017 1182 ,
1049 1126 1273 1187 accepta

867 1190 1125 1259 pecunia,
1154 1189 1300 1247 dixe-

868 1271 1021 1315 runt:
1045 1259 1162 1316 Non
1191 1261 1247 1316 li-

867 1341 954 1388 cet
980 1333 1196 1388 mittere

865 1417 927 1459 ea
954 1406 1006 1458 in
1033 1404 1287 1460 corbam:

864 1475 989 1545 quia
1011 1475 1204 1546 praeti-

864 1563 952 1601 um
978 1547 1188 1616 sangui-

863 1618 917 1672 7.
950 1618 1038 1674 uis
1063 1631 1168 1674 est.
1193 1616 1382 1675 Consi-

861 1689 935 1744 lio
960 1700 1140 1746 autem
1168 1705 1253 1746 ac-

861 1771 1021 1833 cepto
1053 1763 1195 1817 inter

861 1847 923 1888 se
939 1875 954 1899 ,
986 1834 1061 1902 (b)
1091 1842 1344 1890 emerunt
1369 1833 1412 1906 1-

861 1920 1046 1972 agrum
1075 1907 1202 1975 ligu-

861 1975 928 2041 li,
956 1976 1024 2032 ad
1049 1977 1284 2047 sepultu-

860 2063 975 2120 ram
1009 2050 1248 2120 peregri-

861 2119 916 2174 8.
957 2119 1174 2194 norum.
1208 2120 1373 2194 Prop-

171 731 391 792 CAPUT
419 731 646 792 XXVII.

40 828 88 884 1.
118 823 351 897 Cumque
380 841 497 882 ma-

39 915 100 956 ne
125 907 261 956 esset
288 898 402 955 fac-

40 981 138 1027 tum
155 1011 170 1036 ,
194 972 402 1026 consili-

39 1058 117 1098 um
141 1041 378 1098 fecerunt

38 1129 209 1170 omnes
235 1113 376 1185 prin-

38 1187 168 1256 cipes
190 1185 432 1242 sacerdo-

40 1267 136 1312 tum
159 1267 212 1312 et
232 1259 404 1314 senio-

37 1344 114 1385 res
137 1329 298 1400 plebis
323 1329 413 1386 a'd-

37 1399 206 1456 vers’us
231 1399 413 1458 Jesum
430 1442 450 1472 ,

39 1481 88 1528 υῑ
110 1487 222 1528 eum
251 1487 394 1529 mor-

39 1545 70 1598 ti
99 1544 375 1601 traderent.

37 1617 85 1670 2.
115 1614 175 1670 Et
199 1616 413 1686 ligatum

38 1702 144 1742 eum
167 1686 465 1758 duxerunt,

37 1767 86 1814 et
106 1759 314 1816 tradide~

38 1840 145 1885 runt
163 1829 343 1887 Pontio

39 1902 187 1956 Pilato
225 1905 415 1966 praesi-

38 1973 83 2027 5.
112 1974 176 2028 di.
216 1973 363 2032 Tunc

39 2044 203 2100 videns
226 2045 387 2102 Judas
407 2089 424 2114 ,

37 2118 114 2186 qui
141 2117 346 2175 tradidit

38 2203 161 2255 eum,
186 2191 303 2258 quia
329 2189 484 2246 dam-
861 2200 946 2248 ter
977 2191 1079 2249 hoc
1110 2208 1196 2248 vo-

36 2271 173 2336 natus
199 2275 284 2336 ess
313 2302 328 2318 .
363 2302 378 2319 .
413 2279 430 2330 ;
457 2264 648 2336 paeni-
857 2275 1007 2336 catus
1033 2275 1118 2321 est
1146 2279 1276 2336 ager

38 2333 183 2388 tentia
209 2333 334 2390 duc-
458 2333 477 2336 “
857 2334 980 2391 illae
1002 2333 1189 2392 Achelé

38 2412 142 2470 tus,
168 2407 365 2462 rettulit
858 2407 1080 2474 demac,
1112 2409 1213 2464 hoc

39 2478 230 2552 triginta
252 2493 436 2551 argen-
857 2488 970 2552 est,
988 2495 1130 2552 ager
1156 2495 1273 2534 san-

38 2555 138 2622 _teos
161 2551 402 2622 principi-
855 2551 1061 2620 guinis,
1093 2565 1264 2622 usque

38 2615 122 2673 bus
146 2615 380 2678 sacerdo-
857 2615 912 2677 in
945 2615 1153 2677 hodier-

856 2709 987 2749 num
1019 2693 1182 2750 diem.

856 2765 914 2822 9.
955 2764 1106 2821 Tunc
1131 2765 1322 2836 imple-

861 2847 970 2892 tum
998 2848 1083 2894 est
1108 2838 1252 2908 quod

41 2700 133 2746 tum
149 2733 163 2753 .
185 2703 238 2749 et
257 2695 430 2750 senio-

39 2764 82 2814 4.
112 2763 245 2819 ribus
259 2807 273 2830 ,
305 2766 496 2823 dicens
517 2784 534 2822 :

37 2830 234 2911 Peccavi
253 2877 266 2911 ρ
295 2838 442 2911 quod

39 2906 330 2965 tradiderint
857 2908 1058 2964 dictum
1088 2906 1174 2966 est

37 2983 322 3060 sanguinem
859 2994 956 3050 per
984 2980 1223 3060 Pruphe-

34 3051 229 3120 justum.
858 3061 990 3120 tam,
1021 3051 1209 3110 dicen-

38 3118 108 3174 Ad
133 3122 203 3178 illi
239 3123 380 3182 dixe.
859 3118 1007 3181 tem:
1037 3125 1103 3180 Et
1123 3140 1277 3182 acce-

39 3203 176 3266 l’ttnt;
201 3195 336 3265 Quid
859 3207 1058 3266 perunt
1088 3199 1184 3252 tri-

40 3263 96 3318 ad
120 3263 245 3324 nos?
274 3277 327 3326 tu
351 3269 434 3326 vi-
858 3263 1010 3339 ginta
1033 3284 1227 3340 argeu~

438 3407 692 3467 CODEX
728 3405 1198 3465 CORBEIENSIS.

40 3514 117 3555 sus
141 3511 216 3558 est
239 3504 400 3571 foras,
417 3505 436 3537 ¹
467 3514 527 3560 et
553 3501 898 3558 amarissime
923 3502 1090 3558 ﬂevit.
1119 3501 1273 3557 Mane
1300 3508 1481 3557 autem
1509 3498 1624 3555 fac-

43 3582 118 3646 t0,
154 3577 429 3631 consilium
472 3576 722 3646 injerunt
761 3589 950 3646 omnes
978 3573 1249 3645 principes
1275 3571 1621 3628 sacerdotum

42 3644 59 3674 ¹
85 3655 132 3699 et
156 3663 335 3703 omnes
363 3644 624 3705 seniores
654 3645 839 3718 populi
865 3644 1127 3702 adversus
1153 3646 1338 3702 Jcsum
1359 3685 1375 3710 ,
1409 3654 1466 3697 ut
1494 3658 1621 3700 eum

42 3719 178 3771 morti
217 3720 513 3776 traderent.
565 3719 636 3774 Et
684 3721 920 3774 vinctum
969 3719 1309 3772 adduxerunt
1355 3731 1517 3781 eum,
1566 3724 1623 3770 et

44 3789 352 3846 tradiderunt
390 3791 600 3847 Pontio
632 3790 806 3844 Pilato
839 3791 1091 3854 praesidi.
1124 3789 1275 3843 Tunc
1304 3788 1496 3842 videns
1524 3785 1622 3841 Ju-

42 3857 154 3926 das,
184 3865 268 3931 qui
297 3878 423 3919 eum
457 3861 727 3927 tradidit,
757 3861 880 3930 quia
911 3862 1197 3915 damnatus
1228 3861 1248 3892 ³
1277 3869 1453 3916 esset:
1487 3874 1618 3928 pne-

41 3932 238 3989 nitentia
268 3936 489 4002 ductus,
512 3935 704 3991 retulit
732 3935 947 4003 triginta
973 3945 1262 4003 argenteos
1289 3931 1620 4002 principibus

41 4006 397 4072 sacerdomm,
441 4018 498 4063 et
543 4004 892 4067 senioribus,
937 4003 1166 4058 dicens:
1213 4004 1470 4067 Peccavi,
1516 4013 1622 4056 tra-

42 4073 158 4149 dens
180 4080 496 4148 sanguinem
539 4078 784 4149 jttStum.
817 4076 897 4149 At
934 4075 1007 4130 illi
1046 4075 1331 4149 dixerunt:
1374 4074 1619 4149 Quidad

43 4148 166 4200 nos?
207 4158 261 4204 tu
279 4145 634 4206 'viderisCEt
674 4147 933 4217 projemis
973 4147 1244 4217 argenteis
1286 4148 1336 4201 in
1380 4145 1616 4214 templo,

42 4222 280 4276 recessit:
313 4232 366 4276 et
407 4222 611 4277 ahiens
653 4220 846 4286 laqueo
891 4234 949 4272 se
994 4219 1295 4287 suspendit.
1341 4217 1620 4286 Principes

42 4301 198 4359 {tinem
247 4294 637 4357 sacerdotum,
687 4291 926 4359 acceptis
972 4292 1245 4358 argenteis
1269 4332 1283 4354 ,
1313 4288 1568 4343 dixerunt
1599 4307 1613 4344 :

42 4355 140 4413 Non
168 4363 284 4418 licet
313 4367 534 4420 mittere
566 4355 662 4419 eos
693 4363 743 4417 in
776 4362 798 4393 ⁸
822 4355 1122 4416 corbanam
1152 4379 1166 4415 :
1207 4362 1328 4430 quia
1385 4370 1614 4429 pretium

42 4436 290 4501 sanguinis
329 4448 434 4491 est.
465 4435 714 4490 Consilio
752 4444 930 4488 autem
960 4434 1123 4494 inito,
1150 4443 1396 4486 emerunt
1418 4448 1483 4486 ex
1511 4433 1620 4486 illis

43 4514 207 4576 agrum
239 4508 381 4576 figuli
411 4551 426 4574 ,
463 4508 517 4561 in
552 4507 886 4575 sepultuer
919 4505 1346 4573 peregrinorum.
1376 4502 1625 4576 Propter

43 4569 129 4627 hoc
147 4569 357 4632 vocatus
387 4569 477 4634 est
507 4569 636 4648 ager
661 4577 751 4631 ille
769 4619 783 4640 ,
808 4578 828 4608 ⁵
853 4569 1302 4648 “Acltcldamacli
1330 4573 1477 4648 ,_lioc
1504 4569 1589 4648 est
1607 4617 1622 4641 ,

42 4657 151 4719 ager
175 4652 471 4719 sanguinis,
510 4645 681 4717 usque
710 4649 761 4702 in
794 4647 1118 4703 hodiernum
1147 4647 1312 4702 diem.
1342 4645 1494 4700 Tunc
1521 4646 1624 4701 im-

43 4718 224 4781 pletum
252 4718 334 4774 est
361 4722 512 4791 quod
541 4721 742 4776 dictum
784 4731 867 4774 est
904 4735 1000 4788 per
1026 4719 1350 4774 Hieremiam
1381 4720 1628 4789 Prophe-

45 4795 158 4857 tam,
182 4791 452 4850 dicentem
481 4810 494 4848 :
526 4795 592 4848 Et
618 4800 946 4862 acceperunt
972 4792 1188 4862 triginta
1205 4805 1401 4861 argen-

1020 327 1470 415 EVANGELIUM
1506 327 1877 389 SECUNDUM
1916 326 2350 388 MATTHEUM.

3244 329 3353 388 558

2185 447 2420 506 CODEX
2463 449 2911 510 VERONENSIS.

1749 557 1844 600 sus
1873 542 2021 599 foras
2039 584 2056 609 ,
2085 558 2227 600 ama-
2583 545 2652 603 ad
2681 545 2822 602 nos?
2849 556 2906 601 tu

1749 615 1964 674 rissime
1989 615 2240 688 ploravit.
2584 616 2640 672 5.
2680 617 2903 674 videris.
2936 617 3007 676 Et

2583 689 2840 761 projectis
2867 705 2956 746 ar-

2582 763 2794 831 genteis
2822 761 2877 818 in

2583 833 2808 904 templo,
2833 847 3015 892 seces-

2583 903 2707 976 sit:
2738 913 2794 960 et
2819 905 2972 976 abiit,

2584 984 2641 1031 et
2665 975 2858 1047 laqueo
2884 993 2945 1034 se

2583 1049 2886 1104 susnendit.

1746 1112 1825 1185 (a)
1846 1116 2226 1191 acceperunt-l-
2585 1119 2640 1174 6.
2680 1112 2833 1174 Tunc
2854 1121 3002 1191 prin-

1744 1199 1936 1241 omnes
1967 1187 2169 1260 princi-
2203 1187 2212 1189 ‘
2582 1191 2731 1260 cipes
2757 1187 2938 1250 sacer-

1744 1270 1842 1337 pes
1869 1258 2216 1337 sacerdotum
2583 1258 2794 1326 dotum,
2818 1264 3064 1337 acceptis

1743 1336 1800 1404 et
1819 1330 2065 1404 seniores
2583 1335 2883 1404 argenteis,

1887 803 2117 864 CAPUT
2148 805 2364 866 XXVII.

1747 971 1802 1028 1.
1836 969 1993 1027 Mane
2020 980 2199 1028 autem
2230 971 2335 1030 fac-

1745 1050 1884 1106 tum,
1917 1043 2205 1099 consilium

1784 1399 1920 1456 lebis
1949 1402 2210 1460 adversus
2583 1399 2839 1462 diierunt
2869 1399 2884 1462 Ξ

1777 1485 1952 1536 esum,
1985 1482 2060 1557 ut.
2581 1475 2700 1557 Non
2735 1478 2861 1535 licet

1742 1556 1868 1597 eum
1900 1549 2063 1600 morti
2581 1549 2802 1606 mittere
2824 1566 2920 1609 eos

1742 1613 2042 1671 traderent.
2582 1619 2638 1676 in
2670 1621 2906 1679 loculum
2938 1642 2953 1679 :

1742 1683 1810 1764 2._
1834 1685 1911 1764 _Et
1934 1689 2176 1745 vinctum
2582 1693 2705 1763 quia
2738 1696 3004 1764 praetium

1742 1755 2086 1816 adduxerunt
2113 1832 2145 1836 __
2581 1755 2860 1836 sanguinis
2876 1776 2982 1823 est.

1743 1841 1892 1892 eum,
1925 1840 1978 1885 et
2011 1832 2180 1888 tradi-
2585 1837 2641 1891 7.
2683 1832 2921 1894 Consilio
2944 1854 3040 1895 au-

1745 1899 1942 1977 gerunt
1974 1902 2166 1977 Pontio
2347 1965 2352 1968 _
2583 1917 2692 1963 tem
2721 1920 2945 1977 accepto

1745 1969 1923 2054 Pilato
1951 1976 2203 2054 praesidi.
2582 1979 2727 2034 inter
2751 1995 2811 2036 se
2839 1969 2940 2054 (ὁ),

1740 2042 1799 2124 ζ).
1831 2043 1992 2124 _Tunc
2016 2046 2204 2124 videns
2581 2042 2899 2124 emerunt'f

1739 2113 2118 2206 ἓξξίέἒξεςιξὲυ,
2579 2138 2767 2206 aerum
2800 2113 2968 2206 βείιιίο

1739 2202 1868 2242 eum
1903 2189 2145 2257 tradidit,

1739 2259 1867 2328 quia
1890 2259 2176 2320 damnatus

1738 2339 1855 2398 est;
1891 2334 2172 2401 paeniten-

1738 2401 1816 2474 tia
1840 2402 2056 2474 ductus,
2086 2406 2210 2464 red-

1739 2473 1868 2529 tulit
1894 2490 2026 2533 xxx.

1737 2557 2029 2619 argenteos
2055 2553 2202 2619 prin-

1735 2617 1950 2685 cipibus
1979 2617 2159 2678 sacer-

1735 2687 1945 2758 dotum,
1971 2702 2027 2747 et

1735 2762 2044 2830 senioribus
2058 2806 2074 2830 ,

1734 2829 1794 2887 4.
1834 2834 2021 2890 dicens
2050 2829 2067 2892 ἑ
2099 2836 2302 2894 Pecca-

1735 2904 1810 2976 vi,
1842 2906 1987 2976 quod
2019 2917 2128 2962 tra-

1734 2974 1966 3033 diderim
1990 2995 2115 3034 san-

1733 3049 1952 3118 guinem
1980 3054 2068 3122 ju-

1732 3130 1900 3175 atum.

1735 3192 1820 3247 Ad
1851 3193 1926 3249 illi
1957 3194 2039 3251 di-

1733 3275 1974 3323 xerunt:
2003 3266 2145 3336 Quid

2579 2195 2634 2250 in
2665 2195 3000 2266 sepulturam

2579 2268 3018 2338 peregrinorum.

2579 2339 2636 2395 8.
2679 2339 2905 2411 Propter
2926 2340 3030 2396 hoc

2578 2421 2802 2467 vocatus
2828 2423 2913 2468 est

2579 2497 2708 2554 ager
2736 2484 2847 2549 ille,
2877 2483 3075 2540 Achel-

2579 2554 2832 2620 demach,
2865 2557 3008 2626 quod
3032 2562 3137 2621 est,

2579 2639 2710 2696 ager
2730 2629 3032 2708 sanguinis,

2580 2711 2754 2766 usque
2786 2699 2835 2752 in
2866 2697 2965 2753 bo-

2577 2766 2826 2823 diernum
2851 2769 3019 2823 diem.

2578 2837 2634 2893 9.
2677 2839 2828 2895 Tunc
2852 2839 3043 2911 imple—

2578 2919 2692 2965 tum
2726 2923 2807 2967 est
2839 2911 2984 2980 quod

2577 2981 2779 3038 dictum
2811 2991 2894 3037 est

2575 3069 2675 3126 per
2700 3055 3020 3124 Prophetam
3036 3097 3051 3122 ,

2577 3125 2848 3182 dicentem
2879 3143 2892 3180 :

2577 3195 2649 3252 Et
2671 3204 2998 3268 acceperunt

2578 3285 2713 3325 xxx.
2743 3278 3034 3342 argenteos

2205 3406 2438 3464 CODEX
2477 3407 2874 3465 BRIXIANUS.

1734 3519 1831 3562 sus
1880 3501 2029 3559 foras
2073 3503 2226 3559 ﬂevit
2272 3519 2481 3560 amare.
2545 3502 2704 3559 Mane
2771 3513 2952 3560 autem
2999 3503 3143 3559 facto
3203 3515 3340 3558 con-

1731 3577 1917 3633 silium
1966 3575 2207 3630 fecerunt
2246 3589 2439 3630 omnes
2485 3576 2756 3646 principes
2797 3575 3139 3633 sacerdotum
3167 3584 3223 3630 et
3254 3589 3344 3646 se-

1733 3650 1918 3703 niores
1946 3648 2126 3716 populi
2151 3646 2414 3702 adversus
2459 3644 2734 3702 Jesum‘ut
2777 3663 2900 3703 eum
2949 3648 3109 3703 morti
3160 3644 3343 3702 trade-

1730 3729 1875 3776 rent.
1917 3718 1984 3772 Et
2030 3717 2270 3772 vinctum
2309 3718 2654 3774 adduxerunt
2710 3734 2834 3774 eum
2894 3729 2950 3774 et
3000 3717 3344 3773 tradiderunt

1729 3789 1926 3846 Pontio
1965 3789 2134 3843 Pilato
2165 3791 2421 3860 praesidi.
2461 3790 2614 3844 Tunc
2651 3789 2840 3844 videns
2867 3789 3034 3845 Judas
3082 3789 3173 3858 qui
3213 3804 3340 3860 eum

1730 3861 1951 3917 tradidit
1976 3863 2098 3926 quia
2127 3857 2194 3913 ad
2219 3861 2486 3929 judicium
2524 3861 2715 3914 ductus
2739 3870 2842 3915 est.
2875 3857 3203 3932 paenitentia
3235 3857 3337 3913 du-

1724 3946 1866 3988 ctus.
1922 3934 2195 3986 revocavit
2245 3932 2459 4001 triginta
2509 3941 2797 4001 argenteos
2866 3932 3202 4000 principibus
3249 3943 3340 3984 sa-

1725 4003 2006 4060 cerdomm
2036 4013 2090 4056 et
2119 4002 2425 4057 senioribus
2462 4003 2669 4058 dicens.
2707 4003 2930 4058 Peccavi
2960 4002 3179 4056 tradens
3209 4015 3337 4054 san-

1725 4081 1942 4203 gudinem
1976 4075 2205 4146 justum.
2238 4075 2317 4130 Illi
2350 4084 2535 4131 autem
2563 4075 2835 4130 dixerunt.
2867 4074 3006 4143 Quid
3034 4072 3102 4128 ad
3147 4089 3248 4130 nos
3277 4081 3336 4128 tu

1725 4163 1774 4202 vi
1818 4161 1948 4203 eris.

1724 4161 1948 4203 Videris.

1796 4220 1860 4274 Et
1895 4217 2148 4288 projectis
2183 4220 2455 4282 argenteis
2485 4218 2540 4274 in
2570 4219 2774 4285 templo
2800 4217 3033 4274 recessit
3063 4225 3118 4272 et
3144 4216 3335 4272 abiens

1723 4291 1918 4360 laqueo
1943 4304 2004 4345 se
2038 4292 2337 4357 suspendit.
2372 4290 2525 4346 Tunc
2556 4292 2825 4360 principes
2865 4288 3209 4345 sacerdomm
3244 4303 3336 4360 ac-

1725 4359 1899 4432 ceptis
1945 4363 2221 4431 argenteis
2267 4363 2520 4418 dixerunt
2558 4359 2682 4417 Non
2724 4363 2850 4417 licet
2892 4376 2986 4416 eos
3031 4362 3247 4416 mittere
3277 4359 3334 4414 in

1729 4434 1932 4489 corban
1959 4433 2082 4504 quia
2109 4435 2372 4503 praetium
2398 4435 2674 4505 sanguinis
2701 4447 2805 4488 est.
2825 4433 3334 4505 Consiliumautem

1729 4515 1957 4570 accepto
1983 4514 2235 4560 emerunt
2265 4523 2332 4561 ex
2363 4506 2468 4560 illis
2497 4503 2682 4574 agrum
2718 4505 2861 4574 ﬁguli
2888 4503 2956 4557 ad
2995 4503 3332 4574 sepulturam

1731 4578 2141 4647 peregrinorum
2172 4577 2401 4650 Propter
2422 4573 2541 4650 hoc
2560 4573 2793 4650 vocatus
2810 4585 2896 4650 est
2926 4573 3180 4650 :iger'ille
3204 4586 3333 4650 ager

1731 4643 2030 4719 sanguinis.
2081 4665 2250 4717 usque
2284 4643 2361 4704 "in
2419 4649 2735 4704 hodiernum
2765 4649 2931 4702 diem.
2965 4646 3120 4719 Tunc
3157 4643 3329 4719 adim-

1731 4711 1934 4795 pletum
1974 4730 2090 4795 est.
2119 4711 2260 4789 quod
2305 4721 2508 4795 dictum
2558 4729 2644 4795 est
2678 4734 2776 4788 per
2821 4717 3143 4795 llieremiam
3197 4711 3330 4767 Pro-

1733 4787 1951 4863 phetam
1995 4787 2285 4848 dicentem.
2319 4794 2386 4846 Et
2417 4787 2745 4863 acceperunt
2786 4787 3003 4860 triginta
3030 4800 3224 4857 argen-

694 4927 1091 4987 VARIANTES
1127 4927 1514 4987 LECTIONES
1547 4926 1818 4987 CODICIS
1855 4929 1968 4986 MS.
2011 4929 2072 4986 S.
2112 4928 2622 4986 GERMANENSIS.

98 5045 112 5075 ³
144 5045 273 5097 ﬂevit
295 5061 482 5100 amare.

96 5108 114 5137 ³
146 5117 194 5158 et
213 5113 436 5162 seniores

42 5169 242 5236 .‘est;

1788 5048 1810 5079 δ
1844 5046 1894 5096 in
1917 5045 2124 5098 corban:

1787 5110 1810 5141 ⁵
1843 5107 2208 5160 Acheldemach
2227 5109 2274 5159 ⁸.

1373 5234 1741 5294 BLANCHINI
1765 5234 1997 5293 NOTAE.

109 5359 133 5389 λ
158 5351 355 5411 Nomen
415 5354 556 5410 istud
603 5356 656 5410 in
694 5369 798 5412 ms.
829 5351 1086 5409 Cantabr.
1119 5352 1312 5410 Latine
1351 5353 1614 5423 scriptum

49 5423 338 5491 perhibetur
368 5425 787 5491 Echeldemach;
815 5427 958 5494 quod
991 5425 1051 5496 in
1073 5441 1203 5480 mss.
1234 5426 1438 5480 nostris
1477 5425 1614 5496 legi-

51 5502 128 5547 tnr
168 5497 541 5552 Acheldemach
564 5541 578 5561 ,
610 5507 665 5553 et
695 5495 1090 5552 Acheldemach.
1119 5498 1388 5566 Corrupte
1419 5497 1470 5550 in
1501 5495 1618 5552 om-

53 5566 194 5622 nibus
237 5571 425 5638 legitur
478 5570 635 5624 Achel
665 5570 748 5624 vel
780 5567 942 5621 Echet
961 5609 974 5633 ,
1006 5585 1102 5634 pro
1131 5568 1253 5622 Acel
1271 5585 1291 5635 ;
1318 5576 1375 5623 et
1403 5568 1618 5622 demach

53 5646 99 5691 et
125 5640 329 5711 domach
350 5683 364 5706 ,
393 5656 492 5711 pro
513 5643 669 5694 doma
693 5641 776 5696 vel
805 5639 972 5693 dema.
1003 5638 1136 5694 Nam
1164 5641 1356 5705 Syrum
1385 5655 1579 5694 nomen
1604 5683 1618 5704 ,

53 5710 178 5779 quod
205 5710 516 5786 sanguinem
544 5712 834 5785 signiﬁcat,
857 5711 1108 5768 scribitur
1136 5716 1283 5779 arm,
1311 5712 1479 5778 demo,
1511 5726 1618 5766 non

1718 5359 1867 5436 3131,
1896 5354 2133 5410 demach.
2164 5355 2220 5412 In
2247 5354 2480 5412 Hebraeo
2505 5351 2804 5436 Evangelio
2829 5351 3091 5419 Matthaei,
3109 5349 3333 5407 Parisiis

1720 5423 1870 5508 έάίιο
1897 5451 2242 5538 annuis},
2267 5450 2504 5538 ,ιεβίηξιξξ
2533 5423 3231 5538 κητθρῖινρέιαςαέβιξρα-
3266 5446 3325 5538 ιιξ

1723 5523 1998 5579 nonnullis
2042 5522 2279 5578 Matthazi
2320 5517 2528 5579 Crzncis
2574 5517 2976 5591 exemplaribus
3011 5517 3328 5591 ’Δκὲλδημιςε

1722 5597 1898 5666 primo
1927 5607 2106 5666 autem
2140 5595 2326 5652 Actor.
2355 5600 2545 5666 Apost.
2585 5589 2789 5665 capite,
2820 5609 2982 5650 versu
3018 5592 3102 5661 l9,
3134 5589 3326 5647 scribi-

1723 5664 1813 5723 tur
1840 5664 2139 5740 Ἁκελδαμά.

115 5866 188 5939 (a)
222 5867 376 5928 Juxta
409 5879 544 5928 text.
593 5869 692 5928 Gr.
732 5868 936 5930 ὒαϐον.
967 5900 1038 5914 --
1065 5871 1144 5944 (b)
1187 5872 1318 5929 Post
1355 5882 1608 5943 emerunt,
1629 5872 1783 5932 deest
1806 5889 1868 5930 ex
1893 5873 2023 5944 illis,
2045 5873 2212 5930 etiam
2237 5873 2291 5931 in
2320 5873 2510 5930 codice
2532 5872 2691 5929 Cant.
2713 5870 2928 5926 Latino.
