3840 6338
541 340 645 398 539

937 451 1165 515 CODEX
1205 445 1741 540 VERCELLENSIS.

1376 560 1507 616 tum,
1540 563 1702 620 quem
1733 549 1849 620 vola

1375 622 1464 676 16.
1498 615 1732 675 υἱὲεεηῑ.
1758 615 1908 677 Tunc

1375 691 1448 774 ςο)
1466 692 1751 775 ⁸111111111111111
1778 693 1816 763 ἦ·

545 564 663 609 teos
689 553 883 636 praeti-

531 641 636 708 um
666 635 914 680 aestima-

544 707 604 761 ti,
637 711 796 766 quem
821 709 942 750 aes-

545 771 869 822 timaverunt
913 801 916 804 ~
1113 783 1116 785 λ
1375 771 1644 833 insignem

543 855 572 892 a
605 838 730 892 ﬁliis
755 839 945 899 lstra-_
1373 835 1612 889 vinctum
1633 876 1648 899 ,

541 910 629 966 10.
670 909 798 964 hei:
831 917 887 964 et
914 896 1079 966 dede-
1374 907 1464 977 qui
1493 896 1711 962 diceba-

540 990 666 1037 runt
691 994 787 1036 eos
816 981 870 1036 in
1377 988 1463 1032 tur
1495 977 1696 1032 Barab-

538 1067 726 1124 agrum
744 1051 879 1122 ﬂgu-
1377 1049 1494 1124 bas.

1379 1121 1466 1175 17.
1509 1120 1867 1192 Congregatls

1377 1203 1556 1246 autem
1585 1192 1716 1256 illis,
1748 1192 1830 1247 tli-

1377 1265 1457 1318 xit
1485 1263 1690 1318 Pilatus
1716 1282 1728 1318 :
1753 1263 1926 1332 Quem

1376 1335 1540 1390 vultis
1559 1335 1714 1390 vobis

1376 1407 1444 1462 de
1469 1406 1683 1461 duobus
1709 1401 1834 1462 mit-

538 1124 600 1190 li,
626 1125 678 1178 in
706 1124 948 1194 sepultu-

538 1211 654 1266 ram
687 1196 928 1266 peregri-

537 1283 754 1322 norum.

541 1340 628 1393 11.
671 1338 832 1392 Jesus
859 1344 1040 1394 autem
1069 1343 1179 1395 ste-

542 1409 606 1464 tit
631 1417 755 1463 ante
785 1424 943 1478 prae-

541 1480 738 1545 sidem,
766 1489 822 1534 et
848 1480 932 1535 in-

540 1551 838 1621 terrogavit

540 1638 664 1678 eum
695 1637 941 1692 praeses,

542 1693 730 1749 dicens
753 1709 766 1746 :
799 1693 882 1748 Tu
911 1702 972 1752 es

1381 1487 1488 1532 tam
1514 1497 1528 1534 :
1559 1479 1761 1534 Barab-

1378 1550 1504 1615 ban,
1528 1566 1596 1604 an
1627 1549 1832 1615 Jesum,

1377 1622 1466 1690 qui
1491 1621 1690 1675 dicitur

1378 1693 1466 1747 18.
1509 1691 1792 1748 Christus?
1823 1690 2040 1750 Sciebat

541 1781 637 1819 rex
665 1765 898 1820 Judaeo-
1375 1765 1518 1819 enim
1547 1763 1692 1834 quod

543 1838 700 1890 rum?
729 1836 886 1892 Jesus
914 1845 1009 1894 1111-
1377 1849 1475 1905 per
1505 1834 1765 1891 invidiam

541 1919 648 1962 tem
677 1908 753 1962 ait
777 1926 790 1962 :
825 1909 904 1963 Tu
926 1911 1006 1964 di-
1378 1905 1714 1960 tradiderant

540 1978 630 2033 12.
671 1981 769 2034 cis.
800 1981 866 2035 Et
896 1995 1018 2037 cum

539 2062 886 2106 accusaretur

541 2136 570 2174 a
602 2121 937 2192 principibus

540 2193 882 2248 sacerdotum
904 2237 920 2261 ,

541 2273 596 2319 et
621 2265 946 2332 senioribus,

543 2335 680 2389 nihil
710 2351 935 2404 respon-

542 2407 632 2460 15.
673 2406 771 2460 dit.
803 2405 954 2465 Tunc
974 2411 1056 2466 di-

541 2479 613 2532 cit
646 2477 721 2532 illi
755 2478 958 2537 Pilatus
983 2489 997 2538 ’:

541 2547 660 2604 Non
686 2547 838 2604 audis

542 2630 743 2689 quanta
773 2624 966 2680 adver-

541 2705 636 2747 sus
667 2703 718 2747 te
752 2697 995 2755 testimo-

543 2765 634 2834 nia
664 2764 986 2834 perhibent?

1379 1977 1468 2032 19.
1510 1993 1632 2033 eum
1798 1976 2005 2034 Seden-

1379 2057 1430 2102 te
1461 2059 1640 2102 autem
1675 2051 1710 2102 tl
1736 2065 1769 2102 0

1379 2057 1430 2104 te
1461 2059 1640 2104 autem
1675 2051 1769 2104 illo

1377 2135 1474 2190 pro
1501 2121 1743 2174 tribuna-

1378 2191 1436 2258 li,
1466 2191 1612 2246 misit
1637 2191 1702 2246 ad
1733 2201 1856 2247 eum

1378 2277 1521 2317 uxor
1550 2263 1688 2330 ejus,
1717 2261 1798 2318 di-

1378 2348 1510 2390 cens
1537 2352 1550 2388 :
1574 2333 1717 2388 Nihil
1739 2337 1809 2388 sit

1380 2405 1474 2460 tibi
1492 2447 1506 2467 .
1540 2415 1593 2460 et
1615 2405 1766 2475 justo
1791 2407 1855 2461 il-

1382 2478 1439 2532 li.
1471 2476 1632 2531 Multa
1658 2477 1805 2532 enim

1379 2563 1534 2620 passa
1567 2564 1684 2604 sum
1715 2548 1810 2603 h0-

1378 2620 1465 2675 die
1495 2634 1591 2689 per
1617 2621 1791 2674 visum

1380 2701 1602 2763 propter
1627 2692 1796 2749 illum.

1379 2762 1468 2818 20.
1510 2763 1792 2834 Principes
1823 2769 2005 2821 autem

545 2833 634 2890 M.
666 2833 744 2909 Et
767 2845 873 2893 non
899 2857 1015 2898 res—
1381 2833 1744 2909 sacerdotum,

542 2907 736 2986 pondit
758 2911 807 2964 ei
822 2910 913 2986 _(b)
948 2909 1118 2970 ullum
1146 2913 1184 2986 -ι-
1379 2918 1436 2964 et
1462 2908 1706 2963 seniores

543 2979 790 3052 verbum,
821 2979 905 3038 ita'
1159 2979 1172 2986 ’
1381 2989 1770 3052 persuaserunt

541 3058 602 3104 ut
628 3051 853 3109 mirare-

545 3130 635 3174 tur
666 3137 884 3188 praeses

547 3192 729 3248 valde.

548 3264 637 3319 15.
680 3265 783 3322 Per
809 3268 953 3324 diem
984 3277 1080 3324 θυι

547 3344 655 3390 tem
685 3335 882 3394 festum

546 3423 849 3465 COIISUOVC-

549 3485 633 3532 rat
664 3493 882 3548 praeses
908 3483 1004 3538 dl-‘

1380 3057 1580 3127 populo
1606 3065 1666 3109 ut
1694 3070 1788 3127 pe-

1379 3126 1553 3184 terent
1584 3126 1789 3181 Barab-

1382 3203 1507 3266 ban,
1540 3198 1727 3253 Jesum
1759 3209 1890 3253 vero

1385 3271 1695 3338 perderent.

1379 3343 1472 3400 21.
1515 3340 1872 3410 Respondens
1896 3355 1991 3394 au-

1384 3419 1490 3468 tem
1527 3427 1766 3482 praeses,
1799 3413 1875 3466 ait

1382 3485 1489 3540 illis
1517 3501 1529 3538 :
1562 3485 1734 3551 Quem
1762 3484 1881 3538 vul-

547 3551 764 3607 mittere
789 3563 884 3624 po-
1384 3559 1450 3612 tis
1479 3558 1632 3612 vobis
1661 3556 1729 3611 de
1758 3555 1897 3609 duo-

547 3625 674 3691 pulo
704 3631 872 3680 unum
903 3626 1055 3682 vinc-
1383 3625 1466 3684 bis
1496 3628 1570 3700 (e)
1595 3629 1862 3682 dimittam
1891 3627 1964 3699 1L?

981 3735 1213 3801 CODEX
1249 3743 1718 3802 CORBEIENSIS.

547 3841 662 3910 tetas
705 3833 1002 3910 pretium.l
1045 3839 1364 3908 appretiati,
1413 3855 1576 3910 quem
1626 3839 2067 3908 appretiaveruut
2115 3853 2146 3894 a

546 3903 672 3960 [iliis
703 3905 867 3981 lsrael
900 3925 912 3963 :
947 3921 1000 3964 et
1032 3903 1296 3966 dederunt
1331 3903 1445 3966 eos'
1468 3914 1519 3965 iu
1550 3903 1735 3981 agrum
1779 3911 1925 3981 liguli
1950 3952 1963 3972 ,
2005 3910 2147 3966 sicut

540 3978 829 4034 constituit
871 3981 1003 4036 mihi
1053 3982 1334 4038 Dominus.
1385 3982 1544 4038 Jesus
1588 3978 1773 4037 autem
1819 3978 1970 4036 stetit
2019 3991 2146 4036 ante

547 4050 867 4125 praesidem,
901 4061 953 4106 et
983 4055 1334 4125 interrogavit
1360 4070 1484 4108 eutn
1527 4069 1765 4125 praeses,
1801 4052 1990 4125 dicens
2021 4069 2034 4104 :
2065 4051 2145 4107 Tu

544 4135 603 4174 es
628 4136 724 4174 rex
743 4120 1108 4178 Judaeorum?
1137 4120 1273 4179 Dicit
1296 4125 1374 4179 illi
1395 4120 1585 4179 Jesus:
1611 4124 1692 4178 Tu
1715 4125 1869 4177 dicis.
1893 4124 1955 4174 Et
1978 4135 2144 4190 quum

546 4201 894 4270 accusaretur
919 4196 1311 4270 a_prin_cipibus
1339 4196 1702 4270 sacerdotum,
1733 4204 1787 4247 et
1812 4193 2142 4270 senioribus,

549 4258 684 4313 nihil
731 4258 1032 4330 respondit.
1067 4258 1218 4320 'l‘unc
1254 4265 1384 4320 dicit
1427 4266 1502 4319 illi
1547 4265 1748 4318 Pilatus
1784 4282 1796 4318 1
1840 4263 1956 4317 Non
1990 4258 2145 4320 audis

547 4339 746 4399 quanta
778 4334 1064 4388 adversum
1099 4343 1148 4390 te
1179 4338 1364 4391 dicunt
1418 4336 1761 4390 testimonia?
1801 4334 1869 4389 Et
1909 4349 2016 4388 non
2061 4351 2147 4391 re-

547 4400 764 4475 spondit
784 4401 835 4457 ei
860 4404 1028 4475 ullum
1053 4407 1298 4474 verbum,
1332 4409 1400 4460 ita
1425 4417 1479 4461 ut
1503 4408 1786 4462 tniraretur
1815 4422 2032 4475 praeses
2055 4424 2148 4463 ve-

549 4469 963 4546 hementer.Per
979 4477 1119 4533 diem
1139 4469 1317 4533 autem
1333 4479 1616 4534 solennem
1630 4469 1984 4532 c0nsuéverat
2002 4495 2146 4546 prae-

547 4558 641 4618 ses
657 4545 932 4618 dimittere
955 4551 1152 4618 p0pulo
1175 4565 1336 4604 unum
1358 4550 1618 4610 vinctum,
1641 4565 1801 4618 quem
1821 4545 2139 4605 voluissent.

546 4615 789 4691 [lababat
821 4615 1000 4691 autem
1026 4615 1150 4676 tunc
1172 4621 1407 4676 vinctum
1439 4615 1727 4690 insignem,
1751 4624 1838 4688 qui
1867 4620 2146 4677 dicebatur

545 4687 843 4763 Barabbas.
864 4689 1215 4762 Congrcgatis
1247 4691 1378 4763 ergo
1409 4687 1690 4755 illis,dixit
1721 4687 1925 4746 Pilatus
1947 4694 2143 4757 :Quem

545 4759 1181 4834 vultisdimittam'vobis:
1201 4759 1523 4834 Barabbam,
1544 4781 1610 4817 an
1628 4764 1936 4834 Jesum,qui
1951 4763 2146 4819 dicitur

545 4827 830 4885 Christus?
857 4833 1072 4907 Sciebat
1101 4837 1244 4889 enim
1291 4832 1436 4906 quod
1467 4827 1562 4906 per
1602 4827 2146 4907 invidiam-tradidis-

546 4908 669 4954 sent
694 4917 840 4957 eum.
871 4905 1104 4978 sedente
1131 4905 1319 4961 autem,
1342 4907 1436 4962 illo
1465 4905 1559 4978 pro
1589 4906 1872 4972 tribunali,
1907 4908 2048 4962 misit
2078 4909 2145 4964 atl

545 4986 667 5048 eum
707 4988 843 5048 uxor
881 4976 1036 5044 ejus,
1083 4977 1306 5032 dicens:
1340 4976 1484 5033 Nihil
1510 4979 1577 5032 sit
1617 4979 1709 5033 tibi
1750 4989 1803 5033 et
1845 4979 1989 5048 justo
2046 4981 2142 5034 illi.

545 5041 721 5124 l'l‘iulta.
737 5046 880 5098 enim
905 5041 1061 5114 passa
1092 5064 1210 5102 sum
1242 5051 1399 5124 hodie
1435 5066 1528 5120 per
1553 5051 1721 5103 visum
1752 5041 1972 5119 propter
1998 5065 2143 5105 eum.

545 5113 853 5192 Principes
864 5113 1044 5192 autem
1076 5113 1458 5184 sacerdotum,
1491 5130 1545 5174 et
1585 5113 1827 5175 seniores
1855 5113 2146 5192 persuase-

545 5195 670 5263 runt
698 5187 906 5263 pOplliiS
933 5200 990 5243 ut
1018 5201 1262 5258 peterent
1290 5193 1626 5256 Barabbam,
1657 5192 1840 5246 Jesum
1862 5187 1996 5248 vero
2024 5210 2146 5263 per-

543 5255 755 5336 derent.
802 5255 1366 5336 iteSpoudensautem
1410 5255 1666 5336 praeses,
1698 5264 1774 5318 ait
1800 5263 1906 5320 illis
1932 5281 1945 5317 :
1973 5255 2144 5333 Quem

546 5328 708 5384 vultis
745 5330 899 5385 vobis
919 5328 1001 5388 'de
1045 5333 1258 5390 duobus
1285 5338 1304 5367 ³
1335 5328 1566 5391 dimitti?

1079 338 1348 399 EUSEBII
1386 333 1722 396 VERCELL.
1767 325 2220 394 EVANGELIUM
2260 331 2396 391 cun
2439 321 2667 392 vanus
2703 323 2855 390 COD.
2898 331 3291 392 COLLATUM.
3653 331 3710 394 εει)

2684 445 2912 509 CODEX
2956 453 2996 507 ν
3009 443 3396 508 ERONENSIS.

3079 548 3296 604 mittere
3323 548 3500 617 populo

3077 635 3243 674 unum
3272 620 3511 684 vinctum,

3075 707 3238 759 quem
3269 691 3556 759 voluissent.

3079 753 3169 818 16.
3213 761 3284 834 (c)
3316 753 3612 832 Habebam";

3077 844 3256 888 autem
3287 834 3508 889 rint-tum

3078 905 3366 1032 iam
3383 906 3475 1030 af

3079 1048 3296 1102 rabbas.

3081 1121 3169 1174 17.
3212 1117 3548 1189 Congregatls

3083 1201 3262 1245 autem
3288 1192 3416 1253 illis,

3082 1262 3220 1316 dixit
3248 1261 3450 1316 Pilatus
3477 1278 3488 1315 :

3081 1333 3255 1400 Quem
3279 1333 3440 1388 vultis

3083 1404 3350 1460 dimittam
3377 1423 3388 1458 :
3417 1405 3508 1460 Ba‘

2241 551 2506 623 praetium
2535 549 2622 604 ado

2241 621 2510 694 praetiati,
2540 621 2682 692 quod

2240 695 2714 760 adpi-aetiaverunt

2240 781 2269 820 a
2300 765 2421 819 ﬁliis
2449 765 2612 819 Istra-

2244 836 2332 892 10.
2373 836 2462 890 hei
2495 854 2506 888 :
2541 843 2597 892 et
2624 834 2789 892 dede-

2240 916 2369 963 runt
2390 922 2485 962 eos
2517 908 2569 962 in

2241 993 2426 1050 agrum
2457 978 2593 1049 ligu-

2243 1051 2302 1115 li,
2333 1052 2473 1105 sicut
2503 1066 2633 1105 con-

2242 1123 2419 1176 stituit
2452 1122 2582 1177 mihi

2247 1192 2526 1248 Dominus.

2246 1264 2332 1318 11.
2375 1264 2534 1319 Jesus
2559 1273 2740 1320 autem

2243 1337 2396 1390 stetit
2420 1346 2545 1391 aute

2246 1407 2550 1476 praesidem
2576 1448 2591 1472 ,

2244 1488 2299 1533 et
2330 1483 2630 1548 interroga-

2244 1549 2322 1604 vit
2350 1565 2473 1605 eum
2503 1565 2654 1620 prae-

2244 1635 2354 1685 ses,
2388 1621 2576 1676 dicens
2601 1637 2614 1674 :

2248 1691 2328 1745 Tu
2350 1708 2408 1748 es
2437 1708 2533 1747 rex

3085 1476 3312 1542 rabban,
3346 1492 3413 1530 an

3082 1547 3265 1602 Jesum
3285 1591 3301 1613 ,
3331 1547 3420 1615 qui

3084 1621 3285 1674 dicitur
3312 1619 3465 1675 Chri-

3088 1690 3176 1746 18.
3218 1691 3368 1745 stus?
3398 1688 3588 1746 Sciebat

2247 1762 2611 1820 Iudaeorum?
3086 1763 3229 1816 enim
3259 1762 3401 1833 quod

2249 1835 2388 1890 Dicit
2409 1836 2462 1891 ei
3089 1849 3185 1898 per
3215 1833 3474 1888 invidiam

2249 1906 2406 1964 Jesus
2440 1924 2453 1960 :
2487 1905 2568 1960 Tu
3089 1905 3423 1959 tradiderant
3448 1913 3571 1958 eum.

2249 1978 2402 2050 dicis.
3089 1976 3174 2031 19.
3217 1976 3297 2050 (rt)
3330 1975 3551 2032 Sedente
3569 1987 3637 2027 au-

2252 2049 2338 2104 12.
2382 2050 2590 2104 Etcum
2616 2063 2706 2103 ae-

2247 2130 2529 2176 cusaretur
2557 2133 2588 2174 a
3088 2115 3367 2183 tribunali,
3396 2115 3530 2172 misit

2248 2192 2586 2260 principibus
3084 2190 3149 2244 ad
3178 2189 3330 2244 illum
3356 2203 3485 2244 uxor

2247 2264 2590 2354 Sacerdotulm
2609 2303 2625 2329 ,
3082 2261 3222 2354 eius,
3254 2261 3441 2354 dicens
3465 2279 3476 2314 :

2247 2346 2300 2388 et
2322 2333 2646 2400 senioribus,
3083 2332 3224 2386 Nihil
3255 2335 3326 2387 sit
3349 2333 3463 2398 tibi,

2245 2407 2379 2461 nihil
2406 2407 2482 2476 (a)
2512 2419 2738 2476 respon-
3080 2415 3134 2476 et
3158 2405 3311 2474 justo
3339 2405 3435 2458 illi.

2243 2475 2487 2547 debat-ﬁ.
2608 2475 2617 2476 “
3082 2475 3244 2530 Multa
3269 2476 3414 2532 enim

2247 2548 2335 2605 15.
2375 2549 2527 2604 Tunc
2547 2547 2680 2604 dicit
3083 2563 3237 2618 passa
3269 2563 3388 2602 sum

2245 2619 2326 2690 illi
2352 2620 2557 2674 Pilatus
2589 2638 2601 2673 :
3082 2618 3241 2674 hodie
3268 2635 3368 2690 per
3393 2622 3468 2676 vi-

2243 2689 2361 2746 Non
2391 2691 2546 2747 audis
3080 2707 3200 2744 sum
3235 2689 3454 2759 propter
3479 2702 3601 2745 eum.

2244 2773 2444 2832 quanta
2470 2763 2756 2819 adversum
3079 2762 3170 2817 20.
3212 2762 3487 2834 Principes
3511 2776 3589 2814 au-

2245 2844 2300 2889 te
2324 2835 2511 2890 dicunt
2541 2845 2621 2890 te-
2901 2864 2903 2866 -
3081 2842 3190 2889 tem
3224 2835 3572 2898 sacerdotum,

2250 2905 2338 2961 14.
2379 2907 2664 2961 stimonia?
2695 2907 2759 2962 Et
3081 2914 3136 2961 et
3158 2905 3406 2961 seniores

2246 2993 2353 3032 non
2376 2979 2653 3048 respondit
3082 2987 3468 3048 persuaserunt

2246 3051 2294 3104 ei
2327 3052 2404 3121 (ὁ)
2435 3054 2600 3105 ullum
2627 3052 2666 3122 ἰο

2246 3124 2494 3187 verbum,
2525 3125 2594 3176 ita

2248 3204 2304 3248 ut
2332 3197 2618 3249 miraretur

3088 2056 3195 2102 tem
3227 2048 3320 2103 illo
3353 2063 3447 2117 pro

3084 3049 3282 3119 popqu
3310 3058 3367 3103 ut

3084 3131 3335 3190 peterent
3364 3123 3463 3177 Ba-

3084 3193 3308 3257 rabban,
3334 3191 3510 3248 Iesum

3081 3281 3210 3318 vero
3243 3267 3544 3333 perderent.

3083 3337 3176 3390 21.
3217 3335 3562 3407 Respondens
3586 3342 3655 3383 au-

3084 3415 3194 3463 tem
3223 3415 3462 3474 praeses,

3083 3480 3157 3534 ait
3189 3497 3203 3533 :
3235 3481 3407 3546 Quem
3431 3477 3536 3533 vul-

3087 3553 3153 3606 lis
3177 3551 3244 3608 de
3281 3551 3492 3607 duobus

3085 3625 3239 3680 vobis
3271 3624 3342 3695 (ε)
3375 3622 3617 3679 dimittam
3638 3611 3685 3683 3‘?

2713 3742 2944 3799 CODEX
2983 3741 3378 3802 BRIXIANUS.

2255 3843 2392 3891 teos.
2443 3835 2708 3905 praetium
2754 3836 3094 3905 adpraetiati.
3166 3837 3310 3908 quod
3378 3827 3739 3908 adpraetiarerw‘l

2254 3909 2377 3962 ﬁliis
2415 3910 2527 3962 rael
2556 3917 2609 3961 et
2636 3908 3010 3964 dederunteos
3038 3909 3088 3962 in
3121 3925 3308 3974 agrum
3344 3908 3506 3978 liguli.
3532 3907 3739 3966 sicutpri's

2249 3981 2393 4050 cepit
2438 3979 2564 4033 mihi
2619 3979 2892 4035 Dominus.
2933 3980 3089 4035 .Iesus
3129 3989 3307 4035 autem
3349 3980 3493 4035 stetit
3525 3985 3628 4050 ante
3650 3978 3738 4050 illi":

2250 4046 2442 4106 sidem.
2475 4061 2528 4106 et
2557 4052 2907 4121 interrogavit
2930 4067 3051 4106 eum
3079 4067 3323 4119 praeses.
3349 4051 3533 4106 dicens
3550 4047 3615 4103 Tu
3633 4055 3670 4096 es
3689 4046 3739 4089 πί

2250 4122 2599 4178 Judaeorum.
2626 4122 2764 4176 Dicit
2789 4125 2836 4177 ei
2864 4123 3044 4179 Jesus.
3075 4123 3154 4177 Tu
3185 4124 3342 4178 dicis.

2320 4193 2388 4249 Et
2435 4210 2554 4248 cum
2584 4207 2930 4249 accusaretur
2969 4211 2996 4247 a
3042 4196 3375 4265 principibus
3411 4183 3740 4265 sacerdotumpd

2248 4266 2572 4320 senioribus.
2604 4265 2738 4319 nihil
2769 4261 3066 4337 respondit.
3093 4261 3246 4321 Tunc
3267 4266 3399 4321 dicit
3426 4266 3497 4320 illi
3522 4261 3739 4337 NOIIleiilIE:

2248 4318 2447 4404 quanta
2469 4318 2782 4391 adversum
2805 4318 2888 4393 iter
2906 4318 3391 4393 itestivlicanturjlilt
3428 4318 3532 4390 non
3557 4318 3739 4396 respmltll‘

2247 4408 2296 4479 ei
2326 4409 2406 4477 (θ)
2436 4409 2598 4462 unum
2637 4409 2675 4479 λς
2701 4409 2946 4464 verbum.
2978 4408 3068 4463 ita.
3094 4419 3148 4463 ut
3188 4409 3476 4465 miraretur
3510 4405 3740 4479 praesens

2250 4467 2548 4533 het‘nenter.
2578 4467 2680 4534 Per
2719 4480 2862 4535 diem
2901 4491 3079 4536 autem
3122 4484 3461 4536 sollemnem.
3491 4467 3742 4533 consuetrrﬁl

2248 3280 2465 3335 praeses
2494 3266 2655 3322 vehe—
2731 3266 2736 3276 “

2247 3349 2478 3392 menter.

2248 3410 2334 3463 15.
2380 3409 2481 3463 Per
2503 3409 2645 3463 diem

2246 3489 2428 3535 autem
2460 3481 2678 3535 sollem-

2248 3567 2372 3606 nem
2400 3552 2700 3607 consuebe—

2251 3634 2332 3678 rat
2363 3639 2583 3694 praeses
2610 3623 2695 3678 di-

2251 4567 2455 4622 preses.
2490 4551 2765 4622 dimittere
2811 4553 3007 4620 papulo
3054 4569 3222 4608 unttm
3268 4554 3500 4607 vinctum
3539 4547 3741 4622 qllt‘ln_‘f"

2249 4620 2614 4693 luissent.‘(c)
2666 4623 2943 4677 llabebant
2973 4623 3011 4694 ’ᾗ
3054 4637 3231 4679 autem
3276 4634 3406 4679 tunc
3447 4620 3740 4694 vinetumuef

2247 4709 2406 4763 gnem
2453 4695 2542 4764 qui
2576 4689 2876 4766 dicebatur
2924 4689 3212 4750 Barabbas.
3263 4689 3740 4766 Congregatisiaulga

2249 4747 2376 4820 illis.
2404 4747 2539 4819 diitit
2570 4765 2794 4820 Pilatus.
2822 4747 3504 4834 'Quéiii'viiiiiéiniuriam"
3535 4757 3664 4811 Vobis.

2250 4838 2448 4890 rabban
2481 4853 2548 4890 an
2577 4836 2761 4891 Jesum
2795 4841 2884 4906 qui
2909 4840 3102 4892 dicitur
3129 4838 3400 4894 Christus.
3432 4837 3619 4906 Sciebat
3641 4835 3744 4906 Chllll.

2249 4909 2390 4976 quod
2425 4921 2519 4974 per
2551 4902 3178 4965 invidiam—tradiderunt
3207 4926 3330 4965 eum
3361 4910 3440 4980 (ά)
3470 4904 3663 4981 Ξιιιιοῐειο
3691 4902 3745 4981 ἔμ’

2252 4959 2357 5034 111111
2391 4959 2482 5034 ilio
2513 4995 2608 5048 pro
2641 4980 2919 5035 tribunali.
2953 4982 3098 5034 misit
3129 4982 3195 5035 ad
3232 4959 3384 5034 illuni
3424 4959 3557 5032 [mror
3585 4971 3669 5039 ejIIS
3701 4959 3746 5048 l'f

2249 5066 2401 5107 cens.
2432 5042 2570 5106 Nihil
2623 5052 2715 5106 tibi
2759 5053 2979 5121 ctjusto
3030 5053 3126 5105 illi.
3157 5052 3318 5108 Multa
3345 5052 3483 5107 etiltn
3510 5057 3637 5119 posss
3674 5042 3745 5121 Sili“
3797 5069 3799 5072 ‹

2251 5122 2409 5196 hodie
2441 5138 2534 5192 per
2563 5126 2735 5176 visum
2771 5117 2990 5193 propter
3017 5139 3160 5181 eum.
3207 5163 3221 5175 .
3263 5117 3745 5196 Princepsautetn
3798 5189 3799 5196 γ

2249 5185 2528 5264 cerdotiim
2559 5203 2616 5249 et
2640 5185 2886 5249 seniores
2915 5209 3300 5264 persuaserunt
3354 5185 3570 5264 populis.
3618 5185 3747 5264 Ill‘l-‘ff
3798 5189 3799 5204 ³

2251 5247 2428 5320 terent
2458 5247 2758 5342 etiam;
2791 5247 3464 5342 ieiunitaspetierant.
3491 5247 3747 5342 βςξεροξιίξέξζξ
3798 5321 3799 5334 γ

2249 5318 2429 5390 autem
2461 5318 2685 5391 Pilatus
2708 5318 3025 5407 "pressais
3043 5318 3183 5394 iiiis:
3202 5318 3398 5406 una
3423 5318 3648 5392 mus-ei
3798 5321 3799 5382 ξ

2252 5407 2353 5463 bus
2392 5407 2466 5480 (ε)
2499 5407 2765 5463 dimittam
2795 5410 2834 5480 1-

1229 5493 1620 5553 VARIANTES
1657 5493 2042 5554 LEGTIONES
2077 5459 2348 5556 conisis
2387 5459 3144 5561 iisfsfciimimausm.

609 5595 625 5626 ¹
663 5591 877 5659 pretium
897 5593 1025 5658 quod
1048 5591 1449 5660 adprettaverunt
1470 5595 1581 5646 ﬁliis
2314 5602 2334 5632 ³
2367 5601 2644 5656 dimittam?
3798 5591 3799 5652 ᾗ

1925 5661 2292 5740 BLANCHINI
2329 5685 2559 5742 Now}.

630 5774 706 5857 (ᾳ)
745 5773 823 5857 ita
845 5784 901 5829 et
927 5773 1050 5855 cod.
1080 5772 1235 5857 Cant.
1261 5774 1908 5857 &1r_;3:p_ivc7o.—(b)_.Ante
1934 5777 2114 5857 ullum,

2249 5790 2292 5834 st
2311 5782 2421 5857 Δ1111,
2461 5785 2620 5857 etiam
2648 5785 2699 5840 in
2722 5785 2844 5842 cod.
2871 5786 3026 5843 Cant.
3048 5783 3198 5857 —(c)
3220 5785 3304 5857 lla
3322 5793 3375 5842 et
3405 5791 3522 5857 text.
3549 5767 3747 5857 βικεῖχετ·
3798 5767 3799 5836 ἶ

545 5847 700 5919 -—(d)
743 5847 879 5903 llinc
919 5850 1090 5919 usqhe
1122 5849 1187 5904 ad
1225 5865 1277 5902 v.
1311 5845 1583 5919 ti'hujus
1609 5845 1805 5917 capitis
1833 5848 2147 5906 mutilantur
2175 5853 2357 5908 omnia
2384 5845 2439 5909 in
2477 5855 2638 5912 Goth.
2668 5887 2740 5898 —
2770 5860 2844 5929 (θ)
2892 5859 2965 5913 Ita
3002 5865 3058 5912 et
3101 5845 3232 5912 texit.
3279 5856 3374 5914 Gr.
3417 5851 3610 5913 ἀπολύω·
