3840 6338
69 281 171 343 345

460 397 703 456 CODEX
745 397 1278 462 VERGELLENSIS.

58 485 150 562 44.
190 487 249 545 ld
288 489 470 562 ipsum
499 501 691 551 autem
916 507 986 549 ne
1006 493 1284 549 videamus

57 573 111 616 et
135 561 400 634 latrones,
913 566 988 634 (c)
1017 566 1063 621 si
1093 565 1242 620 venit
1262 563 1463 632 Helias,

56 633 144 703 qui
174 625 423 691 cruciﬁxi
1024 646 1080 692 et
1100 635 1176 710 (e)
1199 625 1508 709 liberavit-i-

56 713 206 759 erant
229 720 352 761 cum
909 724 1056 764 eum.

53 790 136 849 eo,
177 777 502 849 inpropera-
907 780 997 837 50.
1039 779 1200 836 Jesus
1226 787 1406 836 autem
1435 779 1536 838 ite-

49 845 138 904 ιδ.
179 845 402 904 bautéi.
438 850 507 905 Et
538 860 684 923 post-
905 869 1024 909 rum
1047 852 1286 908 clamans

904 939 1038 980 voce
1065 939 1281 994 magna,

901 996 1081 1052 emisit
1108 995 1376 1066 spiritum.
1401 994 1468 1051 Et

900 1067 993 1123 5i.
1035 1081 1164 1124 ecce
1187 1067 1372 1122 Velum

51 933 204 990 quam
236 923 418 978 cruci-

52 991 182 1045 ﬁxus
208 1004 291 1046 est
320 995 391 1048 ab
423 993 528 1049 ho-

50 1076 104 1116 ra
132 1071 286 1118 sexta
313 1074 476 1122 tene-

49 1133 169 1189 brae
202 1133 379 1191 factae
899 1140 1086 1210 templi
1111 1137 1340 1195 scissum

46 1215 164 1286 sunt
184 1221 349 1277 super
371 1223 438 1263 u-
894 1221 979 1267 est
1012 1213 1067 1266 in
1099 1210 1232 1266 duas

47 1291 304 1332 mversam
893 1294 1076 1354 partes
1100 1297 1131 1337 a
1159 1297 1310 1354 sum-

46 1356 231 1430 terram
259 1364 434 1421 usque
745 1417 749 1422 ‘
893 1352 980 1408 illo
1005 1369 1173 1425 usque
1201 1352 1297 1409 de-

43 1433 92 1473 in
120 1433 264 1475 oram
294 1435 401 1477 no-
887 1438 1094 1491 orsum,
1123 1433 1178 1480 et
1206 1434 1314 1479 ter-

42 1505 176 1546 nam.
887 1511 948 1552 re
978 1509 1185 1552 motum
1217 1496 1330 1552 lac-

40 1562 120 1618 46.
161 1561 314 1620 Circa
337 1564 479 1621 liora
507 1580 614 1621 au-

41 1643 134 1690 tem
164 1650 361 1692 0008"]

39 1706 346 1763 exclamavit

37 1775 185 1852 Jesus,
198 1785 330 1836 vaec
362 1795 513 1852 mag-

39 1864 116 1916 na,
140 1849 324 1908 dicens
357 1869 371 1906 :
403 1849 515 1909 lle-

36 1920 86 1981 li.
111 1921 240 1987 Heli.
272 1923 411 1980 lema
443 1923 587 1980 ιηιιο

37 1992 210 2048 thani?
233 1995 335 2050 hoc
356 2006 443 2053 est
471 2014 486 2050 :

39 2064 164 2120 Deus
183 2081 356 2133 meus,
388 2066 539 2125 Deus
567 2083 690 2126 me-

36 2149 106 2208 us,
138 2147 190 2190 ut
210 2138 337 2208 quid
366 2155 458 2197 me

34 2205 333 2276 dereliquis-

883 1577 938 1622 tu
945 1585 997 1623 ιιι
1026 1577 1110 1625 εει
1131 1583 1278 1638 mag-

880 1653 1031 1706 num,
1062 1650 1119 1695 et
1141 1649 1326 1709 petrae

877 1711 1006 1767 lisse
1031 1720 1178 1777 sunt,
1211 1721 1269 1766 et

874 1780 964 1837 52.
1007 1797 1331 1839 monumen-

874 1861 926 1908 ta
954 1855 1220 1923 patefacta

870 1937 1036 1982 sunt:
1065 1937 1119 1984 et
1146 1926 1286 1982 mult
1327 1965 1340 1980 .
1387 1965 1401 1981 .

867 2009 1002 2065 corp
1029 2039 1044 2054 .
1089 2038 1103 2052 .
1135 2013 1166 2054 a
1193 2013 1352 2054 sanc-

868 2076 1046 2124 torum
1067 2070 1273 2125 dormi-

868 2177 882 2193 .
928 2179 942 2194 .
988 2181 1001 2194 .
1045 2157 1360 2208 .um,sur—

861 2210 950 2268 55.
994 2251 1008 2267 .
1053 2255 1067 2268 .
1101 2223 1316 2270 xerunt.
1351 2212 1423 2269 Et
1465 2261 1471 2266 .

36 2276 112 2332 47.
151 2280 226 2335 ti?
255 2280 490 2350 Quidam
865 2324 878 2338 .
924 2325 939 2341 .
965 2298 1155 2340 euntes
1181 2285 1251 2341 de

35 2359 190 2406 autem
219 2353 329 2410 illic
862 2394 878 2409 .
922 2393 938 2409 .
967 2372 1234 2413 onumeno

37 2431 236 2491 stantes,
263 2435 317 2481 et
345 2426 506 2483 audi-
863 2465 876 2478 .
922 2467 936 2481 .
980 2466 996 2483 .
1040 2469 1053 2483 .
1099 2468 1114 2483 .
1145 2438 1234 2485 ost
1263 2443 1448 2484 resur-

38 2506 170 2550 entes
191 2496 487 2555 dicebant:
863 2534 882 2553 .
924 2539 937 2552 .
985 2539 1001 2553 .
1043 2539 1058 2554 .
1105 2541 1118 2554 .
1154 2515 1312 2555 ouem

39 2563 218 2642 Heliam
246 2579 408 2642 vocat.
861 2607 876 2623 .
921 2609 937 2627 .
980 2613 994 2627 .
1038 2609 1054 2625 .
1085 2588 1133 2638 s,
1166 2585 1330 2627 vene-

39 2639 114 2694 48.
153 2641 264 2696 iste.
296 2643 362 2697 Et
380 2639 567 2700 contio
862 2680 878 2696 .
921 2681 937 2697 .
980 2685 996 2702 .
1040 2683 1054 2697 .
1088 2643 1142 2698 in
1173 2659 1332 2697 sanc-

41 2725 132 2765 nuo
160 2727 380 2770 currens
863 2753 877 2766 .
924 2756 936 2768 .
982 2755 997 2770 .
1042 2755 1056 2769 .
1084 2715 1381 2782 civitatem,

42 2796 162 2838 unus
188 2799 251 2840 ex
271 2786 351 2841 eis
371 2801 464 2844 ac-
862 2823 876 2840 .
921 2826 935 2841 .
979 2826 996 2844 .
1023 2787 1109 2843 ltis
1133 2801 1300 2859 appa-

43 2866 174 2930 cept‘a
195 2859 416 2930 spongia
864 2897 878 2912 .
958 2897 972 2914 .
1052 2896 1069 2914 .
1146 2895 1166 2914 .
1244 2897 1259 2914 .
1341 2896 1357 2912 .
1436 2893 1452 2908 .
1533 2892 1551 2909 .

45 2923 401 2996 iiiiplevitace-
863 2969 876 2984 .
959 2968 974 2985 .
1053 2970 1069 2985 .
1149 2969 1163 2983 .
1245 2971 1261 2985 .
1339 2967 1355 2982 .
1437 2967 1451 2982 .
1535 2969 1550 2982 .

46 3000 439 3072 l0,_etinposuit
868 3040 883 3056 .
963 3042 976 3057 .
1055 3043 1068 3056 .
1149 3042 1163 3056 .
1247 3042 1261 3058 .
1342 3040 1356 3054 .
1438 3037 1455 3054 .
1535 3038 1550 3052 .

50 3067 424 3138 iuharundine.
868 3114 881 3128 .
962 3115 977 3130 .
1057 3113 1071 3128 .
1151 3114 1165 3128 .
1248 3112 1262 3128 .
1342 3112 1358 3128 .
1439 3111 1456 3126 .
1535 3109 1550 3124 .

47 3141 537 3203 etdabateibibe-
865 3183 881 3198 .
961 3187 976 3203 .
1056 3185 1070 3202 .
1153 3186 1167 3200 .
1247 3185 1262 3200 .
1343 3187 1358 3200 .
1441 3181 1455 3196 .
1538 3181 1554 3197 .

50 3212 123 3266 49.
162 3230 234 3270 re.
265 3217 441 3274 Ceteri
476 3231 612 3273 vero
863 3216 954 3274 54.
997 3219 1118 3273 viso
1149 3229 1324 3274 terrae

53 3284 116 3355 (ὁ)
142 3286 382 3345 dixerunt
406 3289 447 3361 "r
475 3307 489 3344 :
514 3289 611 3346 Si-
863 3299 1012 3345 motu
1041 3299 1096 3346 et
1116 3305 1179 3345 ea
1199 3303 1340 3360 quae

409 3455 411 3457 ,
462 3399 703 3458 CODEX
741 3400 1210 3459 CORBEIENSIS.

57 3488 261 3562 ldipsum
313 3506 496 3552 autem
549 3507 608 3552 et
651 3496 912 3560 latrones,
962 3496 1056 3567 qui
1115 3498 1131 3527 λ
1184 3494 1430 3552 crucifixi
1479 3502 1643 3550 erant

62 3578 164 3640 cum
184 3568 748 3640 eo,improperabant
771 3567 845 3624 ei.
884 3568 930 3623 Α
959 3575 1115 3623 sexta
1166 3579 1347 3623 autem
1394 3567 1526 3622 liora
1561 3576 1642 3640 ιετ

62 3636 236 3709 nebrae
262 3639 434 3695 factae
464 3636 598 3694 sunt
625 3654 791 3709 super
818 3641 1122 3694 universam
1142 3649 1342 3694 terram
1372 3655 1542 3709 usque
1568 3638 1638 3693 ad

61 3702 224 3763 horam
248 3725 466 3766 nontam.
501 3712 570 3765 Et
595 3702 737 3765 circa
770 3711 957 3766 horam
981 3727 1176 3765 nonam
1199 3702 1636 3766 clamavit'Jesus

63 3783 653 3853 vocemagna,dicens:
685 3790 711 3818 α
740 3782 883 3846 lleli,
917 3785 1054 3836 lenia
1085 3785 1106 3814 ’
1139 3781 1495 3836 sabaclitaui?
1534 3781 1636 3837 hoc

65 3860 135 3903 est
161 3867 173 3903 :
222 3852 358 3909 Deus
406 3869 596 3917 meus,
629 3853 769 3907 Deus
799 3869 950 3909 meus
975 3894 990 3918 ,
1024 3864 1082 3908 ut
1119 3854 1244 3922 quid
1272 3853 1292 3883 ³
1324 3869 1409 3907 me
1439 3853 1636 3908 dereli—

67 3922 201 3986 quisti
222 3924 244 3976 ’ἒ
269 3927 500 3993 Quidam
526 3938 706 3979 autem
749 3925 860 3980 illic
881 3934 1113 3992 stantes,
1137 3936 1189 3980 et
1220 3925 1502 3979 audientes
1553 3924 1638 3978 di-

67 3993 264 4049 cebant:
296 3997 507 4052 Heliam
534 4005 692 4050 vocat
712 3997 832 4050 iste.
872 3997 936 4052 Et
957 4000 1214 4052 continuo
1241 4012 1468 4051 currens
1497 4012 1635 4051 unus

66 4067 213 4139 exeis
235 4079 518 4139 acceptam
552 4069 831 4139 spOugiam
862 4070 1106 4139 implevit
1132 4081 1310 4134 aceto,
1356 4077 1411 4122 et
1462 4068 1636 4136 impo-

67 4136 156 4208 suit
178 4136 449 4208 arundini,
479 4149 535 4195 et
563 4136 728 4194 dabat
755 4143 802 4195 ei
835 4136 1040 4195 bibere.
1063 4140 1277 4195 Cnetrri
1311 4153 1442 4194 vero
1491 4141 1637 4194 dice-

70 4202 177 4260 bant
203 4227 215 4262 :
245 4211 370 4267 Sine
391 4202 677 4267 videamus
699 4228 766 4265 an
796 4215 978 4266 venint
999 4213 1180 4267 llelias
1216 4212 1450 4266 liberans
1484 4226 1631 4264 eum.

71 4273 202 4357 Jesus
219 4297 397 4357 autem
429 4285 624 4357 iterum
647 4283 1054 4357 elamausﬂvoce
1077 4299 1292 4352 magna,
1323 4281 1504 4357 emisit
1521 4282 1636 4357 Δςψί-

72 4352 226 4404 ritum.
257 4353 322 4408 Et
350 4369 484 4410 ecce
519 4355 696 4408 velum
745 4355 927 4424 templi
981 4357 1210 4410 scissum
1263 4365 1346 4408 est
1400 4352 1454 4407 in
1500 4353 1634 4407 duas

73 4431 229 4486 partes
250 4439 278 4478 a
308 4441 522 4480 summo
567 4441 734 4492 USque
762 4427 1014 4480 deorsum
1036 4469 1048 4490 ,
1073 4438 1128 4481 et
1155 4438 1296 4481 terra
1343 4437 1484 4480 muta
1530 4437 1634 4491 est,

72 4499 115 4542 ει
145 4504 313 4561 petrae
350 4500 558 4552 scissae
608 4505 755 4561 sunt,
783 4506 837 4552 et
864 4507 1207 4552 monumenta
1253 4508 1435 4566 aperta
1467 4506 1632 4550 sunt:

73 4569 117 4612 et
169 4568 320 4622 multa
383 4584 612 4638 corpora
685 4579 1039 4635 sanctorum,
1103 4571 1192 4639 qui
1263 4569 1630 4630 dui'mieraut,

74 4648 415 4695 surrexerunt.
476 4639 542 4695 Et
603 4648 883 4695 exeuntes.
920 4641 1006 4695 vde
1078 4643 1441 4695 monumentis
1514 4647 1636 4710 post

74 4711 495 4768 resurrectionem
545 4711 742 4782 ipsius,
797 4721 1059 4766 venerunt
1113 4713 1165 4782 in
1217 4723 1456 4766 sanctam
1499 4712 1633 4766 civi-

77 4783 261 4853 tatein,
310 4791 363 4837 et
411 4781 777 4853 apparuerunt
827 4786 1029 4838 multis.
1095 4781 1352 4838 Centurio
1403 4793 1582 4837 autem
1613 4823 1629 4847 ,

78 4856 122 4898 et
155 4851 234 4918 qui
274 4868 392 4908 cum
448 4851 514 4908 eo
561 4867 764 4922 erant,
819 4855 1190 4911 custodientes
1236 4853 1420 4911 Jesum
1447 4897 1462 4923 ,
1516 4855 1633 4911 viso

79 4925 228 4977 terrae
255 4934 401 4982 motu
426 4935 481 4983 et
501 4925 584 4984 bis
613 4941 750 4999 quae
774 4925 871 4983 ﬁe-

1015 280 1467 341 EVANGELIUM
1507 277 1883 339 SECUNDUM
1924 278 2362 337 MATTHASUM.

3277 269 3383 329 346

2174 410 2177 412 '
2218 392 2452 453 CODEX
2489 391 2942 453 VERONENSIS.

1778 489 1870 548 44.
1911 489 1968 547 Id
1993 493 2169 562 ipsum
2197 498 2376 546 autem
2610 490 2753 562 Sine,
2767 488 3047 562 videamus

1777 572 1832 620 et
1859 558 2120 626 latrones,
2143 561 2237 633 qui
2608 562 2685 690 sf)
2714 561 2761 618 si
2788 560 2826 632 -ι-
2853 558 3037 616 veniet

1777 633 2018 690 cruciﬁxi
2044 642 2202 690 erant
2657 633 2812 690 elias.
2842 632 2928 690 (ά)
2957 639 3013 686 ει

1774 633 2018 691 cruciﬁxi
2044 627 2202 690 erant
2609 627 2814 700 Helias,
2842 632 2928 703 (ά)
2957 639 3013 686 ει
3039 627 3110 703 (e)
3143 627 3208 687 li-

1773 722 1896 762 cum
1923 723 2010 770 eo,
2040 706 2246 776 impro-
2607 705 2813 776 beravit
2831 705 2870 774 -ι-
2897 717 3044 768 eum,

1771 779 2039 851 perabant
2061 775 2133 834 ci.
2738 775 2900 851 Jesus
2921 781 3104 830 autem

1768 853 1860 907 45.
1902 851 1970 907 Ει
1997 858 2280 922 postquam
2302 861 2428 906 cru.

1768 923 1962 978 cilixus
1991 932 2074 978 est
2103 937 2133 976 a
2161 936 2289 976 sex-

1771 1004 1822 1048 ta
1853 1000 1985 1050 liora
2009 993 2268 1050 tenebrae

1765 1065 1939 1122 factae
1977 1073 2104 1120 sunt
2135 1081 2225 1120 su-

1764 1153 1865 1210 per
1887 1137 2197 1193 universam

1762 1221 1963 1266 terram
1990 1223 2164 1279 usque

1759 1281 1830 1337 ad
1857 1281 2047 1338 horam
2072 1295 2176 1336 no-

2604 849 2799 906 iterum
2823 848 3062 903 clamans

2531 986 2539 993 .
2603 936 2738 993 voce
2762 932 3007 993 masne.»

2602 992 2786 1050 emisit
2807 990 2967 1062 Spiri-

2603 1074 2740 1121 tum.

2601 1138 2693 1193 51.
2736 1136 2804 1192 Ει
2832 1149 2960 1191 εεεε
2981 1131 3162 1190 velum

2602 1209 2786 1294 templi
2810 1207 3038 1294 scissum

2598 1292 2683 1338 est
2712 1278 2764 1338 iu
2793 1278 2931 1334 duas

1761 1369 1924 1425 nam.
2079 1424 2087 1425 ί
2596 1361 2778 1425 partes
2797 1365 2829 1406 a
2853 1364 3004 1425 sum-

1755 1423 1851 1481 46.
1890 1424 2048 1482 Circa
2075 1424 2265 1481 horam
2595 1421 2689 1481 ino
2716 1437 2884 1495 usque
2907 1421 3006 1478 de-

1757 1511 1956 1552 nonam
1984 1495 2240 1553 clamavit
2593 1511 2807 1562 orsum,

1754 1567 1915 1624 Jesus
1938 1584 2074 1623 voce
2591 1579 2649 1625 et
2676 1579 2820 1626 terra

1754 1654 1948 1710 magna
1971 1657 1984 1693 :
2021 1639 2163 1705 lleli,
2591 1651 2739 1697 mota
2766 1645 2872 1705 est,

2589 1723 2648 1769 et
2673 1725 2858 1784 petrae
2881 1708 3041 1765 ﬁssae

2591 1785 2685 1842 52.
2725 1793 2874 1846 sunt,
2903 1789 2960 1838 et
2984 1790 3177 1837 monu-

2590 1865 2776 1913 menta
2796 1869 2955 1925 aper-

2589 1937 2643 1984 ta
2665 1937 2822 1984 sunt:
2856 1931 2912 1982 et

2590 2001 2757 2056 multa
2785 2008 3014 2069 corpora

2587 2068 2899 2128 sanctorum
2925 2068 3051 2123 dor-

2588 2144 2895 2207 mientium,
2933 2151 3115 2194 surre-

2585 2217 2676 2273 55.
2718 2222 2936 2279 xerunt,
2970 2210 3040 2267 Et
3062 2222 3156 2265 cx-

2585 2296 2777 2344 euntes
2799 2285 2868 2341 de
2887 2297 3009 2339 mo-

2585 2359 2861 2416 numentis
2890 2361 3011 2427 post

2585 2430 3044 2487 resurrectionem

1753 1710 1895 1776 Heli,
1929 1712 2065 1766 lama
2091 1712 2166 1781 (α)
2197 1725 2290 1767 za-

1754 1783 1902 1852 ptani
1924 1782 2001 1852 '1'?
2032 1781 2137 1836 hoc

1751 1863 1839 1907 est
1859 1869 1872 1906 :
1908 1853 2048 1907 Deus
2079 1867 2253 1922 meus,

1751 1924 1896 1979 Deus
1928 1940 2080 1980 meus
2103 1967 2119 1991 ,

1748 2006 1810 2050 ut
1837 1996 1966 2064 quid
1994 2011 2080 2052 me
2105 1995 2203 2053 de-

1749 2067 2021 2138 reliquisti
2043 2069 2066 2122 ?

1745 2138 1841 2194 47.
1882 2139 2110 2208 Quidam

1745 2219 1931 2266 autem

1746 2280 1862 2338 illic
1891 2292 2126 2353 stantes,

1745 2363 1807 2409 et
1835 2354 2113 2412 audientes
2135 2355 2222 2413 di-

1745 2428 1946 2482 cebant
1968 2445 1982 2482 :
2011 2428 2199 2485 Helian

1747 2506 1923 2574 γραεξ
1937 2501 2058 2556 meo
2110 2571 2120 2574 ,
2588 2503 2780 2574 ipsius,
2808 2503 3076 2557 venerunt

1744 2567 1840 2624 48.
1883 2569 1954 2625 Ει
1980 2571 2237 2629 continuo
2587 2567 2644 2628 iit
2673 2583 2915 2629 sanctam

1745 2655 1974 2698 currens
2005 2659 2144 2698 unus
2586 2644 2883 2704 civitatem.

1745 2726 1820 2768 ex
1851 2714 1937 2788 eis
1957 2725 2178 2788 accepta
2589 2725 2647 2772 et
2668 2717 2848 2771 multis
2872 2729 2971 2786 ap-

1745 2787 1974 2858 spougia
2585 2794 2903 2858 paruerunt.

1747 2855 1990 2927 implevit
2019 2896 2027 2908 ι
2581 2855 2674 2915 54.
2713 2856 2970 2915 Centurio

1744 2941 1923 3002 aceto,
1952 2939 2008 2987 et
2036 2931 2210 3002 impo-
2578 2941 2780 2998 autem,

1744 3001 1856 3057 suit
1887 3001 2194 3072 liarundiui,
2587 3014 2642 3058 ct
2668 3004 2901 3074 quicum
2923 3013 2992 3074 e9

1744 3080 1802 3127 et
1831 3074 1994 3131 dabat
2014 3075 2066 3132 ei
2180 3071 2185 3072 ί
2589 3071 2764 3141 erant,
2788 3071 3099 3131 custodien-

1744 3141 1952 3202 bibere.
2587 3157 2670 3203 tes
2697 3147 2911 3213 Jesum,
2944 3143 3058 3198 viso

1746 3213 1838 3292 ἑξ).
1877 3217 2058 3275 Ceteri
2086 3233 2216 3277 vero
2237 3218 2319 3292 (ὁ)
2587 3228 2884 3276 terremom

1747 3287 2093 3364 dixerunt-i1
2246 3287 2258 3292 ⁷
2298 3287 2308 3292 ⁷
2585 3302 2639 3348 ει
2663 3292 2748 3349 bis
2771 3304 2908 3363 quae
2931 3287 3026 3343 ﬁe-

2213 3405 2446 3463 CODEX
2481 3405 2878 3464 BRIXIANUS.

1747 3495 1986 3571 Idipﬁsum
2014 3507 2218 3556 autem.
2250 3510 2307 3556 et
2345 3502 2586 3556 latrones
2613 3501 2703 3571 qui
2735 3497 2972 3556 crucillxi
3011 3499 3168 3571 erant
3219 3502 3371 3543 cum'

1746 3567 2302 3642 co’imprOperabaut
2347 3573 2435 3628 ei.
2471 3613 2484 3628 .
2518 3567 2742 3628 Asexta
2791 3586 2968 3627 autem
3013 3567 3145 3621 liora
3192 3571 3345 3616 tene-

1743 3636 1879 3714 brae
1917 3636 2088 3697 iactae
2127 3658 2272 3698 sunt.
2336 3661 2498 3714 super
2552 3646 2858 3699 universam
2919 3653 3119 3696 terram
3168 3647 3341 3714 usque

1739 3711 1810 3765 ad
1867 3711 2056 3786 horam
2098 3730 2316 3770 nonam.
2359 3706 2513 3770 Circa
2549 3716 2738 3770 horam
2769 3724 2978 3786 autem
2992 3721 3191 3786 nouam
3231 3706 3344 3786 cla-

1742 3784 1908 3837 mavit
1961 3784 2119 3839 Jesus
2191 3801 2322 3841 voce
2384 3802 2574 3855 magna
2628 3787 2834 3841 dicens.
2887 3782 3022 3839 lleli.
3078 3779 3215 3834 lleli.
3278 3777 3342 3830 li-

1740 3856 2171 3910 tuusabactliani.
2216 3862 2317 3911 hoc
2346 3868 2448 3912 est.
2486 3859 2625 3912 Deus
2674 3873 2846 3912 meus.
2881 3855 3022 3910 Deus
3064 3863 3237 3904 meus.
3283 3857 3342 3900 ut

1740 3925 1869 3994 quid
1902 3942 1990 4003 me
2030 3928 2389 4003 dereliquisti.
2438 3929 2909 4003 Quidam__ai_i_tem.
2951 3925 3063 3978 illic
3093 3928 3333 4003 stantes.

1739 3988 1795 4049 et
1839 3997 2145 4053 audientes.
2181 3988 2623 4068 dicebantrqttia
2674 3998 2860 4054 lleliau
2895 4004 3053 4051 vocat
3093 3988 3336 4070 iste..El

1738 4071 2001 4143 continuo
2030 4071 2329 4126 adcurrens
2359 4088 2500 4126 unus
2518 4088 2584 4143 ex
2610 4072 2690 4126 eis
2714 4077 2932 4143 arccpta
2962 4075 3333 4143 spongealiu-

1762 4139 1906 4193 ilevit
1934 4153 2110 4194 aceto.
2160 4152 2213 4197 et
2254 4145 2510 4211 imposuit
2547 4131 2862 4198 ltarundiui:
2890 4149 2952 4206 et
2983 4131 3146 4192 dabat
3173 4132 3224 4186 ei
3255 4131 3334 4185 bi-

1741 4154 1891 4262 Lere.
1936 4212 2117 4262 Ceteri
2163 4226 2342 4262 autem
2387 4213 2657 4262 dicebant.
2704 4213 2833 4262 Sine
2875 4210 3154 4262 videamus
3185 4200 3261 4262 (ε)
3289 4203 3334 4258 εἰ

1778 4227 1891 4264 ere.
1936 4212 2117 4267 Ceteri
2163 4200 2344 4268 autem
2387 4213 2657 4270 dicebant.
2704 4213 2833 4269 Siue
2875 4203 3154 4265 videamus
3185 4200 3261 4274 (ε)
3289 4203 3334 4258 si

1736 4280 1776 4352 οξ·
1797 4283 1946 4337 venit
1968 4284 2152 4340 Helias
2176 4288 2387 4342 salvarc
2415 4301 2564 4342 eum.
2594 4285 2751 4342 Jesus
2773 4292 2972 4338 autem.
3003 4281 3195 4336 iterum
3223 4275 3336 4352 cla-

1739 4348 2075 4428 i'nansuvoce
2120 4373 2334 4428 magna.
2367 4359 2547 4414 emisit
2585 4357 2853 4428 spiritum.
2890 4355 2956 4409 Et
2997 4367 3126 4407 ecce
3154 4348 3334 4428 velum

1739 4425 1925 4492 templi
1949 4429 2179 4483 scissum
2203 4419 2286 4484 est
2317 4433 2368 4485 in
2393 4431 2526 4485 duas
2548 4419 2727 4498 partes
2753 4446 2781 4480 a
2804 4440 3022 4482 summo
3047 4436 3220 4490 usque
3238 4419 3333 4474 de-

1736 4510 1944 4552 orsum.
1977 4509 2032 4554 et
2063 4510 2205 4554 terra
2239 4511 2379 4557 uiola
2401 4512 2504 4555 est.
2535 4510 2590 4556 et
2635 4512 2822 4571 petrae
2861 4499 3063 4552 scissae
3092 4500 3240 4548 sunt.
3281 4498 3337 4544 et

1737 4582 2083 4624 monumenta
2106 4582 2292 4641 aperta
2316 4583 2462 4627 διιιιι.
2482 4585 2534 4628 ει
2557 4575 2719 4627 ιιιιιΙιει
2750 4584 2974 4638 corpora
3004 4573 3335 4641 sanctorum.

1740 4641 1834 4708 qui
1864 4638 2218 4717 dormierunt.
2253 4645 2724 4717 surrexerunt._Et
2747 4649 3008 4717 exeuntes
3046 4638 3114 4717 de
3147 4648 3340 4717 munu-

1741 4713 1957 4767 tnentis.
1974 4725 2096 4783 post
2122 4717 2571 4770 resurrectionem
2597 4715 2735 4784 ejus.
2757 4712 3157 4784 itttroiet'untjn
3177 4716 3334 4784 sanc-

1741 4790 1846 4835 tam
1896 4775 2192 4840 civitatem.
2240 4796 2297 4841 et
2344 4775 2710 4856 apparuerunt
2749 4781 2935 4856 multis
2967 4819 2981 4832 .
3013 4819 3026 4832 .
3072 4775 3335 4856 Centurio

1736 4864 1918 4910 autem
1980 4865 2036 4910 et
2073 4857 2164 4926 qui
2210 4873 2332 4912 cum
2375 4846 2442 4912 eo
2510 4868 2667 4913 erant
2711 4853 3076 4912 custodientes
3123 4846 3330 4904 Jesum.

1735 4931 1852 4982 viso
1900 4935 2212 4983 terremotu.
2246 4938 2301 4984 et
2347 4928 2432 4984 liis
2463 4944 2600 5000 quae
2628 4929 2726 4984 lie-

719 5042 1115 5102 VARIANTES
1154 5043 1538 5103 LECTIONES
1572 5041 1842 5102 CODICIS
1879 5045 1988 5102 MS.
2029 5044 2089 5101 S.
2130 5043 2637 5104 GERMANENSIS.

131 5136 153 5229 ἒ
177 5135 442 5254 ῑτῗιξδειὶηιιί
454 5201 481 5256 ?

1802 5139 1826 5172 ⁸
1854 5137 2166 5203 dereliquisti
2189 5139 2306 5191 me?

1389 5264 1752 5323 BLANCHINI
1790 5263 2020 5322 NOTAE.

148 5377 617 5458 “.llebraicaverba
649 5381 854 5458 Latinis
891 5382 1170 5454 peregrina
1197 5382 1347 5438 varie
1375 5382 1624 5439 scribun-

91 5453 224 5525 tu_rin
248 5467 369 5507 mss.
403 5454 568 5520 libris,
593 5456 685 5510 sed
716 5453 913 5525 ubique
936 5464 1212 5524 corrupte,
1263 5464 1321 5509 ut
1365 5466 1493 5509 ante
1526 5469 1625 5509 nos

93 5518 336 5600 adfremit
377 5518 682 5600 Brugensisi
706 5518 850 5600 saepe
894 5518 1159 5600 laudatus.
1199 5518 1486 5600 interpres
1517 5525 1626 5582 Gn-

95 5587 245 5646 tliicus
268 5609 356 5664 pro
381 5587 510 5664 su,
529 5599 710 5654 scribit
739 5587 970 5670 aspirate
999 5595 1149 5652 Helei
1175 5613 1197 5664 ;
1221 5606 1278 5654 et
1301 5587 1401 5669 pro
1431 5597 1623 5654 (ἱι-ωεο

1730 5381 1894 5437 Ἠλίαν
1919 5379 2081 5446 infra,
2104 5390 2160 5438 et
2192 5381 2385 5438 Latino
2413 5381 2612 5447 Elian,
2641 5381 2880 5438 occurrit
2907 5380 3196 5438 Gothicum
3224 5382 3333 5438 He-

1731 5454 1859 5519 liau,
1886 5461 1942 5508 el.
1965 5453 2291 5509 Saxonicuin
2322 5453 2554 5510 Batiam.
2609 5455 2686 5510 ita
2721 5453 2985 5509 Maresch.
3015 5456 3245 5512 Observ.
3277 5452 3330 5512 ill

1731 5525 2066 5596 versrAngl.
2093 5525 2222 5582 Sax.
2258 5544 2311 5595 p.
2336 5527 2462 5582 500.
2509 5527 2657 5582 Bene
2707 5528 2866 5596 igitur
2894 5528 3149 5582 coiivenit
3196 5542 3329 5584 mss.

1731 5595 1932 5653 nostris
1955 5595 2077 5654 cum
2102 5598 2440 5654 versionibus
2467 5598 2640 5666 autiq.
2669 5595 2822 5654 iliSCe
2852 5598 3114 5654 barbaris.

119 5725 222 5809 ,(“)
262 5729 400 5815 Cotile
437 5732 612 5815 Cant,
649 5740 776 5815 Lat:
797 5739 1092 5815 Zapthani;
1119 5740 1275 5815 Ca_nt.
1305 5739 1401 5797 Gr.
1433 5743 1612 5815 ζᾳφθςι

1778 5780 1783 5794 ,
1822 5753 1984 5815 manu
2026 5737 2313 5815 recentiori
2348 5740 2610 5815 aameti.
2638 5769 2710 5782 -
2742 5739 2817 5814 (ὁ)
2844 5738 2924 5796 ita
2950 5747 3008 5796 et
3030 5738 3152 5798 cod.
3175 5737 3332 5798 Cant.

100 5804 408 5876 πέπονι-(ε)
429 5807 581 5869 Juxta
601 5807 708 5868 ιω.
735 5812 830 5872 Cr.
874 5804 936 5869 ἑί.
963 5832 1033 5855 ——
1062 5812 1141 5885 (ά)
1185 5813 1256 5871 Ita
1294 5820 1351 5868 et
1386 5804 1514 5868 cod:
1557 5811 1612 5869 C:

1778 5815 1832 5869 αἱ
1870 5813 2053 5868 σώσει.
2085 5840 2154 5852 -
2181 5810 2256 5881 (e)
2284 5826 2312 5866 υ
2339 5804 2439 5882 prd
2463 5809 2512 5865 ὁ.
2593 5851 2624 5890 ’ἱ
