3840 6338
485 285 588 343 547

880 403 1108 468 CUDEX
1149 407 1683 468 VERCELLENSIS.

487 498 1046 560 ileb....timue-

487 608 505 698 ί
550 610 1071 712 οξηιέςξνί-,’
1152 611 1166 630 ’
1562 685 1576 699 .
1607 614 1637 698 ⁸.
1681 609 2004 703 ..ad.os'.te-.

485 727 546 771 re
583 715 676 772 Dei
708 716 849 774 filius
877 721 996 774 erat
1318 733 1409 772 um
1443 731 1766 772 monumen-

482 786 604 844 iste.
1318 788 1408 844 61.
1436 789 1495 855 ti,
1520 799 1573 846 et
1599 788 1750 842 abiit.
1778 788 1908 844 Erat

1315 872 1499 915 autem
1532 861 1603 916 ibi
1629 857 1741 914 Ma-

1312 933 1391 986 ria
1421 931 1690 1002 Magdale-

1313 1018 1439 1064 nae.
1469 1013 1523 1058 et
1549 1003 1721 1057 altera

1314 1073 1501 1140 Maria,
1538 1075 1736 1130 seden-

1320 1155 1562 1202 tescon.
1607 1187 1621 1202 .
1665 1185 1679 1198 .
1711 1158 1795 1201 εθο

483 858 575 914 55.
621 896 639 915 .
681 899 694 913 .
729 874 861 916 ran.
904 899 918 915 .
950 865 1130 918 autem

481 928 554 985 ibi
587 931 836 988 mulieres

479 1001 680 1057 multae
704 1018 732 1056 a
763 1003 883 1058 lon-

475 1087 562 1142 ge,
593 1071 672 1147 (a)
697 1074 945 1148 videntes
976 1075 1036 1148 1-,
1060 1092 1207 1148 quae

477 1143 697 1201 secutae
727 1143 840 1202 lue—

476 1225 599 1270 rant
624 1216 811 1272 Jesum
843 1232 873 1272 a
903 1215 1048 1275 Cana
1070 1217 1178 1276 Ga-
1322 1259 1335 1271 .
1381 1258 1394 1270 .
1421 1222 1538 1272 ulcr
1564 1259 1578 1274 .
1623 1259 1638 1274 .
1683 1257 1696 1268 .

479 1286 627 1352 lilea,
660 1288 848 1344 minis-
1319 1288 1408 1344 62.
1449 1289 1634 1344 Altera
1661 1295 1840 1345 autem

477 1357 567 1413 56.
611 1368 821 1416 trantes
849 1355 936 1415 ei:
965 1359 1054 1416 i.-
1320 1359 1430 1427 die,
1455 1376 1592 1430 quae
1635 1403 1649 1417 .
1694 1397 1708 1413 .
1753 1399 1769 1414 .
1815 1400 1830 1416 .

447 1493 456 1502 _
481 1439 565 1502 ter
583 1444 720 1500 quas
749 1446 811 1486 er
836 1472 849 1485 .
895 1470 910 1486 .
1325 1442 1448 1502 post
1472 1447 1628 1502 paras
1657 1471 1671 1486 .
1718 1472 1730 1484 .
1771 1462 1800 1474 -

481 1499 648 1556 Maria
680 1501 827 1573 Mag-
1325 1499 1394 1558 ve
1417 1499 1594 1558 conve
1626 1546 1639 1558 .
1686 1545 1696 1557 .
1740 1533 1767 1544 -

481 1609 521 1642 ,ί
546 1611 560 1625 .
594 1573 810 1641 alenae,
842 1588 873 1630 e
902 1613 916 1628 .
961 1615 974 1628 .
1322 1584 1449 1630 runt
1471 1575 1586 1642 prin
1619 1617 1630 1629 .
1678 1616 1692 1631 .
1732 1605 1758 1616 -

481 1641 649 1700 Maria
677 1643 776 1700 Jac
802 1686 820 1702 .
863 1683 878 1700 .
910 1646 927 1701 i
1321 1661 1418 1716 pes
1448 1641 1639 1703 s’acerd
1675 1687 1688 1700 .
1733 1687 1747 1700 .
1795 1687 1807 1699 .
1855 1689 1867 1702 .
1915 1689 1927 1700 .

1321 1720 1821 1787 etpltar.....

483 1824 498 1841 .
541 1823 560 1842 .
601 1826 618 1842 .
663 1825 678 1841 .
724 1828 741 1843 .
786 1828 799 1842 .
853 1794 943 1844 um
986 1787 1243 1848 Zebedei.
1319 1789 1386 1844 ad
1413 1789 1585 1844 Pilatu
1622 1831 1635 1843 .
1681 1831 1694 1843 .
1741 1831 1754 1844 .
1802 1831 1815 1844 .

1321 1861 2043 1918 65.centes:......

485 1947 1170 1989 ..o'....
1320 1947 1812 1988 nerem....-

481 2001 569 2056 57.
611 2010 776 2069 esset,
807 2017 914 2060 ve.
961 2045 974 2058 .
1021 2045 1036 2058 .
1318 2003 1546 2058 ratisu.
1594 2044 1609 2058 .
1656 2046 1669 2059 .
1717 2047 1729 2059 .
1775 2046 1789 2060 .
1836 2047 1848 2059 .

520 2070 698 2126 uidam
727 2073 890 2130 homo
1321 2109 1337 2128 .
1418 2117 1431 2129 .
1513 2117 1527 2129 .
1608 2117 1620 2128 .
1704 2118 1716 2130 .
1799 2115 1812 2130 .
1897 2116 1911 2129 .
1994 2116 2007 2128 .

521 2143 1068 2217 ivesab(b‘)‘Arima-
1199 2151 1202 2154 ’
1323 2187 1335 2200 .
1415 2188 1432 2202 .
1513 2187 1526 2200 .
1606 2184 1620 2200 .
1701 2185 1718 2202 .
1798 2189 1812 2202 .
1894 2184 1910 2200 .
1990 2188 2002 2202 .

483 2211 924 2286 tilia-lunoniine
1323 2257 1337 2272 .
1417 2256 1432 2271 .
1513 2256 1528 2270 .
1609 2258 1621 2270 .
1701 2256 1717 2274 .
1797 2259 1812 2274 .
1897 2259 1909 2271 .
1991 2258 2003 2271 .

481 2355 714 2432 discipul
868 2401 883 2416 .
1049 2361 1105 2432 ,λ
1322 2360 1539 2415 tertium
1574 2402 1587 2414 .
1632 2400 1646 2414 .
1690 2400 1704 2415 .
1751 2405 1763 2417 .
1810 2405 1825 2418 .

483 2428 572 2484 58.
613 2438 732 2502 erat
764 2429 914 2502 Jesu.
956 2429 1054 2488 Hic
1082 2428 1141 2488 ὁ·
1323 2446 1624 2502 resurgam.

486 2538 501 2553 .
546 2540 560 2554 .
609 2541 620 2552 .
664 2501 734 2554 sit
760 2501 828 2556 ad
858 2501 997 2558 Pila-

485 2610 500 2624 .
544 2585 660 2637 .m,
690 2581 799 2644 etp
831 2615 846 2631 .
892 2569 1178 2632 .tiitco.-

485 2680 501 2696 .
545 2682 560 2697 .
592 2657 656 2698 us
683 2643 828 2699 Jesu.
860 2645 1013 2704 Tunc

485 2712 690 2785 Pilatus
708 2714 876 2785 jussit

480 2784 634 2857 reddi
663 2784 880 2857 cOrpus.

481 2855 570 2911 59.
612 2859 680 2932 _Et
706 2855 827 2914 cum
859 2860 1107 2932 accepis-

482 2936 568 2984 set
604 2928 730 2984 Jose
765 2972 778 2985 .
823 2971 837 2985 .
866 2946 987 2987 cor-

482 3014 583 3066 pus
607 2999 757 3067 Jesu,
781 2999 955 3058 invol-

481 3083 563 3149 v_.
607 3109 622 3125 .
666 3112 681 3127 .
726 3109 741 3124 .
786 3073 983 3149 .‘udin
1013 3089 1140 3149 syn-

483 3138 871 3216 donejuunda.
1029 3212 1032 3216 ,

484 3210 576 3294 βο.
620 3212 688 3267 Ει
719 3215 898 3283 posuit
920 3231 986 3271 eu
1018 3212 1032 3271 ζ
1076 3260 1090 3274 .

482 3297 540 3337 lli
568 3299 790 3340 monum
825 3325 838 3339 .
883 3326 898 3340 .
943 3327 957 3341 .
1004 3328 1017 3341 .

487 3370 909 3411 ..ιιοηον..

490 3464 504 3478 .
549 3426 923 3485 .odexcide.
966 3470 982 3486 .
1026 3472 1042 3487 .

1327 2500 1427 2577 64.
1455 2500 1592 2559 Jube
1621 2520 1749 2577 ergo
1771 2517 1895 2562 cus-

1323 2575 1479 2629 todiri
1519 2575 1702 2644 sepulé

1319 2645 1508 2700 chrum
1534 2662 1705 2717 usque

1318 2718 1372 2772 in
1403 2717 1544 2773 diem
1571 2719 1725 2773 terti-

1317 2805 1408 2844 um
1433 2808 1446 2844 :
1477 2805 1544 2844 ne
1574 2789 1718 2847 forte

1317 2863 1534 2916 veniant
1562 2860 1679 2915 diS.

1317 2931 1482 3001 cipuli
1512 2932 1650 3002 ejus,
1685 2931 1741 2989 et

1319 3003 1569 3058 furentur
1593 3019 1740 3071 eum,

1319 3084 1376 3130 et
1395 3075 1578 3129 dicant
1608 3077 1724 3144 ple-

1320 3148 1374 3199 vi
1399 3166 1412 3200 :
1441 3145 1574 3213 Quia
1609 3159 1795 3201 surre-

1321 3217 1400 3271 xit
1423 3232 1451 3270 a
1482 3213 1731 3288 mortuis.

1319 3287 1388 3342 Et
1407 3288 1511 3343 erit
1540 3287 1726 3342 novis-

1319 3359 1488 3414 simus
1514 3374 1669 3415 error

1318 3431 1470 3504 pstor
1499 3431 1689 3504 prieri-

1317 3499 1410 3560 65.
1451 3499 1542 3557 Ait
1571 3500 1680 3557 illis
1705 3499 1913 3558 Pilatus
1937 3517 1951 3553 :

905 3594 1140 3653 CODEX
1176 3597 1655 3655 CORBEIENSIS.

489 3685 656 3762 bant,
686 3685 982 3762 timuerunt
1019 3689 1196 3756 valde,
1246 3691 1527 3762 dicentes:
1572 3691 1714 3746 Vere
1760 3691 1851 3746 Dei
1891 3689 2034 3745 ﬁlius
2067 3691 2083 3722 ι

489 3767 604 3811 erat
631 3755 959 3832 iste.'Erant
1005 3772 1182 3816 autem
1213 3761 1288 3818 ibi
1317 3762 1568 3818 mulieres
1599 3763 1799 3818 multae
1821 3778 1851 3817 a
1885 3763 2083 3832 longe,

489 3837 627 3898 quae
653 3841 913 3902 sequutae
941 3831 1152 3888 fuerant
1175 3833 1360 3889 Jesnm
1406 3851 1434 3888 a
1466 3834 1727 3900 Galilaea,
1765 3831 2081 3889 ministratio

489 3909 569 3976 t_es
595 3904 687 3976 ei:
731 3903 872 3976 inter
920 3920 1056 3974 quas
1100 3917 1218 3961 erat
1258 3905 1420 3963 Maria
1455 3907 1792 3976 Magdalene,
1827 3916 1883 3961 et
1917 3906 2083 3960 Maria

487 3971 670 4046 Jacobi
716 3983 771 4028 et
799 3971 1000 4046 Joseph
1031 3989 1226 4043 mater,
1259 3987 1312 4031 et
1335 3988 1508 4032 mater
1532 3971 2078 4034 Iiliornm’Zehedaei.

488 4044 663 4120 Quum
687 4044 1032 4120 seruantem
1058 4049 1254 4104 factum
1289 4060 1457 4116 esset,
1491 4053 1638 4105 venit
1673 4049 1892 4120 quidam
1918 4049 2083 4103 homo

491 4115 643 4170 dives
669 4117 736 4191 ab
765 4117 1181 4191 'AArimathaea,
1215 4121 1436 4191 nomine
1475 4115 1718 4191 Joseph',
1751 4121 1843 4190 qui
1873 4130 1928 4174 et
1965 4122 2083 4186 ipse

491 4191 609 4240 erat
663 4189 962 4256 discipulus
1015 4189 1165 4244 Jesn.
1212 4190 1309 4246 Hic
1359 4193 1584 4246 accessit
1606 4189 1682 4246 'ad
1723 4189 1993 4253 Pilatum,
2029 4202 2082 4246 et

492 4258 878 4334 petiit_corpus
931 4259 1078 4313 Jesu.
1109 4260 1260 4315 Tunc
1311 4261 1514 4316 Pilatus
1553 4263 1714 4334 jussit
1763 4262 1911 4317 reddi
1959 4277 2080 4334 cur-

495 4343 612 4401 pus.
651 4327 985 4400 Et‘acccpto
1034 4345 1284 4400 corpore,
1324 4333 1521 4401 .losepli
1554 4327 1822 4388 involvit3
1855 4333 1986 4388 illttd
2028 4335 2079 4390 in

493 4399 722 4454 sindone
746 4399 983 4455 munda.
1022 4403 1086 4455 Et
1117 4399 1294 4471 posuit
1339 4399 1468 4459 illud
1501 4405 1552 4460 in
1594 4415 1942 4460 monumento
1982 4420 2080 4460 suo

493 4485 663 4534 novo,
721 4472 861 4542 quod
918 4473 1195 4528 exciderat
1245 4475 1296 4529 in
1349 4485 1520 4545 petra.
1581 4477 1646 4531 Et
1697 4477 1938 4531 advolvit
1993 4493 2081 4532 sa-

492 4555 619 4596 xum
654 4557 906 4611 magunm
948 4545 1013 4598 ad
1042 4548 1238 4598 ostium
1267 4548 1603 4604 monumenti
1627 4589 1640 4612 ,
1685 4557 1739 4603 et
1765 4549 1918 4604 abiit.
1953 4550 2084 4604 Erat

491 4623 668 4668 autem
704 4615 775 4668 ibi
805 4614 966 4669 Maria
992 4616 1321 4686 Magdalene,
1346 4630 1399 4673 et
1425 4622 1592 4675 altera
1623 4620 1806 4685 Maria,
1828 4622 2080 4677 sedentes

492 4694 678 4739 contra
723 4688 1052 4756 sepulcrum.
1103 4687 1286 4743 Altera
1309 4700 1488 4746 autem
1522 4693 1614 4747 die
1635 4734 1650 4758 ,
1685 4708 1824 4760 quae
1848 4703 1932 4748 est
1961 4702 2082 4762 post

497 4770 822 4834 parasceven
834 4769 1215 4834 convenerunt
1231 4762 1502 4832 principes
1529 4764 1868 4819 sacerdotum
1887 4775 1941 4819 et
1961 4765 2086 4834 plia-

492 4827 648 4884 risaei
689 4831 754 4902 ad
789 4830 1047 4896 Pilatum,
1085 4827 1364 4889 dicentes:
1395 4827 1652 4902 Domine,
1687 4827 2082 4891 recordati-su-

493 4912 632 4978 mus.
664 4901 785 4970 quia
815 4904 1070 4978 seductor
1095 4905 1183 4959 illc
1205 4904 1532 4961 dixitadhuc
1561 4901 1746 4962 vivens
1772 4926 1786 4962 ε
1816 4907 1944 4963 Post
1971 4918 2080 4964 tres

492 4966 605 5051 dies
624 4966 920 5051 resurgam.
943 4974 1078 5051 .luhe
1093 4993 1220 5046 ergo
1235 4979 1491 5051 custodiri
1511 4981 1815 5051 sepulcrum
1839 4995 2007 5051 usque
2027 4981 2079 5034 in

493 5038 635 5093 dictu
669 5038 886 5098 tcrti'um
913 5064 925 5099 :
952 5063 1019 5121 nc
1048 5038 1184 5101 forte
1214 5050 1434 5121 veniant
1464 5038 1710 5120 discipuli
1740 5051 1855 5121 ejus
1875 5093 1888 5115 ,
1915 5038 1968 5106 et
1999 5052 2081 5106 l'u—

491 5121 680 5192 rentur
704 5129 849 5192 eum,
883 5127 936 5171 et
966 5118 1152 5172 dicant
1181 5120 1320 5188 plebi
1348 5138 1360 5172 :
1392 5118 1642 5176 Surrexit
1665 5137 1693 5174 a
1724 5118 1974 5177 mortuis.
2013 5123 2082 5178 Et

491 5185 596 5237 erit
624 5185 952 5242 novissimus
981 5205 1134 5246 error
1161 5185 1312 5263 pejor
1341 5193 1544 5262 priore.
1577 5193 1664 5248 Ait
1696 5192 1802 5249 illis
1829 5193 2033 5250 Pilatus
2066 5213 2078 5250 :

1014 290 1283 349 EUSEBII
1322 287 1662 348 VERCELL.
1708 277 2156 348 EVANGELIUM
2196 287 2339 346 CUM
2381 277 2611 347 VARUS
2649 287 2808 347 COD.
2849 287 3237 350 COLLATUH.
3587 299 3652 354 ait

2611 406 2842 464 CODEX
2889 404 3325 464 VERONENSIS.

2187 497 2332 572 bant;
2369 497 2665 572 timuerunt
3024 502 3077 556 in
3107 510 3273 572 petra.

2183 569 2361 632 valde,
2401 568 2645 627 dicentes
2664 587 2678 627 :
3025 573 3094 627 Et
3109 568 3342 626 'advolvit

2185 640 2325 715 _Ve_re
2354 639 2501 715 illius
3023 659 3212 699 saxum
3239 653 3455 715 magnum

2185 711 2283 768 Dei
2311 721 2428 766 erat
2453 711 2557 766 hic.
3022 715 3090 770 ad
3121 711 3444 772 osteum'mo-

3023 787 3287 855 numenti,
3321 797 3370 843 et

3023 858 3176 914 abiit.

3026 931 3118 985 61.
3160 930 3292 986 Erat
3316 939 3471 986 autem

3027 1001 3097 1057 ibi
3125 1002 3287 1056 Maria
3312 1003 3408 1056 Ma-

3027 1073 3274 1143 gdalena,
3301 1084 3352 1128 et

3029 1146 3197 1200 altera
3229 1145 3402 1210 Maria,

3028 1216 3282 1272 sedentes
3303 1224 3470 1272 contra

3027 1288 3388 1357 sepulchrum.

3029 1358 3115 1413 62.
3160 1361 3339 1416 Altera
3369 1367 3520 1414 autem

3027 1432 3136 1496 die,
3166 1447 3304 1500 quae
3329 1441 3404 1487 est

3031 1513 3151 1572 post
3181 1517 3488 1573 parasceven

3029 1582 3396 1630 convenerunt

3030 1647 3304 1717 principes
3329 1661 3496 1701 sacer-

3029 1716 3241 1780 dolum,
3274 1727 3326 1772 et
3347 1717 3416 1771 fa-

3031 1789 3191 1843 risaei
3217 1788 3288 1843 ad
3311 1789 3394 1843 Pi-

3032 1860 3223 1925 latum,
3253 1860 3482 1916 dicentes
3509 1874 3522 1910 :

2186 783 2275 838 55.
2323 784 2491 838 Erant
2511 793 2691 840 autem

2185 853 2259 909 ibi
2289 856 2490 910 multae

2184 941 2213 998 a
2248 927 2426 997 longe,
2446 927 2539 998 7(a)
2565 927 2640 980 vi-

2185 996 2398 1062 dentes,
2493 996 2631 1068 quae

2187 1076 2408 1124 secutae
2432 1077 2588 1124 erant

2185 1138 2366 1194 Jesum
2391 1156 2420 1193 a
2451 1140 2595 1196 Gali-

2185 1211 2325 1278 laea,
2356 1212 2668 1266 ministran-

2187 1281 2276 1336 56.
2322 1292 2405 1338 tes
2431 1289 2479 1341 ei
2508 1302 2520 1335 :
2554 1285 2694 1339 inter

2186 1369 2320 1423 quas
2345 1366 2460 1408 erat
2486 1355 2592 1408 Ma-

2188 1425 2263 1480 ria
2293 1425 2628 1495 Magdalena,

2187 1505 2244 1550 et
2269 1497 2428 1551 Maria
2457 1497 2552 1552 Ja-

2187 1567 2332 1632 cobi,
2358 1576 2412 1623 et
2441 1567 2668 1638 Joseph,

2187 1649 2242 1694 et
2271 1648 2443 1694 mater
2473 1640 2609 1693 lilio—

2191 1725 2309 1764 rum
2344 1711 2633 1766 Zebedael.

2188 1782 2278 1837 57.
2319 1780 2452 1837 Cum
2481 1797 2607 1838 sero
2629 1797 2726 1836 au-

2191 1862 2298 1909 tem
2332 1855 2530 1908 factum

2188 1935 2354 1991 esset,
2388 1927 2533 1980 venit
2559 1926 2679 1995 qui-

2188 1996 2309 2049 dant
2343 1997 2504 2052 homo
2529 1997 2608 2050 di-

2189 2082 2280 2121 ves
2302 2068 2370 2122 ab
2397 2068 2472 2140 (b)
2505 2070 2620 2122 Ari-

2188 2141 2350 2210 matia
2380 2141 2438 2210 τ,
2468 2141 2643 2194 nomi-

2189 2225 2256 2264 ne
2279 2209 2502 2282 Joseph,

2186 2283 2276 2352 qui
2303 2291 2359 2354 et
2380 2281 2494 2354 ipse
2519 2281 2599 2336 di-

2186 2353 2428 2422 scipulus
2455 2363 2574 2408 erat

2187 2425 2281 2480 58.
2320 2424 2470 2479 Jesu.
2505 2425 2602 2480 Hie
2629 2437 2719 2479 ac-

2185 2498 2351 2550 cessit
2371 2496 2438 2551 ad
2463 2496 2548 2552 Pi-

2186 2566 2376 2634 latum,
2401 2575 2456 2623 et

3032 1932 3120 1985 65.
3169 1933 3409 1997 Domine,
3439 1945 3512 1986 re-

3028 2005 3312 2058 memorati
3343 2018 3426 2058 su-

3027 2089 3167 2146 mus,
3198 2075 3344 2146 quod
3368 2088 3446 2130 se-

3027 2144 3229 2200 ductor
3251 2146 3340 2202 ille

3027 2215 3164 2272 dixit
3189 2218 3368 2274 adhuc
3394 2217 3464 2271 vi~

3029 2303 3162 2343 vens
3197 2308 3210 2344 :
3243 2289 3370 2344 Post
3395 2297 3496 2344 ter-

3028 2360 3160 2414 tium
3188 2361 3330 2430 diem
3358 2376 3438 2416 re-

3024 2431 3113 2487 64.
3159 2448 3394 2500 surgam.
3419 2430 3545 2486 Juve

3023 2518 3155 2572 ergo
3175 2504 3431 2558 custodiri

3024 2575 3374 2642 sepulchrum
3419 2634 3428 2640 .

2186 2639 2321 2716 petit
2343 2653 2542 2716 corpus
3024 2639 3195 2716 usuue
3223 2646 3278 2701 in
3307 2639 3444 2702 diem

2185 2709 2336 2765 Jesu.
2368 2711 2518 2766 Tunc
3026 2709 3250 2772 tertium
3286 2736 3299 2771 :
3329 2733 3397 2773 ne

2187 2781 2394 2836 Pilatus
2411 2781 2574 2851 jussit
3028 2791 3167 2843 forte
3195 2791 3418 2844 veniant

2187 2853 2338 2906 reddi
2368 2868 2590 2922 corpus.

2185 2923 2274 2978 59.
2319 2924 2385 2978 Et
2422 2933 2646 2994 accepto

2184 3009 2414 3066 corpore
2438 2995 2585 3060 Jesn,

2186 3067 2410 3121 involvit
2431 3066 2563 3122 illud

2185 3136 2239 3192 in
2268 3139 2500 3194 sindone

2188 3210 2276 3264 60.
2322 3211 2550 3292 rutunda.
2574 3208 2641 3263 Et

2185 3291 2368 3350 posuit
2387 3297 2508 3335 eum
2539 3291 2592 3335 in

3025 2859 3277 2931 discipuli
3310 2861 3446 2931 ejus,

3026 2943 3080 2986 et
3109 2930 3356 2986 furentur

3023 3017 3170 3065 eum,
3197 3013 3256 3058 et

3023 3074 3204 3145 dicant
3232 3073 3349 3145 ple-

3023 3143 3076 3198 hi
3104 3163 3116 3199 :
3150 3143 3401 3200 Surrexit

3021 3230 3049 3268 a
3083 3217 3334 3272 mortuis.
3366 3217 3434 3272 Et

3022 3289 3128 3342 erit
3157 3287 3484 3345 novissimus

2185 3361 2541 3408 monumento
2649 3421 2662 3431 _
2749 3419 2760 3431 λ
3023 3374 3178 3414 error
3209 3360 3362 3431 pejor

2184 3438 2297 3500 suo‘
2313 3440 2474 3500 novo,
2521 3421 2664 3495 quod
2693 3419 2766 3492 (ε)
3029 3419 3214 3500 priori.

2184 3495 2384 3551 excidit
2411 3493 2452 3565 -ι-
2542 3493 2553 3495 ί
3031 3493 3122 3557 b5.
3166 3503 3256 3556 Ait
3285 3501 3396 3559 illis
3423 3503 3508 3558 Pi-

2657 3591 2890 3652 conex
2931 3584 3328 3681 BRIXIANUS.

2192 3687 2342 3742 bant.
2393 3690 2690 3744 timuerunt
2742 3689 2898 3745 valde
2970 3690 3228 3747 dicentes.
3285 3692 3428 3750 Vere
3491 3693 3572 3748 Dei
3621 3688 3709 3744 filiis

2191 3767 2275 3814 est
2334 3759 2454 3817 iste.
2527 3761 2693 3824 Erant
2752 3771 2929 3816 autem
2996 3762 3066 3818 ibi
3137 3763 3397 3820 mulieres
3467 3765 3708 3820 multae:

2193 3832 2354 3904 longe
2398 3833 2475 3904 (a)
2511 3832 2756 3887 videntes
2782 3833 2872 3903 1—:
2905 3849 3040 3903 quae
3081 3844 3300 3890 secutae
3338 3848 3494 3892 erant
3531 3835 3707 3904 Jesunii

2189 3902 2390 3979 Galilea
2409 3901 2886 3979 ‘iiiiiiistrantes'ei.
2905 3901 3064 3979 inter
3087 3922 3220 3975 quas
3246 3917 3367 3961 erat
3390 3907 3544 3962 Maria
3563 3901 3710 3979 Magda-

2189 3976 2309 4030 lene
2332 3985 2386 4048 et
2420 3975 2581 4048 Maria
2610 3975 2819 4048 Jacobi.
2852 3986 2907 4030 et
2933 3975 3133 4048 Joseph
3165 3987 3340 4032 mater
3362 3991 3415 4034 et
3446 3989 3600 4033 mater
3623 3975 3708 4048 lilio

2190 4062 2310 4102 rum
2353 4046 2610 4102 Zebcdei.
2656 4047 2790 4101 Cum
2839 4050 3020 4102 autem
3063 4046 3190 4102 sero
3223 4048 3424 4104 factum
3468 4058 3596 4105 esset
3619 4046 3709 4098 venit

2185 4117 2402 4192 quitiam
2455 4119 2616 4172 homo
2647 4118 2795 4192 dives
2827 4119 2895 4174 ab
2944 4119 3020 4188 (ὁ)
3048 4117 3350 4192 Arimatltia
3379 4121 3416 4192 ἰ-
3457 4122 3640 4175 nomine
3658 4115 3710 4191 Ju-

2186 4190 2445 4264 sepltqui
2494 4199 2547 4243 et
2590 4192 2704 4257 ipse
2730 4189 3049 4264 discipulus_
3077 4189 3403 4264 erat)csu(
3433 4193 3524 4248 llic
3551 4189 3709 4264 accessit

2185 4263 2251 4314 ad
2295 4261 2523 4316 Pilatum
2553 4269 2606 4314 et
2637 4263 2766 4329 petit
2795 4276 2994 4330 corpus
3023 4261 3174 4317 Jesu.
3209 4263 3362 4319 Tunc
3394 4261 3709 4333 Pilatttsjtts~il

2186 4333 2311 4407 dari
2329 4348 2546 4407 corpus.
2573 4333 2635 4386 Et
2662 4342 2883 4407 accepto
2905 4334 3281 4407 corporeJesu
3311 4335 3531 4407 Josepli.
3547 4331 3707 4388 involtil

2185 4404 2313 4458 illud
2348 4407 2397 4459 in
2428 4403 2655 4460 sindone
2687 4404 2882 4458 munda
2909 4405 2972 4458 Et
3002 4406 3178 4476 posuit
3203 4421 3327 4462 eum
3350 4410 3400 4463 in
3438 4403 3708 4462 monumento

2184 4491 2284 4530 Sno
2316 4492 2476 4531 novo.
2508 4476 2654 4546 quod
2677 4476 2952 4531 exciderat
2978 4477 3032 4532 in
3075 4490 3246 4544 petra.
3281 4480 3346 4534 Et
3381 4479 3642 4533 advolvens
3660 4488 3709 4523 st—

2185 4563 2309 4602 xum
2337 4563 2586 4616 magnum
2617 4548 2682 4600 ad
2711 4549 2908 4602 ostium
2955 4550 3312 4605 monumenti.
3347 4551 3502 4604 abiit.
3533 4549 3634 4604 Erat
3654 4558 3711 4593 atl-

2187 4629 2292 4673 tem
2335 4618 2412 4673 ibi
2463 4619 2626 4674 Maria
2660 4618 2972 4690 Magdalene
3013 4629 3067 4675 et
3109 4621 3279 4675 altera
3325 4620 3489 4676 Elaris
3529 4619 3708 4674 sedatius
3770 4618 3771 4690 l

2183 4699 2370 4746 contra
2411 4691 2745 4758 sepulcrum.
2777 4689 2959 4743 Altera
2991 4701 3172 4744 autem
3221 4692 3333 4747 die.
3365 4710 3500 4762 quae
3537 4699 3607 4745 est
3635 4691 3709 4755 pel
3770 4693 3771 4716 ῖ

2186 4761 2554 4838 parascedem.
2585 4772 2983 4838 _et_mvener_unt
3031 4763 3303 4838 principes
3352 4761 3708 4838 sacerdotutntl
3770 4799 3771 4838 1

2187 4834 2458 4904 pharisaci
2482 4833 2549 4887 ad
2585 4833 2812 4888 Pilatum
2839 4832 3106 4888 dicentes.
3145 4835 3370 4890 Domine
3395 4832 3635 4891 recordati
3655 4840 3708 4879 stl-

2185 4922 2305 4960 mns
2332 4904 2474 4974 quod
2507 4905 2763 4959 seductor
2791 4904 2878 4957 illc
2915 4904 3052 4958 dixit
3090 4905 3268 4960 adhuc
3301 4909 3489 4962 vivens
3515 4906 3621 4962 Post
3644 4912 3708 4952 ter—

2186 4979 2316 5032 tium
2342 4978 2484 5031 diem
2512 4992 2811 5045 resurgam.
2846 4974 2981 5030 anc
3019 4992 3150 5046 ergo
3170 4980 3438 5033 custodiri
3469 4976 3704 5046 sepulcruttf

2185 5061 2356 5117 usque
2383 5047 2450 5116 in
2485 5047 2627 5102 diem
2663 5041 2900 5102 tertium.
2933 5059 3000 5101 ne
3041 5041 3182 5104 ῐιῖΐιθ
3212 5050 3492 5104 venientes
3529 5041 3705 5112 discipuli

2184 5123 2303 5195 ejus
2331 5119 2576 5195 furentur
2596 5134 2718 5195 eum
2742 5127 2798 5195 et
2826 5118 3006 5173 dicant
3035 5121 3200 5189 plebi.
3233 5120 3545 5195 llesurrexil
3566 5126 3709 5195 attul-

2185 5185 2313 5264 tuis.
2359 5192 2424 5245 Et
2453 5191 2558 5245 erit
2587 5190 2911 5245 novissimus
2939 5185 3113 5246 error.
3160 5191 3313 5262 pejor
3344 5193 3508 5264 priori
3551 5191 3619 5246 Ait
3640 5185 3704 5239 illi:

2134 5261 2138 5265 ⁴
2185 5257 2412 5319 Pilatus.

1168 5382 1564 5446 VARIANTES
1599 5385 1983 5445 LECTIONES
2015 5384 2280 5447 GODICIS
2319 5387 2430 5447 MS.
2473 5389 2530 5446 S.
2572 5388 3090 5446 GERMANENSIS.

548 5487 567 5520 ¹
604 5485 698 5539 iste
724 5495 820 5542 est.

545 5549 567 5580 ι
598 5549 886 5617 Arimathia,

2246 5507 2268 5540 ³
2300 5505 2419 5561 illud
2441 5507 2649 5559 sindone

1845 5650 2207 5708 BLANCHINI
2245 5653 2474 5712 ΝΟΤᾸΕ.

591 5735 672 5829 (ει)
699 5735 774 5794 Ita
803 5743 858 5796 et
892 5738 1045 5796 Cant.
1091 5739 1210 5797 Lat.
1252 5751 1307 5799 et
1344 5746 1450 5801 lex.
1489 5745 1649 5803 Grec.
1692 5748 1995 5826 θεωροῦσαι.
2021 5779 2058 5793 -

2186 5771 2188 5796 t
2220 5750 2295 5811 lta
2322 5755 2377 5808 et
2394 5751 2518 5810 cod.
2548 5753 2701 5811 Cant.
2732 5751 3068 5831 Ἁριμαθαίας.
3107 5785 3178 5797 -
3205 5754 3280 5828 (c)
3324 5755 3403 5813 Ita
3441 5767 3494 5814 et
3539 5753 3622 5812 lex.
3643 5747 3702 5805 Gr-

493 5810 816 5884 ἐλαιὲὁμησεν.
