3840 6338
3324 272 3394 331 55

3397 271 3431 330 0

1094 262 1538 339 EVANGELIUM
1579 267 1956 338 sscuttoust
1993 269 2426 338 mnuum.

489 394 737 452 CODEX
787 391 1325 453 VERCELLENSIS.
2263 395 2493 452 CODEX
2526 383 2982 452 VERONENSIS.

57 488 102 543 Il
139 529 167 562 ᾗ.
218 529 231 541 .
262 487 418 562 lictis
446 490 530 562 (a)
574 505 708 547 cus-
963 492 1110 546 velut
1139 491 1361 546 mortui.
1829 489 1970 548 latus
2002 510 2015 546 :
2046 491 2264 562 Habetis
2660 489 2906 562 exterriti
2934 494 3063 542 sunt

55 560 221 634 todes
245 561 313 634 ἦε,
342 561 448 628 ite,
483 560 630 618 eus-
961 564 1016 619 5.
1059 562 1410 632 Respondeas
1429 569 1526 616 au—
1826 561 1905 634 (a)
1927 563 2180 618 custodes
2202 561 2264 634 1-,
2659 560 2935 634 custodes,
2963 565 3022 614 ct

55 631 236 686 todite
268 633 448 686 sicut.
960 643 1066 689 tem
1089 631 1310 703 angelus
1828 631 1924 699 ite,
1953 631 2228 690 custodite
2661 633 2786 688 lacti
2814 640 3053 703 suntve-

54 704 148 759 66.
194 704 363 759 scitis
400 745 414 758 .
468 745 482 758 .
537 746 551 758 .
606 705 884 762 .iautem
957 706 1092 761 dixit
1113 701 1354 759 m‘ulieri-
1824 706 2152 761 sicutscitis.
2660 701 2978 760 lutmortui.

61 278 170 334 δια)

117 818 130 828 .
184 816 198 829 .
237 785 419 831 eunte
458 817 472 830 .
530 819 545 832 .
582 789 709 833 mu-
958 777 1094 832 bus:
1121 776 1298 832 Nolite
1331 775 1396 830 tl-
1824 775 1911 833 66.
1957 777 2038 831 llli
2070 787 2250 835 autem
2659 776 2712 831 5.
2756 772 3115 845 ltespondens
3140 770 3324 828 autem

58 890 73 904 .
119 887 132 900 .
182 889 195 900 .
243 888 258 901 .
289 855 399 902 unt
426 863 530 904 se-
956 863 1106 904 mere
1138 863 1229 901 vos
1257 865 1270 900 :
1295 847 1408 902 scio
1823 859 2013 903 euntes
2041 865 2158 903 mu-
2660 847 2880 918 angelus
2906 846 3041 901 dixit

53 919 395 990 pulchrum,
559 923 574 936 ⁹
953 920 1118 986 enim,
1141 919 1288 990 quod
1825 919 2039 974 nieruut
2067 936 2154 976 se-
2659 915 3011 990 mulieribus:
3041 915 3147 972 No-

52 989 354 1060 Signantes
385 989 479 1044 la-
951 989 1280 1061 .Iesum,’qui
1309 1003 1432 1044 cru-
1823 992 2127 1060 pulchrum,
2179 1003 2182 1006 '
2662 989 2754 1044 lite
2777 989 2968 1044 timere
2996 1001 3093 1043 vos
3119 1003 3133 1061 ς

56 1058 440 1135 ρὶδρῐηίηωιη
951 1062 1147 1118 cilixus
1168 1058 1269 1128 est,
1306 1075 1477 1132 quae-
1823 1058 2098 1135 signantes
2128 1063 2261 1135 lapi—
2658 1061 2773 1135 scio
2798 1058 3138 1135 enitu,_quod

54 1134 420 1190 custodibus.
951 1135 1004 1190 6.
1047 1135 1168 1188 ritis
1195 1153 1206 1187 :
1240 1131 1346 1188 nou
1375 1141 1459 1188 est
1821 1131 1944 1189 dem
1976 1150 2096 1190 cum
2125 1131 2219 1192 cti-
2659 1131 2867 1199 Jesum,
2897 1132 2986 1202 qui
3017 1145 3140 1186 cru»

2661 1202 2854 1258 ciﬁxus
2884 1213 2989 1266 est,

2660 1275 2924 1346 quaeritis
2952 1292 2965 1328 :
2997 1287 3104 1328 non

2661 1341 2714 1400 6.
2757 1354 2841 1401 est
2868 1345 2953 1400 hic
2979 1361 2992 1400 :
3023 1341 3256 1400 surrexit

2657 1417 2824 1484 enim,
2854 1418 2991 1471 sicut

2657 1488 2838 1544 dixit.:
2872 1487 3089 1552 Venite,

2657 1569 2711 1615 et
2735 1560 2911 1615 videte
2938 1559 3016 1614 lo-

2658 1646 2807 1700 cum,
2841 1631 2930 1686 ubi
2962 1647 3055 1699 po-

2659 1703 2795 1758 situs
2821 1711 2937 1758 erat
2967 1702 3074 1756 Do-

2661 1776 2715 1828 7.
2758 1775 2958 1829 minus.
2991 1774 3060 1828 Et
3078 1773 3190 1830 cito

2659 1854 2853 1902 euntes
2881 1846 3046 1900 dicite

2660 1917 2940 1986 discipulis
2967 1917 3085 1986 ejus

2659 1990 2785 2058 quia
2807 1991 3045 2044 surrexit
3073 2003 3086 2041 :

2663 2070 2717 2115 et
2741 2059 3014 2131 praecedit

2665 2130 2762 2187 vos
2788 2134 2840 2186 in
2867 2130 3159 2186 Galilaeam
3187 2146 3198 2182 :

1821 1205 2088 1263 stodibus.
2168 1216 2174 1222 '

1945 1318 2174 1379 CAPUT
2202 1320 2436 1379 XXVIII.

1825 1413 1878 1467 l.
1900 1411 2140 1484 VeSpere

1822 1492 2002 1539 autem
2035 1485 2226 1540 sabba-

1823 1555 1888 1621 ti,
1918 1570 2054 1626 quae
2081 1557 2166 1611 lu-

1823 1627 1993 1683 cescit
2018 1629 2069 1682 in
2098 1629 2208 1699 pria-

1826 1715 1911 1753 ma
1943 1699 2170 1766 sabbati,

1823 1769 1974 1824 venit
2000 1770 2161 1824 Maria

1823 1840 2156 1910 Magdaleua,

1824 1920 1881 1967 et
1903 1912 2072 1966 altera
2100 1913 2210 1968 Mll-

1825 1984 1928 2047 ria,
1959 1982 2150 2040 videre

1719 2068 1723 2070 ·
1820 2055 2190 2124 sepulchrum.

1825 2124 1881 2178 2.
1926 2126 1992 2180 Et
2013 2142 2139 2182 ecce
2163 2137 2268 2184 tor-

1829 2207 2071 2252 retuotus
2100 2199 2177 2252 Ia-

1824 2277 1943 2323 ctus
1971 2277 2055 2324 est
2082 2284 2195 2324 ma-

1823 2355 1982 2410 gnus.
2017 2341 2255 2410 Angelus

1826 2413 1973 2466 enim
2003 2412 2212 2470 Domini

1825 2481 2104 2540 descendit
2134 2488 2202 2540 de

951 1205 1038 1261 bic
1071 1224 1083 1258 :
1114 1205 1349 1260 surrexit

950 1278 1117 1341 enim,
1151 1276 1291 1331 sicut

950 1348 1088 1403 dixit
1118 1365 1132 1401 :
1164 1347 1379 1413 Venite,

951 1429 1004 1475 et
1032 1420 1212 1474 videte
1234 1419 1314 1474 lo-

951 1506 1098 1554 cum,
1126 1491 1212 1545 tibi
1241 1490 1383 1558 posi-

951 1571 1037 1617 tus
1063 1573 1176 1617 erat
1205 1561 1485 1616 Dominus.

951 1635 1001 1688 7.
1046 1634 1112 1687 Et
1139 1634 1302 1689 dicite
1324 1633 1436 1687 dis-

948 1705 1139 1776 cipulis
1162 1705 1282 1774 ejus

947 1793 1071 1846 quia
1094 1791 1278 1831 surre-

947 1851 1022 1903 xit
1047 1867 1059 1904 :
1093 1857 1148 1902 et
1174 1862 1397 1917 praece-

943 1919 1017 1973 dit
1047 1935 1142 1973 vos
1165 1921 1215 1973 in
1244 1918 1349 1973 Ga-

943 1990 1062 2046 liIea
1092 2009 1104 2044 :
1139 1991 1209 2044 ibi
1235 1999 1356 2045 eum

943 2061 1213 2116 videbitis.
1249 2060 1326 2128 (ε)
1357 2059 1458 2115 Ec-

943 2147 1006 2187 ce
1027 2133 1137 2186 dixi
1159 2132 1196 2201 ἦο
1220 2133 1391 2186 vobis.

942 2203 995 2258 8.
1041 2205 1103 2258 Et
1124 2205 1376 2258 exierunt
1399 2202 1478 2256 ci-

943 2284 999 2329 to
1019 2275 1088 2330 de
1117 2290 1437 2331 monumen—

944 2355 998 2401 to
1027 2362 1149 2401 cum
1176 2347 1332 2400 timo«

943 2433 1003 2472 re
1029 2427 1084 2473 et
1108 2419 1303 2488 gaudio

943 2503 1160 2557 magno,
1188 2503 1310 2542 cur-

178 1246 432 1304 CAPUT
477 1246 747 1307 XXVIII.

56 1339 303 1396 LXXIV.
349 1342 377 1395 1
395 1377 410 1394 .
441 1341 676 1412 VeSpe-

58 1429 118 1468 re
145 1421 336 1467 autem
369 1411 514 1467 sab-

63 1485 195 1545 bati,
225 1499 377 1553 quae
400 1483 495 1538 Iu-

63 1555 232 1609 cescit
257 1556 314 1609 in
350 1554 474 1625 pri-

63 1643 146 1680 ma
177 1627 404 1682 sabbati
427 1666 443 1691 ,
473 1637 574 1680 ve-

65 1699 138 1752 nit
168 1697 337 1753 Maria

66 1770 449 1838 Magdalenae,

68 1851 121 1895 et
145 1843 321 1897 altera
349 1840 470 1895 Ma-

69 1915 162 1977 ria,
191 1913 388 1968 videre
418 1927 515 1967 se-

71 1984 379 2054 pulchrum.

72 2057 122 2110 2.
163 2055 232 2110 Et
255 2069 390 2110 ecce
413 2062 648 2110 terrae-

74 2137 248 2181 motus
278 2126 466 2181 lactus

77 2208 157 2253 est
176 2209 430 2267 magnus.

80 2270 314 2339 Angelus
333 2270 490 2324 enim

82 2341 283 2395 Domini
310 2342 554 2395 descen-

85 2411 158 2466 dit
185 2414 250 2466 de
275 2413 433 2467 caelo
460 2430 474 2465 :

87 2495 135 2538 et
163 2484 433 2538 accedens

2669 2203 2740 2258 ibi
2767 2219 2888 2259 eum
2914 2202 3060 2257 vide-

2667 2274 2815 2330 bitis.
2849 2273 2921 2346 (ο)
2948 2275 3086 2329 Ecce

2669 2347 2776 2403 dixi
2793 2347 2838 2418 ῥίο
2867 2346 3039 2402 vobis.
3095 2395 3098 2397 Α

2667 2419 2722 2474 8.
2765 2417 2832 2472 Et
2859 2418 3106 2473 exierunt

2667 2491 2776 2544 cito
2796 2490 2863 2544 de
2884 2505 3075 2544 monu—

87 2556 306 2610 revolvit
336 2556 412 2609 la-
943 2555 1124 2615 rentes
1146 2575 1282 2612 nun—
1825 2555 1979 2610 caelo
2010 2574 2022 2610 :
2054 2565 2106 2610 et
2133 2555 2229 2612 ad-
2669 2572 2854 2616 mento
2873 2575 2995 2615 cum

93 2626 283 2696 pidem,
313 2636 369 2683 et
390 2625 545 2682 sedit
944 2633 1082 2686 tiare
1103 2629 1388 2700 discipulis
1825 2625 2220 2702 cedeusrevol—
2672 2632 2863 2687 timore
2892 2640 2947 2688 et
2978 2647 3109 2702 gau-

92 2714 244 2774 super
271 2711 398 2754 eum
427 2713 441 2750 :
942 2703 1077 2773 ejus.
1247 2696 1261 2700 “
1293 2772 1312 2774 _
1827 2696 1904 2750 vit
1933 2697 2190 2774 lapidem,
2669 2703 2760 2757 dio
2790 2696 3006 2774 magno:
3028 2719 3148 2758 cur-

1829 2775 1886 2822 et
1912 2769 2134 2825 sedebat

1827 2855 1992 2910 super
2017 2857 2138 2895 eum
2175 2862 2189 2898 :

1828 2911 1881 2966 5.
1923 2922 2038 2966 erat
2068 2925 2249 2969 autem

943 2775 1000 2830 9.
1041 2774 1105 2828 Et
1130 2786 1257 2828 ecce
1286 2772 1445 2828 Jesus
1490 2813 1499 2822 .
1550 2809 1565 2824 .
1607 2799 1633 2808 -

943 2845 1116 2900 currit
1144 2844 1270 2907 illis,
1304 2842 1388 2899 di-

945 2931 1076 2972 cens
1107 2934 1119 2968 :
1153 2917 1380 2972 llabete.

94 2771 144 2826 3.
183 2781 296 2825 erat
320 2781 514 2853 autem
535 2783 629 2827 as-

98 2852 271 2911 pectus
301 2852 422 2912 ejus

97 2914 226 2969 sicut
250 2914 432 2984 fulgur
464 2929 484 2969 .'

2671 2783 2851 2829 rentes
2882 2776 3128 2830 nuntiare

2671 2844 2952 2916 discipulis
2980 2845 3118 2915 ejus.

2670 2914 2724 2972 9.
2767 2914 2831 2972 Et
2857 2931 2985 2972 ecce
3009 2914 3170 2972 Jesus

102 2995 150 3039 et
173 2987 468 3040 vestimen-s
947 2987 1076 3043 Illae
1115 3025 1131 3041 .
1175 3028 1188 3040 .
1233 2999 1338 3043 tem
1827 2995 2078 3053 aspectus
2108 2987 2227 3056 ejus
2670 2989 2911 3044 occurrit
2942 2989 3068 3054 illis,

105 3065 148 3109 ta
169 3057 278 3126 ejus
305 3057 380 3129 (b)
409 3058 605 3112 candio
943 3075 1070 3115 acce
1111 3100 1123 3111 .
1170 3098 1184 3111 .
1230 3103 1243 3116 .
1283 3068 1402 3124 unt,
1827 3057 1967 3110 sicut
1990 3057 2166 3128 fulgur
2198 3074 2212 3111 :
2667 3060 2896 3116 dicens:
2929 3059 3153 3115 Habete.

103 3129 151 3181 4.
189 3130 311 3199 da-j-
341 3131 485 3185 sicut
511 3131 631 3185 nix.
667 3130 714 3185 Δ
944 3141 999 3187 et
1025 3141 1115 3186 ten
1159 3172 1172 3186 .
1221 3172 1233 3186 .
1279 3171 1295 3185 .
1339 3169 1353 3182 .
1399 3169 1414 3184 .
1461 3170 1474 3183 .
1827 3135 1884 3199 et
1909 3129 2236 3199 vestimenta
2666 3130 2795 3186 Illae
2816 3139 2994 3186 autem
3021 3144 3204 3187 acces-

109 3197 297 3274 timore
315 3211 500 3274 autem
947 3203 1112 3274 pedes
1155 3244 1167 3256 .
1214 3243 1228 3256 .
1273 3243 1286 3257 .
1334 3240 1347 3255 .
1393 3242 1406 3256 .
1456 3243 1469 3257 .
1520 3239 1532 3251 .
1829 3197 1945 3274 ejus
1972 3198 2045 3274 (b)
2076 3215 2209 3274 can-
2252 3271 2259 3274 Α
2667 3211 2873 3267 serunt,
2908 3211 2968 3274 et
2998 3212 3185 3258 tenue-

108 3272 214 3339 ejus
235 3273 408 3327 territi
949 3270 1316 3331 adoraverunt
1827 3270 1952 3344 dida
1981 3270 2180 3343 {sicut
2211 3271 2321 3326 nix.
2665 3283 2792 3328 runt
2819 3273 2982 3342 pedes
3011 3275 3153 3344 ejus,

112 3353 224 3396 sunt
243 3344 525 3411 custodes,
950 3362 1096 3402 eum.
1527 3407 1538 3411 λ
1829 3345 1883 3398 4.
1928 3343 2061 3399 Prae
2084 3345 2280 3400 timore
2665 3354 2720 3399 et
2749 3343 3109 3401 adoraveru’nt
3145 3357 3288 3401 eum.

115 3421 164 3467 et
184 3414 308 3470 lacti
334 3426 465 3470 sunt
513 3407 520 3411 ’
956 3418 1042 3476 10.
1085 3419 1239 3474 Tunc
1271 3417 1350 3472 ait
1381 3415 1489 3472 illis
1512 3407 1673 3470 Iesus
1706 3427 1722 3468 :

1829 3425 2007 3471 autem
2037 3415 2156 3486 ejus
2669 3415 2754 3471 10.
2798 3417 2948 3474 Tunc
2969 3418 3044 3472 ait
3065 3416 3173 3474 illis
3198 3437 3211 3474 :

542 3532 782 3591 CODEX
814 3533 1285 3592 CORBEIENSIS.

123 3621 690 3689 llabctis‘custodiam,
712 3625 804 3692 ite,
825 3627 1090 3696 custodite
1106 3625 1240 3680 sicut
1258 3621 1427 3680 scitis.
1446 3624 1524 3679 Illi
1539 3629 1723 3679 autent

125 3696 365 3750 abeuntes
381 3697 1018 3767 munieruntsepulcrum
1030 3741 1044 3763 ,
1060 3700 1337 3768 signantes
1353 3697 1584 3766 lapidem
1600 3711 1722 3768 cum

129 3768 444 3824 custodibus.
479 3769 724 3839 Vespere
745 3765 924 3824 autem
951 3765 1218 3833 sabbaibi,
1255 3765 1723 3839 qnae’luccscitiin

132 3839 285 3911 prima
315 3841 564 3894 sabbathi
595 3837 743 3894 venit
766 3841 930 3896 Maria
955 3837 1301 3911 Magdalcnc,
1331 3850 1385 3892 et
1415 3842 1583 3911 altera
1614 3837 1726 3891 Ma-

130 3908 219 3969 ria,
249 3911 431 3982 videre
451 3914 787 3982 sepulcrum.
819 3913 882 3966 Et
904 3908 1416 3967 ecce'terraetuotus
1443 3910 1724 3982 factusest

136 3995 362 4048 magnus.
409 3981 656 4052 Angelus
697 3986 841 4036 enim
875 3984 1084 4038 Domini
1114 3983 1393 4037 descendit
1416 3983 1487 4035 de
1515 3981 1671 4035 coelo
1703 3998 1718 4036 :

133 4058 180 4102 ct
222 4053 484 4109 accedens
545 4055 775 4109 revolvit
829 4056 1059 4124 lapidem
1094 4097 1108 4120 ,
1174 4064 1228 4108 et
1273 4054 1499 4108 sedebat
1556 4068 1722 4119 super

136 4135 244 4196 eum
278 4140 290 4175 :
321 4135 438 4178 erat
459 4136 646 4180 autem
675 4138 924 4196 aspectus
951 4129 1068 4196 ejus
1095 4127 1237 4180 sicut
1264 4126 1440 4194 fulgur
1473 4139 1487 4178 :
1517 4133 1570 4178 ct
1601 4139 1724 4179 ves-

141 4193 407 4248 timeutum
432 4197 551 4266 ejus
580 4200 722 4252 sicut
741 4193 861 4250 nix.
895 4193 1030 4253 Prae
1057 4200 1250 4252 timore
1278 4193 1456 4251 autem
1481 4197 1598 4264 ejus
1627 4212 1722 4249 ex-

141 4267 295 4319 territi
319 4276 447 4322 sunt
472 4269 753 4333 custodes,
785 4281 840 4323 et
890 4270 1014 4324 lacti
1042 4281 1165 4324 sunt
1189 4270 1334 4323 velut
1364 4270 1582 4322 mortui.
1615 4267 1723 4323 Re-

143 4337 398 4400 spondeus
423 4351 611 4394 autem
657 4340 880 4408 angelus
906 4342 1040 4395 dixit
1063 4341 1382 4395 mulieribus
1407 4359 1418 4392 :
1448 4339 1626 4394 Nolite
1657 4345 1724 4393 ti-

145 4419 280 4461 mere
309 4423 443 4462 vos:
475 4413 591 4465 scio
636 4414 816 4478 enim,
866 4413 1007 4481 (mod
1038 4412 1245 4474 Jesum,
1298 4413 1388 4481 qui
1433 4411 1726 4466 cruciﬁxus

144 4486 236 4554 cst,
259 4483 518 4554 quaeritis
547 4499 561 4534 :
592 4498 698 4537 non
721 4495 800 4537 est
849 4483 936 4538 hic
964 4500 979 4538 :
1012 4486 1256 4538 surrexit
1283 4486 1450 4545 enim,
1482 4484 1621 4538 sicut
1644 4484 1727 4537 di-

148 4550 215 4629 xit
245 4568 256 4603 :
289 4550 497 4629 Venite.
525 4563 580 4608 et
611 4556 792 4610 videte
826 4555 1027 4629 locum,
1080 4555 1170 4629 ubi
1216 4555 1418 4629 positus
1461 4564 1580 4608 erat
1618 4554 1726 4608 Do-

150 4622 329 4700 minus.
363 4622 427 4676 Et
453 4627 565 4679 cito
596 4638 786 4680 euntes
806 4626 976 4700 dicite
1000 4626 1280 4700 discipulis
1313 4627 1428 4693 ejus
1449 4628 1571 4700 quia
1604 4642 1726 4680 sur-

150 4697 275 4768 rexit
300 4709 314 4768 ξ
342 4705 397 4768 et
422 4711 554 4749 ecce
591 4698 862 4764 praecedit
893 4713 986 4753 vo:
1028 4700 1082 4752 in
1128 4697 1425 4752 Galilaeam
1458 4714 1469 4748 :
1507 4697 1574 4751 ibi
1600 4713 1722 4752 eum

154 4759 406 4818 videbitis.
440 4759 626 4822 Ecce"
652 4769 768 4822 dixi
798 4770 968 4825 vobis.
1007 4771 1067 4822 Et
1090 4768 1339 4824 exierunt
1383 4771 1492 4822 cito
1516 4769 1585 4823 de
1614 4786 1727 4822 tuo-

154 4844 393 4912 nuutento
428 4854 554 4912 cum
603 4838 799 4912 timore
846 4851 901 4895 et
946 4841 1141 4912 gaudio
1175 4855 1397 4910 magno,
1443 4849 1727 4894 currentes

156 4907 383 4980 nuntiare
409 4909 692 4980 discipulis
715 4915 852 4978 ejus.
887 4907 1108 4968 Etecce
1135 4907 1291 4966 .lesus
1322 4917 1555 4966 occurrit
1595 4913 1724 4978 illis,

158 4970 358 5050 (licens:
388 4970 574 5036 Avete'.
601 4970 933 5039 Illae'autem
963 4995 1329 5050 accesserunt,
1357 4993 1412 5036 et
1442 4970 1728 5038 tenuerunt

158 5045 468 5170 ggg'ciejus
497 5094 512 5120 ,
568 5062 623 5110 et
670 5055 1036 5111 adoraverunt
1089 5071 1234 5111 eum.
1293 5045 1448 5111 'I‘unc
1493 5055 1568 5110 ait
1616 5055 1727 5110 illis

2290 3533 2523 3590 CODEX
2567 3533 2961 3594 BRIXIANUS.

1831 3621 2050 3698 llabetis
2083 3625 2158 3698 (a)
2183 3626 2435 3682 custodes
2464 3623 2500 3698 ’ξ-
2542 3621 2615 3683 ite
2662 3631 2716 3682 et
2765 3627 3034 3685 custodite
3072 3629 3212 3684 sicut
3258 3629 3428 3684 scitis.

1828 3696 1910 3750 Illi
1958 3696 2138 3772 autem
2186 3701 2446 3752 abeuntes
2480 3696 2827 3772 'tnttnierunt
2851 3703 3156 3771 sepulcrum
3211 3701 3428 3772 signau-

1831 3778 1913 3840 tes
1961 3767 2193 3834 lapidem
2240 3785 2361 3824 cum
2407 3769 2743 3825 custodibus.
2788 3767 3027 3840 Vespere
3076 3767 3430 3826 autem'sab-

1832 3839 1940 3912 bati
1971 3854 2109 3908 quae
2135 3840 2356 3912 Incessit
2386 3842 2438 3893 in
2469 3842 2636 3908 prima
2665 3839 2909 3896 sabbati.
2929 3846 3072 3896 venit
3096 3844 3258 3897 Maria
3286 3843 3428 3912 Mag-

1829 3910 2020 3964 dalene
2033 3922 2085 3964 et
2098 3911 2264 3964 altera
2278 3911 2460 3964 Maria.
2485 3912 2664 3966 videre
2676 3913 3004 3981 sepulcrum.
3024 3915 3228 3967 Etecce
3253 3910 3426 3966 terre-

1829 3989 2005 4036 tuotus
2020 3984 2188 4036 tactus
2202 3994 2284 4037 est
2299 3997 2524 4051 magnus
2535 3985 2774 4052 Angelus
2789 3994 2966 4038 autem
2985 3985 3190 4039 Domini
3208 3986 3428 4038 descen-

1826 4052 1905 4107 dit
1930 4054 2000 4126 de
2022 4054 2174 4108 coelo
2199 4063 2252 4108 et
2271 4055 2536 4110 accedens
2564 4056 2795 4110 revolvit
2816 4057 3042 4126 lapidem
3069 4057 3135 4110 ab
3161 4066 3335 4126 osteo.
3369 4061 3424 4109 et

1825 4125 1966 4179 sedit
1985 4139 2147 4194 super
2187 4141 2332 4179 eum.
2375 4137 2484 4180 crat
2527 4139 2702 4181 autem
2728 4125 2977 4197 aspectus
3005 4130 3122 4195 ejus
3152 4125 3289 4180 sicut
3323 4130 3426 4180 tu!-

1822 4212 1939 4270 gur.
1969 4206 2024 4252 et
2051 4200 2370 4252 vestimenta
2399 4198 2515 4268 ejus
2545 4199 2640 4269 (b)
2680 4200 2908 4254 candida
2935 4199 2972 4270 -ί-
2999 4205 3137 4252 sicut
3167 4197 3282 4252 nix.

1901 4268 2036 4322 Prae
2058 4269 2252 4324 timore
2278 4280 2459 4325 autem
2499 4268 2626 4339 cjtts'
2647 4270 2891 4326 exterriti
2925 4268 3051 4325 sunt
3083 4270 3336 4324 custodes
3365 4277 3424 4323 et

1832 4337 1958 4411 facti
1989 4350 2116 4395 sunt
2146 4342 2292 4396 velut
2322 4337 2541 4396 mortui;
2570 4342 2923 4410 ltespottdeus
2964 4352 3140 4398 autem
3174 4343 3417 4411 augt-lus.

1831 4409 1969 4465 dixit
2001 4413 2338 4468 mulieribus.
2376 4414 2547 4467 Nolite
2577 4409 2766 4468 timere
2794 4430 2910 4469 vos.
2943 4417 3056 4467 scio
3101 4409 3420 4481 euiquuod

1831 4481 2015 4537 Jestttu
2066 4487 2156 4554 qui
2187 4488 2475 4540 cruciﬁxus
2504 4496 2588 4539 est
2626 4486 2902 4554 quaeritis.
2934 4501 3038 4539 ttou
3081 4495 3162 4538 est
3191 4483 3275 4537 hic
3303 4499 3422 4536 sur-

1832 4554 1972 4608 rexit
1999 4569 2144 4610 entm
2193 4558 2332 4610 sicut
2375 4556 2530 4610 dixit.
2586 4555 2776 4611 Venite
2805 4567 2860 4611 et
2889 4557 3068 4612 videte
3110 4557 3302 4608 locum.
3332 4555 3423 4609 ubi

1835 4625 2042 4692 positus
2071 4638 2188 4681 erat
2218 4628 2495 4681 Dominus.
2537 4629 2597 4681 Et
2625 4629 2732 4682 cito
2761 4640 2952 4683 euntes
2995 4628 3157 4680 dicite
3183 4625 3422 4694 discipu-

1833 4696 1900 4750 lis
1923 4700 2040 4764 ejus
2062 4698 2185 4766 quia
2218 4699 2514 4753 resurrexit
2544 4717 2571 4750 a
2615 4699 2862 4753 mortuis.
2898 4710 2952 4754 et
2990 4713 3116 4752 ecce
3145 4697 3421 4765 praecedit

1833 4782 1928 4823 vos
1955 4771 2008 4822 in
2036 4769 2296 4823 Galileam
2330 4769 2400 4822 ibi
2427 4785 2550 4824 eum
2594 4772 2862 4824 videbitis.
2893 4777 3032 4824 sicut
3077 4767 3210 4821 dixit
3239 4766 3416 4822 vobis.

1832 4839 1892 4893 It‘t
1919 4839 2169 4894 exierunt
2208 4842 2318 4894 cito
2363 4841 2430 4894 de
2459 4853 2809 4896 monumento
2836 4856 2956 4894 cum
2987 4842 3177 4892 timore
3209 4847 3262 4892 ct
3288 4854 3420 4906 gau-

1828 4911 1917 4964 dio
1942 4926 2136 4981 magno
2165 4922 2448 4966 currentes
2479 4916 2725 4967 nuntiare
2755 4911 3034 4980 discipulis
3067 4953 3076 4963 .
3115 4947 3129 4964 .
3162 4923 3215 4963 ut
3240 4922 3421 4963 autem

1828 4983 2339 5038 abieruutnuntiare
2354 4982 2850 5052 discipuliscjus.Et
2871 4998 2999 5037 ecce
3017 4981 3423 5036 Jesnsoccurrit

1829 5054 1932 5108 illis
1945 5055 2498 5109 diceus.llabete.llla:
2513 5063 2689 5107 autem
2709 5064 3048 5108 accesserunt
3062 5061 3116 5106 et
3135 5061 3423 5106 tenuerunt

1828 5126 1993 5196 pedes
2018 5127 2156 5193 ejus.
2202 5135 2257 5181 et
2283 5129 2644 5180 adoraveruut
2664 5140 2808 5180 eum.
2839 5124 2991 5182 Tunc
3011 5125 3086 5180 ait
3115 5126 3215 5181 illis
3239 5124 3420 5182 .Icsus.

821 5239 1212 5299 VARIANTES
1251 5239 1634 5299 LECTIONES
1662 5233 1930 5298 CODICIS
1968 5238 2082 5295 MS.
2126 5238 2184 5296 S.
2228 5233 2738 5296 GERMANENSIS.

222 5322 235 5353 ¹
268 5331 483 5384 custodes
506 5337 533 5366 ει

1897 5335 1918 5366 ²
1950 5335 2173 5400 praedixi

1477 5439 1842 5498 BLANCHINI
1869 5442 2104 5500 ΝΟΤᾸΞ.

238 5527 485 5610 ‘_0Plima_
507 5535 692 5610 Lectio
721 5537 773 5591 in
800 5548 1028 5610 utroque
1055 5539 1275 5606 codice,
1322 5537 1398 5592 uti
1435 5538 1720 5610 probatum

178 5607 332 5653 exstat
358 5606 489 5672 apud
515 5607 782 5663 eruditum
821 5606 1368 5668 Thfblareschallum
1391 5652 1407 5676 ,
1436 5609 1721 5665 Observat.

1832 5541 1885 5597 in
1909 5539 2195 5596 Gothicam
2223 5536 2476 5595 Matthaei
2511 5537 2946 5606 translationem,
2978 5551 3098 5611 pag.
3132 5540 3257 5596 tlt.

259 5721 329 5812 (ft)
369 5726 839 5812 Ita_et__C.a_ut._‘Lat.
872 5745 924 5792 et
950 5735 1045 5793 Gr.
1076 5738 1319 5812 φύλακες.
1337 5766 1405 5776 -
1435 5736 1514 5808 (b)
1540 5735 1724 5794 Addit.

1837 5734 1968 5802 tida,
1991 5734 2152 5792 etiam
2177 5739 2285 5790 tes.
2311 5727 2404 5788 Gr.
2433 5730 2603 5802 λευκόν
2629 5727 2940 5811 (ἴνδυμα)-
2955 5731 3028 5806 (ιτ)
3047 5727 3202 5799 Ecce,
3233 5737 3293 5790 ut
3321 5732 3447 5792 cod.

201 5785 337 5850 Cant.
365 5785 483 5858 eos.
503 5785 645 5860 Ibid.
659 5785 1384 5875 agi;delegerat...
