1947 3168
63 184 107 214 585
544 189 769 223 EVANGELIUM
786 194 972 226 SECUNDUM
990 197 1184 228 JOHANNEM.

1109 256 1226 286 GODEX
1244 257 1473 290 VERONENSIS.

244 245 362 276 CODEX
380 246 649 280 VERCELLENSIS.

62 291 97 318 20.
115 291 168 319 iud.
182 292 315 322 Dixerunt
452 297 552 325 autem
567 298 649 326 homo

62 332 137 355 autem
148 328 240 367 Judaei
254 338 261 357 :
460 332 495 360 de
509 333 674 367 Pharisaeis,

61 371 119 391 mi.
134 365 209 391 annis
460 369 502 395 cui
518 377 617 397 nomen

61 399 213 438 aediﬁcatum
459 404 632 438 Nicodemus,

61 439 94 475 est
101 434 147 463 hoc
160 441 226 463 tem-
255 472 260 475 _
461 439 590 475 Princeps
602 434 649 468 Ju-

61 471 131 505 plnm,
145 476 170 499 et
185 476 211 499 tu
229 472 278 499 tri-
458 475 485 502 2.
506 471 646 504 daeorum.
664 476 713 506 Hic

60 506 100 535 bus
112 507 200 535 diebus
458 512 532 539 venit
545 512 578 540 ad
590 512 681 541 Jesum

59 542 214 579 resuscitabis
458 552 547 579 nocte.
561 553 587 575 et
602 548 639 575 ait

59 578 311 616 2Liﬂud?lueau-
457 583 516 610 un:
533 583 698 616 nabbnsco

60 618 102 654 tem
114 614 215 654 dicebat
456 626 527 652 mus,
539 619 610 654 quod
624 614 638 647 a

59 649 85 677 de
97 650 188 685 templo
202 658 262 679 cor-
456 654 512 682 Deo
521 649 622 683 'véuisti

74 685 177 726 orisnsui.
456 690 594 726 Magister,
607 699 654 719 ne-

88 741 101 762 ._
110 722 251 758 Postquam
266 729 327 751 sur—
454 722 646 762 movenim‘po-

58 757 112 785 rexit
124 765 186 798 ergo
201 766 216 785 a
454 761 583 798 testhaec
596 757 651 798 sig-

58 797 163 825 mortuis.
171 801 225 835 're-

57 836 156 856 memora
160 834 177 856 II
193 835 258 858 sunt

57 864 161 900 discipuli
174 865 245 901 ejus,

453 805 487 824 na
500 797 599 830 facere,
612 797 681 833 quae

452 836 483 860 tu
498 833 575 866 facis,
591 834 644 862 nisi

453 869 525 897 Deus
538 870 574 898 sit
587 877 648 898 cum

56 901 111 936 quod
125 901 174 928 hoc
189 902 267 936 dixit,
453 905 511 932 illo.

57 942 77 963 et
86 936 251 977 crediderunt
453 941 480 968 ὅ.
502 940 653 975 Respondit
667 942 755 977 Jesus,

56 973 198 1014 scripturae,
245 1009 253 1014 _
452 982 478 1004 et
494 973 565 1014 dixit
577 977 615 1004 illi
629 987 636 1004 :
648 978 746 1014 Amen,

55 1012 75 1035 et
83 1008 164 1041 verbo,
182 1009 254 1043 quod

54 1043 107 1071 dixit
116 1042 204 1072 Jesus.

54 1079 88 1106 25.
106 1080 168 1107 Cum
183 1085 273 1108 autem
288 1087 331 1108 es-

54 1120 85 1142 set
94 1114 166 1143 Iesus
181 1116 277 1145 Hiero-

451 1019 530 1040 amen
545 1012 607 1040 dico
618 1015 651 1041 ti-

452 1048 490 1080 bi,
504 1048 573 1076 lnisi
584 1050 644 1084 quis

453 1089 562 1112 renatus
577 1085 633 1112 iue-

451 1120 487 1147 rit
502 1120 600 1154 denuo,
614 1129 643 1148 n.
666 1142 672 1148 .

55 1152 217 1190 solyrnis‘per
450 1160 539 1190 potest
554 1152 629 1184 vide-

54 1186 138 1228 I’asclta
151 1187 182 1228 iu_
192 1188 236 1228 die
451 1186 481 1228 re
493 1199 607 1228 regnum

53 1222 115 1254 festo,
130 1223 204 1250 multi
452 1227 511 1254 Dei.

53 1259 216 1287 credederunt
450 1262 477 1289 4.
499 1263 570 1291 Dicit
584 1263 617 1290 ad
632 1271 693 1291 eum

54 1294 73 1320 in
86 1296 186 1323 nomine
450 1298 562 1326 Nicode.
586 1319 593 1325 .
618 1320 623 1326 .
648 1320 654 1326 .

54 1330 214 1370 ejus,_viden-
450 1334 592 1368 Quomodo
607 1343 654 1370 po-

451 1375 503 1397 test
519 1370 601 1397 bomo
614 1378 657 1398 re-

450 1406 537 1439 nasci,
549 1414 610 1433 cum

451 1442 486 1469 sit
499 1443 599 1469 senex?
617 1450 694 1470 num-

451 1477 516 1512 quid
531 1482 620 1512 potest

452 1513 545 1546 liomo,
561 1518 592 1541 ut
605 1521 664 1546 nos,

452 1548 496 1576 'in
513 1554 589 1577 utero
604 1556 663 1577 ma-

453 1584 502 1612 tris
516 1592 581 1612 suae
593 1585 642 1613 ite-

452 1628 512 1647 rum
528 1621 653 1654 introire,

54 1371 84 1402 tes
95 1367 176 1401 signa,
193 1374 263 1402 quae

53 1401 87 1428 24.
104 1401 225 1430 faciebat.
240 1402 301 1437 Ipse

52 1442 124 1465 autem
139 1438 219 1466 Jesus

53 1480 93 1500 non
106 1474 232 1502 credebat

54 1516 76 1535 se
87 1509 142 1543 illis,
158 1517 190 1537 eo
204 1509 275 1545 quod

53 1551 126 1581 nosset
138 1553 245 1581 omnes,

54 1579 89 1617 25.
105 1587 129 1608 et
139 1581 202 1617 quia
217 1579 270 1611 non

54 1615 203 1645 desideraret

55 1652 90 1688 ‘Vut
97 1652 190 1688 aliquis
204 1657 257 1680 te5-
452 1661 479 1683 et
488 1657 614 1684 renasci?

54 1687 177 1727 tiinonium
202 1724 207 1727 _
452 1691 479 1719 5.
500 1692 649 1727 Respondit

54 1722 136 1751 diceret
152 1725 186 1752 de
202 1724 250 1752 ho-
452 1727 533 1755 Jesus
546 1737 552 1755 :

55 1759 112 1796 mine
125 1769 131 1787 :
147 1760 204 1796 ipse
216 1759 290 1788 enim

54 1795 138 1823 sciebat
155 1796 220 1831 quid

54 1832 148 1859 essetin
162 1831 252 1859 homi-

452 1765 549 1796 Amen,
567 1771 645 1791 amen
660 1763 702 1792 di-

452 1806 484 1826 co
497 1799 556 1833 tibi,
570 1799 621 1827 nisi

473 1835 513 1862 uis
527 1839 637 1863 renatus

466 1870 533 1898 uel-it
546 1871 580 1898 de
596 1879 626 1897 a-

453 1914 517 1943 qua,
532 1911 558 1933 et
573 1906 608 1934 de
619 1906 724 1942 Spiritu

135 1938 251 1968 CAPUT
271 1939 315 1967 Ill.
452 1938 557 1974 sancto,
573 1950 626 1969 non

454 1982 542 2013 potest
555 1979 603 2005 in.
626 1999 633 2006 .
656 1998 662 2005 .

455 2018 716 2041 .......ῑΙἮ-

83 2045 103 2072 l.
121 2054 165 2074 ne.
179 2046 245 2075 Erat
452 2057 482 2078 re
495 2049 522 2078 in
534 2058 648 2085 regnum

892 304 1037 332 suscitabo.

890 339 936 367 20.
959 340 1087 368 Dixerunt

891 383 956 411 ergo
970 376 1064 404 Judaei
1077 385 1085 403 :

890 418 925 439 XL
939 416 967 439 et
980 420 1016 439 γι.
1030 420 1078 439 an-

889 447 933 474 nis
946 447 1117 476 aediﬁcatum

889 487 930 510 est
942 483 992 511 hoc
1009 488 1076 511 tem-

889 518 973 551 plum,
990 524 1017 546 et
1031 523 1058 546 tu

888 553 914 580 in
932 555 1021 583 triduo
1032 562 1076 583 re-

887 590 1002 618 suscitas
1016 591 1099 618 illud?

886 624 932 652 2i.
954 626 1001 653 Ille
1015 632 1105 654 autem

886 661 995 689 dicebat
1009 661 1043 690 de

886 697 997 739 templo,
1004 705 1102 733 corpo-

886 734 924 760 ris
938 734 997 760 sui.‘

885 767 931 795 22.
952 769 1017 796 Cum
1032 776 1097 805 ergo
1115 777 1160 799 re-

885 805 1004 832 surrexit
1018 812 1033 832 a

884 840 1012 874 mortuis,
1029 848 1073 868 re-

884 876 1027 904 memorati
1040 880 1104 904 sunt

885 910 1010 947 discipuli
1026 911 1093 947 ejus,

905 948 1012 975 uoniam
1028 948 1079 976 hoc

905 983 1001 1015 icebal,
1018 988 1046 1011 et

883 1019 1058 1046 crediderunt

882 1055 1046 1089 scripturae,
1055 1059 1085 1083 et

884 1090 978 1123 verbo,
995 1091 1067 1125 quod

883 1125 989 1154 dixerat
1003 1126 1092 1154 Jesus.

882 1161 930 1189 25.
950 1162 1016 1189 Cum
1033 1167 1124 1190 autent
1139 1171 1182 1193 es~

882 1202 926 1225 set
936 1196 974 1234 (ᾳ)
988 1199 1013 1225 in
1024 1198 1044 1234 ὴ
1059 1199 1123 1227 Ilie-

883 1233 1029 1268 rosolymis
1046 1233 1073 1261 in

884 1268 956 1297 diem
972 1270 1070 1297 festum
1086 1270 1138 1297 Pa-

883 1304 978 1337 scbae,
994 1305 1073 1333 multi
1086 1314 1146 1335 cre-

884 1339 1012 1368 diderunt
1027 1342 1053 1368 in
1067 1349 1115 1369 no-

883 1376 958 1404 mine
976 1376 1046 1411 ejus,
1063 1378 1157 1405 viden-

885 1415 927 1448 tes
940 1413 1031 1448 signa,
1047 1420 1117 1448 quae
1169 1428 1174 1432 -

883 1446 1011 1476 faciebat.

883 1483 929 1511 24.
951 1483 1013 1518 Ipse

883 1523 974 1547 autem
989 1519 1067 1548 Jesus

884 1562 938 1582 non
950 1556 1065 1584 credidit

883 1597 915 1618 se
930 1591 981 1625 eis,
997 1599 1030 1619 eo
1044 1592 1116 1627 quod

884 1627 967 1654 sciret
982 1634 1087 1661 omnes,

884 1662 930 1690 9.5.
944 1667 970 1690 et
984 1664 1046 1698 quia
1060 1672 1114 1692 non

884 1705 997 1726 necesse
1016 1699 1109 1728 habuit

885 1738 914 1760 ut
928 1734 1025 1769 aliquis

883 1770 1075 1807 testimonium,

884 1805 1041 1840 perhiberet

884 1841 918 1868 de
932 1848 965 1869 eo
979 1850 985 1868 :
1004 1842 1062 1876 ipse

884 1877 956 1904 enim
971 1882 1084 1906 noverat

884 1911 948 1946 quid
964 1919 1037 1941 esset
1052 1914 1080 1941 in

884 1946 1004 1976 homine.

985 2004 1099 2033 CAPUT
1122 1996 1165 2034 ni

922 2051 946 2078 I.
963 2050 1029 2080 Erat
1043 2057 1132 2080 autem

707 2108 824 2137 CODEX
844 2109 1041 2139 BRIXIANUS.

890 2156 972 2184 sacis.
990 2157 1153 2187 Nicndemus
1176 2162 1295 2191 nomine.
1318 2164 1413 2194 Prince
1436 2176 1446 2194 s
1461 2168 1622 2202 Judaeorum
1642 2176 1691 2206 Hic

890 2193 963 2231 venit
978 2193 1010 2220 ad
1026 2194 1118 2222 Jesum
1139 2201 1218 2227 nocte
1230 2204 1257 2226 ct
1270 2199 1338 2228 dixit
1350 2202 1386 2229 ei.
1407 2175 1492 2231 Iaibbi
1516 2209 1615 2231 scim-uc
1628 2214 1689 2231 ηιιςη

54 2152 250 2197 lud.'DixcrtI_nt
275 2163 341 2191 ergo
371 2155 476 2184 Judaei.
518 2155 703 2197 Quadraginta
735 2159 763 2197 et
788 2163 837 2197 sex

53 2191 129 2233 armis.
158 2191 400 2233 aediﬁcatummst
441 2192 592 2233 templum"
612 2192 663 2219 hoc
695 2197 718 2219 et
751 2196 786 2233 tu“
809 2193 836 2219 in

54 2225 126 2253 tribus
158 2226 255 2255 diebus
286 2227 418 2255 excitavis
460 2225 537 2255 illud.
562 2227 611 2255 Ille
637 2232 726 2255 autem
762 2227 837 2255 dice-

54 2260 98 2287 bat.
117 2262 150 2289 de
180 2262 283 2297 templo
306 2264 431 2304 corporis
453 2265 517 2304 _su.i.
548 2263 615 2291 Cum
629 2271 839 2304 “ergonresur-

53 2298 157 2325 rexisset
181 2306 197 2325 a
222 2298 499 2327 mortuis.'recordati
530 2304 595 2327 sunt
620 2299 747 2333 discipuli
767 2299 837 2334 ejus.

54 2333 106 2365 quia
145 2333 199 2361 hoc
224 2334 335 2375 dixerat
358 2340 385 2375 et
417 2334 592 2375 crediderunt
620 2335 782 2375 scribturae.
811 2339 839 2362 et

53 2371 172 2411 sermoni.
187 2378 268 2411 quem
282 2370 348 2411 dnixit
360 2370 532 2411 Jesu§._Cum
544 2375 638 2411 autem
652 2374 726 2411 esset
740 2370 837 2411 Hiero-

54 2403 164 2439 solymis.
181 2403 208 2432 in
233 2406 276 2433 die
292 2405 361 2433 festo
385 2407 460 2434 multi
484 2407 661 2434 crediderunt
677 2406 703 2433 in
726 2406 838 2433 nomine

54 2438 112 2483 ejus;
126 2442 249 2483 ridentes
267 2441 343 2482 signa
358 2450 428 2483 quae
453 2442 580 2470 faciebat.
597 2442 656 2483 Ipse
679 2446 769 2470 autem
785 2449 839 2483 non

54 2475 170 2504 credebat
196 2475 374 2518 semetipsum
406 2478 455 2519 eis.
486 2486 519 2505 eo
542 2475 617 2513 quod
649 2478 707 2518 ipse
725 2517 728 2519 _
748 2482 840 2519 nosset

53 2517 146 2550 omnes.
175 2513 277 2555 etquis]
292 2521 346 2555 not]
359 2514 455 2555 eratei
477 2521 557 2555 opus.
583 2518 611 2541 ut
634 2514 695 2555 quis
722 2514 840 2555 testimof

54 2544 117 2590 nium
146 2544 301 2590 perhiberet
317 2549 355 2590 _de
384 2544 505 2590 l_i_omiue:
532 2550 594 2590 ipse
624 2544 696 2577 enim
737 2550 841 2590 sciebat

54 2582 108 2615 Quid
119 2589 191 2613 esset
209 2584 236 2613 in
248 2584 370 2614 homine.
388 2584 456 2615 Erat
474 2582 566 2614 autem
585 2585 669 2614 homo
689 2593 723 2613 ex
743 2585 841 2613 Phari-

890 2193 963 2229 venit
978 2193 1010 2220 ad
1026 2194 1118 2222 Jesum
1139 2201 1218 2227 nocte
1230 2204 1257 2226 et
1270 2199 1338 2228 dixit
1350 2202 1386 2229 ei.

1637 207 1693 237 566

1306 307 1388 336 homo
1399 316 1435 337 ex

1306 343 1360 371 Pha
1365 345 1470 380 risaeis,

1305 381 1414 408 nomine
1426 381 1473 409 Ni-

1305 416 1446 448 COtlellllIS,

1306 451 1436 487 Princeps
1450 453 1496 481 Ju-

1305 487 1443 515 daeorluu.

1304 522 1332 549 2.
1355 524 1404 551 Ilic
1419 526 1493 553 venit

1304 559 1336 585 ad
1351 567 1412 586 eum
1425 568 1473 587 n0-

1306 600 1360 627 cto,
1377 600 1403 622 ct
1419 596 1485 624 dixit

1306 631 1329 657 ci
1346 640 1352 658 :
1367 631 1451 659 liabbi
1461 653 1469 665 ,

1305 667 1416 703 scimus,
1433 669 1493 703 quia

1305 709 1319 728 a
1338 702 1393 729 Deo
1406 702 1452 730 ve;

1307 738 1370 764 nisti
1383 739 1463 773 Magi-

1303 778 1370 807 ster,
1386 782 1465 802 neruo

1303 809 1376 845 enim
1391 814 1481 845 potest

1304 843 1371 882 Ilaec
1386 843 1462 882 signa

1305 879 1492 917 facerefquae

1304 921 1331 942 tu
1349 917 1425 950 iacis.
1440 918 1491 946 nisi

1303 951 1385 980 fuerit
1398 953 1469 981 Deus

1302 994 1364 1015 cum
1379 996 1421 1017 ΕΟ-

1302 1023 1328 1060 If).
1345 1024 1493 1060 Respondit

1301 1058 1381 1087 Jesus
1393 1058 1442 1094 {et

1302 1094 1371 1122 dixit
1384 1097 1423 1124 illi
1439 1105 1447 1123 :

1301 1129 1388 1159 Amen
1403 1132 1465 1160 dico
1478 1133 1544 1167 tibi.

1303 1167 1355 1194 nisi
1371 1168 1432 1203 quis
1447 1174 1557 1198 renatus

1303 1203 1386 1230 fuerit
1400 1203 1508 1239 denuo,

1304 1246 1358 1266 non
1373 1244 1464 1274 potest

1303 1281 1417 1337 regnum
1434 1276 1483 1307 Dei

1304 1317 1331 1337 vt
1352 1318 1408 1337 ere.

1304 1317 1408 1343 vtaere,

1304 1346 1330 1371 ι.
1348 1346 1420 1373 Dicit
1433 1346 1468 1374 ad
1480 1355 1545 1376 eum

1303 1380 1469 1410 Nicodemus
1485 1392 1492 1410 :

1303 1416 1445 1449 Quomodo
1460 1426 1508 1453 po-

1305 1456 1358 1480 test
1373 1453 1456 1481 homo

1304 1488 1390 1520 nasci,
1408 1497 1469 1517 cum

1304 1525 1340 1551 sit
1350 1531 1434 1553 senex
1445 1525 1457 1552 Υ

1306 1561 1435 1597 numquid
1449 1569 1497 1597 po-

1306 1600 1359 1623 test
1374 1596 1400 1624 iu
1417 1596 1476 1625 ute-

1307 1639 1338 1658 ro
1351 1633 1447 1661 matris

1306 1674 1372 1695 suae
1385 1668 1475 1697 denuo

1306 1703 1434 1737 introire,
1449 1710 1477 1733 et

1306 1739 1430 1767 renasci?

1306 1773 1502 1811 §.Rmmmﬂh

1304 1809 1383 1838 Jesus
1397 1809 1507 1848 {Amen
1517 1834 1526 1848 ,

1304 1853 1383 1874 amen
1399 1847 1461 1876 dico

1304 1881 1350 1909 tibi
1364 1902 1372 1915 ,
1386 1882 1436 1910 nisi
1451 1885 1511 1919 quis

1303 1922 1414 1945 renatus
1429 1918 1509 1948 fuerit
1520 1927 1551 1950 et

1303 1959 1372 1987 aqua
1385 1974 1393 1987 ,
1408 1958 1436 1981 et
1452 1955 1564 1993 Spiritu,

1304 1996 1358 2015 non
1375 1993 1464 2023 potest

1304 2025 1410 2052 renasci

1305 2059 1332 2087 in
1345 2068 1458 2096 regnum
1475 2063 1533 2093 Dei.

1449 2204 1492 2247 bbi
1516 2209 1615 2247 scimus
1628 2204 1691 2247 quia

891 2228 982 2282 anget:
993 2230 1099 2282 vernali.
1105 2231 1250 2282 magister:
1259 2243 1338 2282 uerno

891 2264 1076 2311 [ai'ere.‘qiiae
1093 2264 1208 2311 tufdgis.
1223 2271 1273 2311 nisi
1290 2264 1372 2311 {ui-rit

891 2300 985 2341 pandit
995 2301 1085 2348 Jesus;
1108 2305 1217 2348 etndixit
1229 2308 1265 2333 ei.
1281 2307 1367 2336 Amen
1390 2300 1468 2339 amen

892 2336 952 2368 quis
968 2341 1048 2365 nutus
1073 2337 1154 2366 fuerit
1179 2341 1249 2369 denu

892 2370 950 2399 Dei.
977 2372 1045 2400 Dicit
1068 2380 1158 2402 autem
1187 2377 1248 2404 ciN

889 2405 973 2434 homo
995 2409 1084 2436 denuo
1096 2411 1169 2438 nasci
1198 2420 1250 2440 cun

891 2443 988 2471 iterum
1010 2445 1035 2471 in
1053 2449 1130 2473 utero
1153 2448 1246 2476 matris

1253 2350 1278 2383 _o.
1295 2352 1346 2389 qon
1372 2351 1461 2389 potest
1474 2349 1565 2389 videre
1576 2361 1689 2389 regnum

1251 2379 1398 2423 icodemus.
1431 2383 1572 2417 Quomodo
1597 2379 1692 2423 fini—esi

1253 2422 1259 2440 ι
1282 2420 1317 2442 Sil.
1340 2423 1433 2458 senex.
1449 2422 1578 2456 numquid
1602 2420 1693 2458 potest

1261 2457 1326 2489 suae
1349 2454 1460 2482 introire
1480 2463 1506 2482 et
1522 2454 1690 2489 hasciIBes—

891 2479 985 2520 pondit
1004 2480 1097 2526 Jesus.
1120 2485 1149 2523 et
1175 2483 1254 2511 dixit.
1272 2485 1359 2526 Amen
1378 2479 1463 2526 nmen

891 2515 952 2550 quis
966 2520 1045 2544 natus
1061 2517 1142 2545 fuerit
1155 2526 1188 2547 ex
1202 2527 1217 2547 a

892 2551 977 2579 troire
991 2552 1018 2580 in
1037 2560 1149 2589 regnum

677 2641 795 2671 CODEX
814 2641 1045 2674 CORBEIENSIS.

86 2708 844 2722 ι....οι.·ι.ι.σ.ο

647 2737 844 2766 VARIANTES
862 2735 1064 2765 LECTIONES.

901 2794 974 2826 Vulg.
989 2795 1036 2819 nisi
1047 2795 1101 2826 quis
1113 2799 1212 2821 renatus
1223 2795 1306 2823 fuerit.

1022 2826 1136 2874 ‘SJ’I‘E’P.
1270 2832 1484 2874 ἓηῗῗθέδθίζμνη
1497 2838 1523 2863 in
1531 2842 1607 2874 Plena
1614 2848 1698 2874 matris

898 2861 924 2882 et
934 2858 1012 2883 nasci.
1029 2857 1101 2890 Vulg.
1114 2858 1138 2883 in
1150 2863 1263 2886 ventrem
1274 2857 1547 2897 mauis.;2‘a‘r'é'ria';c.-‘.

709 2910 894 2941 BLAle
917 2910 1033 2939 ΝΟΤΛΕ.

83 2796 90 2812 ¹
108 2796 161 2822 σαι.
172 2800 200 2822 ut
210 2798 252 2828 qui
262 2799 438 2823 testimonium.
454 2798 516 2823 Hm.
534 2800 564 2822 at
575 2796 752 2822 testimonium.
769 2793 842 2827 Vulg.

56 2829 78 2851 ut
88 2828 141 2859 quis
155 2829 329 2855 tesunmtum.

83 2858 161 2885 "Gal.
184 2860 228 2885 nisi
241 2862 285 2892 qui
303 2863 377 2886 ntus
392 2859 476 2886 tueri.
493 2861 556 2886 Hm.
574 2859 624 2885 nisi
641 2862 744 2886 renatus
761 2858 844 2883 fuerit.

90 2956 126 2990 (α)
147 2959 226 2988 Addit
245 2962 282 2995 in,
298 2969 359 2989 cum
376 2965 430 2989 tex.
443 2960 491 2988 Gr.
505 2962 541 2988 ὲν.

1219 2528 1271 2557 qua
1298 2526 1326 2551 et
1337 2523 1451 2559 Spiritu.
1474 2534 1528 2556 non
1543 2523 1691 2566 potestiii;
