1947 3168
106 119 154 149 569

107 228 143 251 tus
153 227 190 250 est
202 231 208 249 :
220 222 280 257 quia

105 267 153 287 non
165 258 247 286 credi-

103 295 139 323 dit
151 295 173 321 in
186 294 267 321 nomi-

104 339 136 359 ne
145 331 206 357 unici
219 329 259 357 Fi-

105 367 143 395 19.
161 366 184 393 lii
196 365 250 393 Dei.
266 365 322 394 Hoc
336 371 377 394 est

103 408 181 443 autem
192 401 261 443 judi-

103 446 165 466 cium
180 447 186 464 :
199 445 258 472 quia

104 475 145 501 lux
156 475 223 501 venit
237 473 263 500 in

103 510 148 537 hoc
161 509 255 536 mundo
266 530 274 542 ,

103 551 127 573 et
137 545 280 572 dilexerunt

103 581 213 609 homines
227 588 276 615 po-

103 617 148 644 tius
161 616 281 644 tenebras
289 635 297 649 ,

102 660 171 688 quam
182 653 266 679 lucem
282 660 290 679 :

102 693 168 716 erant
181 688 250 716 enim

102 731 172 760 opera
184 724 291 752 illorum

101 760 171 787 mala.

102 796 141 824 20.
157 795 247 823 Omnis
254 816 261 827 .
278 795 324 831 qui
336 802 398 831 pra-

102 839 128 857 va
140 832 203 867 agit,
216 832 273 859 odit

101 867 175 894 lucem
185 888 192 901 ,
209 872 237 895 et
249 874 303 895 non

100 903 164 930 venit
173 904 197 930 in
219 903 261 930 lu-

100 946 163 971 cem,
175 944 202 966 ut
213 946 268 967 non

99 980 232 1009 arguantur

99 1018 185 1046 operae
197 1010 256 1046 ejus
273 1019 280 1038 :

98 1045 137 1074 21.
155 1045 218 1073 ιιιιπι
226 1046 272 1082 qui
287 1045 327 1073 fa-

98 1082 130 1109 cit
138 1083 272 1110 veritatem
285 1103 293 1116 ,

97 1118 161 1145 venit
170 1118 194 1145 in
208 1119 248 1145 lu-

97 1160 147 1180 cem
158 1175 164 1186 ,
178 1159 205 1181 ut
218 1161 275 1181 ma-

97 1189 226 1217 nilestetur

97 1231 155 1266 opus
169 1225 225 1261 ejus
240 1247 248 1259 ,
263 1233 331 1261 quo-

97 1268 159 1288 mam

97 1296 119 1324 in
130 1297 181 1325 Deo
195 1302 235 1324 est
249 1297 306 1324 fac-

96 1332 199 1360 22.tnm.
211 1333 276 1360 Post
291 1332 358 1360 haec

97 1369 152 1395 exiit
166 1368 242 1396 Jesus
252 1390 260 1400 .
276 1373 304 1396 et

65 1418 69 1421 -
97 1403 207 1440 discipuli
220 1405 281 1440 ejus

97 1439 119 1466 in
130 1439 278 1476 Judaeatnll

97 1480 187 1502 terram
204 1484 210 1502 :
225 1475 304 1504 et’ibi

97 1511 242 1539 morabatur

97 1554 147 1574 cum
159 1547 227 1580 illis,
244 1551 272 1575 et

97 1581 250 1617 baptizabat.

97 1617 133 1646 25.
148 1619 211 1646 Erat
224 1623 314 1647 autem

96 1654 223 1682 Iohannes

97 1689 225 1723 baptizans
240 1691 248 1706 ¹
262 1691 289 1717 in

98 1726 162 1761 Aeno
171 1747 179 1759 ,
195 1733 278 1761 prope
294 1725 343 1754 Sa-

98 1760 136 1788 lim
148 1770 153 1788 :
165 1763 294 1797 quoniam

98 1803 172 1831 aquae
187 1797 225 1824 ibi
239 1798 311 1825 mul-

98 1836 134 1860 tae
144 1837 220 1861 erant
232 1854 240 1866 ,
254 1838 282 1861 et

98 1869 246 1901 veniebant,
261 1873 290 1896 et

98 1902 302 1938 baptizabantur.

98 1938 135 1966 21.
150 1939 273 1968 Nondum
287 1940 361 1969 enim

99 1974 186 2003 missus
201 1976 290 2004 fuerat

99 2009 119 2036 in
130 2018 263 2040 carcerem

588 101 814 148 E‘VANGELIUM
832 117 1020 147 SECUNDUM
1039 119 1234 148 JOHANNEM.

282 174 397 204 CODEX
419 176 688 205 VERCELLENSIS.

503 224 652 252 Jobannes.

503 260 549 288 25.
567 259 647 287 Facta
693 263 735 288 est
748 267 813 296 ergo

503 296 627 331 quaestio
640 296 681 323 in-

505 336 546 360 ter
560 331 692 365 Jutlaeos,

503 373 530 394 et
545 367 692 402 discipulos

503 403 633 430 Johannis
647 403 681 430 de

504 438 588 466 Purif.
606 459 612 465 .
629 460 635 466 .
655 459 661 465 .
679 459 686 465 .

503 474 549 502 26.
567 475 599 501 Ει
613 479 744 502 venerunt
783 488 788 492 -

503 510 536 537 ad
548 510 699 538 Johannem
711 531 718 543 ,

505 550 532 573 et
547 546 673 574 dixerunt

504 582 529 609 ei
544 591 550 608 :
567 581 651 609 Rabbi
663 603 669 615 ,
686 582 730 617 qtti

504 622 562 645 erat
578 623 665 645 tecum

504 657 579 680 trans
590 653 686 681 Jorda-

503 696 556 717 nen
568 710 575 722 ,
592 689 635 716 cui
649 690 727 716 testi-

503 726 624 752 monium
639 725 700 753 red—

503 760 595 788 didisti
607 781 614 792 ,
631 768 695 789 ecce

503 796 547 824 hic
561 797 694 831 baptizat,

502 838 529 859 et
539 839 635 860 omnes
649 840 695 860 νε-

503 868 579 895 niunt
594 868 627 895 ad
643 869 729 895 illum.

502 904 548 931 27.
571 904 720 938 Respondit
732 904 780 932 Jo-

502 938 621 973 hannes,
637 944 665 967 et
678 939 720 967 di-

502 976 560 1002 xit:
578 975 634 1002 Non
654 981 741 1008 potest

502 1012 583 1038 homo
600 1012 705 1046 accipe-

502 1055 530 1074 t‘e
544 1048 687 1082 quicquam
696 1069 703 1080 ,

501 1084 552 1110 nisi
568 1084 603 1109 illi
618 1083 709 1110 datum

501 1119 581 1146 fuerit
596 1119 628 1145 de
639 1127 701 1146 cac—

500 1154 544 1195 28.
570 1155 604 1195 Io.
624 1154 675 1188 ipsi
692 1162 738 1182 vos
754 1159 809 1182 tes-

501 1195 642 1217 ttmontutn

501 1226 566 1252 mihi
583 1226 671 1260 perhi-

501 1262 584 1293 bctis,
603 1263 664 1296 quia
679 1261 721 1288 di-

502 1296 834 1325 ....vn....Non

500 1340 560 1361 sum
573 1332 699 1360 Christus
715 1341 721 1360 :
736 1333 783 1361 sed

500 1369 563 1404 quia
576 1370 675 1396 missus

502 1412 561 1432 sum
574 1410 637 1431 ante
649 1405 682 1431 il-
775 1427 777 1429 ,

501 1440 547 1467 Ξ9.
569 1441 633 1467 lum.
650 1440 700 1474 Qui
716 1440 763 1467 ha-

501 1476 548 1504 bet
561 1484 688 1510 spoiisam
701 1497 708 1508 ,

502 1519 619 1546 sponsus
633 1517 674 1539 est
692 1520 698 1538 :

501 1547 603 1575 amicus
614 1552 704 1575 autem

502 1584 595 1619 sputtsi
612 1588 703 1616 stans,

502 1624 530 1646 et
545 1619 658 1646 audiens
673 1619 706 1646 il-

503 1654 558 1682 lum
567 1675 575 1687 ,
591 1654 689 1689 gaudio

502 1691 599 1726 gaudet
612 1698 680 1726 prop
688 1705 694 1709 ~

504 1731 545 1754 161³
559 1734 652 1753 νοθεηι

503 1762 608 1797 sponsi.
624 1762 680 1790 Hoc
692 1770 735 1790 er-

505 1805 538 1832 go
553 1798 679 1832 gaudium

504 1841 594 1861 meum
612 1834 708 1868 imple-

505 1869 550 1896 50.
573 1874 630 1896 tum
648 1874 699 1897 est.
717 1869 796 1897 lllum

505 1910 613 1940 oportet

505 1947 641 1974 crescere,
657 1948 700 1968 me

506 1981 595 2003 autem
611 1977 707 2004 minui.

506 2012 551 2040 51.
572 2012 623 2046 Qui
639 2013 673 2040 dc
688 2020 779 2040 susum

1684 118 1737 147 570

1153 177 1268 206 CODEX
1289 177 1514 207 VERONENSIS.

936 223 1063 259 quoniam
1084 231 1137 252 non

935 259 1052 301 credidit
1066 260 1093 287 in
1101 296 1107 301 _

935 302 1046 322 nomine
1062 303 1124 323 unt-

886 335 890 340 ·
935 331 1020 366 geniti
1036 331 1089 358 Fili

936 367 995 394 Dei.

936 402 980 429 19.
998 402 1054 430 Hoc
1069 407 1110 430 est
1125 407 1214 431 autem

934 438 1063 472 judicium
1081 448 1087 465 :
1104 447 1170 474 quo-

935 474 1008 501 niam
1022 475 1066 501 lux
1082 475 1156 502 venit

937 510 963 536 in
980 510 1031 537 hoc
1044 511 1144 538 mundo
1153 532 1160 544 ,

936 550 963 572 et
973 546 1128 573 dilexerunt

936 581 1060 609 homines
1076 582 1165 617 potius

937 618 1062 653 tenebras
1075 638 1081 650 ,
1099 626 1181 653 quam

936 652 1026 680 lumen
1044 661 1050 679 τ
1067 658 1145 681 erant

936 688 1008 715 enim
1024 689 1110 716 malae

936 727 1035 757 operae
1048 732 1141 753 eorum
1147 746 1153 754 .

934 760 980 787 20.
997 760 1090 788 Omnis
1103 763 1174 790 enim
1188 784 1195 795 ,

935 795 981 830 qui
996 797 1067 823 male

936 832 1007 866 agit,
1024 832 1081 860 odit

936 866 1025 894 lumen
1035 888 1042 900 ,
1058 873 1085 895 et
1098 876 1151 896 non

935 903 1010 930 venit
1024 903 1056 930 ad
1070 904 1111 931 lu-

936 946 999 965 men
1009 959 1016 971 ,
1031 947 1065 966 ne
1080 947 1126 967 ar-

935 979 1051 1015 gllﬂnllﬂ'
1061 983 1161 1011 operae

937 1017 995 1044 ejus
1010 1019 1016 1037 :

936 1045 981 1073 21.
1003 1047 1047 1081 qui
1064 1051 1154 1075 autem

936 1081 1000 1109 facit
1014 1083 1115 1110 verita-

937 1122 990 1145 tem
999 1139 1007 1151 ,
1021 1119 1096 1146 venit

936 1154 969 1181 ad
983 1154 1072 1181 lumen
1085 1175 1093 1187 ,

936 1194 965 1216 nt
984 1189 1160 1219 manifesten-

935 1229 978 1252 tur
992 1233 1090 1260 operae

935 1261 995 1295 ejus
1004 1283 1011 1295 ,
1028 1269 1095 1295 quo-

935 1296 1007 1324 niam
1024 1298 1050 1324 in
1066 1298 1122 1326 Deo

936 1336 999 1359 sunt
1014 1331 1152 1366 operata‘e.

936 1367 981 1395 22.
999 1368 1062 1395 Post
1079 1369 1145 1396 haec
1160 1369 1249 1404 profe-

937 1408 995 1431 ctus
1011 1408 1052 1431 est
1064 1404 1143 1432 Jesus
1155 1426 1163 1439 ,
1179 1411 1206 1433 et

934 1439 1060 1474 discipuli
1077 1440 1136 1475 ejus

935 1474 961 1502 in
976 1474 1106 1503 .lndacam

937 1515 1037 1538 terram
1056 1520 1062 1539 :
1079 1516 1106 1540 et
1120 1512 1157 1540 ibi

936 1547 1093 1575 morabatur

935 1589 997 1610 cum
1010 1583 1060 1610 eis.

935 1617 980 1645 23.
1003 1619 1068 1646 Erat
1082 1623 1183 1649 autem.

936 1653 1075 1682 Iohannes
1090 1655 1137 1682 ba-

937 1690 1043 1723 ptizans
1057 1691 1084 1718 in

936 1725 1013 1753 Aeno
1022 1747 1029 1759 ,
1043 1726 1120 1760 juxta

937 1761 1012 1788 Salin
1026 1771 1032 1789 :
1047 1763 1176 1797 quoniam

937 1804 1023 1832 aquae
1039 1798 1139 1825 multae

936 1836 1017 1860 erant
1034 1833 1081 1866 ibi,
1094 1838 1122 1861 et

938 1869 1095 1901 veniebant,
1111 1875 1138 1896 et
1182 1886 1189 1890 -

936 1904 1155 1938 baptizabantur.

936 1939 984 1967 24.
1004 1939 1129 1968 Nondum
1144 1941 1216 1968 enim

938 1981 994 2003 erat
1010 1975 1141 2004 Johannis

939 2015 1050 2039 coactus
1063 2012 1091 2039 in

743 2079 861 2109 CODEX
879 2079 1075 2109 BRIXIANUS.

1353 233 1503 254 carcerem.

1353 262 1399 289 25.
1420 261 1502 289 Facta
1519 264 1561 289 est
1574 268 1623 288 au-

1355 302 1409 325 tem
1426 298 1540 332 quaestio

1354 341 1387 361 ex
1401 333 1543 367 discipulis

1354 369 1485 396 Johannis
1500 376 1561 396 eum

1352 405 1462 432 Iudaeis
1476 405 1511 433 de

1353 440 1554 468 Purilioatione.

1353 476 1401 503 26.
1424 476 1457 503 Et
1469 479 1602 504 venerunt
1616 475 1650 503 ad

1354 511 1506 540 Iohannem
1518 533 1525 545 ,
1543 517 1571 540 et

1354 547 1481 575 dixerunt
1495 549 1520 575 ei
1536 557 1543 575 :

1353 583 1440 611 Rabbi
1451 604 1459 616 ,
1474 584 1519 618 qui

1353 625 1413 646 erat
1426 624 1485 647 tecu
1489 627 1514 646 m

1352 658 1428 683 trans
1440 654 1538 682 Jorda-

1356 698 1420 722 nen.
1437 691 1481 718 ctti
1497 695 1525 718 tu

1355 727 1539 754 testimonium

1354 762 1515 797 perhibuisti
1525 783 1532 794 ,

1354 805 1419 826 ecce
1434 798 1477 825 hic

1354 834 1481 869 baptizal,
1499 838 1526 861 et

1354 877 1449 897 omnes
1463 870 1576 897 veniunt

1353 905 1386 932 ad
1400 914 1473 933 eum.

1353 941 1398 968 ‘27.
1422 941 1570 974 Respondit
1584 940 1630 969 Jo-

1354 976 1467 1010 hannis,
1483 977 1578 1005 dicens
1592 985 1600 1005 :

1353 1012 1412 1040 Nou
1428 1018 1516 1047 potest
1530 1012 1580 1040 ho-

1354 1057 1399 1075 mo
1411 1050 1535 1083 accipere

1353 1085 1508 1119 quicquam.
1524 1084 1575 1112 nisi

1354 1120 1391 1148 illi
1409 1121 1499 1147 datum
1515 1119 1573 1147 fuc-

1354 1156 1390 1183 rit
1404 1156 1530 1190 desuper.

1353 1191 1399 1219 28.
1419 1191 1474 1225 ipsi
1489 1199 1536 1219 vos
1551 1192 1625 1219 testi-

1353 1229 1473 1255 monium
1487 1227 1553 1254 mihi

1351 1263 1501 1299 perhibetis
1514 1284 1521 1295 ,
1538 1270 1605 1297 quo-

1351 1300 1423 1326 niam
1439 1299 1515 1326 dixi:
1536 1299 1593 1326 Non

1353 1342 1412 1362 sum
1427 1342 1477 1370 ego
1490 1334 1569 1362 Chri-

1353 1374 1411 1397 stus
1427 1379 1433 1396 :
1449 1370 1496 1397 sed
1512 1370 1573 1404 quia

1353 1406 1519 1440 praemissus
1533 1413 1593 1433 sum

1353 1446 1416 1469 ante
1436 1448 1509 1468 enm.

1352 1477 1399 1505 29.
1420 1477 1470 1511 Qui
1485 1477 1565 1505 habet

1353 1520 1492 1547 sponsum,
1507 1520 1589 1547 spon-

1354 1555 1400 1575 sus
1414 1552 1455 1575 est
1467 1557 1474 1575 :
1486 1549 1553 1576 ami-

1354 1591 1402 1611 cus
1411 1589 1502 1611 autem

1356 1620 1449 1654 sponsi
1458 1640 1465 1651 ,
1479 1621 1526 1654 qui

1354 1660 1409 1682 stat
1418 1676 1425 1688 ,
1440 1659 1468 1682 et
1482 1655 1557 1683 audit

1354 1698 1427 1723 eum,
1443 1692 1542 1726 gaudio

1353 1727 1447 1762 gaudit
1461 1732 1571 1762 propter

1355 1769 1449 1790 vocem
1462 1763 1533 1798 ejus.

1356 1798 1413 1825 Hoc
1426 1806 1491 1833 ergo

1354 1834 1482 1869 gaudium
1494 1842 1583 1862 meum

1354 1869 1475 1904 comple-

1356 1905 1403 1933 30.
1425 1911 1479 1932 tum
1493 1910 1544 1933 est.
1559 1905 1638 1933 illum

1358 1944 1466 1975 oportet
1476 1948 1610 1982 crescere,

1360 1984 1403 2003 me
1419 1981 1508 2004 autem
1529 1977 1667 2004 minorari.

1360 2012 1406 2040 51.
1427 2013 1477 2046 Qui
1492 2012 1527 2040 de
1538 2019 1630 2039 susum

101 2141 135 2165 tus
159 2144 208 2166 est.
228 2140 289 2173 quia
314 2145 367 2166 non
388 2138 476 2166 credit
511 2138 538 2166 in
569 2138 679 2166 nomine
700 2138 831 2173 unigeniti
847 2137 892 2165 Fi-

100 2173 114 2199 li
134 2175 186 2202 Dci.
213 2175 270 2202 Hoc
293 2179 334 2201 est
355 2179 445 2202 autem
471 2174 613 2208 judicium.
631 2174 693 2208 quia
707 2175 752 2202 lux
769 2175 844 2201 venit
864 2174 891 2200 in

92 2208 162 2237 .hnnc
188 2211 329 2238 mundum.
354 2215 381 2237 et
406 2210 562 2237 dilexerunt
586 2210 720 2238 homines.
743 2210 827 2244 magis
850 2214 887 2237 te-

101 2245 189 2273 nebras
225 2254 305 2281 quant
337 2246 437 2274 lucem.
463 2251 539 2272 erant
578 2246 650 2273 enim
686 2254 779 2273 eorum
820 2245 892 2272 mala

100 2287 182 2313 opera.
206 2282 302 2309 Omnis
321 2283 393 2309 enitn
423 2282 467 2316 qui
490 2282 560 2308 male
583 2283 637 2316 agit
659 2282 716 2309 odit
736 2282 834 2308 lucem.
863 2284 891 2307 et

101 2323 146 2343 non
159 2319 233 2345 venit
241 2319 273 2344 ad
289 2318 388 2345 lucem.
402 2324 429 2344 nt
446 2325 498 2344 non
508 2322 657 2352 arguantur
666 2325 752 2353 opt-ra
760 2317 828 2351 ejus.
844 2318 889 2350 qui

102 2357 178 2380 autem
192 2353 257 2380 facit
267 2354 408 2380 veritatem
417 2353 491 2380 venit
500 2354 533 2379 ad
543 2355 639 2380 lucem.
649 2359 676 2379 ut
684 2352 891 2379 tnanil'estentnr

102 2395 172 2424 opera
187 2390 361 2424 ejus.qniain
375 2389 430 2416 Deo
443 2393 504 2415 sunt
520 2388 589 2416 facta
608 2409 614 2415 .
633 2409 639 2415 .
657 2388 892 2416 Posthaec.vettit

102 2422 337 2459 .lesuset'discipuli
350 2424 419 2459 ejus.
432 2426 457 2451 in
475 2424 593 2451 ludaratn
603 2430 714 2457 terram,
731 2424 820 2451 etillic
830 2431 890 2450 cum

103 2459 342 2488 eisdemorabalur.
359 2466 386 2488 et
401 2460 563 2493 baptizabat.
573 2461 637 2488 Erat
655 2466 744 2487 autem
757 2459 893 2487 etJohan-

103 2501 144 2520 nes
164 2496 304 2531 baptizans
324 2497 349 2523 in
378 2497 503 2523 Deserto.
517 2498 593 2531 juxta
610 2496 704 2524 Salim.
729 2496 791 2531 quia
807 2502 893 2530 aquae

105 2531 194 2566 [nullae
209 2538 287 2559 erant
300 2531 366 2559 illic.
383 2536 410 2559 et
422 2532 611 2559 adveniebant.
626 2538 653 2559 et
677 2531 892 2566 baptizabantur.

104 2564 217 2595 Nondum
233 2568 305 2595 enim
319 2568 419 2595 missus
434 2567 521 2595 fuerat
533 2568 558 2595 in
575 2564 892 2596 arcerent-Iohannes”

946 2137 1026 2164 Facta
1042 2141 1084 2165 est
1098 2144 1163 2172 ergo
1178 2137 1296 2171 questio.
1313 2138 1384 2165 inter
1399 2137 1546 2172 discipulos
1559 2138 1700 2166 Johannis.
1717 2143 1745 2166 et

943 2173 1061 2200 Judneos
1071 2173 1105 2200 de
1112 2173 1311 2200 Purilicatione.
1321 2173 1355 2201 Et
1364 2179 1497 2201 venerunt
1508 2174 1540 2200 ad
1551 2174 1701 2201 .lohannem
1714 2179 1744 2202 et

943 2209 1069 2236 dixerunt
1088 2209 1122 2236 ei.
1137 2208 1235 2236 Ralibi.
1261 2211 1304 2244 qni
1320 2215 1378 2237 erat
1392 2214 1479 2237 tecum
1505 2214 1578 2236 trans
1592 2210 1740 2237 Jortlanen.

944 2245 987 2272 cui
1002 2250 1029 2271 tu
1043 2245 1227 2272 tcstimOninm
1243 2245 1414 2279 perhibnisti.
1431 2253 1494 2273 ecce
1511 2245 1555 2272 hic
1578 2245 1695 2278 baptizat
1715 2249 1743 2272 et

944 2288 1040 2307 omnes
1056 2280 1166 2307 veniunt
1180 2280 1212 2307 ad
1229 2288 1289 2307 cum
1308 2281 1456 2315 Respondit
1469 2281 1608 2308 Jnhannes
1621 2286 1648 2307 et
1662 2280 1740 2307 dixit.

945 2316 1001 2343 Non
1018 2321 1105 2349 potest
1118 2316 1199 2343 homo
1210 2316 1332 2350 accipere
1343 2316 1485 2351 quicquam
1498 2316 1548 2343 nisi
1565 2316 1644 2342 fuerit
1655 2315 1680 2342 ei
1695 2315 1743 2342 da-

946 2357 1001 2379 tum
1027 2351 1061 2378 de
1082 2352 1169 2379 caelo.
1182 2351 1234 2386 lp~i
1250 2360 1296 2378 vos
1311 2352 1375 2378 mihi
1393 2353 1575 2378 testimonium
1596 2351 1744 2385 perhibetis

946 2387 1017 2422 quod
1046 2387 1161 2414 dixerim
1194 2387 1262 2420 Quia
1296 2395 1349 2414 non
1379 2395 1437 2415 sum
1464 2394 1514 2422 ego
1542 2387 1675 2413 Christus.
1695 2386 1743 2414 sed

946 2424 1006 2458 quia
1025 2423 1124 2450 missus
1141 2430 1198 2450 smn
1224 2427 1286 2450 ante
1312 2423 1409 2450 illnnt..
1435 2422 1485 2457 Qui
1516 2423 1596 2449 habet
1616 2429 1743 2457 sponsam

947 2466 1064 2493 sponsus
1100 2462 1151 2485 est.
1180 2459 1283 2485 amicus
1319 2463 1410 2486 autem
1436 2459 1540 2492 sponsi.
1565 2458 1609 2492 qui
1630 2462 1692 2485 stat.
1717 2463 1745 2486 et

947 2494 1022 2521 atnlit
1052 2502 1125 2521 eum.
1151 2494 1248 2528 gaudio
1273 2495 1372 2529 gaudet
1389 2499 1498 2528 propter
1520 2501 1614 2521 vocem
1639 2494 1742 2529 sponsi.

948 2531 1004 2557 Hoc
1038 2537 1104 2565 ergo
1136 2530 1262 2565 gaudium
1290 2537 1378 2557 meum
1405 2530 1545 2563 impletum
1580 2534 1631 2557 est.
1668 2530 1746 2561 lllnm

947 2570 1055 2601 oportet
1083 2573 1218 2593 crescere.
1242 2573 1285 2592 me
1305 2569 1394 2593 autem
1414 2566 1509 2593 minui.
1534 2565 1585 2599 Qui
1603 2565 1747 2593 desursum

739 2626 855 2655 CODEX
872 2626 1107 2655 CORBEIENSIS.

107 2717 113 2723 _
135 2683 177 2723 19.
193 2685 252 2713 Hoc
276 2690 318 2723 est
331 2690 421 2714 autem
435 2684 565 2721 judicium
580 2685 628 2713 Dei
651 2694 658 2712 :

107 2719 130 2745 in
144 2719 211 2749 hunc
224 2721 365 2749 mundum.

138 2754 180 2784 21).
195 2757 240 2792 qui
254 2757 325 2785 mala
338 2758 403 2793 agit.

140 2860 148 2875 “
165 2860 217 2886 ϐαι.
230 2862 254 2886 in
265 2861 387 2893 AEnon...
402 2862 461 2893 Mm.
473 2861 497 2885 in
505 2860 595 2893 AEnon
603 2861 674 2893 juxta
683 2860 758 2886 Sallm
767 2865 835 2886 trans
845 2860 901 2885 101·-

112 2890 205 2917 danem.
220 2891 295 2925 Vulg.
309 2894 333 2918 in
342 2892 427 2918 Ennon
437 2892 507 2923 juxta
517 2891 599 2918 Salim.

683 2684 746 2721 quia
760 2685 805 2713 lux
821 2684 896 2713 venit

966 2684 1022 2748 b23
1043 2688 1071 2712 et
1096 2684 1107 2700 ³
1130 2683 1314 2712 adveniebant
1344 2684 1389 2718 ei,
1420 2684 1456 2719 τ,
1487 2688 1514 2712 et
1547 2676 1752 2719 baptizabantur

998 2727 1041 2748 eo.

950 2727 985 2748 3D
998 2727 1041 2749 80.

701 2803 900 2832 VARIANTES
919 2802 1120 2832 LECTIONES.

985 2861 995 2875 ¹
1013 2859 1066 2884 Gal.
1078 2859 1242 2884 adveniebant
1253 2859 1330 2885 multi.
1345 2860 1404 2884 Mm.
1424 2858 1597 2885 adventebant.
