3894 6336
182 245 271 302 575
1127 247 1578 308 ενΑΝςῑιιιιΜ
1617 245 1994 309 SECUNDUM
2030 249 2415 313 JOHANNEM.

2261 370 2495 428 CODEX
2538 373 2990 435 VERONENSIS.

523 358 755 417 CODEX
795 361 1338 423 VEBCELLENSIS.

176 458 273 521 sis,
301 453 546 530 quomodo
961 458 1100 514 hanc
1126 474 1344 530 aquam,

174 545 200 585 a
223 544 298 584 me
320 527 486 582 bibere
548 597 553 598 ί
965 540 1021 585 ιιι
1049 547 1156 586 non
1181 527 1389 598 'sitiam,

234 601 310 664 tis,
340 597 616 672 icum_sim
961 617 1138 672 neque
1167 604 1320 658 veni-

207 669 515 724 aniaritaua?
962 669 1063 728 am'
1078 673 1181 729 hoc
1202 675 1348 728 auri-

175 743 248 799 l0.
286 739 564 809 Respondit
581 739 742 799 Iesus
766 783 781 809 ,
965 743 1052 802 16.
1095 761 1175 801 re.
1201 745 1339 800 Dicit
1366 746 1482 802 illi:
1513 745 1618 802 Va-

173 822 217 870 et
241 812 358 868 dixit
383 813 450 867 illi
476 830 489 866 :
519 813 576 869 Si
965 855 980 870 .
1015 858 1025 869 .
1063 857 1077 870 .
1117 859 1130 871 .
1166 859 1182 871 .
1213 832 1276 873 ca
1299 819 1478 874 virum

173 886 316 940 scires
336 899 518 939 munus
966 928 979 941 .
1016 928 1030 940 .
1068 929 1082 941 .
1127 924 1142 939 .
1189 929 1203 942 .
1249 929 1263 943 .
1308 929 1322 943 .
1365 891 1490 945 veni

174 956 269 1022 Dei,
295 964 343 1010 et
365 955 477 1026 quis
503 963 608 1024 est,
964 960 1048 1013 17.
1095 999 1109 1012 .
1156 999 1170 1012 .
1216 999 1229 1013 .
1267 1001 1280 1014 .
1327 1000 1340 1014 .
1386 1001 1400 1016 .
1445 1003 1458 1016 .
1486 975 1583 1018 on-

172 1027 380 1097 quidicit
409 1026 503 1081 libi
527 1044 541 1081 :
961 1029 1040 1085 dit
1074 1031 1286 1094 mulier.
1315 1042 1371 1088 et

171 1099 230 1154 Da
255 1097 538 1154 mihibibe-
962 1101 1096 1157 dixit
1126 1103 1203 1157 illi
1229 1120 1244 1157 :
1273 1102 1294 1134 ‘
1321 1103 1440 1158 Non

170 1179 550 1240 reztupeteres
1259 1190 1486 1230 ..um.

169 1240 598 1304 abeo,etdedis-
1380 1283 1396 1301 .
1439 1245 1612 1302 nedi-

168 1323 233 1368 set
255 1313 337 1366 tibi
363 1326 552 1384 aquam
959 1317 1066 1373 xis.
1107 1359 1119 1370 .
1167 1356 1180 1370 .
1218 1357 1232 1370 .
1279 1359 1292 1372 .
1331 1358 1343 1372 .
1383 1357 1398 1372 .
1439 1315 1475 1372 d
1500 1317 1582 1373 vi-

167 1385 328 1438 rivam.
959 1403 984 1440 r
1019 1430 1032 1442 .
1075 1429 1090 1444 .
1137 1430 1150 1444 .
1187 1430 1200 1442 .
1245 1427 1262 1443 .
1293 1403 1365 1444 on
1398 1387 1495 1444 ha-

169 1458 236 1510 ll.
269 1455 349 1510 Ait
373 1455 444 1509 illi
475 1454 716 1513 mulier:
958 1458 1047 1515 18.
1094 1499 1108 1511 .
1140 1496 1157 1514 .
1194 1499 1208 1514 .
1257 1499 1271 1514 .
1309 1500 1322 1512 .
1357 1462 1448 1516 υἱιι
1485 1502 1497 1514 .
1534 1501 1549 1515 .
1582 1475 1652 1517 ue

167 1527 355 1582 Domine
380 1525 520 1583 unde
544 1525 679 1583 hau-
955 1544 987 1584 e
1018 1570 1032 1584 .
1064 1573 1076 1584 .
1109 1532 1179 1586 im
1212 1532 1361 1588 viros

164 1599 248 1654 rias
271 1614 367 1653 non
392 1598 492 1652 ba-
954 1600 1146 1658 babuis
1188 1642 1202 1656 .
1239 1641 1254 1656 .
1290 1642 1304 1656 .
1341 1641 1355 1656 .
1390 1641 1406 1658 .
1453 1642 1466 1656 .

167 1670 241 1724 bes
261 1711 276 1736 ,
299 1680 347 1725 et
374 1681 564 1739 puteus

163 1742 275 1796 altus
297 1748 408 1796 est:
441 1741 520 1812 (α)
540 1757 635 1797 un-

163 1812 216 1866 de
243 1813 276 1884 j—
302 1813 458 1895 habes
496 1828 554 1895 aA-

162 1900 290 1954 quam
317 1885 535 1938 vivam?

163 1955 246 2038 l1.
264 1955 521 2025 Numquid
549 1964 604 2012 tu

164 2041 302 2098 major
324 2042 379 2082 es
407 2043 503 2098 pa-

162 2097 212 2152 tri
238 2097 518 2155 nostroila-

159 2170 257 2234 cob,
277 2169 356 2236 qui
380 2171 402 2202 '
430 2180 580 2236 pute-

164 2256 232 2294 um
262 2241 403 2296 nobis
429 2241 576 2298 hunc

160 2311 295 2377 dedit,
313 2321 374 2385 et
401 2314 518 2385 ipse

159 2399 210 2437 ex
233 2398 289 2438 eo
311 2384 438 2439 bibit
461 2427 476 2450 ,
509 2392 565 2440 et

160 2453 233 2508 lilii
254 2456 356 2524 ejus
375 2498 391 2522 ,
413 2466 468 2511 et
497 2470 581 2526 pe-

159 2540 257 2579 cora
291 2527 439 2596 ejus?

163 2598 228 2681 i5.
262 2596 607 2681 Respondent;

158 2667 314 2736 lesus,
341 2671 477 2725 dixit
507 2669 544 2724 il
576 2709 591 2724 .
637 2709 650 2724 .
698 2710 712 2723 .

953 1673 975 1744 Ψ
1003 1689 1167 1743 nunc,
1205 1690 1362 1744 quem

956 1743 1147 1810 habes,
1183 1743 1289 1802 non
1317 1754 1400 1801 est

955 1825 1078 1872 tuus
1107 1818 1223 1872 vir:
1258 1816 1361 1872 hoc

956 1903 1145 1944 verum
1167 1888 1278 1944 dixi
1303 1929 1316 1942 .
1345 1927 1361 1944 .

958 1959 1044 2014 19.
1083 1960 1523 2016 ti....tmu-

958 2031 1172 2086 lier:D
1219 2072 1233 2085 .
1280 2072 1294 2086 .
1341 2070 1354 2085 .
1401 2073 1416 2086 .
1464 2072 1476 2085 .
1521 2047 1590 2098 ο,
1642 2033 1724 2088 vi-

957 2103 1060 2158 deo
1094 2143 1106 2156 .
1145 2141 1159 2156 .
1199 2102 1306 2158 uod

956 2173 1048 2230 20.
1080 2174 1293 2230 Proleta
1335 2173 1410 2246 (ο)
1442 2189 1503 2232 es
1523 2176 1586 2246 τ.
1622 2174 1724 2230 Pa-

958 2253 1068 2300 tres
1097 2247 1269 2300 nostri

959 2316 1010 2370 in
1038 2316 1139 2372 hoc
1171 2331 1323 2373 mon-

959 2396 1010 2442 te
1036 2389 1294 2445 adorare-

957 2469 1106 2523 runt,
1137 2470 1191 2516 ει.
1221 2475 1318 2516 VOS

957 2529 1141 2600 dicitis
1163 2549 1192 2600 ιι
1230 2571 1242 2584 .
1280 2568 1340 2586 ..

959 2599 1039 2674 (α)
1069 2604 1118 2657 in
1139 2599 1190 2673 τί
1210 2602 1306 2658 Hie
1335 2641 1349 2655 .
1383 2643 1396 2656 .
1425 2617 1550 2659 oso-

959 2674 1120 2744 lymis
1145 2684 1228 2729 est
1259 2713 1274 2729 .
1309 2715 1321 2727 .
1359 2712 1374 2726 .
1407 2712 1421 2727 .

158 2741 472 2812 Dmnis,qui
967 2741 996 2798 .’
1059 2785 1073 2800 .
1158 2783 1172 2798 .
1255 2786 1268 2798 .
1351 2785 1368 2802 .
1443 2783 1458 2801 .
1543 2786 1558 2801 .

160 2809 460 2869 ’biberitex
960 2830 1114 2886 opo.
1167 2856 1180 2869 .
1235 2858 1247 2870 .
1300 2855 1316 2871 .
1369 2856 1382 2871 .
1433 2856 1446 2872 .
1495 2855 1508 2871 .
1558 2858 1570 2871 .

159 2897 711 2966 aqu........
957 2887 1655 2944 21.Diciti......

159 2965 504 3084 iiii’biiérii'
549 2995 564 3011 ’
965 3001 1032 3086 de
1061 3000 1087 3086 ’.
1254 2998 1270 3085 Ῐ
1309 2999 1458 3086 alio:
1539 3002 1552 3014 ’

965 3101 1108 3157 niam
1140 3117 1208 3158 ve
1239 3144 1251 3157 .
1303 3144 1315 3157 .

966 3174 1120 3241 hora,
1152 3189 1274 3229 cum
1322 3213 1336 3228 .
1386 3217 1398 3229 .
1427 3205 1452 3215 —

160 3096 212 3152 de
231 3113 350 3168 aqua
369 3141 385 3165 ,
422 3113 587 3169 quam

160 3183 238 3238 ego
257 3169 382 3226 dabo
416 3170 495 3238 ei,
529 3185 636 3226 non

160 3241 326 3298 sitiet.
363 3281 380 3299 .
427 3279 446 3299 .
488 3281 503 3297 .
549 3282 566 3298 .
613 3283 624 3297 .
667 3256 753 3297 er-
971 3287 984 3300 .
1033 3288 1046 3300 .
1091 3247 1232 3301 uein
1268 3247 1371 3302 lioc

162 3309 370 3368 ll.n..
407 3313 888 3384 m:sedaq...,
968 3333 1068 3374 m.
1106 3325 1375 3382 .te,ne-

159 3396 289 3459 quam
314 3401 414 3456 ego
439 3385 536 3441 da-
711 3455 728 3459 _
967 3405 1072 3459 que
1101 3387 1157 3444 in
1181 3389 1376 3444 Hiero-

160 3451 215 3543 bo
249 3493 261 3508 .
283 3497 313 3543 Δ.
346 3451 435 3543 ἶ...
483 3494 499 3512 .
544 3497 559 3511 .
599 3455 673 3511 illi
705 3455 824 3510 fons
969 3451 1193 3543 soiymis
1220 3462 1404 3543 adora-

160 3539 300 3595 aquae
319 3530 526 3584 salien-
971 3530 1098 3586 hitis
1135 3532 1372 3588 Patrem.

161 3598 213 3650 tis
232 3600 276 3652 in
294 3601 458 3656 vitam
480 3615 571 3656 ae—
969 3603 1060 3658 ‘22.
1103 3603 1212 3658 Vos
1262 3604 1499 3661 adoratis

163 3675 358 3744 lernam.
616 3742 647 3744 η
970 3691 1039 3744 qu
1086 3714 1100 3729 .
1151 3716 1166 3730 .
1218 3715 1232 3728 .
1284 3716 1300 3731 .
1341 3679 1562 3732 escitis:

163 3739 232 3794 15.
262 3782 274 3795 .
303 3781 316 3795 .
345 3752 365 3798 ι
403 3741 486 3797 illi
518 3742 747 3798 mulier:

161 3809 372 3880 Domine,
422 3815 487 3870 da
510 3814 646 3870 mihi

973 3761 1070 3802 nos
1091 3745 1158 3801 ad
1207 3787 1221 3800 .
1273 3787 1287 3800 .
1321 3764 1506 3804 ramus

971 3816 1114 3889 quod
1149 3858 1162 3872 .
1207 3859 1221 3873 .
1258 3859 1273 3872 .
1309 3856 1325 3874 .
1362 3857 1376 3874 .
1423 3860 1436 3873 .
1470 3857 1484 3872 .
1520 3820 1735 3874 uoniam

1831 457 1962 544 dua
1982 475 2070 516 me
2091 461 2276 544 bibere

1835 539 1995 600 petis,
2015 547 2137 586 cum
2169 539 2272 589 sim

1833 603 2026 658 mulier
2051 603 2442 662 Satnaritissa?

1834 672 1921 726 10.
1969 674 2261 744 Respondit
2293 677 2471 744 Jesus,

1831 752 1886 798 et
1911 745 2048 800 dixit
2073 747 2154 801 ei:
2183 747 2240 804 Si

1832 817 2004 889 scires
2032 817 2237 875 donum
2260 820 2393 889 Dei,

1829 894 1884 961 et
1905 888 2036 961 quis
2053 898 2161 961 est.
2193 894 2282 961 qui

1829 956 1958 1012 dicit
1989 959 2110 1014 ubi:
2140 956 2213 1015 Da

1830 1027 1962 1082 mihi
1987 1029 2170 1087 bibere
2195 1050 2207 1087 :
2241 1043 2297 1088 tu

1829 1101 2001 1170 magis
2023 1104 2254 1170 petisses

1828 1185 1974 1236 eum,
1994 1180 2049 1227 et
2070 1175 2309 1231 dedisset

1831 1243 1922 1296 tibi
1952 1259 2144 1314 aquam

1827 1314 2029 1369 vivam.

1830 1385 1916 1439 11.
1960 1385 2100 1442 Dicit
2131 1388 2207 1443 illi
2239 1390 2463 1446 mulier:

1827 1455 2056 1531 Domine
2081 1475 2256 1531 neque

1827 1526 2031 1581 haurite
2042 1526 2182 1585 riuni
2217 1533 2311 1586 ha-

1827 1599 1922 1671 bes
1935 1640 1950 1664 ,
1977 1608 2033 1654 et
2061 1615 2280 1671 puteum

1826 1670 1994 1745 altum
2021 1670 2142 1745 est:
2177 1674 2255 1745 (a)

1830 1742 1970 1796 unde
2001 1744 2042 1814 -ι-
2074 1742 2238 1800 habes

1829 1828 2021 1884 aquam
2051 1817 2267 1873 vivam?

1833 1885 1918 1938 12.
1961 1886 2226 1956 Numquid
2247 1901 2302 1946 tu

1832 1960 2005 2027 major
2031 1973 2090 2013 es
2121 1964 2259 2027 patri

1833 2039 2018 2084 nostro
2043 2028 2231 2098 Jacob,

1832 2101 1923 2169 qui
1954 2100 2100 2156 dedit
2125 2103 2279 2161 nobis

1830 2182 2093 2247 puteum,
2115 2183 2169 2247 et
2196 2175 2309 2247 ipse

1825 2257 1897 2297 ex
1935 2259 2000 2298 eo
2027 2243 2180 2311 vibit,
2212 2243 2267 2303 et

1826 2313 1920 2369 ﬁlii
1952 2314 2097 2384 ejus,
2131 2325 2187 2370 et

1827 2400 2023 2453 pecora
2051 2387 2206 2456 ejus?

1829 2457 1940 2534 l$._
1951 2458 2264 2534 Respondit
2289 2462 2317 2519 J
2323 2477 2470 2534 esus,

1829 2538 1882 2581 et
1909 2529 2044 2604 dixit
2073 2531 2153 2604 ei:
2181 2534 2391 2604 Omnis,

1832 2599 1924 2670 qui
1952 2600 2146 2655 biberit

1830 2685 1896 2724 ex
1927 2686 2061 2740 aqua
2093 2671 2215 2742 hac,

1830 2743 1979 2795 sitiet
2006 2744 2234 2800 iterum:

2669 470 2868 537 sitiam,
2900 487 3076 540 neque

2668 541 2880 598 veniam
2910 543 3024 598 istis

2671 611 2894 668 haurire
2917 613 3062 670 hinc.

2671 683 2758 738 16.
2790 684 2926 739 Dicit
2950 687 3000 740 ei

2668 754 2827 810 Jesus
2850 775 2862 811 :

2669 825 2836 893 Vade,
2869 843 2999 883 voca

2668 897 2843 952 virum
2869 908 3042 965 tuum,

2666 979 2720 1024 et
2741 971 2861 1024 veni
2895 969 3018 1026 hoc.

2669 1041 2756 1095 17.
2788 1041 3085 1111 Respondit

2667 1112 2882 1179 mulier,

2665 1192 2723 1238 et
2751 1182 2886 1237 dixit
2907 1185 2958 1239 ei
2981 1203 2994 1239 :
3023 1183 3138 1240 Non

2666 1253 2838 1308 habeo
2867 1257 3060 1310 virum.

2668 1325 2757 1380 Ait
2778 1326 2828 1380 ei
2851 1325 3010 1381 Jesus
3035 1345 3049 1382 :

2667 1396 2810 1450 Bene
2839 1398 3042 1464 dixisti,

2667 1467 2790 1540 quia
2812 1484 2918 1540 non
2947 1469 3023 1540 (ὁ)
3057 1469 3157 1524 ha-

2668 1538 2765 1610 bes
2804 1538 2846 1610 -ι-
2873 1538 3087 1595 virum:

2671 1609 2758 1665 18.
2796 1609 3032 1681 quinque
3054 1611 3199 1668 enim

2668 1682 2815 1735 viros
2846 1682 3100 1749 habuisti,

2669 1760 2913 1825 ethunc,
2954 1770 3115 1825 quem

2669 1823 2856 1890 habes,
2887 1823 2985 1879 vir’
3001 1835 3126 1882 tuus

2670 1911 2776 1949 non
2798 1907 2914 1950 est:
2946 1897 3052 1952 hoc

2671 1980 2799 2020 vero
2829 1967 3034 2024 dixisti.

2669 2038 2756 2092 19.
2791 2038 2928 2093 Dicit
2956 2039 3035 2094 illi
3059 2054 3176 2094 mu-

2669 2109 2797 2163 lier:
2823 2110 3069 2177 Domine,

2666 2179 2824 2252 video
2855 2181 2976 2252 quia

2667 2251 2934 2327 i’ropheta
2966 2252 3040 2327 (ο)
3071 2265 3132 2308 es
3154 2251 3217 2322 τ.

2664 2323 2753 2380 20.
2788 2323 2986 2380 Patres
3002 2323 3174 2381 nostri

2666 2393 2718 2450 in
2741 2396 2842 2450 hoc
2867 2406 3049 2453 monte

2666 2465 3053 2534 adoraverunt,
3079 2476 3135 2523 et

2670 2552 2769 2592 vos
2791 2539 2990 2599 dicitis,
3019 2538 3146 2608 quia

2671 2607 2750 2680 (ά)
2777 2610 2828 2663 in
2853 2608 2894 2680 τ
2926 2607 3182 2664 llieroso-

2668 2679 2830 2750 lymis
2854 2690 2938 2735 est
2963 2680 3137 2746 locus,

2669 2751 2757 2804 ubi
2782 2751 2997 2806 adorari

1831 2814 2130 2890 quiautem
2155 2817 2239 2871 bi-
2669 2831 2901 2890 oportet.

1834 2883 1972 2938 berit
1998 2886 2065 2939 de
2094 2900 2257 2957 aqtta,
2667 2883 2759 2946 21.
2795 2892 2932 2948 Dicit
2957 2892 3033 2949 illi

1873 2971 1992 3008 nam
2022 2971 2123 3024 ego
2144 2958 2236 3014 de-
2667 2962 2865 3019 Jesus:

1873 3041 1966 3080 ero
1981 3026 2049 3094 ei,
2078 3043 2185 3084 non

1833 3097 1982 3152 sitiet
2007 3097 2060 3152 in
2094 3115 2239 3157 sem-

1835 3169 2107 3238 piternum
2133 3189 2146 3226 :

1839 3240 1925 3296 14.
1957 3241 2050 3316 sed
2073 3257 2288 3313 aquam,
2313 3260 2471 3316 quam

1836 3325 1936 3383 ego
1960 3310 2101 3367 dabo
2124 3310 2198 3383 ei,

1837 3382 1929 3438 ﬁet
1951 3384 2001 3438 in
2030 3400 2095 3440 eo
2125 3382 2245 3442 fons

1838 3469 2010 3524 aquae
2032 3458 2278 3514 salientis

1839 3524 1893 3580 in
1917 3527 2078 3582 vitam
2113 3539 2412 3586 aeternam.

1839 3601 1927 3656 15.
1949 3607 2007 3665 >1<
2036 3601 2170 3656 Dicit
2197 3604 2245 3658 ei
2275 3619 2392 3657 mu-

2669 3033 2841 3089 Crede
2876 3034 3008 3090 mihi

2670 3106 2890 3173 mulier,
2914 3105 3169 3177 quoniam

2670 3177 2817 3233 venit
2837 3177 2990 3245 hora,

2671 3264 2792 3302 cuin
2821 3264 2996 3317 neque
3024 3249 3077 3302 in

2674 3321 2777 3374 isto
2804 3329 3007 3385 monte,
3033 3333 3126 3374 ne-

2673 3406 2777 3460 que
2806 3395 2857 3446 in
2888 3391 3143 3446 Hieroso-

2667 3462 2833 3518 ivmis
2853 3461 3150 3518 adorabitis

2718 3550 2745 3586 a
2753 3545 2887 3588 trem
2897 3575 2910 3587 .

2673 3605 2766 3661 22.
2796 3604 2901 3661 Vos
2923 3604 3162 3660 adoratis

3325 265 3431 322 574

1839 3673 1939 3728 lier
1964 3693 1976 3728 :
2015 3675 2262 3739 Domine,

1838 3745 1906 3801 da
1930 3746 2058 3800 milii
2085 3745 2223 3800 hanc

1839 3833 2054 3888 aquam,
2082 3826 2139 3870 ut
2169 3831 2278 3870 non

2675 3676 2819 3747 quod
2842 3676 3096 3732 nescitis:

2678 3763 2777 3801 nos
2806 3749 3093 3802 adoramus

2677 3818 2820 3888 quod
2849 3821 3070 3885 scimus,
3104 3830 3237 3887 quo-

1459 3909 1697 3967 cooex
1735 3909 2131 3987 sumamus.

161 3999 316 4059 bibere
363 4018 391 4059 a
448 4018 537 4058 me
582 4002 777 4072 poscis.
838 4019 975 4076 quae
1022 4019 1139 4060 sum
1231 4005 1427 4062 mulier
1507 4006 1747 4063 Samari-

160 4081 279 4128 tana.
343 4091 452 4130 non
529 4079 672 4130 enim
741 4086 1028 4132 coutuntur
1109 4076 1296 4133 Judaei
1364 4079 1738 4133 Samaritanis.

161 4142 432 4215 Respondit
463 4145 642 4202 Jesus.
675 4155 729 4202 et
757 4147 896 4202 dixit
925 4150 995 4204 ei.
1027 4149 1080 4204 Si
1111 4150 1280 4205 scires
1311 4145 1511 4204 donum
1545 4149 1659 4215 Dei,
1688 4157 1742 4204 et

161 4217 260 4291 quis
285 4229 379 4273 est.
408 4219 502 4287 qui
526 4219 656 4291 dicit
685 4218 777 4291 iibi
812 4220 884 4273 Da
913 4219 1039 4291 mihi
1068 4220 1273 4276 bibere.
1309 4233 1360 4274 tu
1386 4221 1628 4275 lorsitam
1655 4235 1746 4291 pe-

165 4287 295 4362 iisses
317 4291 380 4345 ab
405 4305 494 4345 eo.
519 4296 574 4344 et
599 4289 836 4345 dedisset
868 4290 960 4346 tibi
986 4307 1175 4362 aquam
1199 4292 1373 4347 vivam
1397 4291 1533 4346 Dicit
1561 4295 1608 4346 ei
1633 4287 1748 4346 niu-

163 4357 262 4413 Iier.
296 4362 519 4416 Domine
551 4377 651 4416 nec
682 4363 732 4416 in
761 4377 869 4433 quo
914 4357 1092 4417 aurias
1135 4362 1322 4418 habes.
1355 4375 1405 4419 et
1445 4373 1637 4434 puteus
1666 4363 1746 4417 al-

165 4438 357 4506 tus‘est.
387 4433 534 4487 unde
562 4437 689 4502 ergo
718 4434 884 4506 babes
910 4450 1100 4504 aquam
1138 4435 1339 4506 vivam.
1369 4433 1632 4506 Numquid
1669 4447 1744 4489 tu.

165 4502 310 4588 ittajor
334 4520 389 4561 es
428 4515 578 4588 patre
605 4502 996 4588 nostrodacob.
1021 4507 1120 4588 qui
1151 4505 1300 4587 dedit
1346 4507 1499 4562 nobis
1527 4502 1743 4588 puteum

166 4569 306 4646 hunc.
333 4586 385 4630 et
428 4569 546 4646 ipse
571 4591 634 4629 ex
667 4575 910 4646 corbibit.
942 4584 997 4630 et
1018 4569 1109 4631 lilii
1134 4577 1269 4646 ejus.
1305 4588 1358 4632 et
1382 4569 1573 4646 pecora
1605 4579 1742 4646 ejus.

167 4641 864 4718 Despondit'lesusmtdixit
884 4648 954 4702 ei.
981 4641 1271 4716 Ottitiisqui
1299 4641 1575 4702 bilicritex
1608 4641 1744 4718 aqua

169 4714 250 4770 ista
264 4714 415 4792 sitiet
447 4721 665 4783 iterum,
692 4721 780 4789 qui
810 4728 988 4792 autem
1039 4714 1254 4784 biberit,
1304 4735 1369 4773 ex
1399 4735 1535 4792 aqua
1585 4714 1745 4789 quam

168 4801 251 4855 go
275 4790 473 4846 dedero
501 4792 572 4856 ei,
600 4805 702 4844 ηοιι
734 4791 880 4845 sitiet
913 4792 963 4844 in
987 4792 1402 4852 aeternum,scd
1430 4790 1564 4860 aqua
1584 4806 1747 4860 quam

168 4871 253 4926 ego
275 4863 408 4917 dabo
449 4861 521 4917 ei.
551 4860 723 4916 ﬁet-in
754 4877 839 4916 eo.
873 4860 992 4916 fons
1023 4878 1196 4932 aquae
1229 4862 1472 4916 salientis
1500 4861 1552 4918 in
1582 4863 1747 4917 vitam

168 4940 442 4988 aeternam.
472 4933 608 4988 Dicit
639 4933 706 4987 ad
731 4948 854 4988 eum
887 4932 1084 4989 mulier
1111 4935 1337 4990 Domine
1365 4933 1432 4988 da
1462 4934 1592 4989 mihi
1611 4935 1749 4988 lianc

1851 4021 2068 4076 aquam.
2101 4013 2159 4058 ut
2189 4019 2293 4076 non
2321 4004 2519 4076 sitiam.
2548 4021 2720 4076 neque
2752 4007 2960 4061 veniam
2986 4005 3090 4060 huc
3115 4005 3315 4060 aurire.
3346 4005 3442 4076 Di-

1853 4075 1926 4132 cit
1947 4076 1998 4132 ei
2025 4076 2200 4131 Jesus.
2240 4075 2382 4132 Vade
2408 4092 2538 4131 voca
2566 4075 2737 4131 virum
2767 4087 2912 4131 tttum
2943 4087 2997 4132 ct
3032 4077 3154 4132 veni
3195 4076 3299 4130 huc
3338 4075 3447 4130 Re-

1853 4148 2070 4218 SpOlldil
2098 4147 2290 4201 mulier
2316 4157 2368 4201 et
2401 4147 2552 4203 dixit.
2603 4147 2718 4202 Non
2762 4148 2936 4204 habeo
2975 4148 3169 4202 virum.
3214 4143 3450 4218 Dicitei

1851 4217 2028 4275 Jesus.
2063 4219 2204 4273 Bone
2229 4218 2444 4284 dixisti,
2470 4221 2725 4289 quoniam
2749 4223 2918 4273 virum
2942 4235 3046 4274 non
3076 4219 3268 4286 habeo,
3293 4217 3451 4290 quin-

1853 4307 1958 4362 que
1984 4295 2126 4346 euini
2158 4291 2300 4344 viros
2328 4290 2561 4346 habuisti
2587 4334 2602 4357 ,
2649 4299 2703 4346 et
2747 4306 2890 4346 nunc
2917 4306 3076 4362 quem
3105 4291 3312 4362 habes,
3340 4305 3449 4362 non

1853 4361 1935 4418 est
1965 4372 2084 4416 tuus
2114 4363 2214 4416 vir.
2249 4362 2351 4417 hoc
2379 4378 2503 4417 vere
2531 4363 2734 4418 dixisti.
2786 4361 3001 4418 Dicitei
3032 4363 3243 4417 mulier.
3269 4361 3454 4416 Domi-

1853 4449 1920 4489 ne
1953 4435 2108 4489 video
2135 4435 2256 4502 quia
2287 4433 2554 4503 Propheta
2586 4448 2645 4488 es
2669 4444 2744 4488 tu.
2777 4434 2963 4489 Patres
2989 4434 3157 4489 nostri
3187 4435 3239 4486 in
3267 4442 3452 4488 monte

1852 4505 1955 4587 hoc
1974 4506 2360 4587 adoraveruut.
2398 4515 2576 4587 etvos
2597 4506 2770 4560 dicitis
2795 4507 2917 4576 quia
2949 4505 3030 4577 (ά)
3059 4507 3117 4587 in
3145 4503 3457 4587 ’δίψει-οεο-

1854 4579 2015 4650 lyntis
2043 4587 2125 4632 est
2157 4577 2347 4650 locus.»
2376 4577 2467 4650 ubi
2511 4577 2740 4650 adorare
2770 4571 3022 4650 oportet:
3059 4571 3267 4650 Dicitei
3295 4571 3457 4629 Jesus

1853 4645 2042 4703 Mulier
2071 4648 2232 4702 crede
2262 4647 2411 4701 mibi.
2466 4650 2590 4715 quia
2616 4648 2797 4727 veniet
2827 4647 2967 4727 hora
2987 4688 3002 4712 ,
3033 4645 3249 4727 quando
3279 4659 3457 4727 neque

1855 4721 1906 4775 in
1956 4729 2137 4774 monte
2191 4723 2331 4782 hoc,
2395 4735 2567 4786 neque
2616 4720 2668 4772 in
2721 4718 3114 4790 Hierosolymis
3165 4717 3457 4790 adorat-itis

1856 4792 2089 4846 Patrem.
2129 4789 2232 4844 Vos
2254 4791 2492 4844 adoratis
2520 4792 2664 4859 quod
2702 4791 2946 4858 nescitis,
2979 4789 3080 4845 nos
3108 4795 3287 4844 autent
3321 4789 3457 4843 ado-

1856 4878 2036 4917 ramus
2062 4862 2205 4932 quod
2237 4862 2436 4917 scimus
2465 4902 2480 4926 ,
2513 4861 2636 4932 quia

1439 5027 1672 5084 CODEX
1710 5020 2187 5081 CORBEIENSIS.

1929 5096 2026 5148 18.
2057 5097 2158 5147 hoc
2180 5107 2369 5147 verum
2398 5091 2601 5147 dixisti.

1927 5166 2020 5220 21.
2047 5164 2067 5195 ⁸
2088 5165 2272 5220 veniet
2299 5165 2428 5220 liora
2461 5165 2520 5236 -ξλ,
2557 5179 2732 5237 neque
2762 5166 2813 5220 in
2843 5174 3028 5222 monte
3055 5166 3178 5222 hoc.

1376 5261 1771 5320 VARIANTES
1809 5257 2214 5317 LECTIONES.

228 5361 246 5429 ξ
277 5363 380 5429 (ξω.
405 5370 449 5414 et
474 5366 592 5414 Mm.
612 5377 720 5414 cum
744 5365 836 5414 sint
860 5365 1072 5429 mulier?
1100 5363 1246 5428 Vulg.
1263 5377 1391 5429 quae
1415 5377 1520 5414 sum
1540 5362 1760 5414 mulier?
1867 5421 1880 5429 _
1930 5359 1950 5429 ξ
1987 5358 2170 5429 Gnt._ei
2195 5369 2322 5407 nunc
2353 5369 2522 5418 unum,
2543 5369 2692 5429 quem
2715 5355 2887 5429 habes.
2913 5357 3031 5407 Mm.
3061 5355 3264 5408 ethunc
3282 5395 3296 5420 ,
3321 5363 3472 5420 quem

229 5425 248 5453 ¹
280 5425 384 5476 Gat.
412 5436 613 5488 puteum
632 5429 795 5476 istum.
833 5426 976 5491 Vulg.
1004 5418 1223 5490 puteum".
1281 5418 1296 5429 ’
1866 5421 2040 5514 hapes.
2073 5418 2220 5514 Vul’q.
2246 5429 2296 5470 et
2322 5433 2468 5478 nunc,
2494 5418 2645 5484 quem
2663 5418 2834 5471 habes.

232 5485 251 5514 1
283 5487 367 5514 Πηο
414 5495 452 5514 ΔΙ
487 5491 580 5514 ιι...
623 5489 802 5514 Itan..-“
831 5504 892 5514 Α..
943 5489 1071 5514 vni...
1114 5491 1229 5514 ut.“
1261 5503 1323 5514 Α..
1997 5485 2048 5514 ΠΙ
2071 5489 2138 5514 ,1η
2175 5489 2246 5514 -nr
2291 5490 2332 5514 or
2365 5485 2458 5514 Hm

232 5485 251 5555 ξ
283 5487 385 5555 (ξω.
411 5485 454 5540 et
479 5489 808 5555 Mm._biberit
829 5485 1088 5555 exf'Vtilg.
1114 5491 1235 5555 bibit
1259 5503 1345 5555 ex.
1412 5551 1424 5555 _
1474 5552 1488 5555 _
1617 5551 1626 5555 Α
1933 5485 1954 5514 ⁸
1989 5485 2048 5534 Et
2071 5485 2138 5536 ita
2158 5485 2262 5532 Gut.
2290 5490 2332 5533 et
2357 5485 2474 5532 Mm.

232 5548 250 5578 ⁸
282 5550 385 5601 ϐαι.
410 5558 454 5602 et
472 5554 592 5601 Mm.
611 5551 718 5601 Non
733 5553 884 5605 habes
902 5548 1074 5604 viruni.
1110 5552 1256 5617 Vulg.
1280 5551 1389 5603 Non
1412 5551 1571 5602 habeo
1583 5551 1758 5602 virum.

1537 5635 1904 5693 BLANCBINI
1942 5634 2166 5691 NOTAE.

243 5728 316 5804 (ᾳ)
346 5732 691 5790 Desideratur
733 5748 903 5804 ergo,
933 5741 1079 5804 post
1111 5733 1268 5801 unde,
1317 5732 1370 5788 in
1394 5731 1540 5804 Acod.
1571 5747 1794 5804 quoque,
1813 5731 2046 5804 Cant.—
2086 5725 2608 5804 (b)rlta§etiatn.cod_.
2639 5725 2795 5783 Cant.
2819 5724 2938 5784 Lat.
2969 5733 3024 5783 et
3069 5723 3164 5782 Gr.
3207 5721 3372 5799 ἔχεις.
3410 5753 3485 5772 -

186 5797 396 5877 (ο)“1ίοθι
436 5821 486 5868 es
511 5847 527 5877 ,
574 5806 731 5865 deest
771 5797 826 5861 tu
850 5797 947 5875 ,iiti
983 5802 1104 5870 cod.
1135 5797 1349 5882 quoque
1381 5800 1538 5866 Cant.
1569 5797 1639 5844 -'—
1661 5797 1742 5883 (ἃ)
1769 5797 1934 5890 Addit
1962 5804 2014 5858 in
2038 5844 2052 5869 ,
2077 5797 2410 5878 pariteritex.
2437 5797 2534 5857 Gr.
2571 5800 2643 5864 ἐν.

233 5097 314 5170 12.
359 5108 578 5170 puteum
610 5099 774 5155 hunc.
807 5099 844 5170 ’ξ-

236 5169 313 5224 15.
355 5169 422 5227 ex
457 5172 556 5226 hac
586 5185 746 5242 aqua,
773 5169 933 5242 quam
964 5185 1068 5243 ego
1090 5170 1234 5227 dabo
1255 5172 1326 5227 ei.
