1937 3163
223 130 276 158 575

419 189 534 217 CODEX
553 188 826 218 VERCELLENSIS.

643 241 668 263 tc
684 235 830 265 hominem.

642 272 685 306 qiii
698 272 760 298 iiiilii
778 272 846 297 dixit

642 308 729 334 omnia
747 315 815 341 quae

675 364 681 370 .
704 344 742 369 cci
757 352 762 367 :
778 341 906 377 numquid

676 400 682 406 .
706 398 711 405 .
733 382 799 405 eest
813 377 937 405 Christus

223 235 324 263 scimus
338 235 409 263 salus

224 275 258 299 ex
285 271 395 299 Jiidaeis
409 274 460 299 est.

224 307 271 334 25.
291 307 343 335 Sed
357 308 445 334 veniet
464 306 513 334 ho-

222 350 266 376 ra,
281 348 308 370 et
322 350 392 370 nunc
401 348 453 375 est,

257 398 264 405 .
286 386 329 405 um
346 379 354 394 ¹
372 379 426 406 veri
441 378 475 406 ad
497 399 502 405 .
527 399 534 406 .

227 434 234 441 .
257 433 263 440 .
284 419 373 441 atores
386 414 451 441 ado—
643 415 689 442 50.
713 434 719 440 .
742 434 748 440 .
769 434 775 441 .
799 434 805 440 .
827 419 889 441 runt
904 413 937 441 de
949 412 987 440 ci-

227 470 233 476 .
257 459 262 464 ·
285 449 487 478 abuntPatrem
644 451 767 482 vitalem,
781 455 809 477 et

227 505 233 511 .
257 505 263 511 .
284 485 380 520 spiritu
402 506 408 512 .
431 505 438 512 .
463 506 470 512 .
493 507 500 514 .
645 486 790 514 veniebant

645 519 1003 550 5L.....m.lnter-

223 556 521 585 Pa.......es
648 556 892 592 .....gabaiit

223 595 545 629 q........qui
646 593 824 627 ...scipu-

222 629 256 655 ad
279 648 285 654 .
308 648 316 655 .
336 647 345 655 .
369 648 375 655 .
397 649 404 656 .
429 650 435 656 .
457 637 517 656 eum
644 629 674 660 li.
689 629 828 656 dicentes:

222 663 268 691 2t.
280 664 305 690 iii
316 664 421 699 spiritu.
435 665 551 695 Spiritus
564 671 606 693 est

224 699 297 726 Deus
315 709 321 726 :
339 705 364 727 et
376 701 420 735 qui
434 702 499 728 ado-

222 740 283 762 rant
297 735 384 767 illum,

223 770 250 797 in
268 791 274 797 .
293 771 382 806 piritu,
399 776 426 799 et
439 780 485 800 ve-

221 807 518 836 rita..c.....

222 850 253 869 re
264 849 317 877 opo
338 864 344 870 .
367 863 374 870 .
398 848 444 870 tet.

222 877 268 905 25.
288 879 357 905 Dicit
371 879 408 906 illi
426 900 432 906 .
452 902 457 907 .
475 880 527 907 tili-

223 920 269 949 er;
285 913 347 941 Scio
361 915 433 949 quod

223 948 337 976 Messias
350 948 417 978 ven-

224 989 301 1011 tiiriis
314 990 364 1017 cst.
383 986 439 1020 (qui

223 1020 324 1057 dicitur
337 1021 486 1057 Christus.)

223 1055 286 1083 diini
298 1057 403 1084 venerit

222 1091 291 1125 ipse.
307 1092 449 1120 adnuntia-

223 1126 261 1153 bit
277 1128 355 1155 iiohis
367 1137 409 1155 om
418 1145 427 1149 -

222 1162 268 1190 26.
285 1163 338 1190 nia.
357 1164 427 1191 Dicit
441 1164 479 1191 illi

222 1198 302 1235 Jesiis
315 1208 321 1226 :
338 1199 396 1235 Ego
412 1207 483 1230 sum.

222 1234 267 1266 qui
283 1234 379 1270 loquor
390 1239 432 1262 te-

644 665 783 698 Mzigister,
795 671 871 691 maii-

644 701 687 727 52.
703 700 781 727 duca.
794 699 835 727 Ait
852 698 903 726 illis
917 708 922 725 ε

643 737 700 771 Ego
712 743 802 763 escam
819 735 864 762 ha-

642 771 695 799 beo
707 771 820 798 mandu-

643 815 716 838 care.
731 815 811 841 quam

644 851 691 871 vos
710 843 829 870 nescitis.

644 879 688 906 55.
713 879 842 906 Dicebant
862 882 953 905 autem

644 915 770 948 discipuli
787 914 840 941 illi-

645 958 676 978 us
691 951 723 978 ad
740 950 856 976 invicem
873 959 878 976 :

643 985 778 1020 Numquid
797 985 847 1012 ali-

644 1023 705 1054 quis
719 1022 817 1048 adtulit

644 1057 681 1084 illi
697 1057 811 1083 mandu—

643 1092 689 1119 54.
711 1093 791 1119 care?
807 1092 852 1120 Ait
867 1091 921 1119 illis

642 1128 723 1156 Jesus
735 1137 741 1154 :

643 1164 699 1191 Mea
713 1171 775 1191 esca
792 1169 835 1192 est

644 1205 673 1226 nt
688 1199 784 1227 faciam
799 1207 846 1227 vo-

644 1236 775 1263 luntatem
792 1243 822 1263 e-

222 1277 294 1306 cum.
642 1272 698 1305 jus,
712 1272 757 1306 qui
772 1279 814 1298 me
828 1272 877 1298 mi-

222 1305 268 1333 2'1.
284 1306 317 1333 Et
333 1307 389 1334 inte
410 1328 417 1335 .
441 1328 447 1334 .
471 1328 477 1334 .
501 1328 507 1333 .
531 1327 538 1335 .
562 1327 569 1334 .
645 1308 689 1339 sit,
706 1305 736 1334 iit
751 1306 856 1348 [δοτῌοί-

222 1349 274 1369 ven
297 1364 303 1369 .
327 1362 333 1368 .
356 1348 418 1370 τυηι
645 1350 689 1370 am
704 1350 772 1376 opus
784 1350 853 1377 ejus.

222 1376 348 1412 discipuli
358 1378 417 1413 ejus
430 1389 436 1405 :
644 1378 689 1406 35.
710 1376 805 1405 Nonne
818 1385 867 1406 vos

222 1418 251 1441 et
265 1413 402 1441 miraban-
644 1414 745 1444 dicitis.
759 1414 831 1449 quod

223 1453 268 1476 lur
279 1457 314 1484 qu
336 1470 342 1476 .
366 1470 373 1477 .
395 1471 402 1477 .
427 1470 433 1477 .
456 1471 462 1477 .
487 1472 492 1477 .
644 1450 733 1477 adhuc
749 1455 827 1485 quat-

223 1486 290 1512 muli
312 1505 318 1511 .
342 1505 348 1511 .
371 1506 377 1513 .
402 1506 408 1512 .
432 1507 437 1513 .
644 1491 706 1513 ttior
721 1486 823 1513 mensis

224 1524 362 1554 queretur.
376 1521 428 1549 Ne-
643 1526 717 1555 sunt,
730 1526 758 1549 et
774 1528 844 1549 mes-

224 1563 270 1582 mo
286 1561 374 1583 tamen
643 1558 681 1584 sis
695 1557 788 1584 venit?
811 1557 862 1584 Ec-

643 1600 674 1620 ce
688 1592 749 1620 dico
762 1600 794 1619 vo
817 1612 824 1620 .

646 1628 758 1655 Elevate
773 1635 837 1655 ocu-

646 1664 687 1691 los
701 1669 817 1696 vestros.

644 1704 671 1727 et
687 1699 777 1727 videte
793 1707 835 1727 re-

643 1735 753 1769 giones,
769 1742 833 1770 quo-

644 1771 716 1797 niam
732 1771 809 1797 albae

647 1807 687 1841 (d)
705 1811 767 1834 sunt
783 1806 801 1841 ἦ
815 1806 847 1833 ad
863 1813 933 1834 mes-

645 1842 690 1870 56.
711 1850 778 1869 seni.
796 1842 847 1875 Qui
863 1850 921 1869 me-

646 1879 686 1911 tit,
705 1878 858 1905 mercedem

643 1914 756 1948 accipit,
771 1919 799 1941 et
811 1921 877 1942 eon-

642 1954 719 1984 geret
737 1949 808 1977 fruc—

224 1591 292 1618 dixit
309 1591 347 1627 (a)
361 1592 399 1619 illi
412 1593 440 1628 ’ἲς
456 1592 525 1626 Quid

224 1627 326 1661 qiieris,
341 1632 389 1655 aut

223 1663 288 1696 quid
307 1663 399 1697 loque-

224 1697 263 1725 ris
274 1706 335 1725 cum
348 1699 413 1726 illa?

223 1733 269 1761 28.
285 1734 411 1768 Reliquid
424 1741 488 1769 ergo

224 1769 348 1804 liydriani
364 1777 410 1796 su-

224 1811 268 1831 am
285 1805 393 1838 mulier,

224 1845 252 1867 et
265 1840 332 1867 abiit
347 1840 374 1868 in
390 1841 431 1868 ci-

223 1875 345 1909 vitatein,
361 1882 389 1904 et

223 1911 292 1948 dixit
305 1912 344 1948 (1.)
358 1912 461 1940 homini
475 1913 495 1948 ’ξ-
510 1923 516 1940 ε

222 1946 268 1974 29.
283 1946 387 1982 venite,
402 1949 479 1976 vide~

490 130 628 160 EUSEBII
647 129 817 159 VERCELL.
839 127 1069 158 EVANCELIUM
1089 127 1159 158 CUM
1180 128 1294 158 VARUS
1312 127 1390 158 COD.
1410 127 1608 157 COLLATUM.

1798 130 1841 159 5'16

1293 187 1409 216 CODEX
1428 187 1651 217 VERONENSIS.

1497 234 1609 264 minem.
1622 234 1667 268 qui
1682 234 1720 261 di-

1497 271 1539 297 xit
1551 269 1615 297 milii
1628 270 1713 297 omnia

1495 314 1675 341 quaecumque
1689 306 1726 333 fe-

1495 343 1518 368 ci
1533 352 1537 367 :
1553 342 1677 376 iiiitiiqiiid

1495 378 1551 410 ipse
1563 382 1603 404 est
1622 378 1756 404 Christus?

1494 413 1536 441 30.
1554 414 1588 448 (τ)
1604 414 1632 439 El
1646 414 1664 448 ἦε
1678 414 1789 441 exierunt

1496 450 1528 475 de
1544 450 1660 481 civitate,
1676 456 1701 476 et

1497 486 1639 512 venit-bant
1655 485 1685 512 ad

1497 528 1570 548 eum.

1499 556 1542 584 51.
1559 556 1728 584 Postmodum
1742 564 1785 584 ati-

1497 597 1551 621 tem
1565 594 1695 627 rogabant

1498 636 1558 656 eum
1580 628 1714 663 discipuli.

1497 664 1620 692 dicentes
1630 673 1637 691 :
1655 663 1746 696 llabbi.

1497 700 1640 727 manduca.

1495 736 1541 763 32.
1559 735 1598 763 Ad
1613 736 1658 763 ille
1669 735 1737 762 dixit
1747 735 1796 762 eis:

1498 771 1555 806 Ego
1570 779 1660 799 escam
1675 771 1757 798 habeo

1497 807 1671 840 manducare,
1687 814 1760 843 quam

1497 851 1546 871 vos
1560 844 1680 870 nescitis.

1498 879 1543 907 55.
1565 879 1663 906 Dicunt
1675 883 1759 906 autem

1497 914 1622 950 discipuli
1639 915 1696 950 ejus

1498 950 1531 977 ad
1543 952 1700 978 alterutrum
1716 960 1723 977 :

1498 986 1633 1021 Numquid
1646 985 1695 1012 ali-

1497 1023 1557 1057 quis
1568 1022 1594 1049 ei
1610 1021 1700 1049 attulit

1497 1057 1680 1085 manducare?

1496 1093 1541 1120 54.
1563 1093 1634 1120 Dicit
1649 1093 1700 1120 illis

1496 1129 1576 1157 Jesus
1592 1137 1599 1155 :
1616 1128 1673 1156 Mea

1497 1172 1560 1192 esca
1571 1169 1614 1192 est
1626 1171 1654 1191 ut

1499 1200 1595 1227 faciam
1607 1200 1703 1228 volun-

1076 233 1149 261 niam
1160 233 1234 261 salus
1249 240 1282 261 ex

1076 269 1176 297 Judaea
1195 275 1246 296 est.

1075 305 1122 332 25.
1135 305 1187 332 Sed
1202 305 1276 332 venit
1289 305 1338 333 lio-

1076 349 1118 374 ra,
1134 345 1161 368 et
1174 348 1245 368 nunc

1078 382 1130 408 est,
1142 385 1203 404 cum
1221 377 1278 405 veri

1077 412 1237 440 adnratores
1249 412 1316 440 ado-

1078 449 1176 475 rabunt
1191 448 1311 480 Patrem,

1079 484 1106 511 in
1122 484 1224 520 spirith
1234 489 1261 511 et

1079 519 1202 547 veriiate.
1220 519 1326 548 Etenim

1079 555 1160 583 Pater
1179 556 1246 583 tales

1077 592 1193 626 quaerit.
1209 592 1254 626 qtii

1078 628 1191 654 adorent
1207 635 1268 654 eum

1077 662 1122 690 24.
1141 664 1166 689 in
1178 663 1284 698 spiritu.
1301 662 1362 698 Spi-

1077 698 1145 725 ritus
1158 703 1199 726 est
1212 699 1283 726 Deus
1295 707 1300 724 :

1077 739 1104 761 et
1117 741 1176 765 eos.
1190 736 1235 768 qui

1077 769 1192 797 adorant
1205 778 1277 803 cum,

1079 805 1105 832 in
1121 805 1215 840 spiritu
1230 810 1258 833 et

1079 842 1194 869 veritate
1205 846 1313 877 oportet

1078 877 1205 905 adorare.

1078 912 1123 939 25.
1142 912 1210 941 Dicit
1225 913 1248 940 ei
1263 912 1377 941 mulier:

1079 948 1144 975 Scio
1157 949 1217 983 quia
1232 949 1304 976 Mes--

1076 985 1131 1010 sius
1147 985 1230 1017 venit,
1247 984 1303 1019 (qui

1076 1019 1175 1046 dicitur
1192 1021 1340 1055 Chrisms.)

1076 1062 1137 1082 cum
1155 1063 1220 1091 ergo
1235 1064 1284 1084 ve-

1076 1091 1147 1118 nerit
1161 1091 1219 1125 ille,
1232 1092 1281 1119 ad—

1076 1126 1210 1154 nuntiavit
1225 1127 1305 1155 nobis

1076 1163 1178 1190 omnia.

1076 1197 1122 1225 26.
1140 1198 1210 1226 Dicit
1226 1199 1251 1226 ei
1267 1199 1314 1226 Je-

1076 1241 1140 1260 sus:
1158 1234 1215 1269 Ego
1231 1242 1302 1267 sum,

1078 1270 1123 1304 qui
1136 1269 1233 1305 loquor

1080 1310 1180 1332 tecum.

1076 1340 1122 1368 27.
1141 1341 1174 1368 Ει
1187 1341 1279 1369 statim
1295 1350 1342 1371 ve-

1077 1381 1176 1404 nerunt
1189 1378 1313 1413 discipuli

1076 1412 1135 1447 ejus
1148 1422 1155 1439 ε
1171 1418 1200 1441 et
1214 1414 1298 1441 mira-

1076 1447 1176 1475 bantur
1191 1457 1225 1477 eo

1076 1484 1147 1516 quod
1160 1492 1222 1512 cum
1237 1492 1295 1512 mu-

1076 1519 1143 1547 liere
1156 1520 1322 1554 loqueretur.

1075 1555 1161 1582 Nemo
1172 1561 1262 1584 tanien

1076 1590 1114 1626 (ti)
1131 1591 1155 1619 ei
1202 1591 1288 1619 dixit:

1075 1627 1144 1660 Quid
1159 1628 1277 1662 quaeris.

1075 1663 1118 1690 vel
1134 1663 1197 1698 quid
1212 1671 1274 1691 cum

1075 1705 1106 1725 ea
1122 1699 1263 1733 loqueris?

1074 1734 1127 1771 28.7
1138 1734 1262 1771 Reliquid
1279 1735 1360 1771 igitur

1075 1770 1174 1797 mulier
1190 1770 1312 1806 hydriain

1075 1812 1164 1836 suam.
1181 1810 1208 1833 et
1221 1807 1286 1834 abiit

1075 1841 1100 1868 in
1116 1841 1263 1876 civitatem.
1279 1847 1307 1871 et

1074 1876 1143 1913 dixit
1158 1876 1195 1913 (ὁ)
1212 1879 1329 1906 homini—

1074 1911 1120 1939 29.
1133 1911 1190 1949 μηδ’
1200 1913 1237 1949 ’ξπ
1254 1914 1358 1949 Venite,

1076 1954 1102 1975 ei
1113 1948 1205 1978 videte
1219 1950 1268 1978 ho-

1499 1240 1581 1264 tateni
1595 1236 1657 1271 ejus
1665 1257 1673 1269 ,

1498 1273 1543 1307 qui
1559 1280 1603 1299 me
1616 1272 1668 1299 mi-

1498 1309 1550 1340 sit,
1566 1312 1594 1335 el
1606 1313 1633 1335 ul
1651 1315 1710 1342 per-

1497 1343 1587 1371 ﬁciam
1602 1351 1672 1379 opus

1497 1379 1565 1413 ejus.

1496 1415 1541 1443 35.
1561 1415 1661 1443 Nonne
1676 1421 1722 1442 vos

1495 1450 1586 1479 dicitis
1597 1472 1604 1484 ,
1620 1458 1687 1487 quo-

1498 1487 1570 1514 niam
1583 1492 1714 1522 quattuor

1497 1522 1584 1550 adhuc
1601 1522 1703 1550 mensis
1711 1542 1718 1553 .

1496 1564 1522 1585 ei
1534 1559 1630 1586 messit
1644 1558 1734 1586 venit:

1496 1594 1567 1622 Ecce
1578 1594 1641 1622 dico

1496 1630 1574 1657 vobis
1586 1639 1592 1656 :
1606 1630 1737 1658 Adlevate

1495 1666 1588 1693 oculos
1604 1671 1712 1693 vestros
1722 1685 1729 1698 ,

1495 1706 1523 1729 et
1536 1701 1650 1737 aspicite

1495 1737 1634 1773 regiones,
1651 1737 1713 1772 quia

1494 1772 1573 1800 albae
1588 1773 1630 1810 (ά)
1644 1772 1735 1808 sunt-l-

1494 1815 1508 1835 3
1525 1816 1653 1837 messem.

1493 1843 1539 1872 56.
1556 1843 1591 1880 (ι)
1609 1844 1670 1872 .Iam
1686 1845 1706 1880 ὴ
1719 1842 1761 1880 qui

1493 1881 1585 1911 metit.
1603 1887 1706 1908 merce-

1492 1915 1554 1943 dem
1568 1916 1684 1951 accipit.

1492 1956 1520 1979 et
1532 1956 1698 1988 congraegat

884 2009 998 2037 CODEX
1019 2009 1215 2039 BRIXIANUS.

221 2054 297 2082 salus
326 2062 358 2081 ex
381 2054 492 2081 Jiiilaeis
511 2058 561 2080 est.
586 2053 639 2081 Sed
670 2055 761 2081 veniet
785 2055 872 2087 hora,
900 2060 926 2082 et
953 2064 1023 2084 nunc

223 2094 266 2116 est
281 2090 386 2123 quando
410 2090 466 2117 veri
487 2089 656 2116 adoratores.
690 2090 842 2118 adorabunt
868 2091 972 2118 Patrem
989 2093 1021 2122 in

222 2125 318 2162 spiritu
343 2130 370 2152 et
394 2126 514 2162 veritate.
527 2124 606 2162 Nam
623 2130 649 2152 et
673 2125 753 2162 Pater
775 2126 843 2154 tales
859 2127 963 2159 quaerit
976 2129 1020 2162 qui

223 2160 337 2197 adorent
363 2168 436 2188 eum,
461 2160 578 2194 Spiritus
602 2165 643 2188 est
671 2161 751 2188 Deus.
790 2169 816 2189 et
842 2162 888 2197 qui
910 2160 1022 2190 adorant

221 2203 295 2223 enin.
322 2195 348 2232 in
371 2197 466 2230 spirilu
490 2201 517 2222 et
546 2199 658 2224 veritate
673 2201 781 2232 oportet
801 2195 926 2224 adorare.
954 2198 1022 2226 Dicit

221 2232 245 2259 ei
276 2231 383 2259 mulier.
422 2232 528 2259 Scimus
559 2233 620 2266 quia
657 2231 766 2260 Messias
805 2238 934 2260 venturus
968 2240 1019 2262 est.

219 2268 263 2303 qui
280 2268 379 2294 dicitur
394 2267 520 2294 Christus
533 2288 541 2300 ,
567 2276 627 2295 cum
641 2276 705 2303 ergo
722 2270 824 2296 venerit
836 2291 844 2302 ,
872 2269 916 2296 ille
940 2270 1018 2297 nobis

218 2303 390 2330 adiiiintiubit
412 2304 514 2330 omnia.
535 2304 611 2340 Dicit
633 2305 656 2331 ei
681 2304 759 2331 Jcsus
772 2305 829 2338 Ego
845 2314 902 2332 sum
918 2306 962 2340 qui
979 2306 1018 2333 lo-

216 2347 286 2375 quor
303 2344 402 2366 tecum.
421 2340 453 2366 Et
467 2339 596 2366 etiiitiiiuo
612 2346 744 2367 veiiciuiit
760 2341 884 2375 discipuli
899 2339 969 2375 ejus,
990 2347 1016 2369 ct

216 2375 387 2403 mirabantur
401 2376 463 2409 quia
478 2383 538 2402 cum
556 2375 668 2403 muliere
683 2376 851 2411 loquebatur.
875 2377 959 2404 Nemo
975 2382 1013 2404 ιη-

215 2418 277 2446 inen
292 2411 369 2438 dixit.
387 2410 456 2445 Quid
469 2411 575 2444 quaeris
588 2432 595 2443 ,
617 2416 662 2438 aiit
681 2412 744 2445 quid
761 2412 881 2446 loqueris
896 2420 957 2439 cum
972 2421 1013 2440 ea.

215 2445 341 2481 Reliquid
355 2454 419 2481 ergo
435 2446 540 2483 ydiiam
556 2447 754 2483 διηιιιινιιιυιίςειν.
792 2445 818 2475 et
831 2449 895 2475 abiit
911 2449 936 2475 in
951 2449 1016 2476 ciri-

213 2484 307 2509 tatem.
337 2487 364 2510 et
379 2483 445 2510 dicit
465 2483 519 2509 illis
533 2482 686 2510 hominibus
701 2482 797 2511 Venite
818 2484 908 2511 videte
929 2484 1016 2511 hotlli—

1076 2064 1137 2095 nem
1154 2056 1282 2095 qui_dix_it
1295 2056 1460 2095 mihiomnia
1472 2064 1659 2095 quaecumque
1670 2057 1729 2085 feci.
1742 2052 1846 2095 numquid

1076 2093 1132 2132 ipse
1146 2098 1186 2132 est
1199 2092 1331 2132 Christus.
1349 2093 1477 2132 Exierunt
1494 2101 1560 2128 ergo
1574 2093 1608 2121 de
1620 2094 1728 2132 civitate
1741 2097 1765 2120 et
1776 2092 1846 2132 venie-

1075 2128 1139 2166 bant
1151 2128 1184 2166 ad
1198 2136 1271 2166 eum.
1284 2128 1355 2155 Inter
1369 2129 1436 2166 haec
1449 2127 1538 2157 autem
1555 2130 1688 2166 rogabant
1701 2137 1768 2157 eum.
1780 2127 1844 2166 disci;

1075 2164 1202 2202 pulit-jus
1216 2164 1349 2202 dicentes.
1368 2164 1453 2192 Rablii
1475 2163 1621 2202 manduca.
1638 2165 1685 2193 llle
1701 2169 1782 2192 autem
1794 2163 1844 2202 dixit

1073 2200 1120 2236 cis.
1135 2200 1190 2235 Ego
1202 2200 1291 2227 cibum
1304 2200 1390 2227 habeo
1403 2201 1563 2228 manducare
1587 2209 1668 2235 quem
1681 2209 1728 2228 vos
1743 2199 1841 2236 iiesciiif.

1073 2233 1204 2263 Dicebint
1219 2243 1284 2270 ergo
1300 2236 1425 2270 discipuli
1443 2237 1474 2262 ad
1492 2233 1608 2264 invicem
1621 2236 1752 2271 Numquid
1766 2233 1844 2268 aliquis

1073 2271 1169 2310 adtulit
1199 2272 1224 2298 ei
1242 2271 1502 2310 ιιξειιιᾱυοιιτοηῡὶοἰι
1516 2272 1541 2310 ei
1556 2271 1845 2310 Jesus.Meuscibus.esl

1073 2311 1102 2333 ut
1115 2307 1209 2334 faciam
1226 2307 1393 2334 voluntatem
1408 2307 1466 2342 ejus
1481 2309 1524 2342 qui
1537 2316 1580 2335 me
1591 2309 1675 2335 misit.
1691 2313 1717 2335 et
1728 2307 1842 2342 perliriam

1071 2349 1140 2376 opus
1155 2342 1223 2377 cjlts.
1242 2342 1299 2369 Non
1313 2350 1346 2370 ne
1362 2351 1410 2369 vos
1429 2344 1528 2371 dicitis.
1545 2345 1617 2378 quod
1634 2343 1723 2380 adhuc
1737 2345 1844 2380 quattuor

1072 2386 1179 2405 menses
1195 2384 1342 2411 Supersunt
1362 2385 1389 2406 et
1405 2380 1501 2407 messis
1516 2377 1600 2406 venit.
1618 2380 1688 2407 Ecce
1701 2379 1759 2406 dico
1773 2377 1842 2403 vobis.

1071 2413 1171 2440 Levate
1183 2414 1277 2440 oculos
1293 2420 1408 2442 vestros.
1423 2421 1450 2442 et
1463 2415 1552 2443 videte
1564 2416 1699 2450 regiones.
1713 2414 1770 2450 quia
1782 2411 1842 2440 albae

1070 2454 1132 2487 sunt
1145 2449 1200 2484 jam
1224 2450 1257 2476 ad
1274 2457 1400 2478 messem.
1417 2451 1449 2478 Et
1465 2451 1511 2487 qui
1532 2449 1625 2480 metet.
1643 2450 1789 2480 mercedem
1805 2453 1840 2474 ac-

1070 2486 1145 2520 cipit.
1162 2489 1190 2513 et
1202 2491 1348 2521 congregat

508 2557 525 2569 ρ
854 2540 970 2569 CODEX
989 2541 1222 2570 CORBEIENSIS.

246 2586 293 2613 24.
307 2591 334 2614 et
348 2594 406 2619 eos,
415 2587 459 2621 qui
473 2586 595 2620 adorant,
614 2587 641 2614 in
655 2586 761 2622 spiritu,
776 2592 828 2615 etc.

246 2622 291 2649 28.
308 2622 585 2659 ειγᾱίεἱιλιιοηιίηὼιιε
604 2632 609 2649 :
632 2622 747 2659 Venite,
772 2627 800 2651 et
813 2623 902 2653 videte
919 2624 1007 2652 homi-

209 2665 282 2691 nem,
300 2658 345 2693 qui
372 2657 440 2685 dixit
450 2659 551 2686 omnia.

1099 2590 1143 2617 32.
1160 2597 1239 2624 quem
1254 2596 1302 2617 vos
1311 2597 1365 2617 non
1374 2590 1458 2618 scitis.

1098 2625 1143 2653 56.
1159 2626 1283 2661 congerit
1297 2624 1424 2661 fructum,
1440 2631 1495 2655 etc.

827 2719 870 2747 VA
876 2719 1024 2748 RIANTES
1037 2719 1238 2750 LECTIONES.

237 2766 245 2780 ¹
264 2766 318 2790 Gal.
331 2765 394 2790 verit
407 2765 557 2790 adoratores.
571 2768 632 2792 Mm.
642 2767 686 2792 viri
699 2766 850 2791 adoratores.
867 2765 939 2798 Vulg.
951 2766 1006 2791 veri

1059 2766 1212 2792 adoratores.

879 2820 1064 2848 BLANCHINI
1084 2821 1199 2850 NOTE.

235 2869 368 2910 (niAddii
382 2870 422 2901 ei,
440 2869 605 2910 letiamncorl.
623 2870 700 2896 Cant.
717 2871 797 2910 αρτῷ.
818 2885 853 2910 -_—-
868 2870 907 2906 (b)
919 2870 989 2910 A_nte
1001 2871 1162 2910 hominibus.
1187 2872 1262 2901 deest
1272 2872 1335 2903 illis.
1359 2873 1385 2901 in
1405 2879 1477 2902 textu
1494 2875 1595 2910 pariter
1610 2874 1756 2904 Grzeco.—
1768 2870 1837 2908 (diu

193 2909 220 2933 et
233 2904 293 2932 cod.
311 2906 387 2933 Catil.
403 2907 493 2932 καί.-
506 2905 544 2941 (d)
560 2905 622 2933 Post
638 2910 695 2933 siml
707 2922 714 2938 ,
728 2904 805 2934 deest
814 2908 872 2941 jam
883 2904 985 2940 {etiam
1008 2907 1035 2935 in
1055 2908 1118 2936 cod.
1133 2907 1212 2936 Cant.
1225 2923 1260 2930 -—
1273 2909 1310 2945 (ε)
1326 2910 1364 2938 lia
1379 2915 1405 2939 et
1418 2911 1478 2939 eod.
1494 2904 1575 2939 Cant.
1590 2910 1648 2942 ἤδη.
