1937 3163
80 141 119 169 33!
552 138 777 168 EVANGELIUII
797 139 837 168 SE

895 139 984 169 IDUI
1003 139 1197 168 JOHANNEM.

250 196 364 225 CODEX
386 196 654 226 VERCELLENSIS.

81 246 170 275 Domini
187 245 294 274 descen—
471 249 575 272 autem.
596 265 603 272 .
626 265 633 272 .
655 265 662 272 .
682 260 696 265 -

79 284 115 311 de.
135 303 141 309 .
154 287 177 310 at
194 291 200 308 2
217 285 243 309 et
253 280 293 317 (α)
307 288 363 309 ino-
471 280 581 317 tumin.
604 301 611 308 .
634 301 641 307 .
665 300 672 308 .
695 300 702 307 .
717 282 732 308 ‘.

80 316 290 353 vebatfaquam.
471 316 520 353 io.»
536 316 645 353 Diceba.
668 337 675 343 .
689 336 705 353 γ.
728 333 736 344 ο
758 337 765 343 .

80 355 106 383 Ει
116 351 224 389 quicum}
470 351 566 389 Judaei
581 352 636 385 illi,
650 352 696 387 qui

469 387 479 403 ³
495 392 606 415 curatus
614 390 671 415 lucu

79 388 128 426 quer
133 390 198 425 prior
212 388 271 416 des-

467 428 508 450 rat
524 432 530 449 :
548 423 694 451 Sabbatum

79 426 188 454 condebat
201 426 227 452 in

79 461 208 492 natatoria.
466 463 525 491 est,
543 458 579 521 τ)
599 465 626 487 et
639 459 660 495 -ι-
675 466 731 488 non
745 459 779 487 Ii-

79 505 145 521 sanus
155 496 230 521 ﬁebat
467 498 511 521 cet
527 495 544 521 ti
567 495 573 520 i
591 495 689 521 tollere

78 505 145 525 sanus
155 496 230 524 [iebat
467 498 511 522 cet
527 495 573 521 tibi
591 495 689 523 tollere

78 540 201 568 quaecum-
467 530 621 566 grabattum

78 577 133 604 quae
142 568 244 595 teneba-
470 570 557 604 tuum.

79 602 227 632 titrinﬁrmi-
469 602 514 629 il.
537 621 544 628 .
566 622 572 628 .
596 623 602 629 .
626 610 676 630 .n.
699 622 706 630 .
722 603 743 630 it
755 602 819 631 eis:

467 638 518 671 Qui
535 637 599 666 fecit
609 646 653 666 me
662 645 706 666 sa-

470 681 534 701 num
548 694 555 705 ,
571 674 617 702 ille
631 675 682 701 nii-

470 709 498 737 hi
513 709 601 736 dixit:
618 709 695 738 Tolle

468 745 622 780 grabattum

470 786 544 808 tuum
560 801 567 813 ,
581 786 607 809 et
622 788 680 808 am-

468 817 513 844 12.
535 816 607 844 bula.
628 816 747 846 Interro-

471 873 477 879 .
500 873 507 879 .
529 857 644 880 avarunt
654 860 715 881 eum
733 863 739 880 :

79 646 129 667 tate.

77 677 98 704 5.
115 675 171 703 Erat
184 679 272 703 autem
291 675 329 703 ibi

77 712 106 747 (ιι)
120 711 191 738 homo
203 711 223 746 -ί-
239 719 343 740 xxxvut

77 755 145 774 annos
155 749 183 773 ha
188 748 251 775 bens

77 784 97 810 in
110 782 238 810 inﬁrmita-

76 819 96 846 6.
113 825 134 846 te
146 826 198 846 sua.
216 818 294 848 Hunc

77 860 98 882 ut
109 854 165 882 vidit
175 854 252 884 Jesus

74 891 200 925 jncentem,
469 907 476 915 .
499 907 506 915 ν
528 909 535 915 .
553 889 576 915 is
589 894 631 925 est
644 889 690 925 ille
704 891 752 918 ho-

75 927 146 953 sciens
155 927 221 959 quod
467 931 512 951 mo
523 943 529 954 .
545 924 589 955 qui
603 924 673 952 dixit

74 962 116 997 jam
124 962 226 990 multum
468 959 515 997 tibi
531 969 536 986 :
550 959 626 987 Tolle
643 968 704 994 gra-

468 995 570 1023 battum
585 999 661 1023 tuum
674 1017 682 1029 ,

467 1031 511 1058 15.
533 1036 560 1058 et
573 1032 678 1073 ambula
693 1033 705 1060 i
720 1032 745 1061 Is

466 1074 573 1099 autem,
586 1075 630 1102 qui
642 1075 689 1095 eu-

75 998 181 1031 temporis
194 998 239 1025 lia-

75 1033 157 1065 bnerit.
170 1033 204 1061 ait
219 1034 260 1062 illi
279 1043 284 1061 :

75 1068 109 1096 Vis
121 1077 191 1096 sanus
205 1069 252 1098 ﬁeh

75 1104 95 1130 7.
111 1104 313 1140 riYReSpondit
469 1111 493 1130 r.
516 1123 524 1130 .
546 1123 552 1130 .
576 1123 583 1130 .
606 1123 613 1129 .
628 1109 686 1132 erat
700 1113 729 1132 n.
752 1120 774 1132 .—

74 1140 102 1167 illi
113 1140 154 1167 ini.
173 1160 181 1167 .
201 1161 209 1169 .
224 1149 311 1171 mus:
471 1158 478 1165 -
501 1159 507 1166 .
531 1159 537 1166 .
561 1159 568 1166 .
590 1158 598 1166 .
614 1140 685 1174 quis.
738 1161 745 1169 .
768 1162 774 1169 .

73 1175 182 1209 Domine.
198 1178 289 1206 hami-
468 1195 474 1201 .
498 1195 504 1201 .
528 1195 535 1201 .
557 1195 564 1202 .
587 1194 594 1201 .
618 1195 625 1202 .
641 1176 696 1204 eui.
720 1197 726 1203 .

73 1219 119 1238 nem
132 1220 177 1239 non
195 1213 241 1240 ha-
465 1210 614 1238 declinavit
628 1218 644 1237 a

72 1246 124 1279 beo.
138 1253 172 1274 ut.
194 1268 201 1276 .
213 1257 239 1277 ιιι
466 1247 542 1274 turba
562 1247 664 1273 conle

468 1287 524 1309 tuta
540 1282 566 1308 in
582 1282 628 1309 illo
642 1282 680 1309 lo-

467 1318 511 1345 M.
532 1324 575 1344 co.
591 1317 689 1346 Postea

464 1353 567 1381 invenit
581 1354 655 1380 illum

463 1389 542 1417 Jesus
556 1389 583 1415 in
598 1389 700 1424 templo
710 1409 717 1421 ,

73 1288 127 1310 mota
140 1283 215 1312 fuerit

72 1325 139 1353 aqua,
152 1321 233 1348 mittat

72 1362 103 1390 me
118 1356 140 1382 in
155 1356 286 1390 piscinam
299 1365 307 1385 :

73 1389 121 1417 dum
132 1389 170 1418 en.
192 1412 198 1418 .

71 1433 109 1460 ego
121 1427 207 1460 venio,
222 1428 263 1456 al-
463 1429 491 1453 et
505 1425 572 1452 dixit
585 1425 622 1451 illi
640 1425 712 1452 :Ec-

72 1466 102 1489 ter
112 1467 165 1490 ante
175 1471 215 1492 me
463 1468 495 1489 ce
506 1467 589 1488 sanus
603 1460 658 1488 fac-

71 1496 194 1526 deseendit.
465 1501 507 1523 tus
520 1502 562 1523 est
577 1496 647 1531 :jam
664 1504 712 1524 no-

465 1533 482 1560 li
495 1539 625 1567 peccare,
637 1533 701 1567 quid

464 1568 511 1596 tibi
526 1568 646 1609 deterius

463 1608 612 1639 contingat.

464 1640 507 1667 I5.
530 1639 602 1666 Abiit
613 1640 712 1673 homo,
726 1644 754 1668 et

461 1676 530 1704 dixit
545 1675 655 1704 Judaeis

461 1713 521 1747 quia
537 1711 617 1739 Jesns
631 1718 672 1741 est
683 1729 692 1747 α

71 1532 91 1560 8.
105 1534 184 1561 Aitilli
198 1535 281 1563 Jesus
298 1536 379 1564 :Sur-

70 1575 106 1607 ge,
119 1575 141 1596 et
152 1570 210 1599 tolle
221 1578 287 1607 gra-

70 1603 151 1633 battum
171 1603 240 1635 tuum
253 1628 262 1640 ,

70 1640 90 1666 9.
106 1647 128 1668 et
138 1643 248 1671 ambula.
272 1663 281 1671 .
306 1662 312 1670 .
325 1648 336 1670 ι

70 1678 141 1704 statim
155 1686 231 1707 sanus

71 1712 76 1725 ¹
88 1711 157 1740 iactus
166 1720 205 1742 est
216 1716 266 1742 ho-

70 1754 103 1785 ino
112 1757 120 1785 7:
134 1750 168 1785 (ἀ)
187 1755 213 1778 et
225 1757 321 1779 sui-re.
459 1748 506 1785 qui
519 1748 581 1775 fecit
596 1755 640 1776 me

70 1783 98 1821 _x_it
106 1784 131 1819 1-.
144 1783 168 1812 et
176 1792 266 1814 sustu—
460 1784 502 1811 16.
517 1791 631 1821 sanum.
647 1785 732 1821 Prop-

69 1818 90 1844 lit
102 1818 239 1854 grabatum)
461 1825 502 1847 ter
517 1819 569 1846 boc
584 1827 645 1854 per-

69 1861 129 1882 suum
137 1877 143 1887 .
157 1862 183 1884 et
192 1866 248 1885 ant-
460 1856 645 1890 sequebantur

68 1889 162 1921 bulabat.
176 1893 220 1922 Er.
243 1914 250 1922 .
460 1889 552 1920 Jesum
566 1891 660 1920 Judaei
670 1913 677 1925 9

900 389 1076 418 discendehat

1646 136 1699 165 583

1121 198 1234 227 CODEX
1255 196 1482 229 VERONENSIS.

902 246 1080 274 discendebat
1092 255 1099 273 :
1318 251 1369 274 lem
1387 245 1484 272 sabba-

901 288 928 310 et
944 282 981 318 (α)
998 281 1154 318 movebat-l-
1317 286 1372 308 tum
1388 282 1415 309 in
1436 281 1481 308 illa

901 326 981 344 anna.
999 318 1102 344 Etoui-
1317 318 1372 344 die.

901 326 981 353 aqua.
999 318 1033 345 Et
1042 318 1102 359 qui-

901 361 1017 387 cumque
1029 353 1103 388 prior
1317 353 1360 380 10.
1384 353 1510 380 Dicebant
1524 359 1589 388 ergo

1316 388 1409 430 Judaei
1426 389 1476 430 illi,

1315 428 1360 460 qui
1375 428 1483 451 curatus

902 426 928 454 in
943 426 1093 458 natatoria,
1315 426 1360 460 qui
1375 428 1483 451 curatus

902 469 984 488 sanus
1001 460 1083 488 iiebat
1315 461 1421 488 fuerat:
1436 459 1525 488 Sabba

901 469 984 489 sanus
1001 460 1083 488 liebat

901 504 1075 533 quat-umque
1318 500 1373 523 tum
1387 501 1445 533 est,
1465 495 1541 533 (eiet
1554 495 1574 531 1-

902 531 1042 561 tenehatur
1062 533 1103 560 in-
1318 539 1371 559 non
1387 531 1449 558 licet
1463 531 1509 557 tibi

903 569 1043 596 firmitate.
1319 568 1413 595 tollere
1427 566 1533 602 grabat-

900 605 927 632 5.
949 605 1015 632 Erat
1027 609 1116 633 autem
1319 608 1374 631 tum
1391 608 1475 630 tuum.

902 640 938 667 ibi
953 640 993 675 (b)
1007 640 1087 668 homo
1103 640 1122 677 1-

904 684 958 704 ΧΧΧ
972 681 998 703 et
1013 683 1060 704 νιιι

900 719 986 740 annos
998 711 1102 740 habens

901 748 928 775 in
945 747 981 784 (c)
998 748 1111 784 inﬁrmi-

901 783 929 811 6.
950 790 1031 811 tatem
1047 783 1079 819 1-.
1093 783 1171 812 Hunc

902 824 932 847 ut
947 820 1013 846 vidit
1022 819 1101 848 Jesus

899 855 1036 890 jacentem
1050 876 1057 888 ,
1071 856 1161 884 sciens

901 891 970 925 quod
985 891 1040 925 jam

900 928 1012 955 multum
1029 931 1098 954 tem-

1318 639 1361 667 Η.
1384 637 1533 672 Respondit
1547 638 1612 672 illis,

1316 675 1409 702 dicens
1424 684 1430 701 :
1445 674 1496 708 Qui

1316 710 1381 738 fecit
1395 718 1438 738 me

1315 754 1421 779 sanum.

1316 782 1375 817 ipse
1389 782 1455 809 mihi
1470 782 1512 809 di-

1316 819 1374 845 xit:
1390 818 1465 845 Tulle
1480 826 1542 853 gra-

1315 853 1418 881 battum
1434 858 1518 889 tuum,

1315 893 1343 917 et
1357 890 1474 916 ambula.

1321 925 1363 952 l3.
1385 926 1421 960 (Γ)
1436 926 1562 955 Infirmus

1316 965 1406 997 autem
1422 961 1441 997 -ξ-
1457 970 1503 990 ne-

1316 996 1418 1023 sciebat
1432 999 1492 1031 quis

1316 1036 1396 1059 esset.
1413 1032 1493 1061 Jesus

1314 1068 1387 1095 enim
1402 1069 1493 1096 statim

1314 1103 1439 1137 devertit,
1453 1113 1514 1133 cum

1315 1139 1427 1167 vidisset
1443 1146 1500 1168 tur-

901 963 974 997 poris
990 962 1114 991 habuerit
1127 985 1133 995 ,

900 999 938 1026 ait
949 999 986 1025 illi
1004 1008 1010 1025 :
1029 998 1075 1024 Vis

901 1041 982 1061 sanus
997 1033 1076 1061 ﬁeri?

901 1070 927 1097 7.
948 1069 1096 1104 Respondit
1111 1070 1149 1098 illi

897 1106 1020 1133 iniirmus
1031 1126 1037 1135 .
1063 1110 1091 1134 et

898 1142 965 1169 dixit
985 1150 992 1169 :
1011 1142 1063 1168 Do-

898 1179 970 1205 mine
978 1198 986 1211 ,
1000 1177 1087 1205 homi—

898 1221 960 1241 nem
972 1220 1026 1240 non
1042 1212 1129 1242 habeo
1136 1235 1143 1247 ,

897 1254 927 1278 ut
945 1256 1007 1276 cum
1024 1255 1095 1277 mota

897 1286 978 1313 fuerit
989 1292 1058 1319 aqua
1069 1305 1076 1318 ,

897 1322 987 1349 mittat
1000 1328 1042 1347 tne
1058 1322 1084 1349 in

895 1357 1028 1392 piscinam
1047 1366 1054 1385 :
1069 1357 1133 1385 dum

895 1393 968 1420 enim
982 1400 1031 1426 ego
1048 1400 1093 1420 ve-

897 1429 943 1456 nio
955 1449 962 1459 .
983 1428 1052 1456 alter
1063 1432 1127 1456 ante

895 1472 939 1492 me
951 1463 1095 1491 discendit.

895 1501 922 1527 8.
944 1499 989 1526 Ait
1005 1500 1041 1527 illi
1061 1499 1141 1527 Jesus
1156 1508 1163 1527 :

895 1536 993 1570 Surge,
1014 1540 1042 1563 et
1057 1536 1120 1563 tolle

894 1572 1046 1606 grabattum
1060 1577 1133 1599 tuum
1147 1592 1154 1604 ,

895 1612 923 1635 et
936 1607 1042 1635 ambula
1061 1616 1068 1634 :

894 1643 921 1671 9.
945 1644 977 1670 Et
991 1644 1083 1671 statim
1103 1651 1185 1672 sanus

894 1679 980 1707 tactus
996 1685 1036 1706 est
1049 1680 1130 1707 homo

894 1715 939 1743 ille
957 1724 964 1743 :
981 1715 1021 1749 (ά)
1033 1722 1059 1743 et
1072 1724 1132 1743 sur-

895 1752 965 1778 rexit
979 1752 1010 1783 ἰη
1028 1757 1055 1779 et
1069 1760 1115 1778 stt-

894 1787 969 1814 stulit
983 1788 1092 1823 grabat-

895 1827 951 1850 tum
966 1831 1043 1850 suum
1054 1844 1062 1856 ,

893 1864 919 1885 et
934 1859 1054 1886 ambula-

894 1894 947 1921 bat.
970 1895 1034 1922 Erat
1050 1903 1098 1923 au-

1312 1175 1375 1202 bam
1391 1176 1417 1203 in
1433 1176 1480 1206 illo

1312 1211 1384 1238 loco.

1311 1247 1357 1274 14.
1379 1247 1443 1276 Post
1459 1250 1526 1277 haec
1540 1248 1582 1277 in-

1311 1283 1385 1310 venit
1400 1291 1463 1311 eum

1313 1318 1392 1356 Jesus
1405 1319 1432 1356 in
1448 1321 1560 1356 templo,

1314 1359 1341 1381 et
1355 1354 1423 1383 dixit
1437 1356 1495 1383 illi:

1314 1390 1385 1418 Ecce
1398 1397 1481 1418 sanus

1313 1425 1403 1453 factus
1417 1434 1447 1454 es
1459 1435 1466 1453 :
1478 1427 1533 1462 jam

1313 1462 1367 1489 noli
1382 1470 1505 1497 peccare,

1312 1505 1346 1524 ne
1363 1498 1428 1533 quid
1443 1498 1490 1525 tibi

1311 1533 1433 1561 deterius
1446 1535 1502 1562 iiat.

1311 1569 1355 1597 is.
1376 1569 1415 1605 (g)
1431 1570 1463 1597 Et
1475 1570 1494 1606 ατ
1506 1571 1572 1600 abiit

1312 1606 1394 1633 Immo
1407 1606 1464 1637 ille,

1311 1645 1339 1669 et
1352 1642 1482 1669 indicavit

1312 1677 1422 1705 Judaeis
1437 1678 1498 1712 quia

1312 1713 1391 1750 Jesus
1405 1719 1456 1746 est,
1472 1714 1517 1750 qui

1312 1748 1376 1776 fecit
1389 1756 1450 1777 eum
1465 1748 1507 1778 sa-

1313 1785 1355 1812 I6.
1378 1794 1452 1822 num.
1470 1786 1502 1813 Et
1517 1792 1580 1822 pro-

1313 1825 1371 1854 pter
1386 1821 1438 1848 hoc
1453 1830 1513 1856 per-

1311 1859 1493 1891 sequebantur

1311 1891 1405 1922 Judaei
1425 1892 1530 1927 Jesum,

699 1938 816 1968 CODEX
835 1940 1033 1969 BRIXIANL'S.

67 1984 116 2014 Erat
140 1993 222 2016 autem
258 1987 370 2023 quidam
399 1985 480 2014 homo
511 1987 557 2014 ibi.
583 1987 690 2022 triginta
727 1992 754 2014 et
781 1991 844 2014 Octo

66 2029 132 2060 annos
145 2025 241 2060 habens
256 2022 284 2051 iit
303 2024 340 2060 (c)
357 2023 516 2060 inﬁrmitate
524 2023 554 2058 1-.
570 2023 645 2060 Ilnnc
657 2031 717 2060 cum
733 2022 846 2051 vidisset

66 2056 126 2094 Jesus
143 2059 289 2093 iacentem.
308 2056 336 2087 et
348 2060 430 2087 sciret
453 2059 515 2094 quia
532 2056 650 2091 'multum
665 2059 720 2093 jam
737 2064 843 2093 tempus

67 2092 170 2122 habebat.
187 2096 252 2124 dicit
268 2096 305 2122 ei.
324 2095 371 2122 Vis
384 2092 469 2122 sanus
481 2094 550 2122 ﬁeri.
565 2092 749 2129 Responditei
767 2092 843 2122 inlir-

66 2136 110 2156 mus
128 2135 152 2158 et
172 2134 217 2159 ait.
237 2130 353 2159 Domine
379 2131 516 2158 hominem
537 2138 590 2157 non
612 2130 708 2158 habeo.
737 2136 765 2157 ut
780 2139 841 2158 cum

65 2171 120 2192 mnta
138 2167 212 2195 inerit
240 2175 310 2201 aqua
336 2166 425 2194 mittat
441 2175 483 2193 tne
500 2166 524 2192 in
551 2166 659 2200 piscina.
688 2167 752 2194 dum
768 2167 840 2194 enim

64 2208 101 2235 ego
112 2205 191 2230 venio.
211 2203 284 2231 alius
299 2207 361 2230 ante
384 2211 425 2229 me
448 2202 596 2229 descendit.
626 2203 692 2230 Dicit
707 2202 731 2230 ei
750 2201 838 2230 Jesns.

64 2235 130 2270 Surge
158 2239 220 2266 tolle
242 2243 382 2274 gravatum
409 2243 481 2264 tuum
499 2243 526 2264 et
549 2239 667 2264 ambula.
691 2238 723 2266 Et
737 2238 838 2265 statim.

64 2278 127 2300 sanus
145 2274 227 2302 lactus
246 2273 299 2303 ’est
327 2274 407 2302 homo
434 2273 488 2300 ille.
519 2279 544 2300 et
567 2275 676 2301 sustulit
698 2279 838 2310 gravatum

64 2314 125 2335 suum
140 2316 164 2338 et
176 2310 336 2338 ambulabit.
354 2310 417 2337 Erat
431 2309 501 2336 enim
518 2310 658 2336 sabbatum
677 2310 701 2337 in
718 2310 761 2336 illa
783 2309 837 2337 die.

66 2341 171 2373 Dicebant
184 2354 248 2382 ergo
262 2345 358 2374 Judaei
369 2345 406 2373 illi
423 2346 466 2379 qui
481 2354 562 2372 sanus
578 2346 674 2373 luerat.
689 2345 837 2382 Sabbalum

64 2385 94 2406 εει
106 2389 152 2410 non
164 2381 224 2410 licet
235 2382 284 2410 tibi
300 2382 394 2410 tollere
404 2386 541 2416 gravatum
557 2386 631 2408 tuum
646 2401 652 2407 .
670 2403 676 2409 .
696 2381 756 2415 Ipse
770 2388 837 2408 vero

899 1989 1039 2022 respondit
1057 1989 1107 2017 eis.
1132 1989 1181 2022 Qui
1201 1996 1244 2017 me
1260 1988 1322 2016 fecit
1342 1995 1435 2015 sanum
1453 1987 1509 2021 ipse
1525 1986 1590 2014 mihi
1615 1986 1692 2013 dixit.

898 2023 975 2052 Tolle
994 2029 1133 2060 gravatum
1149 2031 1222 2052 tuum
1238 2030 1265 2052 et
1286 2023 1404 2051 ambula.
1421 2024 1496 2060 Tune
1510 2025 1695 2060 intellegitve-

898 2066 960 2088 runt
981 2057 1042 2088 eum
1063 2061 1128 2094 Quis
1150 2067 1188 2088 est
1214 2060 1258 2088 ille
1281 2060 1371 2086 homo.
1394 2059 1439 2094 qui
1462 2059 1529 2086 dixit
1546 2058 1602 2085 tibi.
1617 2057 1694 2085 Tolle

896 2100 1035 2131 gravatum
1052 2102 1126 2124 tuum
1140 2101 1168 2124 et
1181 2096 1298 2124 ambula.
1312 2095 1336 2123 Is
1350 2100 1440 2122 autem
1455 2094 1499 2128 qui
1512 2098 1621 2131 curatus
1636 2095 1693 2131 tue-

897 2129 938 2159 i‘at
961 2133 1099 2160 nesciebat
1121 2133 1181 2167 quis
1202 2136 1283 2160 esset.
1306 2131 1387 2159 Jesns
1407 2135 1496 2158 autem
1519 2129 1663 2167 decliqavil
1679 2136 1693 2156 a

897 2168 1001 2196 turbam
1013 2165 1189 2196 constitutam
1201 2169 1227 2195 in
1242 2168 1310 2195 loco.
1327 2167 1423 2194 Postea
1439 2174 1503 2194 vero
1517 2165 1618 2193 invenit
1632 2173 1693 2192 etim

893 2204 974 2232 Jesns
998 2205 1024 2231 in
1042 2206 1141 2239 templo
1162 2209 1190 2232 et
1212 2205 1281 2240 dixit
1294 2204 1345 2240 illi.
1359 2202 1429 2240 Ecce
1441 2210 1526 2240 sanus
1548 2201 1692 2240 fat-luges:

890 2240 944 2274 jam
962 2241 1015 2267 noli
1038 2236 1152 2275 peccare
1172 2248 1204 2267 nc
1221 2239 1283 2275 quid
1300 2239 1347 2267 tibi
1362 2237 1554 2275 deteriusiiat.
1571 2236 1662 2275 lg)_Et
1676 2236 1695 2271 -ξ-

891 2249 944 2274 1am
962 2249 1015 2267 non
1056 2249 1152 2268 cccare
1172 2249 1204 2267 nc
1221 2249 1283 2275 qutu
1300 2249 1347 2267 ιιυι
1362 2249 1481 2266 actenus
1499 2249 1554 2264 Ilut.
1572 2249 1611 2272 ty]
1630 2249 1662 2262 ιιι
1676 2249 1695 2271 τ

891 2276 947 2303 abit
971 2277 1016 2304 ille
1038 2249 1129 2303 iionio.
1152 2281 1180 2303 et
1201 2275 1366 2303 renuntiabit
1401 2273 1509 2301 Iudaeis
1532 2273 1592 2307 quia
1615 2271 1695 2299 Jesus

890 2316 975 2339 esset.
989 2313 1036 2347 qui
1054 2311 1117 2339 fecit
1138 2319 1200 2339 eum
1215 2319 1322 2338 sanum.
1339 2309 1374 2337 Et
1388 2316 1536 2347 propterea
1547 2314 1694 2347 perseque-

890 2346 986 2375 bantur
999 2342 1093 2376 Judaei
1109 2347 1212 2375 Jesutn.
1228 2351 1256 2375 et
1269 2342 1509 2382 quaerebattt’eum
1530 2342 1690 2371 ittteriicore.

677 2436 796 2465 CODEX
815 2436 1054 2467 CORBEIENSIS.

63 2482 222 2512 descendebat
252 2494 260 2513 :
295 2488 322 2512 et
358 2483 484 2512 movebat
520 2491 627 2520 aquam.
653 2483 685 2511 Et
708 2484 833 2520 quicum-

62 2525 102 2552 que
115 2522 181 2554 prior
194 2520 381 2548 descendisset
394 2520 420 2547 in
446 2519 609 2547 natatot-iam
620 2542 627 2553 ,
644 2527 726 2547 sanus
740 2519 836 2547 ﬁebat.

89 2555 110 2582 6.
128 2559 183 2591 quia
196 2557 252 2591 jam
269 2557 379 2583 multum
392 2560 498 2591 tempus
514 2556 622 2583 iecisset
634 2557 658 2583 in
679 2556 820 2590 languore.

89 2592 111 2619 7.
129 2592 301 2628 Respondens
312 2593 335 2620 ei
352 2592 517 2627 languens...
533 2592 620 2620 mittat
635 2599 678 2620 tne
695 2592 720 2619 in
735 2596 840 2619 natato—

892 2491 1010 2547 mllili'Et
1025 2528 1155 2555 surgens,
1172 2520 1279 2549 sublato
1293 2519 1405 2555 grabato
1418 2526 1476 2552 suo,
1490 2517 1655 2546 ambulabat.

929 2556 972 2584 £5.
994 2555 1005 2571 ³
1019 2555 1098 2583 Jesus
1113 2561 1201 2584 autem
1214 2556 1369 2584 declinavit.
1389 2556 1408 2591 εξ-

657 2640 850 2669 V'ARIANTES
868 2638 1068 2668 LECTIONES.

85 2687 91 2701 '
107 2688 153 2714 Gut.
165 2688 242 2715 factus
254 2695 292 2715 est
303 2697 309 2715 :
320 2693 345 2715 et
362 2689 469 2715 sustulit.
487 2690 545 2714 Mm.
567 2688 645 2714 factus
657 2693 695 2714 est
706 2689 780 2714 homo
792 2696 797 2714 :
809 2691 835 2714 ct

920 2688 930 2704 ³
948 2687 1001 2712 Gat.
1012 2686 1087 2712 Iesus
1099 2690 1183 2712 autem
1194 2685 1341 2711 declinabat.
1355 2685 1415 2709 Mm.
1428 2683 1502 2709 Jesus
1519 2687 1602 2708 autem
1618 2682 1695 2708 decli-

60 2720 156 2752 Sttstullit.
172 2720 244 2752 Vulg.
257 2721 332 2747 iactus
345 2725 382 2746 est
394 2722 465 2745 homo
477 2721 518 2745 ille
529 2727 535 2745 :
546 2723 573 2752 et
583 2720 690 2745 sustulit.
888 2720 952 2744 navit
963 2725 1000 2743 se.

85 2750 94 2765 ¹
108 2752 161 2776 Hm.
171 2747 244 2777 saniis
255 2752 344 2779 fuerat.
359 2752 433 2784 Vulg.
445 2756 543 2778 sanatus
553 2751 642 2777 fuerat.

696 2793 881 2824 BLANCHINI
900 2794 1017 2823 ΝΟΤΑΕ.

89 2839 120 2875 (α)
139 2841 174 2869 ita
190 2847 216 2882 et
233 2847 289 2871 tex.
314 2844 520 2882 ὒτηὴάρειττε.
533 2844 623 2882 -τω
638 2843 703 2882 Post
718 2843 794 2870 homo
806 2865 813 2875 ,
829 2844 906 2882 deest
919 2843 1040 2882 quidam.
1056 2844 1137 2882 etiam
1154 2841 1179 2868 in
1194 2839 1255 2882 cod.
1272 2840 1392 2882 cant—
1407 2838 1696 2882 (elPostnin/irmitale

62 2873 125 2904 deest
134 2886 193 2917 sua,
208 2879 234 2906 in
250 2884 302 2907 tex.
321 2881 421 2917 pariter
432 2873 486 2908 'Gr.
501 2895 536 2901 —-
551 2873 594 2917 (ιη’
611 2873 692 2917 Addit
706 2885 734 2907 et
749 2873 859 2908 surrexit
871 2901 878 2913 .
893 2873 972 2908 etiam
988 2880 1048 2907 cod.
1066 2880 1162 2917 (lant...
1181 2879 1223 2917 καζ
1237 2876 1405 2917 imperi“;—
1420 2874 1551 2917 (e)_Addit
1579 2880 1617 2910 et,
1633 2875 1695 2906 cod.

60 2917 149 2954 quoque
161 2909 238 2945 cam.
255 2918 304 2949 καί,
320 2909 354 2938 '-
376 2916 412 2958 (f)
427 2917 464 2951 tta
480 2922 506 2948 et
524 2909 588 2949 co‘d.’
602 2909 682 2949 Cant.
699 2917 712 2951 ὁ
732 2917 759 2949 at
780 2909 901 2949 tam.
916 2933 951 2939 -
974 2917 1012 2960 (ρ)
1036 2914 1116 2946 Addit
1139 2909 1163 2943 ei
1189 2909 1348 2945 etlstit'tex.
1362 2911 1409 2944 Gr.
1423 2909 1475 2944 πάι.
