1937 3163
231 125 287 155 385
504 124 642 155 ευεωι
658 123 830 155 VERCELL.
853 123 1079 153 EVANGELIUM
1099 123 1169 153 CUM
1190 123 1303 153 VARUS
1321 123 1399 153 COD.
1417 122 1614 154 COLLATUH.
1804 127 1844 156 381

431 182 549 213 CODEX
566 183 836 212 VERCELLENSIS.

235 230 299 267 quia
312 229 380 267 haec
394 230 434 258 l’a—

234 266 325 295 ciebat
341 266 439 295 sabba-

236 303 282 332 17.
303 307 342 331 to.
357 302 436 331 Iesus
450 308 498 329 au-

237 358 247 367 .
269 358 278 367 .
300 359 308 366 .
330 359 337 366 .
352 345 468 372 respon—

238 374 278 402 dit
293 374 345 402 illis
361 382 368 401 :
385 373 466 401 Pater

238 418 316 438 metr:
331 416 417 445 usque

239 453 312 474 nunc
323 453 423 482 opera-

240 486 296 515 tur.
310 486 338 509 et
352 487 482 516 egorope-

239 517 285 559 i8.
307 525 362 559 r_or.
373 515 416 559 '(a)
431 516 546 551 Propter

239 553 292 580 hoc
306 553 327 589 -ι-
342 553 428 587 magis
441 559 524 588 quae-

241 588 339 617 rebant
360 589 435 616 illum

239 624 335 653 Judaei
349 624 457 652 occide-

241 667 271 689 re
286 668 294 687 :
309 660 383 695 quod
398 667 452 687 non

241 695 330 724 solum
344 695 432 723 solve-

241 736 285 760 ret
297 731 436 759 sabbatum
452 751 460 764 ,

243 766 291 795 sed
305 766 377 802 quod
392 766 443 795 eti-

242 809 287 830 am
298 806 402 838 patrem

243 845 323 866 suum
338 838 446 866 dicebat

243 874 330 902 Deum
341 895 348 906 .
364 873 507 906 aequalem

244 917 275 937 se
293 910 394 938 faciens
408 910 475 938 Deo.

244 945 424 981 Bespondens

246 980 337 1013 Iesus,
353 981 421 1009 dixit
436 980 506 1009 illis:

246 1016 292 1045 l9.
312 1016 414 1049 Amen.
428 1023 507 1045 amen
522 1015 563 1044 di-

246 1060 280 1081 co
293 1053 370 1080 vobis
385 1061 392 1080 :
409 1059 462 1079 non

247 1092 337 1124 potest
351 1088 360 1105 ι
378 1087 461 1115 Filius

248 1123 263 1151 a
278 1131 308 1152 se
321 1123 410 1166 facere
423 1123 504 1164 quid-

268 1168 340 1192 uam.
355 1166 406 1187 nrsr
421 1167 463 1186 vr-

268 1200 312 1224 eat
329 1195 410 1223 Patre
429 1214 436 1223 .
459 1214 467 1223 .

249 1230 395 1260 facientem
407 1239 415 1258 :

250 1274 419 1303 quecumque

251 1303 326 1344 e_n_im_
340 1302 384 1330 ille
400 1303 490 1344 feet-5:“

251 1340 304 1371 rit,
319 1338 386 1366 haec
400 1343 427 1366 et
441 1337 504 1366 Fili-

251 1382 285 1402 us
300 1374 363 1402 facit
377 1374 474 1402 simili-

252 1410 299 1439 20.
320 1415 372 1438 ter.
388 1410 469 1438 Pater
482 1413 556 1438 amat

253 1445 364 1479 Filium,
378 1451 406 1474 et
417 1453 476 1474 om-

254 1481 356 1514 nia,os
377 1502 384 1509 .
407 1502 413 1508 .
434 1481 487 1510 end
508 1501 516 1509 .
538 1499 546 1507 .

255 1517 307 1549 illi.
321 1524 390 1552 quae
405 1517 464 1552 ipse

256 1552 339 1580 facit:
354 1556 383 1580 et
396 1554 482 1580 multo

258 1588 361 1623 majora
376 1596 456 1624 quam

258 1623 326 1652 haec
340 1624 436 1651 ostend

259 1660 298 1688 illi
315 1667 408 1694 opera,
422 1664 452 1687 ut

260 1702 310 1723 vos
324 1695 446 1723 miremi-

260 1731 306 1759 21.
327 1732 364 1758 ni.
382 1731 458 1759 Sicut
471 1730 543 1759 enim

262 1766 344 1795 Pater
358 1767 447 1795 susci-

263 1806 303 1829 tat
320 1807 452 1836 mortuos.

264 1843 291 1866 et
304 1838 421 1866 viviﬁcat
433 1847 439 1865 :

264 1874 300 1901 ita
314 1878 343 1901 et
357 1874 452 1908 Filius,

283 1916 332 1937 uos
346 1910 405 1937 vult
419 1910 458 1938 vi-

263 1917 332 1944 quos
346 1917 405 1937 vult
419 1918 458 1938 vr-

262 1945 309 1973 22.
330 1945 437 1974 vilicat:
453 1945 493 1974 Ne
514 1966 521 1972 .
544 1965 550 1972 .
574 1965 580 1972 .

264 2053 326 2089 quia
340 2053 407 2081 haec
424 2053 540 2080 faciebat
555 2054 580 2080 in
594 2053 715 2080 sabbato.
729 2053 807 2080 Jesus
820 2057 909 2079 autem
922 2054 1063 2087 respondit

265 2091 315 2115 eis.
329 2089 408 2116 Pater
420 2097 494 2115 meus
509 2097 593 2123 usque
605 2088 684 2115 modo
699 2095 836 2120 operatur.
851 2093 879 2114 et
892 2096 941 2122 ego
953 2096 1060 2122 operor.

268 2124 416 2158 Propterea
438 2126 603 2159 quaerebant
625 2132 685 2151 eum
700 2124 794 2151 Judaei
819 2124 981 2150 interﬁcere.
1002 2124 1062 2157 quia

268 2167 322 2186 non
336 2160 422 2186 solum
443 2161 564 2186 solvebat
580 2160 731 2186 sabbatum.
749 2159 796 2186 sed
811 2164 837 2186 et
861 2166 962 2192 patrem
985 2167 1062 2185 suum

269 2194 377 2222 diccbat
393 2195 486 2221 Deum.
509 2195 647 2230 aequalem
675 2203 704 2222 se
721 2195 821 2222 faciens
857 2195 920 2221 Deo.
945 2195 1065 2229 Respon-

270 2230 310 2257 dit
333 2236 421 2257 antem
449 2231 526 2258 Jesus
555 2235 581 2257 et
605 2231 673 2257 dixit
700 2232 749 2257 eis.
781 2232 866 2257 Amen
897 2239 974 2257 amen
1004 2231 1064 2257 dico

271 2266 348 2293 vobis
375 2274 427 2293 non
450 2272 535 2301 potest
559 2266 668 2293 l’ilinsa
684 2274 713 2292 se
741 2266 828 2293 facere
855 2268 997 2301 quicquam
1014 2267 1064 2292 nisi

270 2302 340 2337 quod
358 2302 454 2329 viderit
485 2302 590 2329 Patrem
620 2302 770 2329 iacientem.
800 2310 975 2336 quaecunque
996 2311 1067 2329 enim

271 2338 318 2364 ille
338 2337 441 2365 fecerit.
473 2338 539 2364 haec
576 2343 601 2364 et
630 2337 713 2364 Filius
742 2338 865 2365 similiter
897 2339 970 2365 facit.
1000 2339 1066 2371 Quia

272 2373 352 2400 Pater
379 2374 465 2408 diligit
491 2373 600 2400 Filium.
627 2380 651 2399 et
679 2374 769 2400 omnia
798 2374 914 2400 Ostendit
937 2375 971 2400 ei.
1001 2382 1069 2407 quae

272 2409 330 2442 ipse
347 2409 419 2436 facit.
441 2414 466 2435 et
491 2409 591 2442 majora
609 2409 704 2435 huium
720 2409 913 2436 demonstravit
936 2411 958 2437 ei
975 2417 1067 2442 Opera.

273 2449 302 2471 ut
315 2452 362 2471 vos
378 2444 523 2472 miremini.
536 2444 609 2471 Sicut
624 2445 693 2471 enim
706 2445 794 2472 Pater.
813 2446 923 2472 suscitat
935 2451 1066 2473 mortuos.

271 2484 298 2507 et
314 2480 440 2507 viviﬁcat.
458 2481 496 2507 sic
511 2485 538 2507 et
554 2480 646 2507 Filius.
662 2488 730 2516 quos
753 2481 809 2508 vult
832 2481 960 2508 viviticat.
977 2481 1068 2517 Neque

306 2584 351 2613 25.
372 2585 418 2620 qui
441 2592 494 2612 non
514 2584 676 2612 honoriﬁeat
690 2585 816 2619 Patrem,
839 2593 892 2614 non
907 2586 1071 2614 honorilicat

271 2621 380 2649 Patrem
391 2641 400 2655 ,
417 2620 463 2656 qui
479 2620 552 2648 misit
567 2620 676 2649 Filium.
700 2621 805 2649 Recent.
821 2630 900 2650 manu
911 2644 919 2656 ,
944 2622 991 2657 qui
1015 2630 1069 2650 non

302 2726 311 2743 ί
330 2725 419 2758 Gat.__et
431 2725 490 2758 Mgn.
500 2724 578 2750 Filius
588 2726 675 2750 eadem
686 2724 808 2750 similiter.
826 2723 900 2758 Vulg.
912 2725 976 2750 haec
990 2729 1016 2752 et
1027 2725 1070 2751 Fi-

272 2757 320 2783 lius
331 2756 444 2781 similiter
455 2755 522 2781 facit.

304 2789 315 2805 ¹
331 2788 387 2813 Gal.
398 2790 421 2814 et
432 2788 493 2813 Mm.
504 2793 644 2813 sermonem
657 2794 739 2813 meum
750 2787 847 2813 audit...
860 2794 909 2812 non
920 2788 1014 2818 veniet,
1026 2788 1072 2813 sed

653 231 726 259 enim
741 230 792 258 Pat
811 250 818 256 .
841 249 849 257 .

650 266 756 302 judieat
775 286 782 293 .
804 284 812 294 .
835 286 842 293 .
864 285 872 293 .

672 310 891 330 uam.....

672 338 753 366 icium
769 345 878 365 omnem

652 373 698 402 25.
721 374 797 401 dedit
809 373 887 408 Filio,
900 379 930 401 ut

654 417 749 437 omnes
761 409 849 437 hono—

654 446 763 474 ritlcent
780 444 847 473 Fili-

654 489 711 512 um,
724 481 795 508 sicut
809 481 859 508 ho-

658 526 708 544 nor
730 538 736 543 .
760 537 767 543 .
787 517 859 544 ieant

658 553 763 580 Patrem
777 561 783 579 :
800 553 844 586 qui

659 596 712 616 non
727 588 839 615 honori-

660 625 722 651 ﬁcat
738 624 846 656 Filium,

659 669 712 687 non
728 660 837 686 honori-

659 696 721 723 iicat
737 696 853 730 Patrem,

659 732 703 767 qtti
719 732 792 758 misit
808 731 838 759 il-

666 1196 712 1224 ει.
735 1196 746 1212 ³
760 1200 847 1224 morte
863 1196 890 1224 in
904 1195 944 1224 vi-

669 1237 734 1260 tam.

669 1267 717 1296 25.
738 1267 823 1296 Amen
840 1267 902 1296 dico
916 1275 964 1296 vo-

671 1303 724 1335 bis,
739 1304 810 1339 quod
829 1311 872 1332 ve-

672 1340 713 1367 nit
728 1340 793 1366 hora
802 1361 809 1372 ,
822 1347 884 1367 cum

673 1376 772 1403 mortui
787 1375 865 1402 audi—

672 1417 719 1439 ent
733 1419 825 1438 vocem
842 1411 887 1439 Fi-

673 1447 691 1474 li
707 1447 754 1474 Dei
769 1456 775 1473 :
791 1452 818 1474 et
830 1447 875 1480 qui
889 1455 938 1474 au-

673 1482 754 1510 dierit
762 1503 769 1515 ,
786 1482 867 1510 vivet.
903 1501 906 1503 -

673 1518 720 1545 26.
743 1518 818 1546 Sicut
832 1519 904 1546 enim

676 1573 683 1580 .
706 1574 713 1580 .
734 1557 776 1581 ter
789 1553 871 1582 habet

737 1610 744 1617 .
768 1590 899 1617 minse:

772 1644 778 1651 .
800 1624 822 1652 it
834 1630 861 1652 et
876 1624 921 1653 Fi-

680 1661 946 1688 ......vitam

682 1752 690 1762 .
730 1751 737 1759 ο
778 1752 785 1758 .
824 1750 832 1759 ο
873 1753 880 1760 ο
921 1752 926 1758 .
968 1752 974 1758 ι
1015 1752 1020 1758 ι

681 1786 690 1795 ο
729 1787 737 1795 σ
777 1787 785 1795 ο
824 1788 831 1795 ι
872 1788 880 1795 υ
920 1788 926 1794 .
967 1788 973 1794 ι
1015 1788 1021 1794 .

683 1896 690 1902 ι
730 1895 737 1902 ι
777 1895 785 1902 ο
827 1895 834 1902 ι
873 1894 880 1902 ο
920 1895 928 1903 ο
968 1896 975 1903 ι
1015 1896 1022 1903 ο

682 1967 690 1974 θ
731 1967 738 1974 .
779 1967 786 1974 ο
827 1968 834 1976 ι
874 1967 882 1975 ι
922 1968 929 1974 ι
970 1967 978 1975 ο
1018 1968 1024 1974 .

1306 182 1423 211 CODEX
1441 182 1664 212 VERONENSIS.
1694 184 1697 187 ’

1105 229 1148 256 uia
1164 228 1231 257 haec

1099 265 1204 292 aciebat
1217 265 1277 292 sab-

1086 300 1160 328 bato.
1174 300 1254 328 Jesus
1268 308 1316 328 au-

1088 341 1142 364 tem
1156 336 1297 371 respondit

1088 372 1142 403 eis,
1157 372 1251 400 dicens
1264 381 1271 399 :

1090 408 1133 436 l7.
1155 407 1235 435 Pater
1251 415 1326 436 meus

1089 451 1173 478 usqrre
1186 443 1275 471 adhuc

1089 484 1232 513 operatur,
1247 484 1275 506 et

1090 523 1139 548 ego
1152 523 1260 549 operor.

1091 551 1135 578 18.
1159 553 1195 585 (ιι)
1215 551 1329 584 Propter
1345 550 1396 579 hoc
1410 551 1428 586 ’ἲ

1091 595 1175 620 magis
1192 595 1304 618 quaere-

1092 623 1155 648 bant
1172 631 1232 649 eum
1248 622 1293 649 Ju-

1091 658 1150 685 daei
1173 659 1275 685 interii-

1091 701 1154 721 cere
1166 703 1172 720 :
1187 696 1259 728 quod

1092 737 1146 756 non
1162 730 1249 757 solum

1092 765 1218 793 solvebat
1230 765 1293 793 sab-

1093 800 1195 831 batum.
1212 801 1259 829 sed

1094 841 1122 864 et
1133 837 1205 872 quod
1219 844 1268 871 pa-

1095 876 1163 899 trem
1184 880 1261 900 suum

1095 908 1198 935 diceret
1215 909 1310 941 Deum,

1095 944 1234 978 aequalem

1096 986 1126 1006 se
1139 979 1239 1007 faciens
1252 979 1320 1007 Deo.

1096 1015 1247 1049 Respondit
1262 1015 1352 1049 Jesus,

1099 1054 1127 1078 et
1141 1050 1208 1078 dixit
1223 1051 1281 1078 eis:

1101 1086 1146 1114 i9.
1168 1086 1264 1119 Amen,
1279 1094 1358 1115 amen

1100 1122 1162 1150 dico
1173 1123 1269 1149 vobis:
1286 1130 1339 1151 non

1101 1163 1189 1194 potest
1203 1157 1286 1186 Filius

1103 1194 1137 1221 ab
1149 1202 1177 1222 se
1192 1194 1281 1222 facere

1103 1230 1258 1265 quicquam,
1275 1230 1326 1257 nisi

1104 1266 1176 1299 quod
1193 1266 1289 1293 viderit

1105 1301 1212 1329 Patrem
1228 1301 1330 1329 facien-

1107 1344 1160 1365 tem
1175 1347 1180 1363 '.
1195 1345 1332 1372 quaequae

1105 1374 1176 1401 enim
1193 1374 1236 1400 ille
1252 1374 1282 1399 fa-

1105 1411 1155 1439 cit.
1174 1410 1267 1436 eadem
1283 1415 1309 1436 ct

1107 1445 1191 1471 Filius
1207 1445 1270 1471 facit

1106 1481 1240 1508 similiter.

1106 1516 1151 1543 2t).
1175 1517 1255 1543 Pater
1270 1516 1341 1543 enim

1106 1552 1195 1587 diligit
1209 1552 1314 1585 Filium,

1107 1593 1134 1615 et
1149 1589 1237 1615 omnia
1252 1588 1298 1615 de-

1110 1628 1242 1651 moristrat
1256 1625 1291 1653 ei.

1109 1668 1178 1694 quae
1190 1660 1246 1693 ipse
1262 1660 1324 1686 facit
1338 1669 1343 1686 :

1109 1701 1136 1722 et
1152 1696 1254 1730 majora
1268 1703 1349 1729 opera

1110 1731 1305 1758 demonstravit
1321 1732 1356 1764 eil

1111 1774 1139 1793 ut
1159 1776 1204 1793 vos
1219 1767 1336 1794 admire—

1111 1803 1156 1829 21.
1181 1804 1256 1830 mini.
1275 1804 1349 1830 Sient

1112 1839 1184 1866 enim
1199 1839 1277 1865 Pater

1113 1875 1225 1902 suscitat
1245 1882 1317 1901 mor-

1113 1915 1185 1942 tuos.
1201 1915 1229 1938 et
1242 1911 1310 1937 vivi-

1116 1947 1178 1974 lieat
1190 1956 1196 1974 :
1212 1947 1252 1974 sic
1265 1951 1293 1974 et

921 2005 1038 2034 CODEX
1057 2005 1254 2034 BRIXIANUS.

1504 230 1599 262 Filius,
1613 237 1678 265 quos

1505 267 1563 293 vrrlt
1576 266 1697 293 viviﬁcat.

1503 302 1549 329 εἰ.
1572 302 1624 329 Nec
1640 302 1707 330 enim
1721 301 1764 330 Pa-

1504 342 1546 365 ter
1559 337 1660 370 judieat

1504 381 1663 409 quemquam
1675 382 1682 400 ε

1506 410 1553 437 sed
1566 409 1693 444 judicium

1506 453 1616 473 omnem
1631 445 1700 472 dedit
1708 445 1778 478 Filio,

1506 480 1551 508 25.
1574 485 1603 508 ut
1616 489 1706 509 omnes
1718 480 1761 508 ho-

1509 518 1648 544 nor-ilicent

1510 553 1605 579 Filium
1618 573 1624 582 .
1640 553 1705 580 sicut

1511 589 1686 615 honorilit‘anl

1511 625 1616 651 Patrem
1630 634 1635 650 :
1650 625 1693 658 qtri

1510 668 1562 687 non
1581 660 1733 687 lionorilieat

1509 695 1605 723 Filium
1615 716 1622 728 ,
1637 703 1688 722 non

1509 731 1670 758 honoriﬁcat

1510 767 1618 795 Patrem
1629 788 1637 799 ,
1650 766 1694 801 qui

1511 803 1586 831 misit
1604 803 1686 830 illum.

1511 838 1557 866 24.
1582 839 1678 872 Amen,
1692 844 1764 865 amen

1511 874 1574 902 dico
1586 874 1672 905 vobis.

1512 910 1641 945 quoniam
1652 909 1697 944 qui

1512 946 1626 973 verbum
1644 952 1731 973 meum

1513 982 1601 1014 audit,
1616 986 1643 1008 et
1653 988 1707 1008 cre-

1515 1017 1555 1045 dit
1567 1018 1604 1050 ei,
1620 1017 1664 1052 qui
1680 1024 1721 1045 me

1516 1054 1603 1086 misit,
1616 1052 1696 1080 habet

1517 1090 1603 1117 vitam
1617 1093 1702 1115 aeter-

1520 1132 1593 1156 nam,
1607 1128 1635 1152 et
1648 1124 1674 1151 iu
1687 1123 1754 1158 judi-

1518 1161 1590 1188 cium
1605 1168 1658 1187 non
1671 1159 1765 1193 veniet,

1519 1196 1566 1224 sed
1582 1196 1680 1223 transit
1692 1195 1725 1223 de

1520 1236 1609 1259 morte
1624 1231 1658 1258 ad
1671 1231 1756 1259 vitam.

1519 1268 1566 1295 25.
1589 1269 1675 1295 Amen
1685 1287 1693 1301 .
1708 1273 1779 1294 amen

1520 1303 1583 1331 dico
1597 1303 1685 1335 vobis.

1522 1339 1652 1373 quoniam
1670 1338 1756 1366 veniet

1524 1374 1602 1407 hora,
1620 1375 1646 1402 in
1661 1382 1710 1409 qua

1523 1410 1635 1438 audient
1649 1409 1743 1438 mortui

1523 1453 1619 1474 vocem
1634 1445 1677 1473 Fi-

1523 1482 1541 1509 li
1554 1482 1601 1509 Dci
1620 1490 1626 1508 :
1644 1486 1671 1509 et
1684 1481 1728 1516 qui

1524 1517 1671 1550 audierint,
1686 1517 1726 1544 vi-

1524 1554 1570 1580 26.
1591 1558 1665 1581 vent.
1682 1552 1753 1581 Sicut

1524 1590 1598 1617 enim
1613 1589 1692 1616 Pater

1525 1625 1608 1652 habet
1623 1625 1704 1652 vitam

1525 1661 1552 1688 in
1569 1667 1600 1688 se
1616 1669 1622 1686 :
1638 1661 1677 1687 sic
1692 1663 1718 1687 et

1527 1696 1598 1724 Filio
1613 1696 1689 1723 dedit

1528 1732 1630 1760 habere
1644 1732 1726 1758 vitam

1529 1767 1555 1794 in
1571 1768 1717 1801 semetipso
1729 1775 1735 1792 :

1528 1803 1574 1830 27.
1597 1808 1624 1830 et
1645 1804 1794 1837 potestatem

1529 1839 1603 1867 dedit
1617 1840 1640 1865 ei
1653 1840 1693 1872 ju-

1529 1875 1630 1902 dicium
1644 1874 1742 1901 facien-

1529 1911 1606 1942 dum,
1619 1910 1744 1945 quoniam

1530 1946 1615 1974 Filius
1632 1945 1747 1973 hominis

1115 2053 1186 2080 enim
1212 2053 1289 2079 Pater
1312 2052 1414 2087 judieat
1429 2059 1589 2087 quemquam
1614 2051 1661 2079 sed
1683 2046 1876 2087 judicinmAptllnf

1208 2078 1284 2114 Filio.
1302 2078 1328 2115 tit
1340 2078 1877 2124 orniies'houoi'ilicentFiliumficutlrott:

1118 2124 1225 2151 ril‘tcant
1256 2125 1370 2150 Patrem.
1400 2125 1444 2158 qui
1470 2132 1522 2150 non
1551 2123 1713 2150 honoriﬁcat
1735 2118 1876 2158 Filium]?

1119 2159 1279 2186 honorilicat
1296 2153 1460 2194 Patrem'qui
1482 2160 1553 2186 misit
1576 2160 1653 2185 illum
1727 2157 1804 2184 Amen
1823 2153 1877 2194 aut}:

1118 2195 1180 2222 dico
1194 2196 1268 2222 vobis
1283 2196 1343 2228 quia
1356 2197 1399 2230 qui
1414 2185 1524 2222 vlerliuut
1541 2204 1630 2221 meum
1644 2193 1726 2220 audit.
1741 2196 1765 2232 et

1117 2232 1163 2266 qui
1180 2240 1223 2258 uie
1248 2222 1327 2257 misit.
1348 2222 1426 2257 habet
1443 2233 1522 2258 vitam
1538 2236 1684 2267 aeternam
1698 2233 1723 2255 et
1738 2222 1876 2267 .injlltlifﬂ'n":

1119 2257 1172 2294 lion
1189 2268 1287 2314 ve‘iiiet.
1315 2268 1362 2314 sed
1385 2257 1548 2314 transiit'deI
1569 2272 1661 2314 triorth

1119 2310 1197 2330 amen
1211 2303 1272 2330 dico
1283 2304 1358 2328 vobis
1373 2305 1431 2337 quia
1445 2304 1530 2330 veniet
1543 2302 1664 2338 horaact
1678 2306 1745 2327 nunc
1754 2301 1789 2338 est

1120 2341 1234 2366 rnortuui
1252 2339 1362 2365 audiunt
1382 2327 1482 2365 Ινθςριιι
1500 2338 1559 2365 1³11ἰὶ
1585 2337 1644 2365 Dei.
1664 2342 1694 2374 et
1717 2334 1762 2374 qui

1118 2365 1230 2416 vivent:
1246 2376 1325 2418 Sicut.
1344 2375 1415 2418 C'l‘lllll
1443 2375 1522 2415 Pater
1542 2374 1625 2418 ilillllt'l
1643 2365 1879 2418 \‘itanr'mi‘rltuzfz‘yeli

1121 2411 1189 2445 ipsa.
1211 2412 1249 2438 sic
1265 2411 1338 2436 dedit
1354 2410 1422 2437 Filio
1450 2412 1531 2436 vitam
1553 2406 1868 2445 habereriu’sentelipf'jznf

1121 2437 1281 2480 potestatem
1302 2446 1376 2472 dedit
1398 2447 1432 2473 ei.
1458 2452 1485 2473 et
1507 2446 1638 2481 judicium
1656 2440 1766 2471 iacieudi
1786 2437 1880 2473 quoniam

1123 2482 1206 2510 Filius
1229 2482 1347 2510 hominis

906 2538 1020 2568 CODEX
1037 2540 1272 2569 CORBEIENSIS.

1124 2586 1286 2619 honorifieat
1301 2586 1409 2614 Filium.

1158 2622 1203 2650 24.
1226 2624 1248 2650 Α
1264 2627 1352 2650 morte
1364 2623 1375 2638 ³
1389 2623 1416 2650 in
1429 2622 1511 2650 vitam
1525 2626 1674 2650 aeternam.
1689 2620 1708 2656 1-

876 2679 1076 2708 VARIANTES
1093 2679 1294 2709 LECTIONES.

1124 2727 1226 2751 transiet
1237 2732 1251 2759 a
1263 2728 1341 2759 morte
1363 2725 1492 2759 adivitam.
1514 2726 1587 2759 Vulg.
1607 2724 1713 2759 verbum
1730 2726 1805 2749 meum
1814 2716 1883 2744 audii-ﬂ

1124 2763 1173 2781 non
1186 2758 1264 2789 venit,
1276 2757 1320 2782 sed
1333 2758 1426 2782 transiit
1438 2764 1451 2781 a
1463 2762 1543 2789 morte
1553 2757 1579 2782 in
1592 2757 1674 2781 vitam.

1155 2789 1166 2804 ³
1183 2788 1235 2813 σοι.
1248 2792 1272 2814 et
1283 2790 1342 2814 Mm.
1357 2789 1387 2813 ad
1398 2789 1484 2821 vitam,
1496 2788 1583 2815 omisso
1594 2792 1731 2814 aeternam.

942 2840 1125 2869 BLANCHINI
1143 2841 1259 2869 NOTIE.

322 2889 360 2926 (a)
374 2890 411 2918 lta
427 2895 454 2919 et
476 2895 531 2920 lex.
551 2890 598 2919 Gr.
619 2889 660 2918 διὰ
682 2894 767 2919 τοῦτο.
790 2890 904 2924 ibidem,
924 2890 1001 2919 deest
1012 2898 1087 2925 ergo;
1103 2890 1184 2918 etiam
1198 2890 1225 2918 in
1240 2890 1300 2920 cod.
1316 2891 1393 2920 Cant.
