1937 3163
89 178 136 207 385
570 173 794 204 EVANGELIUM
813 173 998 205 SECUNDUM
1018 175 1212 205 .IOHANNEM.
1668 175 1722 206 586

268 233 384 263 CODEX
404 234 676 263 VERCELLENSIS.
1141 232 1257 263 CODEX
1276 232 1504 262 VERONENSIS.

87 305 94 312 .
129 304 135 310 .
172 302 179 310 .
219 303 226 310 .
263 302 270 309 .
310 300 318 309 .
353 286 365 309 '.
406 302 414 308 .
490 302 496 309 .
538 302 545 309 .
585 304 592 311 .
633 301 640 307 .
681 301 687 307 .
729 300 735 307 .
777 300 782 306 .
825 300 831 307 .
919 281 965 309 28.
987 285 1037 309 est.
1055 281 1143 309 Nolite
1338 280 1610 309 Johanuem:etle-

88 341 93 347 .
128 339 135 346 .
172 339 179 346 .
217 337 224 345 .
263 338 269 344 .
308 337 315 345 .
358 338 364 344 .
407 339 412 346 .
490 338 497 345 .
537 337 545 344 .
585 338 592 344 .
634 337 640 343 .
682 336 689 343 .
730 336 736 342 .
778 337 783 342 .
824 334 831 342 .
920 317 1014 345 mirari
1029 318 1104 350 haec.
1338 317 1603 351 stimoniumperhi-

86 355 124 383 28.
146 354 214 382 venit
232 354 312 386 hora,
488 374 495 381 .
538 372 546 380 .
587 373 594 381 .
634 373 640 379 .
681 370 688 377 .
729 371 736 378 .
777 371 783 378 .
825 370 832 376 .
920 354 1048 388 quoniam
1063 353 1153 381 veniet
1338 352 1397 380 buit
1411 352 1529 381 veritati.
1562 375 1565 378 .

86 390 240 426 quaomnis,
254 389 299 425 qui
492 409 499 418 .
538 408 546 416 .
587 408 593 415 .
631 410 639 416 .
679 408 686 415 .
727 407 734 415 .
776 407 782 414 .
824 407 830 413 .
920 388 998 422 hora,
1013 389 1103 426 inqua
1339 388 1463 426 ὅμΕιζρ
1477 392 1569 417 autem
1583 395 1638 417 non

86 424 108 454 in
124 433 275 454 monumen-
490 447 497 453 .
538 444 545 451 .
586 444 593 451 .
634 445 641 452 .
682 443 688 449 .
729 444 736 450 .
777 442 784 449 .
825 442 832 449 .
920 432 1026 455 omnes.
1039 424 1084 459 qui
1339 424 1553 453 abhominete-

87 463 115 490 tis
126 467 194 495 sunt,
210 460 284 488 audi-
489 460 534 489 54.
555 460 566 476 ³
586 459 729 488 timonium
920 460 948 488 in
963 459 1144 487 monumentis
1340 460 1497 488 stimonium
1513 468 1558 488 ac-

85 503 124 526 ent
137 499 145 514 ¹
161 505 253 525 vocem
488 497 591 532 accipio
608 505 615 524 :
630 495 678 523 scd
921 501 996 529 sunt,
1011 495 1121 523 audient
1162 530 1167 532 _
1340 496 1426 532 cipio:
1440 496 1489 532 sed

85 534 122 562 29.
144 533 179 568 (a)
192 532 252 568 ejus
263 532 301 568 ἦε
317 536 345 561 et
359 540 452 568 proce-
488 530 555 560 haec
570 532 630 560 dico
641 536 671 558 ut
920 539 1014 559 vocem
1029 531 1068 567 (a)
1083 532 1142 566 ejus
1155 530 1173 566 ’ξ-
1189 537 1196 555 ε
1341 531 1409 559 haec
1421 531 1481 559 ideo
1492 532 1534 560 di-

86 570 140 598 dcnt
152 570 162 585 ¹
171 567 221 603 qui
238 567 284 597 bo-
487 576 535 596 vos
547 568 613 595 salvi
625 567 694 603 sitis.
921 572 949 595 et
963 573 1106 603 resurgant
1134 600 1142 603 _
1341 574 1374 595 eo
1387 573 1416 595 ut
1427 575 1476 595 vos
1489 568 1555 596 salvi

86 614 112 633 na
125 600 251 637 fecerunt,
487 604 531 632 55.
552 604 599 631 Ille
611 608 669 631 erat
681 602 724 629 lu-
921 603 967 631 29.
987 603 1032 638 qui
1045 600 1117 630 bona
1131 600 1172 630 fe-
1341 603 1386 630 55.
1408 603 1478 631 silis.
1499 603 1545 631 llle
1566 607 1625 632 erat
1647 603 1687 632 lu-

85 641 107 669 in
122 647 254 669 resurrec-
487 648 567 668 cerna
583 640 685 671 lucens,
921 644 1028 671 cerunt,
1043 639 1069 666 in
1342 646 1424 667 cerna
1437 639 1548 672 ardens,

87 678 173 705 lienem
186 677 240 704 vita
261 696 268 702 .
292 695 299 703 .
488 681 515 704 et
531 676 641 703 iulumi-
922 674 1149 703 resurrectionem
1343 679 1369 703 et
1381 675 1484 702 lucens.
1498 674 1553 703 Vos

86 714 122 748 qui
133 712 197 748 male
209 720 225 740 e
244 731 251 738 .
277 733 283 739 .
304 727 316 732 -
489 720 567 739 nans.
581 711 635 748 Vos
646 717 694 737 au-
922 711 993 748 vitae
1008 719 1015 737 :
1343 718 1409 748 vero
1422 710 1547 748 voluistis

85 746 146 781 runt,
161 747 187 775 in
202 756 216 775 r
236 768 243 774 .
268 768 275 775 .
300 768 307 774 .
331 762 344 768 -
490 753 543 775 tem
556 747 656 774 voluis-
922 747 967 781 qui
979 750 1069 773 autem
1344 746 1468 774 exultare
1483 746 1516 774 ad

84 785 168 830 recitii.
188 804 194 811 .
218 803 226 812 .
251 804 257 811 .
284 804 291 811 .
489 784 523 810 tis
534 783 567 830 ad
580 783 674 823 horam
922 782 1013 823 iniqua
1027 783 1185 830 gesseruntJI
1344 782 1477 823 horamin
1493 782 1529 810 lu-

83 820 154 854 judici
175 840 181 846 .
207 839 214 847 .
488 817 653 854 exultarein
716 851 735 854 _
923 817 949 845 in
963 817 1140 854 resurrectio-
1160 817 1184 830 '
1344 819 1417 846 mine
1431 817 1502 853 ejns.

84 851 121 884 30.
141 855 178 883 No
199 875 206 882 .
228 875 236 883 .
265 876 271 881 .
295 875 302 882 .
327 875 334 882 .
361 875 368 882 .
393 875 399 881 .
488 855 535 882 36.
556 854 617 881 luce
629 852 699 887 ejus.
715 851 772 888 Ego

923 861 985 881 nem
1000 852 1104 886 judicii.
1345 854 1390 882 56.
1404 851 1460 888 Εκό
1472 858 1561 881 autem

84 911 90 918 .
124 912 130 918 .
166 911 173 918 .
212 911 220 917 .
263 910 271 918 .
310 909 318 917 .
359 910 366 917 .
407 909 414 916 .
488 895 579 917 autem
593 889 679 916 habeo
923 890 968 918 50.
989 888 1047 916 Non
1059 889 1131 916 enim
1344 888 1433 918 habeo
1448 888 1567 917 testimo«

488 925 673 953 testimonium
925 934 1032 959 possunt
1048 931 1097 959 ego
1343 925 1418 953 nium
1434 925 1521 961 majus
1531 924 1573 953 Jo-

488 962 574 996 majus
585 968 667 996 qualn
758 993 761 995 ἓ
924 970 938 988 a
953 969 996 988 me
1008 962 1065 996 ipso
1345 961 1465 989 hannen.

84 1019 89 1025 .
123 1019 128 1027 .
165 1018 172 1026 .
212 1019 218 1026 .
264 1019 270 1025 .
312 1018 319 1025 .
360 1017 366 1024 .
408 1018 413 1023 .
487 994 687 1025 Johannés.0-
758 994 761 995 ν
924 994 1100 1030 ῙὶιοριῈῖιιιίε-
1343 996 1431 1032 Opera
1447 997 1531 1029 enim,

84 1053 90 1061 .
122 1056 128 1063 .
165 1055 172 1063 .
212 1055 219 1062 .
264 1054 271 1061 .
311 1051 319 1058 -
359 1053 366 1060 .
407 1053 414 1060 .
487 1040 550 1068 pera
567 1033 650 1065 enim.
924 1041 1014 1067 quam.
1031 1033 1105 1059 Sicut
1343 1040 1413 1066 quae
1427 1032 1503 1060 dedit
1517 1032 1583 1060 mihi

487 1067 556 1104 quae
574 1068 648 1096 dedit
924 1069 995 1095 enim
1008 1067 1099 1099 audio,
1343 1068 1425 1097 Pater
1436 1073 1466 1096 ut
1480 1076 1537 1104 per-

487 1105 553 1132 mihi
564 1104 652 1140 Pater,
675 1138 680 1140 Α
924 1105 959 1131 ita
974 1109 1001 1131 et
1014 1104 1104 1137 judico
1118 1110 1124 1127 :
1345 1104 1432 1132 ﬁciam
1448 1111 1491 1138 ea,
1509 1104 1567 1140 ipsa

487 1145 517 1168 ut
530 1141 574 1167 illa
591 1138 697 1175 perlici-
924 1145 950 1167 ct
962 1140 1091 1175 judicium
1344 1147 1427 1175 opera
1439 1147 1510 1174 quae

487 1184 543 1210 am,
556 1177 613 1211 ipsa
625 1182 692 1210 ope-
925 1185 1013 1203 meum
1028 1176 1130 1209 justum
1347 1175 1386 1212 (ά)
1402 1175 1481 1208 facio,
1497 1175 1517 1211 ’ἰ-
1529 1175 1602 1212 testi-

82 1232 88 1239 .
120 1233 126 1241 .
163 1233 170 1242 .
210 1235 217 1242 .
264 1233 271 1240 .
311 1232 318 1239 .
359 1232 365 1237 .
407 1232 414 1239 .
487 1220 517 1239 ra
530 1212 652 1239 testimo~
925 1212 1126 1246 estzquiauon
1345 1211 1466 1239 monium
1482 1211 1573 1247 perhi-

81 1257 164 1281 meam,
179 1249 226 1277 sed
243 1249 315 1285 ejus,
488 1247 679 1285 niumrdictint,
925 1256 1026 1282 quaero
1037 1247 1131 1273 volun—
1345 1247 1409 1285 139m
1420 1247 1455 1275 de
1468 1255 1522 1285 me,

81 1286 117 1316 qui
130 1293 168 1313 me
183 1282 271 1313 misit.
488 1284 616 1318 quoniam
627 1282 680 1309 Pa-
925 1289 1006 1310 tatem
1023 1290 1121 1314 ineant,
1345 1284 1390 1311 37.
1411 1283 1539 1318 quoniam
1551 1283 1631 1312 Pater

81 1320 116 1348 5t.
135 1320 160 1349 SI
175 1329 224 1356 ego
243 1319 368 1349 testiino-
489 1324 530 1356 ter
543 1326 586 1346 mc
600 1318 692 1356 misit:
924 1320 971 1346 Sed
987 1319 1153 1356 voluntatem
1344 1327 1388 1356 me
1399 1319 1472 1346 misit
1486 1325 1533 1356 ιρι

82 1357 148 1393 nium?
160 1354 256 1393 νεῖ-ἰή·
489 1354 657 1393 37_._et_qnia
673 1359 717 1380 me
925 1356 993 1393 ejus,
1010 1355 1055 1393 qui
1069 1361 1114 1393 ine
1134 1388 1139 1393 .
1177 1387 1183 1393 .
1344 1355 1390 1393 qui
1404 1355 1537 1393 me_misit

81 1392 123 1419 beo
136 1387 169 1420 de-
179 1401 240 1427 me,
259 1397 312 1421 tes-
490 1391 566 1427 misit
578 1387 669 1422 Pater,
926 1387 1051 1427 misitib)
1069 1388 1155 1427 Patris
1171 1387 1200 1423 'j‘.
1345 1387 1435 1427 Pater,
1451 1390 1509 1425 ipse

82 1428 208 1457 tiinonium
231 1424 237 1427 ’
490 1426 536 1454 ille
552 1426 586 1464 de
601 1434 643 1453 me
659 1429 712 1452 les-
925 1426 969 1453 3l.
990 1425 1017 1453 Si
1030 1433 1079 1459 ego
1090 1424 1165 1464 testi-
1347 1424 1533 1464 testimonium

81 1472 157 1491 meum
172 1473 226 1493 non
491 1462 635 1490 tinionium
926 1463 1047 1488 monium
1061 1459 1150 1495 perhi-
1347 1461 1473 1497 perhibet
1487 1461 1521 1489 de

82 1505 116 1527 est
130 1508 231 1528 rerum.
491 1498 556 1525 dicit
570 1507 577 1525 :
590 1503 678 1532 neque
926 1498 978 1525 beo
994 1497 1026 1524 de
1042 1504 1095 1528 uie,
1347 1505 1391 1525 me
1406 1506 1413 1525 :

81 1536 117 1563 δί.
138 1537 210 1564 Alter
224 1539 287 1570 est,
302 1535 347 1571 qui
491 1541 585 1561 vocem
599 1534 658 1568 ejus
927 1533 1110 1560 testimonium
1345 1540 1434 1571 neque
1448 1540 1543 1561 vocem

82 1572 260 1600 testimonium
280 1569 284 1570 ⁷
310 1569 319 1571 “
492 1577 618 1605 umquam
632 1576 680 1595 au-
926 1576 1017 1596 meum
1030 1576 1083 1596 non
1345 1569 1404 1604 ejus
1419 1576 1547 1605 umquam

82 1608 191 1642 perhibet
203 1608 241 1636 de
258 1642 264 1646 Α
279 1643 285 1646 _
491 1604 580 1646 distis,
596 1612 684 1646 neque
927 1610 969 1646 est
980 1612 1088 1646 verum.
1116 1644 1121 1646 _
1346 1604 1534 1646 audistisne-

83 1640 89 1669 ζ
107 1663 113 1669 .
133 1652 165 1672 e:
180 1650 207 1673 et
220 1642 302 1672 scitis
491 1642 610 1681 speciem
622 1640 681 1681 ejus
705 1679 709 1681 Δ
927 1640 973 1681 52.
991 1640 1071 1681 Alius
1083 1644 1136 1681 est,
1346 1648 1401 1681 que
1412 1641 1526 1681 liguram

85 1698 91 1705 .
123 1699 129 1705 .
164 1700 173 1708 .
213 1700 220 1708 .
266 1698 274 1706 .
314 1698 321 1706 .
363 1697 370 1705 .
408 1697 417 1704 .
491 1675 536 1705 38.
556 1675 670 1710 vidistis,
686 1679 713 1703 et
725 1682 785 1703 vcr-
928 1676 974 1711 qui
990 1675 1151 1703 testiﬁcatur
1347 1675 1465 1710 ridistis,

493 1713 556 1740 bum
573 1713 645 1739 illius
927 1710 962 1739 de
978 1720 1021 1739 me
1038 1720 1044 1738 :
1061 1716 1089 1738 et
1103 1711 1160 1738 scio
1348 1712 1394 1739 58.
1414 1717 1442 1740 et
1452 1711 1565 1740 verbum
1576 1710 1635 1747 ejus

493 1757 546 1776 non
561 1747 668 1776 habetis
928 1747 992 1783 quia
1003 1755 1095 1775 verum
1107 1749 1149 1774 est
1349 1755 1403 1775 non
1418 1747 1525 1775 habetis

493 1791 648 1812 manentem
928 1782 1115 1811 testimonium
1130 1782 1169 1818 (ε)
1350 1783 1378 1811 ἰη
1391 1784 1468 1812 vobis
1476 1791 1534 1811 ma-

493 1820 520 1848 in
535 1821 611 1847 vobis
626 1820 707 1855 :quia
929 1819 989 1854 ejus
999 1819 1029 1854 ῒ,
1044 1818 1120 1855 quodq
1351 1824 1462 1847 nentem
1478 1828 1485 1846 :
1502 1827 1570 1855 quo-

86 1877 92 1884 .
125 1879 131 1885 .
168 1879 176 1886 .
215 1879 223 1886 .
269 1878 276 1884 .
316 1877 323 1885 .
364 1876 371 1884 .
412 1877 419 1883 .
493 1863 574 1891 quem
589 1854 663 1883 misit
930 1854 1139 1891 testiiicaturrde
1153 1861 1224 1891 ine._
1351 1855 1422 1883 niam
1436 1863 1516 1890 quem
1529 1855 1580 1883 mi-

84 1913 91 1920 .
125 1914 132 1921 .
169 1914 176 1922 .
216 1914 224 1922 .
269 1914 276 1921 .
317 1914 325 1921 .
364 1913 372 1920 .
413 1912 420 1919 .
494 1889 550 1926 ille,
562 1891 624 1919 huic
638 1899 686 1919 vos
929 1891 974 1918 33.
996 1889 1051 1918 Vos
1066 1889 1180 1918 misistis
1192 1889 1226 1917 ad
1352 1891 1388 1919 sit
1401 1889 1457 1925 ille,
1469 1891 1532 1918 huic

738 1928 855 1980 codex
872 1951 1085 1985 nummus:

84 2015 128 2038 est.
138 2011 225 2040 Nolite
233 2010 328 2039 mirari
340 2010 402 2038 hoc.
411 2010 472 2045 quia
482 2010 573 2038 veniet
588 2010 665 2037 hora.
679 2009 766 2046 inqua
782 2016 878 2037 omnes
927 2010 983 2046 Ego
990 2014 1079 2037 autem
1087 2017 1139 2037 non
1149 2009 1182 2037 ab
1189 2009 1296 2037 homine
1304 2010 1486 2038 testimonium
1493 2010 1606 2046 accipio.
1613 2009 1660 2038 sed
1668 2010 1736 2039 haec

85 2048 124 2082 qui
139 2048 238 2075 fuerint
254 2048 279 2074 in
297 2047 479 2074 monumentis
500 2046 611 2074 audient
625 2053 718 2073 vocem
735 2045 772 2081 (α)
788 2046 846 2080 ejus
861 2046 879 2081 ἐ’
907 2055 910 2058 ⁴
932 2045 995 2073 dico
1010 2050 1039 2073 ut
1053 2054 1102 2073 vus
1116 2046 1183 2073 salvi
1199 2046 1270 2073 sitis.
1289 2046 1338 2074 Ille
1348 2052 1408 2074 erat
1418 2047 1527 2074 lucerna
1542 2045 1641 2075 ardens
1654 2051 1682 2074 et
1694 2047 1735 2074 lu.

84 2088 108 2109 et
126 2084 285 2118 procedent.
301 2084 345 2117 qui
363 2084 430 2109 bona
443 2081 581 2115 fecerunt,
607 2081 634 2108 in
650 2082 878 2109 resurrectionem
932 2089 1009 2109 cens.
1028 2081 1080 2109 Vos
1094 2087 1185 2109 autem
1201 2082 1325 2110 voluistis
1339 2083 1461 2110 exultare
1479 2082 1512 2110 ad
1538 2082 1631 2110 horam
1648 2083 1674 2109 in
1695 2083 1736 2109 lu-

86 2118 158 2154 yilae.
187 2120 234 2153 qui
257 2126 321 2146 vcro
347 2118 414 2145 mala
431 2123 574 2152 gesserunt
597 2118 632 2154 in
651 2121 878 2145 resurrectionem
934 2118 1007 2154 niiue
1031 2118 1100 2154 cjusﬁ.
1119 2118 1174 2153 Ego
1197 2123 1299 2154 autem.
1323 2119 1410 2146 haben
1436 2119 1631 2147 testiinonium.
1648 2118 1735 2154 majus

82 2153 178 2188 judicii.
194 2155 257 2182 Non
274 2163 382 2188 possum
397 2161 448 2188 ego
462 2161 477 2181 a
494 2162 537 2181 me
548 2154 608 2187 ipso
623 2153 712 2181 facere
723 2154 877 2188 quicqumn.
932 2153 1066 2181 Juhanne.
1080 2153 1168 2187 Opera
1180 2153 1252 2181 enim
1266 2161 1334 2188 quae
1350 2154 1422 2181 dedit
1435 2154 1501 2182 mihi
1512 2154 1601 2183 Pater.
1617 2158 1646 2182 ut
1656 2154 1736 2189 perﬁ-

85 2190 132 2218 Seil
144 2192 214 2218 sicut
225 2191 307 2218 audio
320 2190 422 2225 judico.
437 2189 602 2223 etjudicium
614 2197 703 2227 meum
715 2190 816 2223 justum
826 2193 879 2227 est.
933 2189 1061 2227 ciantjea.
1076 2190 1133 2227 ipsa
1144 2197 1226 2224 opera
1240 2198 1308 2227 quae
1317 2197 1372 2227 ego
1382 2191 1421 2227 (ά)
1433 2190 1513 2217 facio.
1524 2191 1543 2225 ἦ
1554 2191 1738 2227 testimonium

85 2226 200 2260 quianon
212 2225 636 2262 querovoluntatemmeam.sed
651 2225 815 2262 voluntatem
823 2225 881 2259 ejus
933 2225 1080 2262 perhibent
1093 2225 1127 2262 de
1152 2233 1206 2253 me.
1230 2226 1292 2260 quia
1315 2226 1394 2254 Pater
1409 2225 1453 2253 me
1475 2226 1547 2253 misit
1563 2230 1590 2255 et
1604 2227 1649 2261 qui
1664 2226 1739 2253 misit

85 2269 124 2296 qui
146 2271 189 2290 me
204 2260 291 2290 niisit.
314 2262 342 2289 Si
358 2269 409 2297 ego
433 2261 617 2288 testiinonium
632 2261 764 2298 perhibet:
778 2261 812 2287 de
826 2268 878 2298 ine.
934 2269 978 2288 me
998 2261 1087 2288 Pater.
1104 2260 1164 2296 ipse
1179 2262 1364 2298 testimonium
1384 2262 1514 2298 perhibet
1523 2262 1557 2290 de
1572 2260 1626 2289 mer.
1643 2268 1738 2298 neque

86 2298 267 2339 testimonium
294 2295 387 2339 meunj
407 2304 462 2339 non_
489 2302 530 2324 est
544 2295 655 2337 verum.
678 2295 755 2337 Alius
775 2301 816 2323 est
834 2297 880 2331 qui
934 2304 1028 2339 v'ocem
1044 2297 1104 2332 ejus
1116 2295 1243 2339 umquam
1257 2295 1489 2339 audis-tis'Ciieque
1502 2297 1613 2339 ﬁguram
1625 2296 1685 2332 ejus
1695 2295 1738 2323 ri-

87 2334 268 2361 testimonium
297 2333 422 2368 perhibet
447 2334 481 2360 de
502 2340 556 2359 me.
575 2337 603 2360 et
618 2332 676 2359 scio
691 2332 757 2368 quia
786 2339 880 2359 verum
934 2332 1022 2360 distis.
1036 2337 1063 2360 et
1073 2334 1185 2360 verbum
1196 2333 1256 2367 ejus
1267 2340 1321 2361 non
1334 2332 1475 2362 habetisiu
1486 2332 1562 2361 vobis
1570 2337 1737 2361 manentem.

85 2374 123 2396 est
141 2370 328 2397 testimonium
342 2369 413 2404 quod
428 2368 551 2403 perhibet
580 2368 615 2395 de
633 2368 744 2404 meVus
769 2368 883 2404 misistis
934 2368 995 2404 quia
1009 2376 1088 2404 quem
1102 2368 1177 2396 misit
1187 2368 1233 2396 ille
1244 2369 1305 2397 huic
1314 2376 1363 2397 vos

86 2405 116 2432 ad
140 2405 294 2433 Johannem
328 2403 358 2432 et
391 2404 574 2432 testimonium
597 2403 734 2439 perhibuit
761 2403 879 2431 veritati.

716 2461 833 2490 CODEX
851 2460 1090 2492 CORBEIENSIS.

118 2510 163 2546 28.
186 2511 255 2539 Dico
266 2510 340 2538 enim
353 2509 450 2538 vobis:
466 2509 554 2546 Nolite
569 2509 660 2537 mirari
675 2509 738 2546 hoc.
775 2545 779 2546 ν
973 2511 1017 2539 55.
1044 2510 1099 2538 Vos
1114 2510 1165 2546 ipsi
1187 2510 1299 2539 misistis
1312 2510 1347 2539 ad
1361 2518 1424 2539 me:
1438 2515 1467 2539 et
1480 2509 1665 2539 testimonium
1677 2517 1727 2546 per

119 2545 163 2573 5‘2.
184 2546 263 2574 Alter
277 2551 333 2579 est,
357 2547 401 2580 qui
419 2545 603 2574 testimonium
625 2545 750 2581 perhibet
765 2545 799 2573 de
821 2552 882 2573 me:
937 2546 1025 2574 hibuit
1045 2545 1165 2575 Joannes
1180 2546 1214 2574 de
1234 2554 1289 2575 me.

88 2583 177 2609 ommit
191 2582 262 2618 quod
284 2582 415 2619 sequitur,
439 2586 476 2619 et_
487 2581 543 2609 scio
556 2581 629 2617 quod
643 2589 736 2609 verum
750 2584 794 2609 est
809 2581 885 2609 testi-
973 2583 1018 2610 57.
1039 2589 1128 2619 neque
1140 2582 1261 2619 speciem
1275 2583 1335 2619 ejus
1347 2582 1466 2613 vidistis.

88 2617 221 2652 monium,
237 2618 309 2654 quod
323 2618 447 2654 perhibet
460 2617 495 2646 de
507 2625 561 2646 me.

711 2674 908 2703 VARIANTES
926 2673 1128 2703 LECTIONES.

120 2735 129 2768 ξ
147 2735 203 2768 Gaz.
217 2736 239 2759 et
249 2735 308 2768 Mm.
320 2741 405 2761 vocem
418 2736 471 2768 ejus
481 2742 488 2759 :
499 2739 532 2760 et.
548 2734 621 2767 Vulg.
631 2741 718 2768 yocem
726 2734 784 2768 Filii
798 2735 856 2760 Dei.
955 2766 959 2768 _
973 2734 984 2750 ⁸
1001 2735 1061 2759 Μηι.
1073 2733 1104 2759 ab
1114 2732 1254 2761 horninibus
1265 2734 1440 2762 testimonium.
1457 2733 1530 2768 Vulg.
1542 2735 1573 2761 ab
1584 2735 1682 2763 homine
1691 2740 1745 2763 tes-

118 2766 201 2798 ‘VGat.
214 2767 271 2797 quia
282 2767 385 2792 bona....
397 2765 461 2792 male
483 2765 672 2797 egerunthm.
687 2765 750 2792 male
770 2769 888 2798 egerunt.
942 2766 1078 2791 timonium.

91 2797 164 2830 Vulg.
176 2798 223 2829 qui
235 2798 325 2824 bona...
337 2798 401 2823 mala
413 2801 530 2830 egerunt.

751 2839 938 2869 BLANCHINI
957 2840 1074 2869 ΝΟΤΛΕ.

123 2889 161 2926 (η)
177 2889 216 2917 lia
227 2894 322 2927 ettex.
337 2888 385 2917 Gr.
399 2887 668 2927 αὑτοῦ.ς-(6)Αί1(1ὶι
678 2886 765 2927 _Palr_t's
779 2888 931 2927 etia_m_tex.
948 2888 995 2916 Gr.
1008 2888 1160 2926 aurpo’p—
1174 2886 1211 2925 (ο)
1220 2888 1334 2917 Additur
1344 2889 1419 2927 εἰμες,
1431 2889 1458 2918 in
1473 2889 1534 2918 cod.
1550 2897 1658 2926 quoque
1667 2890 1747 2920 Cant.

90 2924 182 2954 αὐέσῦ.
205 2940 240 2947 -
252 2926 292 2963 (d)
312 2926 381 2953 Ante
391 2926 472 2962 facio,
487 2924 564 2953 deest
580 2932 637 2960 ego,
649 2924 730 2953 etiam
742 2925 768 2952 in
784 2924 845 2952 cod.
860 2924 937 2953 Cant.
