1937 3163
218 165 278 206 58⁸1-
486 177 621 207 EUSEBII
639 177 809 207 VERCELL.
831 175 1057 208 EVANGELIUM
1075 175 1148 206 CUM
1173 175 1286 204 VARUS
1303 174 1381 204 COD.
1396 173 1596 205 COLLATUM.
1798 176 1840 205 588

413 235 528 265 CODEX
546 236 819 266 VERCELLENSIS.
1289 232 1406 261 (IODEX
1423 232 1648 262 VEBONENSIS.

219 289 273 310 non
285 280 375 309 credi—
637 284 785 316 quaeritis?
1071 281 1185 309 vos'non
1200 287 1261 308 cre-
1488 281 1618 316 quaeritis
1631 281 1643 307 Y

219 318 265 345 tis.
637 319 682 347 45.
704 319 794 347 Nolite
807 318 920 347 arbitra-
1069 317 1143 345 ditis.
1487 318 1533 345 45.
1554 317 1642 345 Nolite
1654 320 1745 351 putare

219 353 265 382 39.
287 353 411 390 Scrutate
424 353 518 389 Scrip—
639 363 669 382 re
682 355 751 390 quod
768 362 818 390 ego
1069 353 1115 381 39.
1135 352 1261 390 Scrutate
1276 351 1398 387 Scriptu-
1488 354 1615 388 quoniam
1625 359 1677 390 ego

220 394 305 422 turas,
323 389 349 416 in
365 390 423 424 quj-
488 388 495 389 7
638 388 814 418 vos'accusa-
1071 396 1126 423 ras,
1141 388 1267 420 quoniam
1488 397 1537 417 vos
1549 393 1613 424 aput
1625 388 1728 424 Patrem

219 425 270 466 bus
284 423 416 466 vps‘exlis-
639 431 788 466 turus_sum
1070 424 1171 466 putatis
1181 430 1230 466 vos
1489 424 1528 462 (α)
1542 423 1674 466 accusabo
1686 423 1705 460 τ
1713 444 1720 457 ,

220 461 321 497 timatis
335 461 362 488 in
376 461 410 488 il-
638 467 702 497 aput
714 462 832 495 Patrem,
1070 460 1097 488 in
1112 460 1177 495 ipsis
1190 461 1273 497 vitam
1491 460 1534 489 est
1545 461 1591 497 qui
1603 461 1650 497 bos

219 496 253 524 lis
267 497 347 533 vitam
361 504 408 525 ae-
638 495 735 533 estqui
747 499 757 514 ²
774 505 821 525 vos
1071 496 1274 533 aeternamrlta-
1490 495 1599 533 accuset
1613 495 1687 532 Moy-

219 536 324 569 ternam
337 532 421 561 habe-
638 532 749 562 accuset
762 533 838 569 Moy-
1071 532 1137 559 bere
1153 541 1160 558 :
1174 537 1202 559 et
1216 532 1291 566 ipsae
1490 540 1543 565 ses,
1560 532 1598 568 (ὁ)
1614 534 1640 559 in
1654 537 1730 569 quem

219 576 249 595 re
266 576 272 596 :
285 568 346 595 illae
359 573 440 601 sunt,‘
639 577 694 602 ses,
707 569 734 597 in
748 566 827 604 quem
1071 573 1144 601 sunt,
1161 575 1230 602 quae
1244 571 1283 594 te-
1490 576 1538 596 vos
1551 566 1680 602 sperastis
1689 566 1717 601 ὴ.

219 611 288 638 quae
304 604 376 631 testi-
639 604 684 633 46.
707 603 833 640 speratis.
846 604 875 633 Si
1071 603 1228 640 stimouium
1245 609 1305 636 ρει·-
1490 605 1534 632 46.
1555 604 1583 632 Si
1597 604 1669 640 enim
1677 609 1741 640 _cre-

219 640 342 667 monium
353 640 397 666 di-
640 641 711 668 enim
723 638 818 668 crede-
1072 638 1166 667 bibent
1178 639 1212 666 de
1226 645 1269 665 me
1283 646 1290 664 :
1490 640 1591 668 deretis
1601 638 1695 675 Moysi,

219 680 285 712 cunt
295 675 329 712 de
341 683 385 702 me
401 684 408 702 :
454 702 457 705 ,
640 677 705 704 retis
718 676 814 712 Moysi,
1072 675 1099 701 in
1110 674 1207 712 quibus
1223 681 1271 712 pu—
1490 675 1639 704 crederetis

219 710 247 738 in
260 710 358 745 quibus
374 718 423 745 pu—
639 710 786 740 crederetis
1073 711 1136 737 tatis
1151 717 1198 738 ros
1215 710 1254 736 vi-
1491 711 1603 739 forsitan
1618 714 1647 738 et

221 748 285 773 tatis
298 753 347 773 vos
359 748 442 774 vitam
639 753 666 775 et
683 748 747 775 mihi
760 756 769 774 :
784 748 818 776 de
833 756 876 777 me
1073 750 1127 773 tam
1140 746 1257 773 habere:
1491 747 1558 775 mihi
1573 755 1580 774 :
1596 747 1631 774 de
1644 753 1688 773 me

219 782 321 810 babere
337 791 343 808 z
357 782 408 819 hae
639 785 711 810 enim
724 784 769 811 ille
781 785 868 819 scrip-
1074 781 1141 808 haec
1155 786 1228 819 sunt,
1491 783 1563 810 enim
1578 783 1625 810 ille
1638 782 1704 819 scri-

219 823 293 850 sunt,
306 825 374 853 quae
384 817 419 845 de
638 819 685 846 47.
706 819 750 846 sit.
766 818 819 848 Sed
834 817 895 848 cum
1073 824 1143 852 qttae
1158 817 1234 844 teSIi-
1491 819 1537 846 47.
1559 819 1620 853 psit.
1637 817 1703 844 Nam
1718 817 1739 844 si

220 861 263 881 mc
275 854 424 881 testiﬁcan-
639 855 773 883 mandatis
785 856 816 883 il—
1074 853 1189 880 ﬁcantur
1202 853 1237 879 de
1492 854 1563 882 illius
1578 854 1675 881 litteris

219 890 264 918 40.
286 894 330 916 tur
344 897 352 916 :
367 894 393 916 et
406 896 457 918 nec
473 889 514 917 sic
638 890 691 918 lius
702 899 754 918 non
764 899 822 919 cre—
1073 889 1119 915 40.
1140 896 1202 916 me:
1217 892 1243 915 et
1259 892 1313 914 non
1491 897 1545 917 non
1560 889 1683 922 creditis,

220 926 301 962 vultis
317 926 394 952 veni-
638 926 720 959 datis,
732 935 846 962 quomo-
1073 924 1155 962 vultis
1171 924 1265 951 Venire
1490 925 1633 962 quomodo
1641 924 1729 962 verbis

220 968 251 988 re
264 961 298 989 ad
311 969 354 988 me
370 965 398 988 ut
638 962 674 989 do
688 960 779 990 verbis
790 971 849 991 me-
1073 960 1106 987 ad
1121 967 1165 987 me
1178 963 1208 986 ut
1491 963 1559 990 meis
1570 960 1707 989 credetis?

219 997 303 1024 vitam
319 996 418 1024 habea-
640 998 662 1025 is
677 998 811 1026 credetis?
1071 997 1155 1024 vitam
1167 995 1266 1022 habea-

319 1016 417 1024 ..ηυντ
640 1016 662 1025 ,ο
677 1016 808 1026 “suum.

219 1031 265 1069 471.
288 1033 332 1060 tis.
351 1031 470 1060 Gloriam
739 1055 853 1069 mn“...
875 1055 906 1069 ιη

1074 1016 1155 1059 iis'f'"
1167 1016 1253 1022 ’”“””“
1589 1017 1706 1048 CAPUT
1724 1016 1779 1069 vn

220 1055 470 1096 iﬁ'ii3&{i.ﬁl“"“"'
739 1055 853 1083 CAPUT
875 1055 917 1083 VL
1141 1066 1280 1094 Honorem
1293 1064 1328 1093 ab
1527 1067 1553 1094 Ι.
1575 1066 1641 1095 Post
1655 1065 1721 1093 haec
1732 1063 1791 1091 abiit

219 1103 271 1131 bus
285 1112 338 1131 non
354 1111 399 1131 ac—
674 1103 700 1130 1.
721 1102 786 1129 Post
801 1104 868 1130 haec
885 1102 951 1131 abiit
1074 1102 1231 1131 hominibus
1491 1103 1572 1131 Jesus
1585 1107 1663 1129 trans
1677 1107 1750 1128 mare

220 1138 266 1166 42.
287 1140 368 1175 cipio.
381 1140 390 1155 ¹
407 1139 461 1168 Sed
473 1146 537 1175 cog-
638 1137 718 1166 Jesus
732 1143 808 1165 trans
822 1146 880 1166 ma-
1074 1147 1128 1167 non
1144 1139 1257 1173 accipio.
1490 1138 1632 1167 Galilaeae
1646 1136 1689 1200 (σὲκ

221 1176 284 1200 novi
300 1183 360 1200 vos.
376 1175 447 1200 nund
639 1182 670 1200 re
680 1173 799 1200 Galileae
1074 1174 1120 1200 42.
1142 1175 1195 1200 Sed
1210 1172 1325 1200 cotznovi
1488 1174 1517 1200 in
1533 1179 1625 1200 partes
1635 1174 1654 1200 +

221 1176 285 1203 novi
300 1172 360 1208 vos,
376 1175 447 1211 quod
508 1172 521 1175 “
639 1182 670 1211 r_e
680 1173 799 1211 Galileae
1074 1174 1120 1202 42.
1142 1175 1195 1202 Sed
1206 1172 1325 1209 cognovi
1488 1174 1518 1211 in
1533 1172 1656 1211 partesj
1667 1172 1715 1200 Ti—

221 1212 361 1239 caritatem
385 1209 392 1211 ’
639 1209 790 1246 Tiberiadis
807 1219 814 1237 :
1074 1219 1135 1244 vos,
1149 1211 1276 1246 quoniam
1489 1210 1514 1237 2.
1537 1209 1678 1246 beriadis;
1693 1215 1734 1236 se.

221 1247 270 1274 Dei
284 1255 337 1275 non
353 1247 403 1275 ha-
639 1245 666 1272 2.
688 1245 853 1281 sequebatur
1075 1255 1129 1274 non
1142 1244 1245 1274 habetis
1279 1279 1285 1281 _
1490 1246 1625 1281 quebatur
1637 1244 1678 1280 td)

220 1282 292 1311 betis
306 1283 334 1311 in
346 1290 395 1310 vo-
640 1280 680 1317 (d)
694 1279 784 1309 auiem
794 1282 813 1317 f
827 1280 902 1309 illum
1076 1283 1220 1310 caritatem
1237 1279 1303 1317 Dei?
1491 1279 1582 1309 autem
1596 1281 1616 1317 ὴ
1631 1279 1692 1308 eum

221 1318 273 1346 bis.
639 1316 716 1344 turba
733 1316 828 1350 multa,
1074 1319 1121 1346 45.
1141 1318 1168 1345 in
1181 1318 1268 1345 vobis.
1283 1316 1340 1352 Ego
1491 1317 1569 1345 turba
1585 1317 1684 1349 multa,

220 1355 266 1382 45.
287 1355 345 1389 Ego
360 1354 421 1382 veni
438 1354 465 1382 in
481 1362 530 1383 ιιο⁸
638 1353 766 1416 ἓιιοιιίιηη
780 1354 817 1380 vi-
1075 1354 1137 1381 veni
1148 1355 1176 1381 in
1189 1353 1278 1380 uomi-
1492 1353 1555 1388 quia
1566 1353 1695 1380 videbant

221 1391 295 1416 mine
308 1391 396 1416 Patris
658 1389 739 1416 ebant
755 1389 811 1416 sius
1076 1398 1110 1416 ne
1124 1390 1212 1416 Patris
1225 1389 1294 1416 mei.
1492 1390 1580 1416 signa.
1595 1395 1667 1416 uuae

221 1391 295 1417 mine
308 1391 396 1418 Patris
638 1389 739 1416 debant
755 1389 811 1424 sig‘
1076 1398 1110 1417 ne
1124 1390 1212 1417 Patris
1225 1389 1294 1422 mei,
1492 1390 1580 1424 signa,
1595 1395 1667 1424 quae

221 1398 295 1417 nime
308 1397 396 1418 I’tllrlS
638 1397 739 1416 αθυιιῐιι
755 1397 776 1416 SI
798 1404 811 1412 ο
1076 1398 1110 1417 ne
1125 1397 1212 1417 l’alrlS
1225 1397 1294 1422 met,
1492 1397 1580 1424 Slgnil,
1595 1397 1656 1424 quat

220 1427 284 1459 mei.
298 1430 326 1454 et
337 1435 390 1454 non
639 1432 683 1457 na,
696 1432 766 1460 quae
777 1397 860 1453 geie-
1076 1430 1104 1454 et
1118 1432 1171 1453 non
1186 1424 1293 1459 accepi—
1493 1424 1608 1452 faciebat
1619 1424 1656 1451 de

220 1463 356 1498 accipistis
371 1470 433 1491 me:
639 1460 702 1498 bant
717 1468 797 1495 supra
1075 1461 1125 1488 stis
1139 1469 1182 1488 me
1196 1469 1203 1488 :
1219 1461 1248 1498 si
1492 1460 1658 1498 inlirmibus:

220 1497 242 1523 si
259 1495 327 1525 alter
343 1506 424 1526 vene-
638 1496 770 1523 inﬁrmos.
1074 1497 1145 1525 alius
1158 1497 1263 1524 venerit
1492 1496 1520 1524 5.
1541 1495 1671 1523 Ascendit
1686 1501 1729 1522 er-

220 1532 254 1560 rit
269 1533 296 1561 in
310 1535 396 1561 nomi-
638 1531 665 1559 5.
688 1532 761 1559 Abiit
775 1539 840 1566 ergo
853 1531 880 1559 in
896 1539 974 1560 mon-
1076 1533 1103 1559 in
1116 1533 1226 1560 nomine
1491 1539 1527 1567 go
1537 1531 1616 1563 Jesus
1627 1532 1656 1558 in

220 1576 255 1597 ne
267 1576 326 1601 suo,
340 1569 417 1597 illum
639 1572 692 1594 tem
706 1567 786 1595 Jesus
803 1578 809 1595 :
825 1572 853 1595 et
864 1567 901 1594 ibi
1036 1594 1041 1597 ,
1075 1576 1136 1602 suo,
1153 1568 1229 1595 illum
1246 1567 1317 1596 reci-
1493 1573 1612 1595 montem
1629 1587 1637 1600 ,
1652 1570 1679 1594 et

220 1604 371 1638 accipietis.
638 1603 750 1639 sedebat
762 1610 824 1630 cum
1076 1603 1121 1630 44.
1143 1605 1215 1639 pitis.
1231 1602 1374 1637 Quomodo
1494 1603 1532 1631 ibi
1546 1603 1663 1631 sedebat

219 1638 266 1666 44.
283 1637 429 1674 Quomodo
442 1647 490 1676 po-
638 1638 778 1676 discipulis
1076 1637 1189 1675 potestis
1203 1647 1250 1667 vos
1495 1646 1557 1667 cum
1568 1637 1709 1674 discipulis

221 1676 297 1703 testis
307 1683 355 1703 vos
365 1681 424 1704 cre-
637 1675 705 1711 suis.
1075 1676 1198 1709 credere,
1209 1675 1256 1711 qui
1496 1675 1564 1711 suis.

219 1711 294 1743 dere,
311 1711 425 1745 gloriam
637 1711 664 1738 4.
687 1710 771 1737 Erant
785 1715 876 1737 autem
1075 1709 1256 1739 honorcmab
1492 1709 1520 1737 4.
1541 1710 1607 1738 Erat
1619 1713 1712 1737 autem

219 1747 253 1775 ab
265 1747 380 1775 invicem
637 1746 649 1782 ξ
663 1746 689 1772 in
705 1746 831 1780 proximo
1075 1747 1191 1774 invicem
1207 1747 1315 1782 accepi~
1492 1746 1519 1774 in
1534 1746 1661 1782 proximo

219 1783 402 1818 accipientes:
638 1781 743 1818 Pascha
758 1782 817 1818 dies
1075 1782 1125 1811 stis
1139 1792 1145 1808 :
1162 1787 1190 1810 et
1203 1781 1289 1811 bono;
1491 1782 1601 1818 Pascha
1609 1781 1670 1809 dies

218 1824 247 1846 et
260 1815 374 1853 gloriam
638 1815 768 1854 solemnis
778 1817 826 1845 Ju-
1074 1826 1133 1846 rem
1147 1819 1217 1854 ejus,
1234 1818 1280 1854 qui
1491 1817 1576 1854 festus
1587 1816 1637 1845 Ju-

219 1854 253 1882 ab
268 1855 348 1882 unico
360 1862 414 1883 non
636 1853 777 1881 daeorum.
1075 1859 1117 1882 est
1130 1856 1214 1888 solus,
1230 1862 1282 1882 non
1490 1853 1634 1881 daeorum.

881 1911 1000 1940 CODEX.
1019 1911 1216 1942 BRIXIANUS.

218 1968 271 1998 non
279 1959 731 1998 creditis.ScrutaminiScribturas
742 1959 803 1995 quia
810 1967 859 1987 vos
866 1960 979 1995 putatis.
988 1961 1016 1998 in
1073 1964 1138 1996 aput
1149 1960 1269 1998 Patrem.
1283 1966 1324 1998 est
1335 1961 1379 1996 qui
1396 1965 1504 1998 accuset
1517 1967 1565 1998 vos
1579 1959 1721 1998 Moysesin
1732 1962 1802 1998 quem
1813 1958 1849 1998 to}

216 1997 371 2030 ipsisvitam
380 2002 517 2024 aeternam
528 1996 638 2024 habere.
655 2002 683 2023 et
698 1990 838 2023 hae-sunt.
854 1990 923 2030 quae
939 1997 1017 2023 testi-
1073 1990 1189 2031 speratis
1206 1996 1237 2025 Si
1263 1990 1499 2024 enim-crederetis
1522 1990 1777 2032 Moysi.'crjedcretis
1789 1990 1850 2032 (orsi:

217 2026 336 2059 manium
346 2032 589 2067 perhibentdeme.
597 2036 626 2059 et
638 2031 778 2059 nonvnltis
792 2026 923 2059 veniread
936 2040 978 2058 me
986 2037 1015 2058 ut
1074 2026 1119 2059 tan
1134 2037 1161 2059 et
1175 2033 1251 2060 inibi.
1268 2033 1302 2060 de
1317 2040 1360 2060 me
1375 2032 1449 2060 enim
1464 2032 1511 2060 ille
1525 2026 1643 2060 scribsit.
1656 2031 1684 2059 Si
1696 2033 1782 2067 autem
1795 2026 1850 2067 illiilli

216 2061 564 2096 vitamltabeatis.Gloriam
573 2067 766 2095 ablmminibus
776 2074 828 2094 non
837 2066 1015 2101 accipio.Sed
1073 2067 1171 2095 litteris
1193 2076 1247 2095 non
1262 2068 1384 2096 creditis.
1399 2068 1535 2103 quomodo
1555 2068 1623 2095 meis
1646 2066 1735 2103 verbis
1749 2061 1848 2103 creditis-

215 2095 463 2138 cognovivos.quia
474 2103 647 2130 dilectionem
656 2103 774 2130 Dei.non
786 2102 891 2129 habetis
900 2095 930 2128 ’ίιι
939 2102 1015 2129 vobis
1074 2103 1139 2129 Post
1162 2104 1228 2131 haec
1247 2095 1313 2131 abiit
1329 2095 1416 2132 Jesus‘
1427 2109 1502 2131 trans
1519 2111 1593 2131 mare
1604 2102 1734 2131 Galileae.
1745 2104 1771 2127 et

216 2133 293 2173 ipsis.
307 2139 361 2173 Ego
376 2133 472 2166 veniiu
483 2139 593 2165 nomine
607 2138 694 2165 Patris
703 2137 768 2170 mei,
783 2143 810 2164 et
823 2145 877 2164 non
889 2137 1012 2172 accipitis
1074 2138 1167 2165 riadis.
1191 2144 1219 2166 et
1231 2146 1339 2167 secutae
1353 2145 1417 2167 sunt
1429 2147 1490 2167 eum
1503 2140 1598 2167 turbae
1613 2139 1713 2165 multae
1724 2133 1850 2174 quiavide'

216 2170 271 2211 me.
295 2174 317 2201 si
330 2170 401 2211 illius
414 2174 518 2201 venerit
540 2175 565 2200 in
581 2174 762 2211 aminneum.
776 2173 851 2211 illum
862 2170 1009 2211 accipietis.
1070 2179 1131 2201 rant
1142 2175 1217 2210 signa
1232 2184 1300 2211 quae
1314 2175 1429 2203 faciebat
1442 2182 1526 2210 super
1537 2175 1672 2202 inﬁrmos.
1689 2170 1806 2211 Asceudjl
1818 2174 1850 2211 (ξιξ

215 2209 477 2245 Qumnodopotestis
490 2208 668 2237 vosoredere.
679 2208 832 2244 gloriamab
846 2203 1014 2236 invicemac-
1069 2218 1105 2245 go
1128 2210 1153 2236 in
1166 2203 1298 2239 "tuon'tem
1320 2211 1410 2239 Iesus.
1432 2217 1460 2238 et
1476 2203 1510 2238 ibi
1528 2211 1642 2238 sedebat
1658 2217 1718 2236 cum
1732 2203 1849 2245 discipulis

215 2241 380 2283 cipieuteset
393 2245 506 2280 gloriam
513 2253 582 2280 quae
593 2245 671 2283 a_Deo
682 2241 742 2283 solo
752 2249 793 2283 est
806 2252 858 2271 non
869 2245 1010 2283 quaeritis.
1070 2241 1138 2272 suis.
1155 2246 1220 2274 Erat
1233 2253 1323 2275 autem
1339 2248 1464 2283 proximo
1470 2246 1584 2274 Pascha.
1592 2246 1651 2274 dies
1658 2245 1740 2273 {estus
1751 2241 1848 2271 Μάκαι

215 2281 304 2310 Nolite
323 2287 413 2309 autem
437 2286 542 2316 putare.
568 2280 631 2316 quia
653 2288 703 2317 ego
721 2280 912 2316 (ataccusabo
927 2281 945 2316 1‘
964 2288 1014 2308 vos
1070 2289 1140 2309 rum.

851 2337 968 2366 CODEX
988 2337 1226 2368 CORBEIENSIS.

251 2388 296 2416 59.
316 2386 480 2424 Scrutamini
504 2386 675 2424 Scripturas,
690 2385 717 2413 in
739 2385 838 2421 quibus
851 2393 900 2414 vos
916 2388 1016 2422 putatis
1073 2388 1160 2424 vicem
1175 2393 1357 2423 quaerentes:
1377 2393 1408 2417 et
1428 2388 1554 2424 gloriam,
1569 2394 1638 2424 quae
1651 2386 1685 2414 ab
1701 2385 1745 2413 illo
1757 2382 1808 2412 solo
1819 2382 1851 2407 εει

215 2424 299 2451 vitam
315 2429 454 2450 aeternam
470 2422 582 2450 habere.
1073 2423 1141 2455 Deo,
1155 2422 1208 2451 etc.

250 2460 297 2486 41.
318 2459 438 2487 Gloriam
454 2459 488 2485 ab
502 2457 666 2485 hominibus.
1109 2451 1175 2487 Cir.
1197 2459 1240 2488 Vl.
1261 2475 1297 2480 ——
1311 2461 1337 2488 l.
1349 2465 1424 2488 trans
1435 2467 1509 2487 mare
1522 2459 1673 2492 Galilaeae,
1684 2455 1775 2484 ‘illius
1788 2451 1851 2490 Tibt-

249 2494 296 2523 45.
317 2496 343 2522 in
368 2495 478 2522 nomine
492 2494 579 2531 Patris
594 2493 646 2521 mei
661 2494 734 2528 veni,
748 2493 759 2510 ‘
774 2497 801 2521 et
812 2501 865 2522 non
882 2495 892 2510 '
910 2496 1016 2531 accepi-
1073 2495 1176 2523 riadis:
1212 2497 1377 2531 sequebatur
1408 2501 1498 2524 autem
1524 2496 1601 2523 illum
1622 2491 1764 2522 latitudo
1775 2510 1783 2524 ,
1800 2494 1849 2523 qu"

215 2531 284 2568 stis;
300 2531 355 2568 fisi
371 2530 440 2568 alius
454 2530 570 2568 venerit.
715 2565 723 2568 _
814 2565 821 2568 _
858 2566 863 2568 _
942 2566 948 2568 Α
974 2530 983 2568 ξ
1071 2535 1127 2559 etc.
1149 2550 1157 2558 .
1179 2549 1188 2559 .
1208 2551 1216 2559 .
1231 2530 1330 2566 dehis,
1343 2532 1389 2568 qui
1404 2532 1623 2560 inﬁrmabantur.

250 2566 296 2594 44.
308 2565 457 2601 Quomodo
471 2567 585 2602 potetis
598 2572 648 2595 vos
659 2565 782 2599 credere,
796 2565 911 2602 gloriam
924 2566 958 2595 ab
972 2567 1015 2595 in—

846 2625 1044 2656 VARIANTES
1061 2627 1265 2657 LECTIONES.

246 2677 265 2709 ι,
274 2675 327 2709 Gut.
339 2675 388 2709 Sed
408 2675 564 2709 cognorimus
574 2692 582 2709 ,_
593 2673 651 2709 quia
666 2672 830 2709 dilectionem.
846 2679 895 2698 non
905 2674 1012 2709 babetis.
1098 2676 1112 2709 ξ
1129 2675 1183 2709 Gut,
1199 2680 1221 2702 et
1230 2679 1289 2703 Mm.
1303 2679 1330 2702 et
1341 2683 1390 2702 non
1402 2677 1532 2709 accepistis
1543 2682 1592 2703 me.

217 2700 289 2739 Vulgi.
301 2708 351 2732 Sed
362 2700 466 2735 engiioii
479 2713 529 2735 vos,
542 2700 771 2736 quia'dileetionem
782 2704 831 2729 Dei
846 2706 1013 2742 non_habetis.
1101 2708 1112 2723 '
1398 2700 1708 2741 'éi'mi'bmteruo
1715 2706 1820 2736 uapore,
1830 2700 1850 2724 ut

244 2740 256 2755 ι
273 2739 326 2764 ϐαι.
340 2741 362 2763 ει
375 2739 433 2770 alin.
447 2743 489 2761 vos
499 2739 600 2770 accuset
610 2735 794 2770 noyses...jam
803 2739 926 2767 sperastis.
943 2735 1015 2770 Vulg.
1071 2738 1127 2770 cod.
1143 2739 1300 2766 Corbaenm.

213 2773 312 2795 accusat
324 2777 365 2794 vos
377 2769 482 2799 Moyses,
498 2769 520 2792 in
533 2774 582 2798 quo
594 2774 636 2792 vos
645 2768 758 2798 speratis.
798 2797 802 2799 _
990 2768 998 2770 '
1103 2769 1114 2785 ο
1131 2772 1192 2796 Mm,
1202 2771 1375 2798 Tiberidhnis,

246 2802 257 2818 ³
275 2801 328 2827 Gut.
342 2802 366 2825 in
380 2797 521 2831 proximum.
537 2797 594 2824 Mm.
606 2797 737 2830 proximus.
753 2797 827 2831 Vulg.
840 2799 985 2830 proximum.

878 2849 1067 2883 BLANCHINI
1087 2856 1203 2885 ΝΟΤΔΞ.

252 2917 291 2956 (α)
314 2917 351 2945 ita
370 2920 406 2956 et,
499 2914 547 2956 Gr.
562 2915 742 2956 1957111093602):
761 2926 797 2933 —-
818 2911 856 2948 (b)
869 2911 950 2940 Juxta
979 2916 1034 2941 tex.
1056 2914 1105 2943 Gr.
1122 2918 1159 2949 εἰς
1173 2917 1200 2946 ὃν
1214 2918 1287 2954 ὑμεῖς
1301 2918 1435 2949 ἠλπίκατε.
1448 2918 1533 2956 —-(c)
1548 2918 1586 2947 Ita
1611 2921 1642 2945 et
1656 2916 1715 2945 εθᾶ.
1733 2914 1805 2942 (ἷπίι
1820 2910 1847 2940 είΐ

215 2948 746 2992 τὰμέρη.-(‹ι)1ιειθιοο‹1.ῦείιι.δέ.
1149 2948 1152 2949 ⁷
1232 2948 1235 2954 ·
1276 2948 1314 2950 ⁷⁷
1497 2948 1530 2956 "
1570 2956 1574 2959 ι
