1937 3163
230 161 283 191 391

430 214 545 244 CODEX
568 214 835 244 VERCELLENSIS.

236 264 279 292 16.
304 264 407 292 Etcum
421 269 483 291 scrc
654 271 708 291 non
727 266 787 290 erat

234 300 334 329 factum
346 303 436 332 esset,
654 300 705 327 nisi
722 306 774 326 una
785 319 794 332 ,
807 298 834 325 in

236 335 384 364 dcscende-
654 342 707 370 qua
722 334 852 362 ascende—

236 378 299 400 runt
312 371 394 400 disci-
655 375 716 398 rant
729 370 847 405 discipu-

236 408 281 437 17.
298 407 354 444 puli
368 407 426 442 ejus
441 405 475 434 ad
655 407 672 434 li
688 406 752 444 Jesu
764 427 771 438 ,
782 411 810 444 et
824 405 897 441 quod

237 441 322 472 mare.
337 443 371 471 Et
381 441 427 471 as-
655 450 709 470 non
726 441 805 470 simul

238 479 390 507 cenderunt
655 486 718 506 cum
730 478 849 513 discipu~

238 515 266 543 ln
282 523 366 548 nave,
381 518 409 543 et
419 514 441 542 i-
657 514 690 542 lis
702 513 759 542 suis
774 514 858 541 intra-

239 552 305 579 bant
318 554 394 578 trans
657 550 696 577 vit
708 549 787 577 Jesus
803 550 829 577 in
845 555 892 576 na-

240 594 317 615 mare
330 587 358 614 in
368 585 420 616 Ca—
470 585 482 595 ‘
659 585 746 613 vicula
755 606 762 618 ,
778 585 825 613 sed
840 590 864 612 ta
869 592 899 611 n-

241 623 412 659 pharnaum:
660 626 716 659 tum
737 621 857 659 discipu-

243 657 251 685 ζ
270 678 278 685 .
300 662 312 686 t
327 658 456 686 tenebrae
659 657 678 684 li
692 657 750 692 ejus
767 658 890 685 abierant
907 665 914 684 :

240 695 299 731 jam
314 699 411 731 erant:
659 692 706 720 25.
718 692 796 731 _ali_ae
810 697 900 721 autem

243 729 272 759 et
281 730 401 759 nondum
661 729 804 757 naviculae

243 771 354 794 venerat
366 765 447 794 Iesus
661 769 795 792 venerunt

241 802 277 830 ad
291 802 365 830 illos.
662 800 697 828 de
711 800 855 829 Tiberiade

246 859 254 867 .
294 857 302 865 .
341 857 349 865 .
389 855 397 864 .
436 856 444 863 .
485 856 493 864 .
663 843 748 871 prope
762 837 851 864 locum

245 873 290 902 18.
310 880 409 909 magno
420 879 482 901 ven-
663 872 707 900 ubi
722 872 838 900 mandu-

246 914 274 938 to
288 909 369 937 ﬂante
381 929 390 942 ,
403 909 460 944 jam
663 912 796 935 caverunt

246 945 385 981 surgebat.
520 978 527 981 Α
663 950 773 981 panem.

245 978 326 1010 19.’.
352 1001 360 1009 .
382 987 445 1008 cum
460 978 541 1008 remi-
663 980 710 1008 2A.
729 979 798 1007 Cum
813 986 888 1016 ergo.
911 1001 918 1008 .
934 995 946 1000 -

281 1037 291 1046 .
314 1022 390 1046 ssent
401 1017 442 1044 τε·
665 1016 777 1044 dissent.
799 1035 806 1042 .
827 1030 851 1042 .-

249 1074 256 1082 .
278 1073 286 1080 .
312 1073 321 1081 .
340 1052 429 1081 stadia
443 1059 499 1079 xxv
665 1052 717 1079 bae
730 1051 813 1087 quod.
836 1071 843 1079 .
867 1071 874 1079 .
899 1072 905 1079 .
928 1072 936 1079 .

244 1089 289 1118 vel
301 1089 430 1123 xxx.vi-
548 1092 551 1095 ‘
666 1095 719 1116 non
734 1095 761 1123 e.
784 1107 791 1114 .
814 1107 821 1114 .
844 1107 850 1114 .
874 1107 880 1114 .
904 1108 912 1115 .
934 1102 956 1114 .-

246 1125 314 1154 dent
326 1124 419 1152 Jesum
434 1131 492 1152 am—
666 1131 719 1159 que
731 1122 768 1150 di.
792 1142 799 1149 .
821 1142 829 1150 .
850 1143 858 1150 .
880 1143 887 1151 .
902 1123 921 1151 li

248 1162 387 1190 bulantem
401 1168 447 1188 su-
666 1159 741 1194 ejus,
756 1166 853 1186 ascen-

247 1205 296 1234 pra
311 1203 386 1224 mare
398 1216 406 1229 ,
421 1200 449 1223 et
665 1195 843 1234 deruntcon-

249 1230 418 1275 propenave
665 1230 755 1275 restim
770 1230 798 1258 in
813 1238 860 1275 na-

249 1266 326 1303 iieri,
341 1268 438 1303 timue-
449 1302 463 1303 η
665 1266 827 1303 viculas,_ct
840 1274 886 1295 ve-

248 1305 294 1334 20.
315 1300 388 1332 runt.
403 1302 508 1337 Quibus
665 1306 767 1330 nerunt
778 1300 831 1330 Ca—

248 1342 307 1377 ipse
319 1340 375 1368 ait:
388 1339 447 1374 Ego
462 1345 523 1366 sum
535 1358 543 1371 ,
665 1337 815 1373 pbarnaum

249 1377 333 1405 nolite
345 1378 424 1404 time-
664 1379 829 1405 quaerentes

247 1413 293 1441 21.
315 1420 354 1441 re.
369 1412 409 1454 (a)
423 1409 558 1438 Volabant

247 1457 313 1485 ergo
323 1455 430 1490 accipe-

249 1493 280 1514 re
293 1485 367 1513 illum
382 1492 409 1512 In

250 1529 364 1550 navem:
378 1524 406 1548 et
420 1525 470 1546 na-

684 1411 710 1438 5.
730 1409 836 1438 Jesum.
852 1409 887 1438 Et
900 1409 977 1439 inve-

666 1449 765 1474 nerunt
779 1446 857 1473 illum

668 1486 742 1509 trans
755 1489 829 1509 mare
841 1502 849 1516 ,

666 1521 696 1545 et
707 1517 835 1545 dixerunt
934 1549 937 1551 _

667 1553 708 1580 illi
724 1562 731 1580 :
749 1552 837 1580 Rabbi
850 1573 858 1586 ,
874 1555 883 1568 ³
896 1559 983 1588 quan~

667 1588 703 1617 do
718 1588 770 1616 hoc
783 1588 875 1616 venis-

666 1623 713 1652 26.
735 1624 772 1651 ti!
788 1623 940 1659 Respondit

248 1557 290 1585 vis
301 1555 444 1585 confestim

248 1593 320 1621 facta
334 1590 424 1633 estad

249 1634 350 1657 terram
358 1648 367 1661 ,
382 1635 409 1654 in

248 1664 295 1692 22.
311 1659 366 1700 qua
379 1663 464 1690 ibant.
478 1660 527 1688 Al-
668 1660 722 1700 illis
736 1659 817 1688 Jesus
827 1680 835 1692 ,
850 1659 944 1688 dicens
961 1669 967 1687 :

250 1706 308 1729 tera
320 1695 367 1728 'die
381 1704 438 1726 tur—
668 1695 755 1723 Anien
766 1715 774 1727 ,
790 1702 870 1723 amen

248 1736 316 1769 hae,
330 1741 401 1771 quae
413 1738 466 1762 sta-
668 1732 730 1759 dico
742 1732 817 1771 v_o_vis
835 1740 843 1758 :

249 1767 316 1800 bant
327 1767 403 1799 tians
668 1767 800 1803 quaeritis
814 1774 858 1794 me

249 1815 342 1840 mare,
357 1806 433 1834 vide-
667 1802 743 1840 non}
757 1803 819 1840 quia
840 1802 881 1830 vi-

249 1848 312 1872 m“
327 1838 388 1884 (ξυίὲ
402 1842 440 1870 δι·
462 1856 485 1870 ··
667 1838 746 1884 ᾳῖἒίξῗ
759 1839 869 1884 είξτιίξέ,

249 1887 266 1908 a
281 1874 405 1907 navicula
668 1874 705 1911 (ε)
719 1879 748 1903 et
767 1874 887 1911 prodigia
902 1874 921 1910 f
932 1895 941 1908 ,

501 157 637 189 EUSEBﬂ
656 157 826 187 VERCELL.
847 157 1074 187 EVANGELIUM
1093 156 1164 188 CUM
1185 157 1300 187 VARIIS
1318 156 1398 187 COD.
1414 156 1613 186 COLLATUM.
1825 158 1870 190 392

1300 216 1416 245 CODEX
1435 214 1661 245 VERONENSIS.

1088 264 1132 292 16.
1154 263 1221 292 Cum
1236 268 1327 292 autem
1341 271 1389 292 ve-
1505 270 1558 291 non
1570 262 1652 291 simul
1664 268 1760 291 ascen-

1087 307 1168 336 spere
1182 300 1280 328 iactum
1504 298 1548 336 dit
1555 306 1617 336 cum
1624 298 1713 336 _dis_ci-

1087 333 1160 377 esset
1169 335 1335 377 ,"discende-
1505 334 1576 377 pniis
1589 334 1646 361 silis
1659 333 1739 377 Iesus
1757 368 1761 372 Α

1089 376 1152 399 runt
1164 371 1288 407 discipuli
1507 369 1533 398 in
1550 377 1646 407 navem
1660 390 1667 402 ,
1679 369 1731 407 sed

1088 407 1147 440 eius
1163 408 1195 435 ad
1210 405 1294 436 mare.
1506 406 1556 434 soli
1570 405 1698 441 discipuli

1091 444 1134 470 17.
1157 443 1190 470 Ει
1202 444 1381 472 ascendentes
1506 441 1565 476 ejus
1580 441 1690 469 fuerunt
1705 450 1712 468 :

1090 479 1240 507 naviculam
1252 501 1260 513 ,
1275 480 1368 509 venic-
1506 477 1552 505 25-
1573 481 1600 505 el
1615 477 1652 514 (ε)
1666 484 1729 506 cum

1089 515 1154 543 bant
1168 519 1245 543 trans
1257 524 1316 543 ma-
1507 521 1602 549 snper-

1090 559 1121 579 re
1135 551 1162 578 in
1176 551 1337 580 Calarnaum
1355 561 1362 580 :
1507 549 1646 577 venissent
1657 549 1676 585 ἦ·

1091 591 1118 614 et
1131 594 1191 615 cum
1202 587 1257 622 jam
1508 584 1578 622 aliae
1592 584 1674 622 naves

1092 621 1219 651 tenebrae
1234 623 1320 652 factae
1509 628 1524 648 a
1538 621 1698 653 Tiberiade.

1092 664 1184 687 essent
1199 667 1206 686 :
1224 659 1344 687 nondum
1509 664 1579 693 quae
1594 657 1621 684 in
1638 664 1701 693 pro-7

1093 699 1204 723 venerat
1215 695 1248 722 ad
1263 703 1310 724 eos
1511 692 1583 720 ximo
1597 697 1676 720 erant
1690 692 1731 720 lo-

1092 730 1182 758 Jcsus.
1509 736 1559 762 co,
1575 728 1631 757 illic
1648 728 1695 757 ubi

1095 766 1138 794 18.
1160 766 1233 795 Mare
1246 772 1336 795 autem
1346 789 1354 802 ,
1510 764 1741 793 manducaverant

1093 803 1261 831 validissimo
1275 809 1355 831 vento
1510 808 1607 864 Eanem
1616 821 1624 834 ,
1641 808 1724 837 quem

1094 838 1194 864 ﬂante.
1208 839 1329 864 insnrue-
1531 837 1688 864 enedixerat

1094 838 1194 871 ﬂante,
1208 839 1329 875 insurge-
1510 837 1688 875 benedixerat

1096 875 1140 902 19.
1156 875 1229 902 bant.
1247 872 1354 903 Et'cum
1513 872 1653 900 Dominus.

1096 911 1273 946 remigassent
1287 917 1341 939 sta-
1512 908 1558 946 24.
1579 907 1646 936 Cum
1660 915 1725 943 ergo

1095 945 1140 973 dia
1155 944 1231 981 quasi
1244 954 1296 974 xxv
1513 944 1644 981 vidissent
1659 949 1714 981 t_ur-

1096 982 1141 1010 vel
1153 979 1211 1009 ixx
1225 1002 1232 1015 ,
1250 982 1343 1010 vident
1514 980 1564 1008 bae
1579 980 1650 1015 quod
1663 979 1707 1007 Je-

1097 1017 1189 1045 Jesum
1205 1018 1347 1046 ambulan-

1099 1058 1153 1081 tem
1167 1061 1248 1088 super
1262 1062 1320 1081 ma-

1099 1097 1129 1117 re
1141 1110 1148 1117 .
1165 1095 1192 1117 et
1204 1091 1280 1125 juxta
1294 1099 1341 1118 na-

1098 1133 1159 1153 vem
1173 1125 1231 1153 ﬁeri
1240 1146 1247 1158 ,
1264 1131 1292 1154 et

1099 1163 1247 1190 timuerunt
1260 1163 1317 1190 val-

1097 1197 1142 1225 20.
1163 1198 1207 1226 de.
1223 1198 1269 1226 Ille
1282 1203 1371 1227 autem

1098 1233 1165 1261 dixit
1184 1234 1224 1261 eis
1239 1243 1246 1261 :
1261 1234 1318 1269 Ego

1097 1276 1157 1310 sum
1168 1291 1174 1303 ,
1190 1269 1274 1298 nolite

1099 1309 1205 1334 timere.

1098 1341 1144 1368 21.
1166 1341 1204 1377 (a)
1221 1341 1354 1383 Yolebant
1367 1342 1388 1378 ἰ-

1100 1384 1166 1412 ergo
1183 1385 1304 1412 recupere

1513 1023 1560 1043 SUB
1575 1024 1628 1043 llOﬂ
1644 1020 1686 1043 est

1514 1051 1566 1085 ibi,
1583 1059 1672 1086 neque
1685 1051 1726 1079 di-

1514 1088 1612 1122 scipuli
1624 1090 1684 1124 ejus
1696 1108 1703 1120 ,

1514 1123 1556 1159 (ά)
1573 1123 1735 1160 acceperunt

1514 1160 1566 1188 sibi
1584 1161 1636 1196 ipsi
1650 1168 1698 1189 na-

1513 1197 1616 1224 viculas
1634 1196 1655 1232 -j-
1667 1217 1675 1230 ,
1689 1199 1717 1225 et

1514 1237 1650 1261 venerunt
1671 1234 1698 1261 in

1515 1267 1681 1296 Cafarnaum

1537 1309 1690 1332 uaerentes.

1538 1341 1564 1368 5.
1586 1340 1696 1368 Etcum
1714 1338 1789 1367 inve-

1519 1376 1623 1404 nissent
1636 1383 1700 1404 eum

1102 1420 1164 1440 eum
1178 1413 1204 1440 in
1219 1421 1269 1440 na-
1521 1417 1595 1440 trans
1615 1419 1690 1439 mare
1698 1431 1706 1443 .

1100 1449 1215 1476 viculam
1232 1457 1239 1476 :
1255 1454 1283 1477 et
1520 1447 1647 1476 dixerunt
1660 1446 1686 1476 ei
1702 1455 1715 1474 ε’

1102 1486 1193 1512 statim
1209 1486 1285 1513 navis
1519 1483 1606 1512 Rabbi
1618 1504 1627 1518 ,

1101 1520 1217 1549 accessit
1229 1520 1262 1548 ad
1520 1520 1627 1552 quando

1103 1560 1200 1583 terram
1210 1577 1217 1590 ,
1231 1557 1258 1584 in
1270 1565 1322 1592 qua
1520 1554 1564 1592 llic
1577 1556 1694 1584 venisti?

1102 1592 1187 1628 ibant.
1278 1589 1287 1592 “
1519 1590 1565 1619 26.
1586 1589 1737 1628 Respondit

1102 1627 1148 1654 22.
1169 1628 1261 1656 Altera
1273 1634 1364 1656 autem

1102 1663 1151 1700 die
1162 1664 1241 1691 turba
1251 1685 1258 1696 .
1271 1672 1339 1700 quae

1103 1699 1191 1727 stabat
1206 1704 1281 1728 trans

1103 1742 1179 1763 mare
1192 1756 1199 1768 ,
1216 1735 1287 1763 vidit

1518 1632 1608 1656 autem
1624 1627 1665 1656 eis
1676 1627 1723 1656 Je-

1519 1670 1565 1691 sus
1575 1683 1584 1697 ,
1598 1668 1626 1691 et
1640 1663 1707 1692 dixit
1721 1670 1730 1688 :

1519 1699 1605 1727 Amen
1614 1719 1621 1733 ,
1640 1706 1720 1727 amen

1520 1735 1582 1763 dico
1596 1735 1673 1763 vobis
1694 1744 1703 1763 :

1520 1771 1649 1806 quaeritis
1663 1777 1708 1798 me

1522 1814 1576 1834 non
1590 1807 1653 1842 quia
1667 1807 1707 1834 vi-

1523 1841 1606 1870 distis
1614 1843 1690 1877 signa
1704 1841 1752 1877 (ε),

1524 1882 1552 1906 et
1565 1877 1685 1914 prodigia
1695 1877 1716 1914 -ι-
1725 1897 1733 1911 ,

1103 1770 1165 1805 quia
1184 1771 1321 1806 navigium

1103 1806 1170 1833 aliut
1185 1814 1238 1834 non
1255 1811 1314 1835 erat

1104 1841 1155 1878 nisi
1171 1850 1255 1870 unum
1273 1842 1310 1878 (ὑ)

1109 1877 1196 1914 ἰιιιιι-ι-
1206 1899 1213 1911 ,
1228 1883 1255 1906 et
1267 1878 1327 1914 quia

909 1932 1026 1961 CODEX
1044 1933 1241 1964 BRIXIANUS.

248 1987 315 2016 Cum
328 1990 419 2015 autem
433 1992 495 2014 sero
511 1984 611 2012 factum
624 1988 697 2011 esset
711 1983 910 2011 descenderunt
920 1981 1046 2019 discipuli

248 2024 309 2059 ejus
323 2023 357 2050 ad
373 2030 467 2059 mare;
482 2021 515 2059 Et
533 2019 711 2049 ascendentes
733 2020 758 2059 i_n
775 2020 896 2059 navicula
913 2024 1047 2059 venerunt

249 2055 325 2087 trans
334 2058 442 2086 marein
449 2057 636 2092 Capliarnanni
643 2056 805 2092 ctrtcncbrae
812 2056 866 2089 jam
875 2055 961 2081 factae
970 2059 1049 2082 erant

249 2099 277 2122 et
291 2094 410 2122 nondum
423 2091 533 2121 venerat
553 2092 586 2119 ad
603 2099 650 2119 eos
664 2091 754 2118 Jesus.
773 2091 845 2117 Mure
861 2096 952 2117 autem
965 2096 1048 2118 vento

249 2137 347 2165 magno
369 2130 461 2165 ﬂante.
484 2127 654 2165 exsurgebat.
677 2127 743 2153 Cum
768 2134 843 2165 ergo‘
857 2127 1046 2165 reiuigassent.

270 2161 327 2192 na'si
351 2164 438 2192 stadia
469 2161 714 2199 viginti'qninqne.
740 2166 786 2188 aut
811 2161 930 2195 triginta.
957 2162 1050 2190 vident

270 2173 327 2192 IIaSI
351 2173 438 2192 stadia
469 2173 560 2199 Vlglntl
585 2173 714 2198 qumque.
740 2173 786 2188 aut
811 2173 930 2195 triginta.
958 2173 1049 2190 viuent

249 2173 343 2229 gesuln
368 2199 551 2227 ambulantem
579 2206 660 2232 super
677 2204 762 2225 mare.
792 2202 819 2224 et
843 2204 928 2232 prope
953 2205 1049 2225 navem

250 2237 417 2264 venientem.
445 2240 473 2263 et
495 2236 651 2262 timuerunt.
690 2233 738 2260 llle
777 2237 867 2260 autem
891 2232 959 2260 dixit
997 2235 1048 2262 eis.

251 2273 311 2309 Ego
323 2279 384 2300 sum
409 2271 492 2309 nolite
520 2271 624 2298 timere.
643 2269 681 2305 (a)
697 2267 863 2309 Volebantj-
877 2276 951 2309 ergo.
977 2270 1050 2297 acciv

251 2304 316 2344 ρει-ε
338 2315 400 2335 eum
422 2308 449 2344 in
477 2304 758 2344 navem._‘et'stat_im
784 2304 861 2344 navis
898 2304 968 2344 facta
996 2310 1048 2333 est.

249 2340 284 2373 ad
309 2349 418 2373 terram.
442 2342 470 2371 in
485 2350 566 2378 quam
587 2342 671 2378 ibant.
695 2341 794 2378 Altera
809 2340 863 2368 die.
889 2340 967 2378 turba
979 2349 1050 2377 quae

249 2381 341 2410 stabat
372 2384 448 2408 trans
473 2376 558 2408 mare.
588 2377 726 2405 viderunt.
752 2377 813 2412 quia
839 2376 963 2404 navicula
982 2376 1048 2405 alia.

1101 1992 1154 2021 non
1177 1990 1236 2013 erat
1259 1985 1306 2013 ibi.
1329 1986 1381 2013 nisi
1403 1993 1457 2013 una
1480 1989 1508 2013 et
1532 1985 1595 2021 quia
1617 1991 1672 2012 non
1687 1982 1769 2021 simul
1793 1982 1882 2021 intravit

1099 2019 1181 2049 Jesus
1205 2029 1266 2049 cum
1291 2021 1432 2056 discipulis
1453 2021 1510 2049 suis
1541 2014 1568 2049 in
1610 2020 1743 2048 navicula.
1771 2018 1815 2046 sed
1843 2014 1881 2056 Soli

1101 2056 1227 2092 discipuli
1240 2057 1298 2092 ejus
1322 2054 1455 2086 abierant.
1481 2057 1550 2084 aliae
1573 2064 1638 2084 vero
1654 2057 1747 2085 Fnaves
1772 2054 1882 2082 venerunt

1101 2099 1117 2119 a
1143 2092 1286 2122 Tiberiade
1309 2094 1385 2127 juxta
1406 2094 1506 2121 locum.
1532 2092 1578 2120 ubi
1603 2092 1883 2127 manducaverantqpaj

1103 2136 1175 2156 nem.
1203 2137 1298 2166 quem,
1309 2125 1448 2158 benedixit
1473 2128 1614 2166 Dominus.
1629 2127 1777 2166 Cnm_ergo
1790 2125 1883 2166 vidisset

1104 2165 1193 2192 turba.
1209 2162 1271 2200 quia
1284 2165 1364 2194 Jesus
1378 2173 1431 2192 nun
1448 2170 1520 2193 esset
1531 2164 1579 2192 ibi.
1596 2171 1683 2199 neque
1693 2162 1817 2198 discipuli
1828 2162 1881 2200 ciui.

1105 2197 1286 2229 ascenderunt
1313 2200 1456 2229 Confestim
1484 2200 1510 2228 in
1539 2197 1685 2227 naviculas.
1717 2204 1744 2227 et
1766 2197 1882 2224 venerunt

1105 2235 1291 2271 Capbarnaum
1308 2242 1468 2272 quaerentes
1486 2236 1589 2265 Jesnm.
1606 2236 1638 2264 Et
1659 2235 1820 2272 invenerunt
1834 2236 1881 2272 eum

1106 2276 1180 2307 trans
1189 2280 1273 2301 mare.
1284 2271 1454 2301 elidixerunt
1464 2273 1499 2300 ei.
1511 2272 1597 2299 Rabbi
1610 2271 1720 2307 quando
1731 2271 1782 2307 huc
1791 2271 1879 2307 venisil-

1104 2306 1301 2343 Responditeis
1311 2308 1400 2337 Jesus.
1416 2313 1444 2337 et
1458 2308 1527 2336 dixit
1536 2303 1627 2336 Amen
1637 2315 1719 2344 amen
1735 2303 1878 2344 dico__v9bi§'

1104 2336 1234 2378 quaeritis
1240 2352 1293 2373 me.
1310 2336 1432 2381 nonquia
1442 2344 1546 2373 vidistis
1560 2344 1636 2379 signa
1655 2342 1693 2379 (ε)
1709 2339 1848 2379 etprodigin
1856 2336 1878 2370 ’ξ’-

892 2435 1010 2465 CODEX
1028 2436 1280 2474 CORBEIENSISJ

286 2486 331 2515 19.
352 2485 439 2514 stadia
450 2484 544 2521 viginti
560 2483 602 2521 vel
614 2483 737 2521 triginta.

254 2558 272 2564 η
285 2522 332 2551 21.
351 2518 493 2550 confestim
516 2519 593 2549 navis
610 2519 680 2548 facta
708 2523 750 2547 est
773 2518 807 2546 ad
832 2523 948 2553 terram,
969 2526 1050 2555 quam

254 2559 407 2630 Ibgrauia
428 2600 483 2622 non
507 2590 630 2621 introivit
642 2590 722 2619 Jesus
739 2589 820 2619 simul
836 2598 898 2619 cum
912 2591 1053 2627 discipulis

1047 2493 1050 2505 κ
1106 2486 1164 2513 suis
1178 2486 1204 2513 in
1218 2493 1313 2514 navem
1326 2507 1333 2520 ,
1350 2485 1397 2514 sed
1412 2485 1464 2514 soli
1477 2484 1602 2521 discipuli
1618 2485 1687 2520 ejus.

1140 2521 1185 2549 25.
1209 2523 1278 2551 aliae
1308 2530 1383 2552 vero.

1412 2542 1419 2549 .
1447 2542 1454 2550 .
1481 2515 1594 2557 pane'm,
1625 2515 1708 2557 quem
1730 2515 1882 2548 benedixent

1106 2557 1248 2587 Dominus.

879 2648 1076 2680 VARIANTES
1094 2650 1296 2680 LECTIONES.

281 2701 291 2717 ⁸
309 2701 369 2725 Mm.
381 2697 502 2730 quomodo
512 2697 568 2722 huc.
585 2695 658 2730 Vulg.
668 2696 765 2730 quando
775 2696 833 2721 huc.

250 2733 259 2754 γ
283 2733 294 2749 ³
311 2731 365 2757 Gut.
377 2727 434 2762 q'nia
445 2729 564 2762 quaeritis
579 2727 651 2762 me;
672 2728 741 2762 signa
759 2731 786 2753 et
798 2727 909 2762 prodigia
921 2748 928 2761 ,
940 2729 985 2762 sed
995 2730 1053 2761 quia

250 2760 415 2790 manducastis
426 2760 461 2786 ei
471 2761 572 2792 panibus
583 2760 656 2792 meis,
667 2763 701 2785 et.
715 2760 775 2785 Mm.
787 2760 845 2791 quia
856 2761 975 2791 quaeritis
984 2760 1055 2786 ine...

1105 2699 1184 2730 signa,
1197 2698 1241 2723 sed
1260 2699 1317 2730 quia
1335 2698 1500 2724 manducastis
1520 2703 1619 2729 panem,
1637 2700 1674 2722 et.
1684 2695 1767 2730 “Vulg.
1783 2689 1883 2726 quaeritis

1105 2728 1181 2755 me...
1191 2728 1275 2761 signa,'
1285 2730 1329 2755 sed
1341 2731 1399 2762 quia
1409 2728 1574 2755 manducastis
1586 2735 1619 2755 ex
1635 2728 1745 2760 panibus,
1758 2729 1789 2752 et.

916 2803 1100 2833 BLANCHINI
1119 2805 1233 2834 NOTE.

288 2853 328 2889 (a)
342 2852 381 2881 lta
394 2857 423 2881 et
436 2855 492 2890 tu:
509 2850 556 2879 Gr.
566 2850 715 2890 ᾔθεᾈονη-
729 2849 766 2884 (ό)
788 2851 868 2890 Addit
885 2850 967 2890 illud,
982 2852 1068 2890 etiam
1087 2857 1141 2880 tex.
1161 2852 1207 2880 Gr.
1226 2854 1312 2882 ἐκεῖνο.
1328 2868 1374 2890 7—-
1391 2854 1427 2890 (c)
1448 2853 1487 2890 ιω
1501 2858 1527 2882 et
1546 2853 1610 2890 eqd.
1625 2851 1706 2881 Cant.
1720 2853 1836 2890 nos”...
1854 2859 1881 2867 -

251 2885 300 2927 (ἀγ
310 2885 346 2928 ιῖι
360 2893 387 2918 et
396 2888 459 2916 cod.
470 2887 548 2928 (iant.
560 2885 650 2928 ἔλαϐον
662 2886 761 2928 έαμιςοῖς
771 2888 898 2925 πλοιάρια.
911 2886 989 2922 —-(e)
1011 2888 1091 2928 Addit
1104 2895 1130 2916 et
1145 2889 1264 2928 prodigia
1277 2911 1283 2921 ,
1296 2889 1378 2918 etiam
1391 2885 1451 2918 cod.
1468 2889 1549 2918 Cant.
1570 2889 1629 2918 Lat.
1642 2895 1669 2918 et
1683 2890 1730 2918 Gr.
1743 2891 1782 2919 καὶ
1790 2888 1879 2927 τέρατα-

252 2921 375 2963 necjnun
389 2933 461 2954 vers.
476 2923 603 2953 Gottbica
615 2944 623 2957 ,
634 2921 781 2958 explollan.
795 2921 855 2959 cap'.
872 2931 898 2951 tv
911 2944 918 2957 ,
935 2929 1006 2952 vers.
1025 2924 1078 2958 48,
1093 2930 1122 2952 ut
1132 2921 1249 2954 videtur.
