  <div class='ocr_page' id='page_1' title='image "/cluster/home/n/w/nwhite01/storage/ocr_20150623/12/hvd.32044015471980/211.png"; bbox 0 0 3874 6326; ppageno 0'>
   <div class='ocr_carea' id='block_1_1' title="bbox 450 287 1980 357">
    <p class='ocr_par' dir='ltr' id='par_1_1' title="bbox 450 289 1980 357">
     <span class='ocr_line' id='line_1_1' title="bbox 450 289 1980 357; baseline -0.006 -2"><span class='ocrx_word' id='word_1_1' title='bbox 450 294 559 357; x_wconf 69' lang='grc' dir='ltr'>ωδ</span> <span class='ocrx_word' id='word_1_2' title='bbox 981 289 1254 349; x_wconf 79' lang='lat' dir='ltr'><strong>EUSEBII</strong></span> <span class='ocrx_word' id='word_1_3' title='bbox 1289 289 1630 353; x_wconf 68' lang='lat' dir='ltr'><strong>VERGILL.</strong></span> <span class='ocrx_word' id='word_1_4' title='bbox 1676 289 1980 348; x_wconf 72' lang='lat' dir='ltr'><strong>EVANGEI</strong></span> 
     </span>
    </p>
   </div>
   <div class='ocr_carea' id='block_1_2' title="bbox 2142 287 3672 357">
    <p class='ocr_par' dir='ltr' id='par_1_2' title="bbox 2160 287 3672 356">
     <span class='ocr_line' id='line_1_2' title="bbox 2160 287 3672 356; baseline 0.006 -10"><span class='ocrx_word' id='word_1_5' title='bbox 2160 290 2301 349; x_wconf 76' lang='lat' dir='ltr'><strong>CUM</strong></span> <span class='ocrx_word' id='word_1_6' title='bbox 2347 287 2578 349; x_wconf 75' lang='lat' dir='ltr'><strong>VARIIS</strong></span> <span class='ocrx_word' id='word_1_7' title='bbox 2616 288 2776 349; x_wconf 85' lang='lat' dir='ltr'><strong>COD.</strong></span> <span class='ocrx_word' id='word_1_8' title='bbox 2816 288 3211 348; x_wconf 80' lang='lat' dir='ltr'><strong>COLLATUM.</strong></span> <span class='ocrx_word' id='word_1_9' title='bbox 3588 296 3672 356; x_wconf 72' lang='grc' dir='ltr'><strong>ιοι</strong></span> 
     </span>
    </p>
   </div>
   <div class='ocr_carea' id='block_1_3' title="bbox 848 407 1658 467">
    <p class='ocr_par' dir='ltr' id='par_1_3' title="bbox 848 407 1658 467">
     <span class='ocr_line' id='line_1_3' title="bbox 848 407 1658 467; baseline -0.007 0"><span class='ocrx_word' id='word_1_10' title='bbox 848 409 1080 467; x_wconf 77' lang='lat' dir='ltr'><strong>CDDEX</strong></span> <span class='ocrx_word' id='word_1_11' title='bbox 1116 407 1658 467; x_wconf 77' lang='lat' dir='ltr'><strong>VERCELLENSIS.</strong></span> 
     </span>
    </p>
   </div>
   <div class='ocr_carea' id='block_1_4' title="bbox 455 513 975 564">
    <p class='ocr_par' dir='ltr' id='par_1_4' title="bbox 455 513 975 564">
     <span class='ocr_line' id='line_1_4' title="bbox 455 513 975 564; baseline -0.002 -4"><span class='ocrx_word' id='word_1_12' title='bbox 455 513 975 564; x_wconf 84' lang='lat' dir='ltr'><strong>ce.....tex</strong></span> 
     </span>
    </p>
   </div>
   <div class='ocr_carea' id='block_1_5' title="bbox 458 575 1063 640">
    <p class='ocr_par' dir='ltr' id='par_1_5' title="bbox 458 575 1063 640">
     <span class='ocr_line' id='line_1_5' title="bbox 458 575 1063 640; baseline -0.002 -9"><span class='ocrx_word' id='word_1_13' title='bbox 458 616 472 631; x_wconf 96' lang='lat'><strong>.</strong></span> <span class='ocrx_word' id='word_1_14' title='bbox 520 611 536 624; x_wconf 88' lang='lat'><strong>.</strong></span> <span class='ocrx_word' id='word_1_15' title='bbox 577 614 590 630; x_wconf 98' lang='lat'><strong>.</strong></span> <span class='ocrx_word' id='word_1_16' title='bbox 640 616 653 629; x_wconf 97' lang='lat'><strong>.</strong></span> <span class='ocrx_word' id='word_1_17' title='bbox 695 575 843 640; x_wconf 86' lang='lat' dir='ltr'><strong>rina.</strong></span> <span class='ocrx_word' id='word_1_18' title='bbox 883 584 1063 631; x_wconf 86' lang='lat' dir='ltr'><strong>utrum</strong></span> 
     </span>
    </p>
   </div>
   <div class='ocr_carea' id='block_1_6' title="bbox 455 646 979 707">
    <p class='ocr_par' dir='ltr' id='par_1_6' title="bbox 455 646 979 707">
     <span class='ocr_line' id='line_1_6' title="bbox 455 646 979 707; baseline -0.008 -4"><span class='ocrx_word' id='word_1_19' title='bbox 455 661 521 703; x_wconf 90' lang='lat' dir='ltr'><strong>ex</strong></span> <span class='ocrx_word' id='word_1_20' title='bbox 548 646 661 701; x_wconf 89' lang='lat' dir='ltr'><strong>Deo</strong></span> <span class='ocrx_word' id='word_1_21' title='bbox 688 658 789 707; x_wconf 83' lang='lat' dir='ltr'><strong>est.</strong></span> <span class='ocrx_word' id='word_1_22' title='bbox 820 662 886 704; x_wconf 89' lang='lat' dir='ltr'><strong>an</strong></span> <span class='ocrx_word' id='word_1_23' title='bbox 916 662 979 705; x_wconf 75' lang='lat' dir='ltr'><strong>e-</strong></span> 
     </span>
    </p>
   </div>
   <div class='ocr_carea' id='block_1_7' title="bbox 454 718 844 788">
    <p class='ocr_par' dir='ltr' id='par_1_7' title="bbox 454 718 844 788">
     <span class='ocr_line' id='line_1_7' title="bbox 454 718 844 788; baseline 0.008 -19"><span class='ocrx_word' id='word_1_24' title='bbox 454 734 523 788; x_wconf 81' lang='lat' dir='ltr'><strong>go</strong></span> <span class='ocrx_word' id='word_1_25' title='bbox 553 718 670 781; x_wconf 83' lang='lat' dir='ltr'><strong>ipse</strong></span> <span class='ocrx_word' id='word_1_26' title='bbox 696 734 725 772; x_wconf 86' lang='lat' dir='ltr'><strong>a</strong></span> <span class='ocrx_word' id='word_1_27' title='bbox 757 734 844 773; x_wconf 88' lang='lat' dir='ltr'><strong>me</strong></span> 
     </span>
    </p>
   </div>
   <div class='ocr_carea' id='block_1_8' title="bbox 454 789 986 862">
    <p class='ocr_par' dir='ltr' id='par_1_8' title="bbox 454 789 986 862">
     <span class='ocr_line' id='line_1_8' title="bbox 454 789 986 862; baseline 0.004 -17"><span class='ocrx_word' id='word_1_28' title='bbox 454 790 543 847; x_wconf 79' lang='grc'><strong>18.</strong></span> <span class='ocrx_word' id='word_1_29' title='bbox 588 791 795 855; x_wconf 71' lang='lat' dir='ltr'><strong>loquar.</strong></span> <span class='ocrx_word' id='word_1_30' title='bbox 823 789 927 862; x_wconf 84' lang='lat' dir='ltr'><strong>Qui</strong></span> <span class='ocrx_word' id='word_1_31' title='bbox 954 806 986 847; x_wconf 89' lang='lat' dir='ltr'><strong>a</strong></span> 
     </span>
    </p>
   </div>
   <div class='ocr_carea' id='block_1_9' title="bbox 451 863 813 931">
    <p class='ocr_par' dir='ltr' id='par_1_9' title="bbox 451 863 813 931">
     <span class='ocr_line' id='line_1_9' title="bbox 451 863 813 931; baseline 0.006 -16"><span class='ocrx_word' id='word_1_32' title='bbox 451 863 813 931; x_wconf 76' lang='lat' dir='ltr'><strong>seloqnuur,</strong></span> 
     </span>
    </p>
   </div>
   <div class='ocr_carea' id='block_1_10' title="bbox 449 934 857 1004">
    <p class='ocr_par' dir='ltr' id='par_1_10' title="bbox 449 934 857 1004">
     <span class='ocr_line' id='line_1_10' title="bbox 449 934 857 1004; baseline -0.002 -18"><span class='ocrx_word' id='word_1_33' title='bbox 449 934 677 1004; x_wconf 83' lang='lat' dir='ltr'><strong>gloriam</strong></span> <span class='ocrx_word' id='word_1_34' title='bbox 700 948 857 993; x_wconf 86' lang='lat' dir='ltr'><strong>suam</strong></span> 
     </span>
    </p>
   </div>
   <div class='ocr_carea' id='block_1_11' title="bbox 451 1006 823 1076">
    <p class='ocr_par' dir='ltr' id='par_1_11' title="bbox 451 1006 823 1076">
     <span class='ocr_line' id='line_1_11' title="bbox 451 1006 823 1076; baseline 0.005 -17"><span class='ocrx_word' id='word_1_35' title='bbox 451 1007 665 1074; x_wconf 88' lang='lat' dir='ltr'><strong>quaerit</strong></span> <span class='ocrx_word' id='word_1_36' title='bbox 686 1047 702 1072; x_wconf 91' lang='lat'><strong>,</strong></span> <span class='ocrx_word' id='word_1_37' title='bbox 732 1006 823 1076; x_wconf 92' lang='lat' dir='ltr'><strong>qui</strong></span> 
     </span>
    </p>
   </div>
   <div class='ocr_carea' id='block_1_12' title="bbox 452 1086 835 1142">
    <p class='ocr_par' dir='ltr' id='par_1_12' title="bbox 452 1086 835 1142">
     <span class='ocr_line' id='line_1_12' title="bbox 452 1086 835 1142; baseline 0.005 -10"><span class='ocrx_word' id='word_1_38' title='bbox 452 1086 633 1132; x_wconf 77' lang='lat' dir='ltr'><strong>autem</strong></span> <span class='ocrx_word' id='word_1_39' title='bbox 668 1092 835 1142; x_wconf 77' lang='lat' dir='ltr'><strong>quae-</strong></span> 
     </span>
    </p>
   </div>
   <div class='ocr_carea' id='block_1_13' title="bbox 451 1149 776 1215">
    <p class='ocr_par' dir='ltr' id='par_1_13' title="bbox 451 1149 776 1215">
     <span class='ocr_line' id='line_1_13' title="bbox 451 1149 776 1215; baseline 0.006 -14"><span class='ocrx_word' id='word_1_40' title='bbox 451 1152 515 1201; x_wconf 89' lang='lat' dir='ltr'><strong>rlt</strong></span> <span class='ocrx_word' id='word_1_41' title='bbox 547 1149 776 1215; x_wconf 81' lang='lat' dir='ltr'><strong>gloriam</strong></span> 
     </span>
    </p>
   </div>
   <div class='ocr_carea' id='block_1_14' title="bbox 449 1218 884 1291">
    <p class='ocr_par' dir='ltr' id='par_1_14' title="bbox 449 1218 884 1291">
     <span class='ocr_line' id='line_1_14' title="bbox 449 1218 884 1291; baseline 0.002 -17"><span class='ocrx_word' id='word_1_42' title='bbox 449 1218 589 1291; x_wconf 84' lang='lat' dir='ltr'><strong>ejus.</strong></span> <span class='ocrx_word' id='word_1_43' title='bbox 618 1221 708 1286; x_wconf 90' lang='lat' dir='ltr'><strong>qui</strong></span> <span class='ocrx_word' id='word_1_44' title='bbox 734 1220 884 1275; x_wconf 91' lang='lat' dir='ltr'><strong>misit</strong></span> 
     </span>
    </p>
   </div>
   <div class='ocr_carea' id='block_1_15' title="bbox 447 1292 903 1353">
    <p class='ocr_par' dir='ltr' id='par_1_15' title="bbox 447 1292 903 1353">
     <span class='ocr_line' id='line_1_15' title="bbox 447 1292 903 1353; baseline 0.013 -8"><span class='ocrx_word' id='word_1_45' title='bbox 447 1305 596 1353; x_wconf 82' lang='lat' dir='ltr'><strong>eum,</strong></span> <span class='ocrx_word' id='word_1_46' title='bbox 624 1292 710 1346; x_wconf 84' lang='lat' dir='ltr'><strong>hic</strong></span> <span class='ocrx_word' id='word_1_47' title='bbox 736 1307 903 1351; x_wconf 79' lang='lat' dir='ltr'><strong>verax</strong></span> 
     </span>
    </p>
   </div>
   <div class='ocr_carea' id='block_1_16' title="bbox 445 1362 856 1433">
    <p class='ocr_par' dir='ltr' id='par_1_16' title="bbox 445 1362 856 1433">
     <span class='ocr_line' id='line_1_16' title="bbox 445 1362 856 1433; baseline 0 -16"><span class='ocrx_word' id='word_1_48' title='bbox 445 1371 554 1430; x_wconf 86' lang='lat' dir='ltr'><strong>est,</strong></span> <span class='ocrx_word' id='word_1_49' title='bbox 574 1373 628 1417; x_wconf 86' lang='lat' dir='ltr'><strong>et</strong></span> <span class='ocrx_word' id='word_1_50' title='bbox 659 1362 856 1433; x_wconf 89' lang='lat' dir='ltr'><strong>iniqui-</strong></span> 
     </span>
    </p>
   </div>
   <div class='ocr_carea' id='block_1_17' title="bbox 448 1434 879 1490">
    <p class='ocr_par' dir='ltr' id='par_1_17' title="bbox 448 1434 879 1490">
     <span class='ocr_line' id='line_1_17' title="bbox 448 1434 879 1490; baseline 0.005 -2"><span class='ocrx_word' id='word_1_51' title='bbox 448 1441 534 1488; x_wconf 86' lang='lat' dir='ltr'><strong>tas</strong></span> <span class='ocrx_word' id='word_1_52' title='bbox 567 1435 618 1486; x_wconf 91' lang='lat' dir='ltr'><strong>in</strong></span> <span class='ocrx_word' id='word_1_53' title='bbox 648 1434 740 1488; x_wconf 92' lang='lat' dir='ltr'><strong>illo</strong></span> <span class='ocrx_word' id='word_1_54' title='bbox 771 1449 879 1490; x_wconf 91' lang='lat' dir='ltr'><strong>non</strong></span> 
     </span>
    </p>
   </div>
   <div class='ocr_carea' id='block_1_18' title="bbox 447 1504 1090 1579">
    <p class='ocr_par' dir='ltr' id='par_1_18' title="bbox 447 1504 1090 1579">
     <span class='ocr_line' id='line_1_18' title="bbox 447 1504 1090 1579; baseline 0.009 -19"><span class='ocrx_word' id='word_1_55' title='bbox 447 1504 539 1560; x_wconf 81' lang='grc'><strong>19.</strong></span> <span class='ocrx_word' id='word_1_56' title='bbox 580 1512 686 1579; x_wconf 67' lang='lat' dir='ltr'><strong>est.</strong></span> <span class='ocrx_word' id='word_1_57' title='bbox 720 1505 910 1565; x_wconf 84' lang='lat' dir='ltr'><strong>Nonne</strong></span> <span class='ocrx_word' id='word_1_58' title='bbox 939 1504 1090 1579; x_wconf 73' lang='lat' dir='ltr'><strong>Moy-</strong></span> 
     </span>
    </p>
   </div>
   <div class='ocr_carea' id='block_1_19' title="bbox 448 1576 835 1631">
    <p class='ocr_par' dir='ltr' id='par_1_19' title="bbox 448 1576 835 1631">
     <span class='ocr_line' id='line_1_19' title="bbox 448 1576 835 1631; baseline 0 0"><span class='ocrx_word' id='word_1_59' title='bbox 448 1590 538 1631; x_wconf 88' lang='lat' dir='ltr'><strong>ses</strong></span> <span class='ocrx_word' id='word_1_60' title='bbox 562 1576 712 1631; x_wconf 83' lang='lat' dir='ltr'><strong>dedit</strong></span> <span class='ocrx_word' id='word_1_61' title='bbox 738 1593 835 1631; x_wconf 90' lang='lat' dir='ltr'><strong>vo-</strong></span> 
     </span>
    </p>
   </div>
   <div class='ocr_carea' id='block_1_20' title="bbox 446 1649 871 1719">
    <p class='ocr_par' dir='ltr' id='par_1_20' title="bbox 446 1649 871 1719">
     <span class='ocr_line' id='line_1_20' title="bbox 446 1649 871 1719; baseline 0.005 -16"><span class='ocrx_word' id='word_1_62' title='bbox 446 1649 534 1703; x_wconf 87' lang='lat' dir='ltr'><strong>bis</strong></span> <span class='ocrx_word' id='word_1_63' title='bbox 565 1649 736 1719; x_wconf 85' lang='lat' dir='ltr'><strong>legem</strong></span> <span class='ocrx_word' id='word_1_64' title='bbox 769 1667 783 1702; x_wconf 92' lang='lat'><strong><em>:</em></strong></span> <span class='ocrx_word' id='word_1_65' title='bbox 813 1658 871 1707; x_wconf 90' lang='lat' dir='ltr'><strong>et</strong></span> 
     </span>
    </p>
   </div>
   <div class='ocr_carea' id='block_1_21' title="bbox 442 1735 830 1776">
    <p class='ocr_par' dir='ltr' id='par_1_21' title="bbox 442 1735 830 1776">
     <span class='ocr_line' id='line_1_21' title="bbox 442 1735 830 1776; baseline 0.005 -2"><span class='ocrx_word' id='word_1_66' title='bbox 442 1735 603 1774; x_wconf 88' lang='lat' dir='ltr'><strong>nemo</strong></span> <span class='ocrx_word' id='word_1_67' title='bbox 635 1736 703 1774; x_wconf 86' lang='lat' dir='ltr'><strong>ex</strong></span> <span class='ocrx_word' id='word_1_68' title='bbox 734 1737 830 1776; x_wconf 80' lang='lat' dir='ltr'><strong>V0-</strong></span> 
     </span>
    </p>
   </div>
   <div class='ocr_carea' id='block_1_22' title="bbox 442 1791 937 1862">
    <p class='ocr_par' dir='ltr' id='par_1_22' title="bbox 442 1791 937 1862">
     <span class='ocr_line' id='line_1_22' title="bbox 442 1791 937 1862; baseline -0.002 -16"><span class='ocrx_word' id='word_1_69' title='bbox 442 1791 530 1846; x_wconf 87' lang='lat' dir='ltr'><strong>bis</strong></span> <span class='ocrx_word' id='word_1_70' title='bbox 563 1791 688 1846; x_wconf 82' lang='lat' dir='ltr'><strong>facit</strong></span> <span class='ocrx_word' id='word_1_71' title='bbox 718 1791 937 1862; x_wconf 76' lang='lat' dir='ltr'><strong>legem?</strong></span> 
     </span>
    </p>
   </div>
   <div class='ocr_carea' id='block_1_23' title="bbox 442 1863 1027 1937">
    <p class='ocr_par' dir='ltr' id='par_1_23' title="bbox 442 1863 1027 1937">
     <span class='ocr_line' id='line_1_23' title="bbox 442 1863 1027 1937; baseline 0.01 -21"><span class='ocrx_word' id='word_1_72' title='bbox 442 1863 535 1937; x_wconf 71' lang='lat'><strong>20.</strong></span> <span class='ocrx_word' id='word_1_73' title='bbox 576 1864 715 1937; x_wconf 84' lang='lat' dir='ltr'><strong>Quid</strong></span> <span class='ocrx_word' id='word_1_74' title='bbox 732 1881 828 1937; x_wconf 85' lang='lat' dir='ltr'><strong>_me</strong></span> <span class='ocrx_word' id='word_1_75' title='bbox 858 1877 1027 1937; x_wconf 84' lang='lat' dir='ltr'><strong>quae-</strong></span> 
     </span>
    </p>
   </div>
   <div class='ocr_carea' id='block_1_24' title="bbox 441 1933 811 1990">
    <p class='ocr_par' dir='ltr' id='par_1_24' title="bbox 441 1933 811 1990">
     <span class='ocr_line' id='line_1_24' title="bbox 441 1933 811 1990; baseline 0.008 -3"><span class='ocrx_word' id='word_1_76' title='bbox 441 1934 564 1989; x_wconf 85' lang='lat' dir='ltr'><strong>ritis</strong></span> <span class='ocrx_word' id='word_1_77' title='bbox 594 1933 811 1990; x_wconf 80' lang='lat' dir='ltr'><strong>occide-</strong></span> 
     </span>
    </p>
   </div>
   <div class='ocr_carea' id='block_1_25' title="bbox 440 2005 825 2073">
    <p class='ocr_par' dir='ltr' id='par_1_25' title="bbox 440 2005 825 2073">
     <span class='ocr_line' id='line_1_25' title="bbox 440 2005 825 2073; baseline 0.018 -15"><span class='ocrx_word' id='word_1_78' title='bbox 440 2005 539 2059; x_wconf 84' lang='lat' dir='ltr'><strong>re?</strong></span> <span class='ocrx_word' id='word_1_79' title='bbox 580 2007 825 2073; x_wconf 47' lang='lat' dir='ltr'><strong>Respon’</strong></span> 
     </span>
    </p>
   </div>
   <div class='ocr_carea' id='block_1_26' title="bbox 442 2076 839 2141">
    <p class='ocr_par' dir='ltr' id='par_1_26' title="bbox 442 2076 839 2141">
     <span class='ocr_line' id='line_1_26' title="bbox 442 2076 839 2141; baseline 0.005 -10"><span class='ocrx_word' id='word_1_80' title='bbox 442 2076 523 2131; x_wconf 90' lang='lat' dir='ltr'><strong>dit</strong></span> <span class='ocrx_word' id='word_1_81' title='bbox 553 2079 704 2131; x_wconf 83' lang='lat' dir='ltr'><strong>turba</strong></span> <span class='ocrx_word' id='word_1_82' title='bbox 724 2117 740 2141; x_wconf 89' lang='lat'><strong>,</strong></span> <span class='ocrx_word' id='word_1_83' title='bbox 781 2087 839 2135; x_wconf 86' lang='lat' dir='ltr'><strong>et</strong></span> 
     </span>
    </p>
   </div>
   <div class='ocr_carea' id='block_1_27' title="bbox 438 2147 850 2205">
    <p class='ocr_par' dir='ltr' id='par_1_27' title="bbox 438 2147 850 2205">
     <span class='ocr_line' id='line_1_27' title="bbox 438 2147 850 2205; baseline 0.005 -2"><span class='ocrx_word' id='word_1_84' title='bbox 438 2147 578 2203; x_wconf 80' lang='lat' dir='ltr'><strong>dixit</strong></span> <span class='ocrx_word' id='word_1_85' title='bbox 608 2166 623 2204; x_wconf 91' lang='lat'><strong>:</strong></span> <span class='ocrx_word' id='word_1_86' title='bbox 653 2149 850 2205; x_wconf 62' lang='lat' dir='ltr'><strong>Demov</strong></span> 
     </span>
    </p>
   </div>
   <div class='ocr_carea' id='block_1_28' title="bbox 446 2221 991 2283">
    <p class='ocr_par' dir='ltr' id='par_1_28' title="bbox 446 2221 991 2283">
     <span class='ocr_line' id='line_1_28' title="bbox 446 2221 991 2283; baseline 0.004 -9"><span class='ocrx_word' id='word_1_87' title='bbox 446 2221 643 2274; x_wconf 89' lang='lat' dir='ltr'><strong>nium.</strong></span> <span class='ocrx_word' id='word_1_88' title='bbox 688 2221 873 2283; x_wconf 84' lang='lat' dir='ltr'><strong>.ab.</strong></span> <span class='ocrx_word' id='word_1_89' title='bbox 918 2239 991 2277; x_wconf 86' lang='lat'><strong>.:</strong></span> 
     </span>
    </p>
   </div>
   <div class='ocr_carea' id='block_1_29' title="bbox 439 2294 922 2361">
    <p class='ocr_par' dir='ltr' id='par_1_29' title="bbox 439 2294 922 2361">
     <span class='ocr_line' id='line_1_29' title="bbox 439 2294 922 2361; baseline 0.019 -20"><span class='ocrx_word' id='word_1_90' title='bbox 439 2294 564 2360; x_wconf 86' lang='lat' dir='ltr'><strong>quis</strong></span> <span class='ocrx_word' id='word_1_91' title='bbox 594 2301 646 2345; x_wconf 89' lang='lat' dir='ltr'><strong>te</strong></span> <span class='ocrx_word' id='word_1_92' title='bbox 683 2307 754 2361; x_wconf 91' lang='lat' dir='ltr'><strong>qu</strong></span> <span class='ocrx_word' id='word_1_93' title='bbox 797 2333 812 2353; x_wconf 88' lang='lat'><strong>.</strong></span> <span class='ocrx_word' id='word_1_94' title='bbox 858 2334 871 2348; x_wconf 94' lang='lat'><strong>.</strong></span> <span class='ocrx_word' id='word_1_95' title='bbox 904 2323 922 2336; x_wconf 91' lang='lat'><strong><em>-</em></strong></span> 
     </span>
    </p>
   </div>
   <div class='ocr_carea' id='block_1_30' title="bbox 438 2362 839 2419">
    <p class='ocr_par' dir='ltr' id='par_1_30' title="bbox 438 2362 839 2419">
     <span class='ocr_line' id='line_1_30' title="bbox 438 2362 839 2419; baseline 0.002 -3"><span class='ocrx_word' id='word_1_96' title='bbox 438 2363 509 2416; x_wconf 88' lang='lat' dir='ltr'><strong>rit</strong></span> <span class='ocrx_word' id='word_1_97' title='bbox 539 2362 839 2419; x_wconf 86' lang='lat' dir='ltr'><strong>occidere?</strong></span> 
     </span>
    </p>
   </div>
   <div class='ocr_carea' id='block_1_31' title="bbox 435 2432 1093 2504">
    <p class='ocr_par' dir='ltr' id='par_1_31' title="bbox 435 2432 1093 2504">
     <span class='ocr_line' id='line_1_31' title="bbox 435 2432 1093 2504; baseline 0.003 -17"><span class='ocrx_word' id='word_1_98' title='bbox 435 2432 499 2488; x_wconf 84' lang='lat'><strong>2|</strong></span> <span class='ocrx_word' id='word_1_99' title='bbox 513 2472 528 2487; x_wconf 92' lang='lat'><strong>.</strong></span> <span class='ocrx_word' id='word_1_100' title='bbox 573 2433 875 2501; x_wconf 78' lang='lat' dir='ltr'><strong>Respondit</strong></span> <span class='ocrx_word' id='word_1_101' title='bbox 901 2434 1057 2495; x_wconf 71' lang='lat' dir='ltr'><strong>Iesus</strong></span> <span class='ocrx_word' id='word_1_102' title='bbox 1074 2475 1093 2504; x_wconf 92' lang='lat'><strong>,</strong></span> 
     </span>
    </p>
   </div>
   <div class='ocr_carea' id='block_1_32' title="bbox 436 2505 824 2565">
    <p class='ocr_par' dir='ltr' id='par_1_32' title="bbox 436 2505 824 2565">
     <span class='ocr_line' id='line_1_32' title="bbox 436 2505 824 2565; baseline 0.013 -5"><span class='ocrx_word' id='word_1_103' title='bbox 436 2513 491 2560; x_wconf 91' lang='lat' dir='ltr'><strong>et</strong></span> <span class='ocrx_word' id='word_1_104' title='bbox 514 2505 655 2560; x_wconf 82' lang='lat' dir='ltr'><strong>dixit</strong></span> <span class='ocrx_word' id='word_1_105' title='bbox 684 2506 824 2565; x_wconf 86' lang='lat' dir='ltr'><strong>illis:</strong></span> 
     </span>
    </p>
   </div>
   <div class='ocr_carea' id='block_1_33' title="bbox 441 2574 782 2646">
    <p class='ocr_par' dir='ltr' id='par_1_33' title="bbox 441 2574 782 2646">
     <span class='ocr_line' id='line_1_33' title="bbox 441 2574 782 2646; baseline 0.003 -14"><span class='ocrx_word' id='word_1_106' title='bbox 441 2574 615 2632; x_wconf 86' lang='lat' dir='ltr'><strong>Unum</strong></span> <span class='ocrx_word' id='word_1_107' title='bbox 645 2593 782 2646; x_wconf 90' lang='lat' dir='ltr'><strong>opus</strong></span> 
     </span>
    </p>
   </div>
   <div class='ocr_carea' id='block_1_34' title="bbox 439 2646 882 2710">
    <p class='ocr_par' dir='ltr' id='par_1_34' title="bbox 439 2646 882 2710">
     <span class='ocr_line' id='line_1_34' title="bbox 439 2646 882 2710; baseline 0.016 -9"><span class='ocrx_word' id='word_1_108' title='bbox 439 2646 547 2702; x_wconf 75' lang='lat' dir='ltr'><strong>feci</strong></span> <span class='ocrx_word' id='word_1_109' title='bbox 563 2690 577 2710; x_wconf 86' lang='lat'><strong>,</strong></span> <span class='ocrx_word' id='word_1_110' title='bbox 608 2659 660 2703; x_wconf 89' lang='lat' dir='ltr'><strong>et</strong></span> <span class='ocrx_word' id='word_1_111' title='bbox 690 2665 882 2708; x_wconf 89' lang='lat' dir='ltr'><strong>omnes</strong></span> 
     </span>
    </p>
   </div>
   <div class='ocr_carea' id='block_1_35' title="bbox 432 2717 1042 2781">
    <p class='ocr_par' dir='ltr' id='par_1_35' title="bbox 432 2717 1042 2781">
     <span class='ocr_line' id='line_1_35' title="bbox 432 2717 1042 2781; baseline 0.01 -9"><span class='ocrx_word' id='word_1_112' title='bbox 432 2717 526 2774; x_wconf 88' lang='lat'><strong>22.</strong></span> <span class='ocrx_word' id='word_1_113' title='bbox 569 2720 843 2781; x_wconf 79' lang='lat' dir='ltr'><strong>miramini</strong></span> <span class='ocrx_word' id='word_1_114' title='bbox 870 2742 885 2780; x_wconf 88' lang='lat'><strong>:</strong></span> <span class='ocrx_word' id='word_1_115' title='bbox 916 2718 1042 2781; x_wconf 84' lang='lat' dir='ltr'><strong>ideo</strong></span> 
     </span>
    </p>
   </div>
   <div class='ocr_carea' id='block_1_36' title="bbox 434 2791 765 2851">
    <p class='ocr_par' dir='ltr' id='par_1_36' title="bbox 434 2791 765 2851">
     <span class='ocr_line' id='line_1_36' title="bbox 434 2791 765 2851; baseline 0.018 -6"><span class='ocrx_word' id='word_1_116' title='bbox 434 2791 585 2845; x_wconf 82' lang='lat' dir='ltr'><strong>dedit</strong></span> <span class='ocrx_word' id='word_1_117' title='bbox 612 2792 765 2851; x_wconf 83' lang='lat' dir='ltr'><strong>vobis</strong></span> 
     </span>
    </p>
   </div>
   <div class='ocr_carea' id='block_1_37' title="bbox 433 2862 914 2935">
    <p class='ocr_par' dir='ltr' id='par_1_37' title="bbox 433 2862 914 2935">
     <span class='ocr_line' id='line_1_37' title="bbox 433 2862 914 2935; baseline 0.006 -18"><span class='ocrx_word' id='word_1_118' title='bbox 433 2862 651 2935; x_wconf 80' lang='lat' dir='ltr'><strong>Moyses</strong></span> <span class='ocrx_word' id='word_1_119' title='bbox 678 2866 914 2920; x_wconf 89' lang='lat' dir='ltr'><strong>circum-</strong></span> 
     </span>
    </p>
   </div>
   <div class='ocr_carea' id='block_1_38' title="bbox 438 2935 907 3009">
    <p class='ocr_par' dir='ltr' id='par_1_38' title="bbox 438 2935 907 3009">
     <span class='ocr_line' id='line_1_38' title="bbox 438 2935 907 3009; baseline 0.004 -21"><span class='ocrx_word' id='word_1_120' title='bbox 438 2935 701 3009; x_wconf 61' lang='lat' dir='ltr'><strong>cisiouem</strong></span> <span class='ocrx_word' id='word_1_121' title='bbox 729 2954 742 2989; x_wconf 90' lang='lat'>:</span> <span class='ocrx_word' id='word_1_122' title='bbox 772 2936 907 3009; x_wconf 84' lang='lat' dir='ltr'><strong>(non</strong></span> 
     </span>
    </p>
   </div>
   <div class='ocr_carea' id='block_1_39' title="bbox 435 3004 899 3075">
    <p class='ocr_par' dir='ltr' id='par_1_39' title="bbox 435 3004 899 3075">
     <span class='ocr_line' id='line_1_39' title="bbox 435 3004 899 3075; baseline 0.006 -15"><span class='ocrx_word' id='word_1_123' title='bbox 435 3020 501 3060; x_wconf 85' lang='lat' dir='ltr'><strong>ex</strong></span> <span class='ocrx_word' id='word_1_124' title='bbox 534 3004 753 3075; x_wconf 80' lang='lat' dir='ltr'><strong>Moysen</strong></span> <span class='ocrx_word' id='word_1_125' title='bbox 780 3004 863 3062; x_wconf 76' lang='lat' dir='ltr'><strong>est</strong></span> <span class='ocrx_word' id='word_1_126' title='bbox 881 3047 899 3075; x_wconf 83' lang='lat'><strong>,</strong></span> 
     </span>
    </p>
   </div>
   <div class='ocr_carea' id='block_1_40' title="bbox 436 3075 874 3133">
    <p class='ocr_par' dir='ltr' id='par_1_40' title="bbox 436 3075 874 3133">
     <span class='ocr_line' id='line_1_40' title="bbox 436 3075 874 3133; baseline 0.009 -4"><span class='ocrx_word' id='word_1_127' title='bbox 436 3075 532 3129; x_wconf 92' lang='lat' dir='ltr'><strong>sed</strong></span> <span class='ocrx_word' id='word_1_128' title='bbox 560 3094 586 3127; x_wconf 83' lang='lat' dir='ltr'><strong>a</strong></span> <span class='ocrx_word' id='word_1_129' title='bbox 624 3075 874 3133; x_wconf 78' lang='lat' dir='ltr'><strong>l’atrihus</strong></span> 
     </span>
    </p>
   </div>
   <div class='ocr_carea' id='block_1_41' title="bbox 433 3148 846 3217">
    <p class='ocr_par' dir='ltr' id='par_1_41' title="bbox 433 3148 846 3217">
     <span class='ocr_line' id='line_1_41' title="bbox 433 3148 846 3217; baseline 0.015 -17"><span class='ocrx_word' id='word_1_130' title='bbox 433 3148 634 3202; x_wconf 85' lang='lat' dir='ltr'><strong>vestris</strong></span> <span class='ocrx_word' id='word_1_131' title='bbox 662 3149 681 3217; x_wconf 90' lang='lat'>)</span> <span class='ocrx_word' id='word_1_132' title='bbox 710 3156 767 3203; x_wconf 85' lang='lat' dir='ltr'><strong>et</strong></span> <span class='ocrx_word' id='word_1_133' title='bbox 794 3151 846 3205; x_wconf 88' lang='lat' dir='ltr'><strong>in</strong></span> 
     </span>
    </p>
   </div>
   <div class='ocr_carea' id='block_1_42' title="bbox 432 3218 804 3275">
    <p class='ocr_par' dir='ltr' id='par_1_42' title="bbox 432 3218 804 3275">
     <span class='ocr_line' id='line_1_42' title="bbox 432 3218 804 3275; baseline 0.005 -2"><span class='ocrx_word' id='word_1_134' title='bbox 432 3218 665 3273; x_wconf 81' lang='lat' dir='ltr'><strong>sabbato</strong></span> <span class='ocrx_word' id='word_1_135' title='bbox 695 3220 804 3275; x_wconf 90' lang='lat' dir='ltr'><strong>cir-</strong></span> 
     </span>
    </p>
   </div>
   <div class='ocr_carea' id='block_1_43' title="bbox 432 3290 696 3345">
    <p class='ocr_par' dir='ltr' id='par_1_43' title="bbox 432 3290 696 3345">
     <span class='ocr_line' id='line_1_43' title="bbox 432 3290 696 3345; baseline -0.004 0"><span class='ocrx_word' id='word_1_136' title='bbox 432 3290 696 3345; x_wconf 87' lang='lat' dir='ltr'><strong>cutncidi-</strong></span> 
     </span>
    </p>
   </div>
   <div class='ocr_carea' id='block_1_44' title="bbox 434 3361 837 3419">
    <p class='ocr_par' dir='ltr' id='par_1_44' title="bbox 434 3361 837 3419">
     <span class='ocr_line' id='line_1_44' title="bbox 434 3361 837 3419; baseline 0.012 -5"><span class='ocrx_word' id='word_1_137' title='bbox 434 3361 503 3415; x_wconf 64' lang='lat' dir='ltr'><strong>lis</strong></span> <span class='ocrx_word' id='word_1_138' title='bbox 536 3362 837 3419; x_wconf 89' lang='lat' dir='ltr'><strong>hominem.</strong></span> 
     </span>
    </p>
   </div>
   <div class='ocr_carea' id='block_1_45' title="bbox 429 3433 1044 3499">
    <p class='ocr_par' dir='ltr' id='par_1_45' title="bbox 429 3433 1044 3499">
     <span class='ocr_line' id='line_1_45' title="bbox 429 3433 1044 3499; baseline 0 -12"><span class='ocrx_word' id='word_1_139' title='bbox 429 3433 524 3487; x_wconf 75' lang='lat'><strong>23.</strong></span> <span class='ocrx_word' id='word_1_140' title='bbox 565 3433 621 3488; x_wconf 91' lang='lat' dir='ltr'><strong>Si</strong></span> <span class='ocrx_word' id='word_1_141' title='bbox 652 3448 782 3499; x_wconf 80' lang='lat' dir='ltr'><strong>ergo</strong></span> <span class='ocrx_word' id='word_1_142' title='bbox 810 3433 1044 3489; x_wconf 90' lang='lat' dir='ltr'><strong>circum-</strong></span> 
     </span>
    </p>
   </div>
   <div class='ocr_carea' id='block_1_46' title="bbox 430 3505 818 3559">
    <p class='ocr_par' dir='ltr' id='par_1_46' title="bbox 430 3505 818 3559">
     <span class='ocr_line' id='line_1_46' title="bbox 430 3505 818 3559; baseline -0.003 0"><span class='ocrx_word' id='word_1_143' title='bbox 430 3505 693 3559; x_wconf 88' lang='lat' dir='ltr'><strong>cisionem</strong></span> <span class='ocrx_word' id='word_1_144' title='bbox 727 3520 818 3559; x_wconf 88' lang='lat' dir='ltr'><strong>ac-</strong></span> 
     </span>
    </p>
   </div>
   <div class='ocr_carea' id='block_1_47' title="bbox 429 3574 840 3637">
    <p class='ocr_par' dir='ltr' id='par_1_47' title="bbox 429 3574 840 3637">
     <span class='ocr_line' id='line_1_47' title="bbox 429 3574 840 3637; baseline -0.005 -7"><span class='ocrx_word' id='word_1_145' title='bbox 429 3576 564 3636; x_wconf 83' lang='lat' dir='ltr'><strong>cipit</strong></span> <span class='ocrx_word' id='word_1_146' title='bbox 594 3574 755 3631; x_wconf 91' lang='lat' dir='ltr'><strong>homo</strong></span> <span class='ocrx_word' id='word_1_147' title='bbox 788 3576 840 3637; x_wconf 85' lang='lat' dir='ltr'><strong>in</strong></span> 
     </span>
    </p>
   </div>
   <div class='ocr_carea' id='block_1_48' title="bbox 428 3646 927 3721">
    <p class='ocr_par' dir='ltr' id='par_1_48' title="bbox 428 3646 927 3721">
     <span class='ocr_line' id='line_1_48' title="bbox 428 3646 927 3721; baseline 0.002 -20"><span class='ocrx_word' id='word_1_148' title='bbox 428 3646 656 3721; x_wconf 83' lang='lat' dir='ltr'><strong>sabbato</strong></span> <span class='ocrx_word' id='word_1_149' title='bbox 676 3690 691 3721; x_wconf 76' lang='lat'><strong>,</strong></span> <span class='ocrx_word' id='word_1_150' title='bbox 733 3654 793 3710; x_wconf 75' lang='lat' dir='ltr'><strong>ut</strong></span> <span class='ocrx_word' id='word_1_151' title='bbox 820 3661 927 3707; x_wconf 89' lang='lat' dir='ltr'><strong>non</strong></span> 
     </span>
    </p>
   </div>
   <div class='ocr_carea' id='block_1_49' title="bbox 428 3720 673 3773">
    <p class='ocr_par' dir='ltr' id='par_1_49' title="bbox 428 3720 673 3773">
     <span class='ocr_line' id='line_1_49' title="bbox 428 3720 673 3773; baseline 0.008 -2"><span class='ocrx_word' id='word_1_152' title='bbox 428 3720 673 3773; x_wconf 82' lang='lat' dir='ltr'><strong>solvatur</strong></span> 
     </span>
    </p>
   </div>
   <div class='ocr_carea' id='block_1_50' title="bbox 429 3788 894 3862">
    <p class='ocr_par' dir='ltr' id='par_1_50' title="bbox 429 3788 894 3862">
     <span class='ocr_line' id='line_1_50' title="bbox 429 3788 894 3862; baseline 0.004 -19"><span class='ocrx_word' id='word_1_153' title='bbox 429 3788 518 3844; x_wconf 93' lang='lat' dir='ltr'><strong>lex</strong></span> <span class='ocrx_word' id='word_1_154' title='bbox 545 3789 718 3862; x_wconf 80' lang='lat' dir='ltr'><strong>Moysi</strong></span> <span class='ocrx_word' id='word_1_155' title='bbox 747 3810 759 3845; x_wconf 89' lang='lat'><strong>:</strong></span> <span class='ocrx_word' id='word_1_156' title='bbox 793 3790 894 3845; x_wconf 93' lang='lat' dir='ltr'><strong>mi-</strong></span> 
     </span>
    </p>
   </div>
   <div class='ocr_carea' id='block_1_51' title="bbox 1288 502 1639 556">
    <p class='ocr_par' dir='ltr' id='par_1_51' title="bbox 1288 502 1639 556">
     <span class='ocr_line' id='line_1_51' title="bbox 1288 502 1639 556; baseline -0.003 0"><span class='ocrx_word' id='word_1_157' title='bbox 1288 503 1339 556; x_wconf 91' lang='lat' dir='ltr'><strong>hi</strong></span> <span class='ocrx_word' id='word_1_158' title='bbox 1370 502 1639 556; x_wconf 89' lang='lat' dir='ltr'><strong>irascimi-</strong></span> 
     </span>
    </p>
   </div>
   <div class='ocr_carea' id='block_1_52' title="bbox 1286 572 1701 644">
    <p class='ocr_par' dir='ltr' id='par_1_52' title="bbox 1286 572 1701 644">
     <span class='ocr_line' id='line_1_52' title="bbox 1286 572 1701 644; baseline 0 -15"><span class='ocrx_word' id='word_1_159' title='bbox 1286 572 1342 629; x_wconf 89' lang='lat' dir='ltr'><strong>ni</strong></span> <span class='ocrx_word' id='word_1_160' title='bbox 1365 574 1509 644; x_wconf 93' lang='lat' dir='ltr'><strong>quod</strong></span> <span class='ocrx_word' id='word_1_161' title='bbox 1528 583 1701 629; x_wconf 89' lang='lat' dir='ltr'><strong>totum</strong></span> 
     </span>
    </p>
   </div>
   <div class='ocr_carea' id='block_1_53' title="bbox 1292 659 1677 700">
    <p class='ocr_par' dir='ltr' id='par_1_53' title="bbox 1292 659 1677 700">
     <span class='ocr_line' id='line_1_53' title="bbox 1292 659 1677 700; baseline -0.003 -1"><span class='ocrx_word' id='word_1_162' title='bbox 1292 659 1677 700; x_wconf 89' lang='lat' dir='ltr'><strong>.....em</strong></span> 
     </span>
    </p>
   </div>
   <div class='ocr_carea' id='block_1_54' title="bbox 1285 714 1610 771">
    <p class='ocr_par' dir='ltr' id='par_1_54' title="bbox 1285 714 1610 771">
     <span class='ocr_line' id='line_1_54' title="bbox 1285 714 1610 771; baseline 0 0"><span class='ocrx_word' id='word_1_163' title='bbox 1285 731 1476 771; x_wconf 90' lang='lat' dir='ltr'><strong>sanum</strong></span> <span class='ocrx_word' id='word_1_164' title='bbox 1509 714 1610 771; x_wconf 83' lang='lat' dir='ltr'><strong>feci</strong></span> 
     </span>
    </p>
   </div>
   <div class='ocr_carea' id='block_1_55' title="bbox 1283 785 1860 847">
    <p class='ocr_par' dir='ltr' id='par_1_55' title="bbox 1283 785 1860 847">
     <span class='ocr_line' id='line_1_55' title="bbox 1283 785 1860 847; baseline 0.009 -5"><span class='ocrx_word' id='word_1_165' title='bbox 1283 789 1377 844; x_wconf 64' lang='lat'><strong>24.</strong></span> <span class='ocrx_word' id='word_1_166' title='bbox 1417 785 1685 843; x_wconf 78' lang='lat' dir='ltr'><strong>sabbato?</strong></span> <span class='ocrx_word' id='word_1_167' title='bbox 1708 785 1860 847; x_wconf 87' lang='lat' dir='ltr'><strong>Noli-</strong></span> 
     </span>
    </p>
   </div>
   <div class='ocr_carea' id='block_1_56' title="bbox 1290 859 1615 927">
    <p class='ocr_par' dir='ltr' id='par_1_56' title="bbox 1290 859 1615 927">
     <span class='ocr_line' id='line_1_56' title="bbox 1290 859 1615 927; baseline 0 -13"><span class='ocrx_word' id='word_1_168' title='bbox 1290 868 1344 914; x_wconf 89' lang='lat' dir='ltr'><strong>te</strong></span> <span class='ocrx_word' id='word_1_169' title='bbox 1366 859 1615 927; x_wconf 85' lang='lat' dir='ltr'><strong>judicare</strong></span> 
     </span>
    </p>
   </div>
   <div class='ocr_carea' id='block_1_57' title="bbox 1287 931 1733 997">
    <p class='ocr_par' dir='ltr' id='par_1_57' title="bbox 1287 931 1733 997">
     <span class='ocr_line' id='line_1_57' title="bbox 1287 931 1733 997; baseline 0.002 -11"><span class='ocrx_word' id='word_1_170' title='bbox 1287 931 1580 986; x_wconf 83' lang='lat' dir='ltr'><strong>secundnm</strong></span> <span class='ocrx_word' id='word_1_171' title='bbox 1612 946 1733 997; x_wconf 83' lang='lat' dir='ltr'><strong>per-</strong></span> 
     </span>
    </p>
   </div>
   <div class='ocr_carea' id='block_1_58' title="bbox 1290 1001 1695 1058">
    <p class='ocr_par' dir='ltr' id='par_1_58' title="bbox 1290 1001 1695 1058">
     <span class='ocr_line' id='line_1_58' title="bbox 1290 1001 1695 1058; baseline -0.005 0"><span class='ocrx_word' id='word_1_172' title='bbox 1290 1017 1480 1058; x_wconf 83' lang='lat' dir='ltr'><strong>sonam</strong></span> <span class='ocrx_word' id='word_1_173' title='bbox 1514 1001 1695 1056; x_wconf 82' lang='lat' dir='ltr'><strong>homi-</strong></span> 
     </span>
    </p>
   </div>
   <div class='ocr_carea' id='block_1_59' title="bbox 1284 1073 1759 1143">
    <p class='ocr_par' dir='ltr' id='par_1_59' title="bbox 1284 1073 1759 1143">
     <span class='ocr_line' id='line_1_59' title="bbox 1284 1073 1759 1143; baseline 0.006 -15"><span class='ocrx_word' id='word_1_174' title='bbox 1284 1077 1369 1128; x_wconf 83' lang='lat' dir='ltr'><strong>nis</strong></span> <span class='ocrx_word' id='word_1_175' title='bbox 1387 1117 1401 1137; x_wconf 88' lang='lat'><strong>,</strong></span> <span class='ocrx_word' id='word_1_176' title='bbox 1434 1073 1529 1127; x_wconf 85' lang='lat' dir='ltr'><strong>sed</strong></span> <span class='ocrx_word' id='word_1_177' title='bbox 1549 1073 1759 1143; x_wconf 87' lang='lat' dir='ltr'><strong>justum</strong></span> 
     </span>
    </p>
   </div>
   <div class='ocr_carea' id='block_1_60' title="bbox 1283 1145 1662 1217">
    <p class='ocr_par' dir='ltr' id='par_1_60' title="bbox 1283 1145 1662 1217">
     <span class='ocr_line' id='line_1_60' title="bbox 1283 1145 1662 1217; baseline 0.003 -17"><span class='ocrx_word' id='word_1_178' title='bbox 1283 1146 1545 1217; x_wconf 83' lang='lat' dir='ltr'><strong>judicium</strong></span> <span class='ocrx_word' id='word_1_179' title='bbox 1574 1145 1662 1215; x_wconf 80' lang='lat' dir='ltr'><strong>ju-</strong></span> 
     </span>
    </p>
   </div>
   <div class='ocr_carea' id='block_1_61' title="bbox 1286 1218 1482 1272">
    <p class='ocr_par' dir='ltr' id='par_1_61' title="bbox 1286 1218 1482 1272">
     <span class='ocr_line' id='line_1_61' title="bbox 1286 1218 1482 1272; baseline -0.015 -1"><span class='ocrx_word' id='word_1_180' title='bbox 1286 1218 1482 1272; x_wconf 87' lang='lat' dir='ltr'><strong>dicate.</strong></span> 
     </span>
    </p>
   </div>
   <div class='ocr_carea' id='block_1_62' title="bbox 1285 1288 1833 1361">
    <p class='ocr_par' dir='ltr' id='par_1_62' title="bbox 1285 1288 1833 1361">
     <span class='ocr_line' id='line_1_62' title="bbox 1285 1288 1833 1361; baseline 0.005 -19"><span class='ocrx_word' id='word_1_181' title='bbox 1285 1288 1376 1361; x_wconf 75' lang='lat'><strong>25.</strong></span> <span class='ocrx_word' id='word_1_182' title='bbox 1399 1289 1684 1361; x_wconf 69' lang='lat' dir='ltr'><strong>Dicebant</strong></span> <span class='ocrx_word' id='word_1_183' title='bbox 1703 1303 1833 1361; x_wconf 81' lang='lat' dir='ltr'><strong>ergo</strong></span> 
     </span>
    </p>
   </div>
   <div class='ocr_carea' id='block_1_63' title="bbox 1284 1359 1660 1431">
    <p class='ocr_par' dir='ltr' id='par_1_63' title="bbox 1284 1359 1660 1431">
     <span class='ocr_line' id='line_1_63' title="bbox 1284 1359 1660 1431; baseline 0.008 -20"><span class='ocrx_word' id='word_1_184' title='bbox 1284 1359 1501 1431; x_wconf 74' lang='lat' dir='ltr'><strong>quidam</strong></span> <span class='ocrx_word' id='word_1_185' title='bbox 1535 1360 1660 1414; x_wconf 88' lang='lat' dir='ltr'><strong>Ilie-</strong></span> 
     </span>
    </p>
   </div>
   <div class='ocr_carea' id='block_1_64' title="bbox 1285 1433 1678 1503">
    <p class='ocr_par' dir='ltr' id='par_1_64' title="bbox 1285 1433 1678 1503">
     <span class='ocr_line' id='line_1_64' title="bbox 1285 1433 1678 1503; baseline 0.003 -18"><span class='ocrx_word' id='word_1_186' title='bbox 1285 1433 1640 1503; x_wconf 84' lang='lat' dir='ltr'><strong>rosolymitae</strong></span> <span class='ocrx_word' id='word_1_187' title='bbox 1666 1451 1678 1486; x_wconf 93' lang='lat'><strong>:</strong></span> 
     </span>
    </p>
   </div>
   <div class='ocr_carea' id='block_1_65' title="bbox 1285 1502 1648 1561">
    <p class='ocr_par' dir='ltr' id='par_1_65' title="bbox 1285 1502 1648 1561">
     <span class='ocr_line' id='line_1_65' title="bbox 1285 1502 1648 1561; baseline 0.003 -4"><span class='ocrx_word' id='word_1_188' title='bbox 1285 1504 1305 1534; x_wconf 81' lang='grc'>¹</span> <span class='ocrx_word' id='word_1_189' title='bbox 1336 1502 1527 1557; x_wconf 83' lang='lat' dir='ltr'><strong>Nonne</strong></span> <span class='ocrx_word' id='word_1_190' title='bbox 1560 1502 1648 1561; x_wconf 91' lang='lat' dir='ltr'><strong>hic</strong></span> 
     </span>
    </p>
   </div>
   <div class='ocr_carea' id='block_1_66' title="bbox 1283 1583 1778 1645">
    <p class='ocr_par' dir='ltr' id='par_1_66' title="bbox 1283 1583 1778 1645">
     <span class='ocr_line' id='line_1_66' title="bbox 1283 1583 1778 1645; baseline 0.01 -18"><span class='ocrx_word' id='word_1_191' title='bbox 1283 1583 1388 1638; x_wconf 85' lang='lat' dir='ltr'><strong>est,</strong></span> <span class='ocrx_word' id='word_1_192' title='bbox 1421 1590 1584 1642; x_wconf 83' lang='lat' dir='ltr'><strong>quem</strong></span> <span class='ocrx_word' id='word_1_193' title='bbox 1611 1588 1778 1645; x_wconf 85' lang='lat' dir='ltr'><strong>quae-</strong></span> 
     </span>
    </p>
   </div>
   <div class='ocr_carea' id='block_1_67' title="bbox 1282 1645 1833 1705">
    <p class='ocr_par' dir='ltr' id='par_1_67' title="bbox 1282 1645 1833 1705">
     <span class='ocr_line' id='line_1_67' title="bbox 1282 1645 1833 1705; baseline 0.011 -6"><span class='ocrx_word' id='word_1_194' title='bbox 1282 1655 1413 1700; x_wconf 86' lang='lat' dir='ltr'><strong>runt</strong></span> <span class='ocrx_word' id='word_1_195' title='bbox 1440 1645 1657 1701; x_wconf 83' lang='lat' dir='ltr'><strong>occide—</strong></span> <span class='ocrx_word' id='word_1_196' title='bbox 1828 1702 1833 1705; x_wconf 94' lang='lat'><em>_</em></span> 
     </span>
    </p>
   </div>
   <div class='ocr_carea' id='block_1_68' title="bbox 1280 1715 1901 1789">
    <p class='ocr_par' dir='ltr' id='par_1_68' title="bbox 1280 1715 1901 1789">
     <span class='ocr_line' id='line_1_68' title="bbox 1280 1715 1901 1789; baseline 0.005 -17"><span class='ocrx_word' id='word_1_197' title='bbox 1280 1717 1374 1772; x_wconf 81' lang='lat'><strong>26.</strong></span> <span class='ocrx_word' id='word_1_198' title='bbox 1417 1715 1511 1772; x_wconf 83' lang='lat' dir='ltr'><strong>re?</strong></span> <span class='ocrx_word' id='word_1_199' title='bbox 1559 1718 1697 1774; x_wconf 81' lang='lat' dir='ltr'><strong>Ecce</strong></span> <span class='ocrx_word' id='word_1_200' title='bbox 1721 1719 1901 1789; x_wconf 83' lang='lat' dir='ltr'><strong>palam</strong></span> 
     </span>
    </p>
   </div>
   <div class='ocr_carea' id='block_1_69' title="bbox 1280 1789 1654 1855">
    <p class='ocr_par' dir='ltr' id='par_1_69' title="bbox 1280 1789 1654 1855">
     <span class='ocr_line' id='line_1_69' title="bbox 1280 1789 1654 1855; baseline 0.005 -12"><span class='ocrx_word' id='word_1_201' title='bbox 1280 1789 1526 1855; x_wconf 80' lang='lat' dir='ltr'><strong>loquitur</strong></span> <span class='ocrx_word' id='word_1_202' title='bbox 1541 1830 1555 1851; x_wconf 87' lang='grc'>,</span> <span class='ocrx_word' id='word_1_203' title='bbox 1596 1798 1654 1845; x_wconf 82' lang='lat' dir='ltr'><strong>et</strong></span> 
     </span>
    </p>
   </div>
   <div class='ocr_carea' id='block_1_70' title="bbox 1280 1858 1624 1915">
    <p class='ocr_par' dir='ltr' id='par_1_70' title="bbox 1280 1858 1624 1915">
     <span class='ocr_line' id='line_1_70' title="bbox 1280 1858 1624 1915; baseline 0.003 -1"><span class='ocrx_word' id='word_1_204' title='bbox 1280 1859 1416 1914; x_wconf 86' lang='lat' dir='ltr'><strong>nihil</strong></span> <span class='ocrx_word' id='word_1_205' title='bbox 1442 1859 1520 1913; x_wconf 89' lang='lat' dir='ltr'><strong>illi</strong></span> <span class='ocrx_word' id='word_1_206' title='bbox 1540 1858 1624 1915; x_wconf 88' lang='lat' dir='ltr'><strong>di-</strong></span> 
     </span>
    </p>
   </div>
   <div class='ocr_carea' id='block_1_71' title="bbox 1279 1930 1622 1987">
    <p class='ocr_par' dir='ltr' id='par_1_71' title="bbox 1279 1930 1622 1987">
     <span class='ocr_line' id='line_1_71' title="bbox 1279 1930 1622 1987; baseline -0.006 0"><span class='ocrx_word' id='word_1_207' title='bbox 1279 1941 1427 1987; x_wconf 89' lang='lat' dir='ltr'><strong>cunt.</strong></span> <span class='ocrx_word' id='word_1_208' title='bbox 1456 1930 1622 1985; x_wconf 85' lang='lat' dir='ltr'><strong>Nunt-</strong></span> 
     </span>
    </p>
   </div>
   <div class='ocr_carea' id='block_1_72' title="bbox 1283 2003 1716 2074">
    <p class='ocr_par' dir='ltr' id='par_1_72' title="bbox 1283 2003 1716 2074">
     <span class='ocr_line' id='line_1_72' title="bbox 1283 2003 1716 2074; baseline 0.002 -19"><span class='ocrx_word' id='word_1_209' title='bbox 1283 2003 1408 2072; x_wconf 86' lang='lat' dir='ltr'><strong>quid</strong></span> <span class='ocrx_word' id='word_1_210' title='bbox 1438 2018 1565 2058; x_wconf 90' lang='lat' dir='ltr'><strong>vere</strong></span> <span class='ocrx_word' id='word_1_211' title='bbox 1589 2017 1716 2074; x_wconf 86' lang='lat' dir='ltr'><strong>cog-</strong></span> 
     </span>
    </p>
   </div>
   <div class='ocr_carea' id='block_1_73' title="bbox 1281 2083 1557 2129">
    <p class='ocr_par' dir='ltr' id='par_1_73' title="bbox 1281 2083 1557 2129">
     <span class='ocr_line' id='line_1_73' title="bbox 1281 2083 1557 2129; baseline 0 -1"><span class='ocrx_word' id='word_1_212' title='bbox 1281 2083 1557 2129; x_wconf 82' lang='lat' dir='ltr'><strong>noverunt</strong></span> 
     </span>
    </p>
   </div>
   <div class='ocr_carea' id='block_1_74' title="bbox 1285 2143 1696 2215">
    <p class='ocr_par' dir='ltr' id='par_1_74' title="bbox 1285 2143 1696 2215">
     <span class='ocr_line' id='line_1_74' title="bbox 1285 2143 1696 2215; baseline -0.002 -16"><span class='ocrx_word' id='word_1_213' title='bbox 1285 2143 1565 2215; x_wconf 86' lang='lat' dir='ltr'><strong>Principes</strong></span> <span class='ocrx_word' id='word_1_214' title='bbox 1598 2143 1696 2201; x_wconf 87' lang='lat' dir='ltr'><strong>Sa-</strong></span> 
     </span>
    </p>
   </div>
   <div class='ocr_carea' id='block_1_75' title="bbox 1285 2217 1610 2283">
    <p class='ocr_par' dir='ltr' id='par_1_75' title="bbox 1285 2217 1610 2283">
     <span class='ocr_line' id='line_1_75' title="bbox 1285 2217 1610 2283; baseline 0.006 -12"><span class='ocrx_word' id='word_1_215' title='bbox 1285 2217 1566 2273; x_wconf 87' lang='lat' dir='ltr'><strong>cerdotum</strong></span> <span class='ocrx_word' id='word_1_216' title='bbox 1594 2257 1610 2283; x_wconf 85' lang='lat'><strong>,</strong></span> 
     </span>
    </p>
   </div>
   <div class='ocr_carea' id='block_1_76' title="bbox 1282 2288 1661 2355">
    <p class='ocr_par' dir='ltr' id='par_1_76' title="bbox 1282 2288 1661 2355">
     <span class='ocr_line' id='line_1_76' title="bbox 1282 2288 1661 2355; baseline 0.005 -15"><span class='ocrx_word' id='word_1_217' title='bbox 1282 2288 1426 2355; x_wconf 92' lang='lat' dir='ltr'><strong>quod</strong></span> <span class='ocrx_word' id='word_1_218' title='bbox 1457 2288 1541 2343; x_wconf 91' lang='lat' dir='ltr'><strong>hic</strong></span> <span class='ocrx_word' id='word_1_219' title='bbox 1574 2296 1661 2344; x_wconf 87' lang='lat' dir='ltr'><strong>est</strong></span> 
     </span>
    </p>
   </div>
   <div class='ocr_carea' id='block_1_77' title="bbox 1276 2355 2039 2417">
    <p class='ocr_par' dir='ltr' id='par_1_77' title="bbox 1276 2355 2039 2417">
     <span class='ocr_line' id='line_1_77' title="bbox 1276 2355 2039 2417; baseline 0.003 -4"><span class='ocrx_word' id='word_1_220' title='bbox 1276 2359 1370 2414; x_wconf 85' lang='lat'><strong>27.</strong></span> <span class='ocrx_word' id='word_1_221' title='bbox 1408 2358 1703 2415; x_wconf 76' lang='lat' dir='ltr'><strong>Christus?</strong></span> <span class='ocrx_word' id='word_1_222' title='bbox 1754 2355 1863 2417; x_wconf 87' lang='lat' dir='ltr'><strong>Sed</strong></span> <span class='ocrx_word' id='word_1_223' title='bbox 1906 2399 1919 2413; x_wconf 92' lang='lat'><strong>.</strong></span> <span class='ocrx_word' id='word_1_224' title='bbox 1966 2400 1980 2416; x_wconf 95' lang='lat'><strong>.</strong></span> <span class='ocrx_word' id='word_1_225' title='bbox 2024 2399 2039 2415; x_wconf 93' lang='lat'><strong>.</strong></span> 
     </span>
    </p>
   </div>
   <div class='ocr_carea' id='block_1_78' title="bbox 1280 2431 1662 2487">
    <p class='ocr_par' dir='ltr' id='par_1_78' title="bbox 1280 2431 1662 2487">
     <span class='ocr_line' id='line_1_78' title="bbox 1280 2431 1662 2487; baseline 0.005 -3"><span class='ocrx_word' id='word_1_226' title='bbox 1280 2431 1531 2487; x_wconf 89' lang='lat' dir='ltr'><strong>novimus</strong></span> <span class='ocrx_word' id='word_1_227' title='bbox 1562 2447 1662 2486; x_wconf 86' lang='lat' dir='ltr'><strong>nn-</strong></span> 
     </span>
    </p>
   </div>
   <div class='ocr_carea' id='block_1_79' title="bbox 1279 2501 1886 2558">
    <p class='ocr_par' dir='ltr' id='par_1_79' title="bbox 1279 2501 1886 2558">
     <span class='ocr_line' id='line_1_79' title="bbox 1279 2501 1886 2558; baseline 0.002 -1"><span class='ocrx_word' id='word_1_228' title='bbox 1279 2501 1348 2558; x_wconf 91' lang='lat' dir='ltr'><strong>de</strong></span> <span class='ocrx_word' id='word_1_229' title='bbox 1385 2502 1488 2556; x_wconf 87' lang='lat' dir='ltr'><strong>sit:</strong></span> <span class='ocrx_word' id='word_1_230' title='bbox 1512 2501 1759 2558; x_wconf 86' lang='lat' dir='ltr'><strong>Christus</strong></span> <span class='ocrx_word' id='word_1_231' title='bbox 1784 2516 1886 2558; x_wconf 85' lang='lat' dir='ltr'><strong>au-</strong></span> 
     </span>
    </p>
   </div>
   <div class='ocr_carea' id='block_1_80' title="bbox 1281 2582 1670 2631">
    <p class='ocr_par' dir='ltr' id='par_1_80' title="bbox 1281 2582 1670 2631">
     <span class='ocr_line' id='line_1_80' title="bbox 1281 2582 1670 2631; baseline 0.005 -2"><span class='ocrx_word' id='word_1_232' title='bbox 1281 2582 1391 2629; x_wconf 91' lang='lat' dir='ltr'><strong>tem</strong></span> <span class='ocrx_word' id='word_1_233' title='bbox 1421 2589 1544 2629; x_wconf 89' lang='lat' dir='ltr'><strong>cum</strong></span> <span class='ocrx_word' id='word_1_234' title='bbox 1577 2589 1670 2631; x_wconf 75' lang='lat' dir='ltr'><strong>VB-</strong></span> 
     </span>
    </p>
   </div>
   <div class='ocr_carea' id='block_1_81' title="bbox 1280 2645 1661 2711">
    <p class='ocr_par' dir='ltr' id='par_1_81' title="bbox 1280 2645 1661 2711">
     <span class='ocr_line' id='line_1_81' title="bbox 1280 2645 1661 2711; baseline 0 -12"><span class='ocrx_word' id='word_1_235' title='bbox 1280 2645 1426 2702; x_wconf 87' lang='lat' dir='ltr'><strong>nerit</strong></span> <span class='ocrx_word' id='word_1_236' title='bbox 1445 2688 1459 2711; x_wconf 91' lang='lat'><strong>,</strong></span> <span class='ocrx_word' id='word_1_237' title='bbox 1502 2659 1661 2700; x_wconf 87' lang='lat' dir='ltr'><strong>nemo</strong></span> 
     </span>
    </p>
   </div>
   <div class='ocr_carea' id='block_1_82' title="bbox 1275 2716 1700 2773">
    <p class='ocr_par' dir='ltr' id='par_1_82' title="bbox 1275 2716 1700 2773">
     <span class='ocr_line' id='line_1_82' title="bbox 1275 2716 1700 2773; baseline -0.007 -1"><span class='ocrx_word' id='word_1_238' title='bbox 1275 2719 1411 2773; x_wconf 85' lang='lat' dir='ltr'><strong>sciet</strong></span> <span class='ocrx_word' id='word_1_239' title='bbox 1435 2716 1577 2771; x_wconf 87' lang='lat' dir='ltr'><strong>unde</strong></span> <span class='ocrx_word' id='word_1_240' title='bbox 1607 2718 1700 2771; x_wconf 84' lang='lat' dir='ltr'><strong>sit.</strong></span> 
     </span>
    </p>
   </div>
   <div class='ocr_carea' id='block_1_83' title="bbox 1276 2788 1810 2845">
    <p class='ocr_par' dir='ltr' id='par_1_83' title="bbox 1276 2788 1810 2845">
     <span class='ocr_line' id='line_1_83' title="bbox 1276 2788 1810 2845; baseline -0.004 -1"><span class='ocrx_word' id='word_1_241' title='bbox 1276 2789 1370 2844; x_wconf 87' lang='lat'><strong>28.</strong></span> <span class='ocrx_word' id='word_1_242' title='bbox 1412 2788 1697 2845; x_wconf 83' lang='lat' dir='ltr'><strong>Clamabat</strong></span> <span class='ocrx_word' id='word_1_243' title='bbox 1720 2802 1810 2844; x_wconf 84' lang='lat' dir='ltr'><strong>er-</strong></span> 
     </span>
    </p>
   </div>
   <div class='ocr_carea' id='block_1_84' title="bbox 1278 2859 1661 2932">
    <p class='ocr_par' dir='ltr' id='par_1_84' title="bbox 1278 2859 1661 2932">
     <span class='ocr_line' id='line_1_84' title="bbox 1278 2859 1661 2932; baseline 0 -17"><span class='ocrx_word' id='word_1_244' title='bbox 1278 2876 1347 2932; x_wconf 84' lang='lat' dir='ltr'><strong>go</strong></span> <span class='ocrx_word' id='word_1_245' title='bbox 1376 2861 1579 2932; x_wconf 79' lang='lat' dir='ltr'><strong>docens</strong></span> <span class='ocrx_word' id='word_1_246' title='bbox 1606 2859 1661 2915; x_wconf 91' lang='lat' dir='ltr'><strong>in</strong></span> 
     </span>
    </p>
   </div>
   <div class='ocr_carea' id='block_1_85' title="bbox 1280 2927 1801 3001">
    <p class='ocr_par' dir='ltr' id='par_1_85' title="bbox 1280 2927 1801 3001">
     <span class='ocr_line' id='line_1_85' title="bbox 1280 2927 1801 3001; baseline -0.008 -15"><span class='ocrx_word' id='word_1_247' title='bbox 1280 2927 1485 3001; x_wconf 65' lang='lat' dir='ltr'><strong>iemplo</strong></span> <span class='ocrx_word' id='word_1_248' title='bbox 1512 2930 1694 2996; x_wconf 71' lang='lat' dir='ltr'><strong>Iesus,</strong></span> <span class='ocrx_word' id='word_1_249' title='bbox 1717 2927 1801 2984; x_wconf 87' lang='lat' dir='ltr'><strong>di-</strong></span> 
     </span>
    </p>
   </div>
   <div class='ocr_carea' id='block_1_86' title="bbox 1278 3003 1812 3061">
    <p class='ocr_par' dir='ltr' id='par_1_86' title="bbox 1278 3003 1812 3061">
     <span class='ocr_line' id='line_1_86' title="bbox 1278 3003 1812 3061; baseline 0.004 -2"><span class='ocrx_word' id='word_1_250' title='bbox 1278 3018 1447 3059; x_wconf 90' lang='lat' dir='ltr'><strong>cens:</strong></span> <span class='ocrx_word' id='word_1_251' title='bbox 1476 3003 1544 3057; x_wconf 79' lang='lat' dir='ltr'><strong>Et</strong></span> <span class='ocrx_word' id='word_1_252' title='bbox 1573 3018 1659 3058; x_wconf 87' lang='lat' dir='ltr'><strong>me</strong></span> <span class='ocrx_word' id='word_1_253' title='bbox 1686 3014 1812 3061; x_wconf 81' lang='lat' dir='ltr'><strong>nos—</strong></span> 
     </span>
    </p>
   </div>
   <div class='ocr_carea' id='block_1_87' title="bbox 1282 3073 1755 3140">
    <p class='ocr_par' dir='ltr' id='par_1_87' title="bbox 1282 3073 1755 3140">
     <span class='ocr_line' id='line_1_87' title="bbox 1282 3073 1755 3140; baseline -0.002 -12"><span class='ocrx_word' id='word_1_254' title='bbox 1282 3075 1375 3140; x_wconf 66' lang='lat' dir='ltr'><strong>lis,</strong></span> <span class='ocrx_word' id='word_1_255' title='bbox 1405 3085 1457 3128; x_wconf 87' lang='lat' dir='ltr'><strong>et</strong></span> <span class='ocrx_word' id='word_1_256' title='bbox 1480 3073 1630 3129; x_wconf 88' lang='lat' dir='ltr'><strong>scitis</strong></span> <span class='ocrx_word' id='word_1_257' title='bbox 1655 3088 1755 3128; x_wconf 88' lang='lat' dir='ltr'><strong>un-</strong></span> 
     </span>
    </p>
   </div>
   <div class='ocr_carea' id='block_1_88' title="bbox 1280 3146 1657 3203">
    <p class='ocr_par' dir='ltr' id='par_1_88' title="bbox 1280 3146 1657 3203">
     <span class='ocr_line' id='line_1_88' title="bbox 1280 3146 1657 3203; baseline -0.011 -2"><span class='ocrx_word' id='word_1_258' title='bbox 1280 3146 1349 3201; x_wconf 90' lang='lat' dir='ltr'><strong>de</strong></span> <span class='ocrx_word' id='word_1_259' title='bbox 1378 3146 1479 3199; x_wconf 91' lang='lat' dir='ltr'><strong>sim</strong></span> <span class='ocrx_word' id='word_1_260' title='bbox 1508 3162 1520 3197; x_wconf 88' lang='lat'><strong>:</strong></span> <span class='ocrx_word' id='word_1_261' title='bbox 1547 3154 1601 3198; x_wconf 86' lang='lat' dir='ltr'><strong>et</strong></span> <span class='ocrx_word' id='word_1_262' title='bbox 1627 3159 1657 3203; x_wconf 83' lang='lat' dir='ltr'><strong>a</strong></span> 
     </span>
    </p>
   </div>
   <div class='ocr_carea' id='block_1_89' title="bbox 1279 3230 1629 3272">
    <p class='ocr_par' dir='ltr' id='par_1_89' title="bbox 1279 3230 1629 3272">
     <span class='ocr_line' id='line_1_89' title="bbox 1279 3230 1629 3272; baseline -0.003 -1"><span class='ocrx_word' id='word_1_263' title='bbox 1279 3231 1369 3272; x_wconf 90' lang='lat' dir='ltr'><strong>me</strong></span> <span class='ocrx_word' id='word_1_264' title='bbox 1394 3232 1501 3270; x_wconf 88' lang='lat' dir='ltr'><strong>non</strong></span> <span class='ocrx_word' id='word_1_265' title='bbox 1531 3230 1629 3271; x_wconf 72' lang='grc' dir='ltr'><strong>νε-</strong></span> 
     </span>
    </p>
   </div>
   <div class='ocr_carea' id='block_1_90' title="bbox 1278 3286 1721 3351">
    <p class='ocr_par' dir='ltr' id='par_1_90' title="bbox 1278 3286 1721 3351">
     <span class='ocr_line' id='line_1_90' title="bbox 1278 3286 1721 3351; baseline -0.002 -10"><span class='ocrx_word' id='word_1_266' title='bbox 1278 3289 1355 3351; x_wconf 83' lang='lat' dir='ltr'><strong>ni.</strong></span> <span class='ocrx_word' id='word_1_267' title='bbox 1388 3286 1483 3341; x_wconf 87' lang='lat' dir='ltr'><strong>sed</strong></span> <span class='ocrx_word' id='word_1_268' title='bbox 1513 3297 1597 3342; x_wconf 89' lang='lat' dir='ltr'><strong>est</strong></span> <span class='ocrx_word' id='word_1_269' title='bbox 1624 3299 1721 3340; x_wconf 89' lang='lat' dir='ltr'><strong>ve-</strong></span> 
     </span>
    </p>
   </div>
   <div class='ocr_carea' id='block_1_91' title="bbox 1276 3359 1634 3429">
    <p class='ocr_par' dir='ltr' id='par_1_91' title="bbox 1276 3359 1634 3429">
     <span class='ocr_line' id='line_1_91' title="bbox 1276 3359 1634 3429; baseline 0 -16"><span class='ocrx_word' id='word_1_270' title='bbox 1276 3373 1393 3425; x_wconf 82' lang='lat' dir='ltr'><strong>rax,</strong></span> <span class='ocrx_word' id='word_1_271' title='bbox 1426 3359 1517 3429; x_wconf 86' lang='lat' dir='ltr'><strong>qui</strong></span> <span class='ocrx_word' id='word_1_272' title='bbox 1548 3373 1634 3413; x_wconf 85' lang='lat' dir='ltr'><strong>me</strong></span> 
     </span>
    </p>
   </div>
   <div class='ocr_carea' id='block_1_92' title="bbox 1279 3431 1662 3499">
    <p class='ocr_par' dir='ltr' id='par_1_92' title="bbox 1279 3431 1662 3499">
     <span class='ocr_line' id='line_1_92' title="bbox 1279 3431 1662 3499; baseline 0.005 -16"><span class='ocrx_word' id='word_1_273' title='bbox 1279 3431 1465 3493; x_wconf 88' lang='lat' dir='ltr'><strong>misit,</strong></span> <span class='ocrx_word' id='word_1_274' title='bbox 1500 3444 1662 3499; x_wconf 85' lang='lat' dir='ltr'><strong>quem</strong></span> 
     </span>
    </p>
   </div>
   <div class='ocr_carea' id='block_1_93' title="bbox 1278 3515 1670 3556">
    <p class='ocr_par' dir='ltr' id='par_1_93' title="bbox 1278 3515 1670 3556">
     <span class='ocr_line' id='line_1_93' title="bbox 1278 3515 1670 3556; baseline -0.003 -2"><span class='ocrx_word' id='word_1_275' title='bbox 1278 3516 1377 3556; x_wconf 75' lang='lat' dir='ltr'><strong>VOS</strong></span> <span class='ocrx_word' id='word_1_276' title='bbox 1404 3515 1509 3554; x_wconf 90' lang='lat' dir='ltr'><strong>non</strong></span> <span class='ocrx_word' id='word_1_277' title='bbox 1541 3516 1670 3554; x_wconf 76' lang='grc' dir='ltr'><strong>ηοε-</strong></span> 
     </span>
    </p>
   </div>
   <div class='ocr_carea' id='block_1_94' title="bbox 1271 3571 1859 3639">
    <p class='ocr_par' dir='ltr' id='par_1_94' title="bbox 1271 3571 1859 3639">
     <span class='ocr_line' id='line_1_94' title="bbox 1271 3571 1859 3639; baseline 0 -13"><span class='ocrx_word' id='word_1_278' title='bbox 1271 3571 1364 3626; x_wconf 84' lang='lat'><strong>29.</strong></span> <span class='ocrx_word' id='word_1_279' title='bbox 1409 3573 1497 3627; x_wconf 89' lang='lat' dir='ltr'><strong>tis.</strong></span> <span class='ocrx_word' id='word_1_280' title='bbox 1532 3573 1553 3603; x_wconf 76' lang='lat'>&#39;</span> <span class='ocrx_word' id='word_1_281' title='bbox 1584 3571 1697 3639; x_wconf 69' lang='lat' dir='ltr'><strong>Ego</strong></span> <span class='ocrx_word' id='word_1_282' title='bbox 1736 3572 1859 3626; x_wconf 76' lang='lat' dir='ltr'><strong>novi</strong></span> 
     </span>
    </p>
   </div>
   <div class='ocr_carea' id='block_1_95' title="bbox 1274 3643 1697 3713">
    <p class='ocr_par' dir='ltr' id='par_1_95' title="bbox 1274 3643 1697 3713">
     <span class='ocr_line' id='line_1_95' title="bbox 1274 3643 1697 3713; baseline 0.012 -16"><span class='ocrx_word' id='word_1_283' title='bbox 1274 3643 1427 3698; x_wconf 90' lang='lat' dir='ltr'><strong>illum</strong></span> <span class='ocrx_word' id='word_1_284' title='bbox 1455 3661 1468 3696; x_wconf 91' lang='lat'>:</span> <span class='ocrx_word' id='word_1_285' title='bbox 1501 3645 1697 3713; x_wconf 59' lang='lat' dir='ltr'><strong>quouiv</strong></span> 
     </span>
    </p>
   </div>
   <div class='ocr_carea' id='block_1_96' title="bbox 1273 3715 1766 3783">
    <p class='ocr_par' dir='ltr' id='par_1_96' title="bbox 1273 3715 1766 3783">
     <span class='ocr_line' id='line_1_96' title="bbox 1273 3715 1766 3783; baseline 0.008 -14"><span class='ocrx_word' id='word_1_286' title='bbox 1273 3730 1359 3770; x_wconf 88' lang='lat' dir='ltr'><strong>am</strong></span> <span class='ocrx_word' id='word_1_287' title='bbox 1391 3715 1460 3769; x_wconf 90' lang='lat' dir='ltr'><strong>ab</strong></span> <span class='ocrx_word' id='word_1_288' title='bbox 1487 3715 1579 3771; x_wconf 91' lang='lat' dir='ltr'><strong>illo</strong></span> <span class='ocrx_word' id='word_1_289' title='bbox 1608 3732 1727 3773; x_wconf 88' lang='lat' dir='ltr'><strong>sum</strong></span> <span class='ocrx_word' id='word_1_290' title='bbox 1749 3758 1766 3783; x_wconf 89' lang='lat'><strong>,</strong></span> 
     </span>
    </p>
   </div>
   <div class='ocr_carea' id='block_1_97' title="bbox 1272 3788 1689 3845">
    <p class='ocr_par' dir='ltr' id='par_1_97' title="bbox 1272 3788 1689 3845">
     <span class='ocr_line' id='line_1_97' title="bbox 1272 3788 1689 3845; baseline 0 -2"><span class='ocrx_word' id='word_1_291' title='bbox 1272 3795 1328 3843; x_wconf 92' lang='lat' dir='ltr'><strong>et</strong></span> <span class='ocrx_word' id='word_1_292' title='bbox 1357 3788 1447 3842; x_wconf 90' lang='lat' dir='ltr'><strong>ille</strong></span> <span class='ocrx_word' id='word_1_293' title='bbox 1476 3802 1561 3843; x_wconf 88' lang='lat' dir='ltr'><strong>me</strong></span> <span class='ocrx_word' id='word_1_294' title='bbox 1588 3789 1689 3845; x_wconf 81' lang='lat' dir='ltr'><strong>nti-</strong></span> 
     </span>
    </p>
   </div>
   <div class='ocr_carea' id='block_1_98' title="bbox 2574 404 3307 485">
    <p class='ocr_par' dir='ltr' id='par_1_98' title="bbox 2574 404 3307 485">
     <span class='ocr_line' id='line_1_98' title="bbox 2574 404 3307 485; baseline -0.004 -21"><span class='ocrx_word' id='word_1_295' title='bbox 2574 407 2815 465; x_wconf 57' lang='lat' dir='ltr'><strong>‘consx</strong></span> <span class='ocrx_word' id='word_1_296' title='bbox 2856 404 3307 485; x_wconf 74' lang='lat' dir='ltr'><strong>vsuonsssts.</strong></span> 
     </span>
    </p>
   </div>
   <div class='ocr_carea' id='block_1_99' title="bbox 2153 514 2553 574">
    <p class='ocr_par' dir='ltr' id='par_1_99' title="bbox 2153 514 2553 574">
     <span class='ocr_line' id='line_1_99' title="bbox 2153 514 2553 574; baseline 0.003 -19"><span class='ocrx_word' id='word_1_297' title='bbox 2153 514 2282 556; x_wconf 89' lang='lat' dir='ltr'><strong>cere</strong></span> <span class='ocrx_word' id='word_1_298' title='bbox 2309 517 2324 574; x_wconf 68' lang='grc' dir='ltr'>ξ</span> <span class='ocrx_word' id='word_1_299' title='bbox 2349 514 2553 574; x_wconf 82' lang='lat' dir='ltr'><strong>cogno-</strong></span> 
     </span>
    </p>
   </div>
   <div class='ocr_carea' id='block_1_100' title="bbox 2155 571 2594 628">
    <p class='ocr_par' dir='ltr' id='par_1_100' title="bbox 2155 571 2594 628">
     <span class='ocr_line' id='line_1_100' title="bbox 2155 571 2594 628; baseline 0.007 -2"><span class='ocrx_word' id='word_1_300' title='bbox 2155 581 2271 627; x_wconf 88' lang='lat' dir='ltr'><strong>scet</strong></span> <span class='ocrx_word' id='word_1_301' title='bbox 2290 571 2357 626; x_wconf 90' lang='lat' dir='ltr'><strong>de</strong></span> <span class='ocrx_word' id='word_1_302' title='bbox 2388 571 2594 628; x_wconf 84' lang='lat' dir='ltr'><strong>doctri-</strong></span> 
     </span>
    </p>
   </div>
   <div class='ocr_carea' id='block_1_101' title="bbox 2154 650 2559 709">
    <p class='ocr_par' dir='ltr' id='par_1_101' title="bbox 2154 650 2559 709">
     <span class='ocr_line' id='line_1_101' title="bbox 2154 650 2559 709; baseline 0.007 -11"><span class='ocrx_word' id='word_1_303' title='bbox 2154 659 2246 709; x_wconf 87' lang='lat' dir='ltr'><strong>na,</strong></span> <span class='ocrx_word' id='word_1_304' title='bbox 2281 650 2458 697; x_wconf 88' lang='lat' dir='ltr'><strong>tttrum</strong></span> <span class='ocrx_word' id='word_1_305' title='bbox 2488 660 2559 701; x_wconf 88' lang='lat' dir='ltr'><strong>ne</strong></span> 
     </span>
    </p>
   </div>
   <div class='ocr_carea' id='block_1_102' title="bbox 2154 714 2491 781">
    <p class='ocr_par' dir='ltr' id='par_1_102' title="bbox 2154 714 2491 781">
     <span class='ocr_line' id='line_1_102' title="bbox 2154 714 2491 781; baseline 0 -12"><span class='ocrx_word' id='word_1_306' title='bbox 2154 730 2221 769; x_wconf 83' lang='lat' dir='ltr'><strong>ex</strong></span> <span class='ocrx_word' id='word_1_307' title='bbox 2249 714 2359 770; x_wconf 89' lang='lat' dir='ltr'><strong>Deo</strong></span> <span class='ocrx_word' id='word_1_308' title='bbox 2390 716 2491 781; x_wconf 85' lang='lat' dir='ltr'><strong>sit,</strong></span> 
     </span>
    </p>
   </div>
   <div class='ocr_carea' id='block_1_103' title="bbox 2154 787 2586 857">
    <p class='ocr_par' dir='ltr' id='par_1_103' title="bbox 2154 787 2586 857">
     <span class='ocr_line' id='line_1_103' title="bbox 2154 787 2586 857; baseline 0.005 -18"><span class='ocrx_word' id='word_1_309' title='bbox 2154 800 2223 840; x_wconf 89' lang='lat' dir='ltr'><strong>an</strong></span> <span class='ocrx_word' id='word_1_310' title='bbox 2254 802 2319 840; x_wconf 87' lang='lat' dir='ltr'><strong>ex</strong></span> <span class='ocrx_word' id='word_1_311' title='bbox 2351 802 2436 840; x_wconf 83' lang='lat' dir='ltr'><strong>me</strong></span> <span class='ocrx_word' id='word_1_312' title='bbox 2466 787 2586 857; x_wconf 87' lang='lat' dir='ltr'><strong>ipso</strong></span> 
     </span>
    </p>
   </div>
   <div class='ocr_carea' id='block_1_104' title="bbox 2157 857 2629 927">
    <p class='ocr_par' dir='ltr' id='par_1_104' title="bbox 2157 857 2629 927">
     <span class='ocr_line' id='line_1_104' title="bbox 2157 857 2629 927; baseline 0.008 -16"><span class='ocrx_word' id='word_1_313' title='bbox 2157 857 2245 913; x_wconf 77' lang='lat' dir='ltr'><strong>i8.</strong></span> <span class='ocrx_word' id='word_1_314' title='bbox 2289 858 2493 927; x_wconf 90' lang='lat' dir='ltr'><strong>loquar.</strong></span> <span class='ocrx_word' id='word_1_315' title='bbox 2526 860 2629 926; x_wconf 78' lang='lat' dir='ltr'><strong>Qui</strong></span> 
     </span>
    </p>
   </div>
   <div class='ocr_carea' id='block_1_105' title="bbox 2155 930 2520 1000">
    <p class='ocr_par' dir='ltr' id='par_1_105' title="bbox 2155 930 2520 1000">
     <span class='ocr_line' id='line_1_105' title="bbox 2155 930 2520 1000; baseline 0.014 -19"><span class='ocrx_word' id='word_1_316' title='bbox 2155 943 2185 981; x_wconf 92' lang='lat' dir='ltr'><strong>a</strong></span> <span class='ocrx_word' id='word_1_317' title='bbox 2222 930 2520 1000; x_wconf 88' lang='lat' dir='ltr'><strong>semetipso</strong></span> 
     </span>
    </p>
   </div>
   <div class='ocr_carea' id='block_1_106' title="bbox 2155 1000 2577 1083">
    <p class='ocr_par' dir='ltr' id='par_1_106' title="bbox 2155 1000 2577 1083">
     <span class='ocr_line' id='line_1_106' title="bbox 2155 1000 2577 1083; baseline 0.005 -29"><span class='ocrx_word' id='word_1_318' title='bbox 2155 1000 2423 1083; x_wconf 72' lang='lat' dir='ltr'><strong>loquitur,</strong></span> <span class='ocrx_word' id='word_1_319' title='bbox 2460 1001 2577 1072; x_wconf 86' lang='lat' dir='ltr'><strong>glo-</strong></span> 
     </span>
    </p>
   </div>
   <div class='ocr_carea' id='block_1_107' title="bbox 2154 1087 2471 1126">
    <p class='ocr_par' dir='ltr' id='par_1_107' title="bbox 2154 1087 2471 1126">
     <span class='ocr_line' id='line_1_107' title="bbox 2154 1087 2471 1126; baseline 0.003 -1"><span class='ocrx_word' id='word_1_320' title='bbox 2154 1087 2289 1126; x_wconf 78' lang='lat' dir='ltr'><strong>l‘I-tm</strong></span> <span class='ocrx_word' id='word_1_321' title='bbox 2319 1088 2471 1126; x_wconf 87' lang='lat' dir='ltr'><strong>suam</strong></span> 
     </span>
    </p>
   </div>
   <div class='ocr_carea' id='block_1_108' title="bbox 2154 1145 2555 1214">
    <p class='ocr_par' dir='ltr' id='par_1_108' title="bbox 2154 1145 2555 1214">
     <span class='ocr_line' id='line_1_108' title="bbox 2154 1145 2555 1214; baseline 0.012 -19"><span class='ocrx_word' id='word_1_322' title='bbox 2154 1145 2393 1214; x_wconf 86' lang='lat' dir='ltr'><strong>quaerit,</strong></span> <span class='ocrx_word' id='word_1_323' title='bbox 2430 1158 2555 1200; x_wconf 85' lang='lat' dir='ltr'><strong>nam</strong></span> 
     </span>
    </p>
   </div>
   <div class='ocr_carea' id='block_1_109' title="bbox 2153 1215 2485 1284">
    <p class='ocr_par' dir='ltr' id='par_1_109' title="bbox 2153 1215 2485 1284">
     <span class='ocr_line' id='line_1_109' title="bbox 2153 1215 2485 1284; baseline 0.006 -17"><span class='ocrx_word' id='word_1_324' title='bbox 2153 1216 2245 1284; x_wconf 91' lang='lat' dir='ltr'><strong>qui</strong></span> <span class='ocrx_word' id='word_1_325' title='bbox 2273 1215 2485 1284; x_wconf 86' lang='lat' dir='ltr'><strong>quaerit</strong></span> 
     </span>
    </p>
   </div>
   <div class='ocr_carea' id='block_1_110' title="bbox 2152 1287 2557 1356">
    <p class='ocr_par' dir='ltr' id='par_1_110' title="bbox 2152 1287 2557 1356">
     <span class='ocr_line' id='line_1_110' title="bbox 2152 1287 2557 1356; baseline 0.005 -15"><span class='ocrx_word' id='word_1_326' title='bbox 2152 1287 2377 1355; x_wconf 72' lang='lat' dir='ltr'><strong>gloriam</strong></span> <span class='ocrx_word' id='word_1_327' title='bbox 2402 1287 2520 1356; x_wconf 84' lang='lat' dir='ltr'><strong>ejus</strong></span> <span class='ocrx_word' id='word_1_328' title='bbox 2541 1328 2557 1354; x_wconf 88' lang='lat'><strong>,</strong></span> 
     </span>
    </p>
   </div>
   <div class='ocr_carea' id='block_1_111' title="bbox 2154 1373 2527 1427">
    <p class='ocr_par' dir='ltr' id='par_1_111' title="bbox 2154 1373 2527 1427">
     <span class='ocr_line' id='line_1_111' title="bbox 2154 1373 2527 1427; baseline 0.008 -17"><span class='ocrx_word' id='word_1_329' title='bbox 2154 1373 2244 1427; x_wconf 88' lang='lat' dir='ltr'><strong>qut</strong></span> <span class='ocrx_word' id='word_1_330' title='bbox 2269 1373 2393 1413; x_wconf 92' lang='lat' dir='ltr'><strong>eum</strong></span> <span class='ocrx_word' id='word_1_331' title='bbox 2421 1375 2527 1413; x_wconf 88' lang='lat' dir='ltr'><strong>mt-</strong></span> 
     </span>
    </p>
   </div>
   <div class='ocr_carea' id='block_1_112' title="bbox 2154 1430 2460 1494">
    <p class='ocr_par' dir='ltr' id='par_1_112' title="bbox 2154 1430 2460 1494">
     <span class='ocr_line' id='line_1_112' title="bbox 2154 1430 2460 1494; baseline 0.007 -12"><span class='ocrx_word' id='word_1_332' title='bbox 2154 1430 2226 1483; x_wconf 89' lang='lat' dir='ltr'><strong>sit</strong></span> <span class='ocrx_word' id='word_1_333' title='bbox 2249 1470 2264 1494; x_wconf 88' lang='lat'><strong>,</strong></span> <span class='ocrx_word' id='word_1_334' title='bbox 2298 1445 2460 1484; x_wconf 81' lang='lat' dir='ltr'><strong>verax</strong></span> 
     </span>
    </p>
   </div>
   <div class='ocr_carea' id='block_1_113' title="bbox 2153 1502 2486 1566">
    <p class='ocr_par' dir='ltr' id='par_1_113' title="bbox 2153 1502 2486 1566">
     <span class='ocr_line' id='line_1_113' title="bbox 2153 1502 2486 1566; baseline 0 -11"><span class='ocrx_word' id='word_1_335' title='bbox 2153 1509 2271 1566; x_wconf 87' lang='lat' dir='ltr'><strong>est,</strong></span> <span class='ocrx_word' id='word_1_336' title='bbox 2297 1509 2352 1555; x_wconf 87' lang='lat' dir='ltr'><strong>et</strong></span> <span class='ocrx_word' id='word_1_337' title='bbox 2384 1502 2486 1555; x_wconf 88' lang='lat' dir='ltr'><strong>ini-</strong></span> 
     </span>
    </p>
   </div>
   <div class='ocr_carea' id='block_1_114' title="bbox 2152 1572 2504 1642">
    <p class='ocr_par' dir='ltr' id='par_1_114' title="bbox 2152 1572 2504 1642">
     <span class='ocr_line' id='line_1_114' title="bbox 2152 1572 2504 1642; baseline 0 -16"><span class='ocrx_word' id='word_1_338' title='bbox 2152 1572 2331 1642; x_wconf 88' lang='lat' dir='ltr'><strong>quitas</strong></span> <span class='ocrx_word' id='word_1_339' title='bbox 2362 1573 2417 1627; x_wconf 91' lang='lat' dir='ltr'><strong>in</strong></span> <span class='ocrx_word' id='word_1_340' title='bbox 2438 1587 2504 1628; x_wconf 91' lang='lat' dir='ltr'><strong>eo</strong></span> 
     </span>
    </p>
   </div>
   <div class='ocr_carea' id='block_1_115' title="bbox 2154 1653 2394 1699">
    <p class='ocr_par' dir='ltr' id='par_1_115' title="bbox 2154 1653 2394 1699">
     <span class='ocr_line' id='line_1_115' title="bbox 2154 1653 2394 1699; baseline -0.004 -2"><span class='ocrx_word' id='word_1_341' title='bbox 2154 1658 2262 1699; x_wconf 89' lang='lat' dir='ltr'><strong>non</strong></span> <span class='ocrx_word' id='word_1_342' title='bbox 2292 1653 2394 1698; x_wconf 73' lang='grc' dir='ltr'><strong>εει.</strong></span> 
     </span>
    </p>
   </div>
   <div class='ocr_carea' id='block_1_116' title="bbox 2159 1713 2725 1788">
    <p class='ocr_par' dir='ltr' id='par_1_116' title="bbox 2159 1713 2725 1788">
     <span class='ocr_line' id='line_1_116' title="bbox 2159 1713 2725 1788; baseline 0.007 -19"><span class='ocrx_word' id='word_1_343' title='bbox 2159 1716 2257 1788; x_wconf 64' lang='grc'><strong>19.</strong></span> <span class='ocrx_word' id='word_1_344' title='bbox 2292 1715 2482 1788; x_wconf 84' lang='lat' dir='ltr'><strong>Nonne</strong></span> <span class='ocrx_word' id='word_1_345' title='bbox 2512 1713 2725 1788; x_wconf 81' lang='lat' dir='ltr'><strong>Moyses</strong></span> 
     </span>
    </p>
   </div>
   <div class='ocr_carea' id='block_1_117' title="bbox 2158 1785 2490 1843">
    <p class='ocr_par' dir='ltr' id='par_1_117' title="bbox 2158 1785 2490 1843">
     <span class='ocr_line' id='line_1_117' title="bbox 2158 1785 2490 1843; baseline 0.006 -2"><span class='ocrx_word' id='word_1_346' title='bbox 2158 1785 2308 1843; x_wconf 86' lang='lat' dir='ltr'><strong>dedit</strong></span> <span class='ocrx_word' id='word_1_347' title='bbox 2332 1787 2490 1843; x_wconf 74' lang='lat' dir='ltr'><strong>Vobis</strong></span> 
     </span>
    </p>
   </div>
   <div class='ocr_carea' id='block_1_118' title="bbox 2161 1858 2595 1929">
    <p class='ocr_par' dir='ltr' id='par_1_118' title="bbox 2161 1858 2595 1929">
     <span class='ocr_line' id='line_1_118' title="bbox 2161 1858 2595 1929; baseline 0.007 -17"><span class='ocrx_word' id='word_1_348' title='bbox 2161 1858 2331 1929; x_wconf 87' lang='lat' dir='ltr'><strong>legem</strong></span> <span class='ocrx_word' id='word_1_349' title='bbox 2367 1876 2381 1913; x_wconf 89' lang='lat'><strong>:</strong></span> <span class='ocrx_word' id='word_1_350' title='bbox 2413 1866 2469 1913; x_wconf 89' lang='lat' dir='ltr'><strong>et</strong></span> <span class='ocrx_word' id='word_1_351' title='bbox 2498 1872 2595 1915; x_wconf 82' lang='lat' dir='ltr'><strong>ne-</strong></span> 
     </span>
    </p>
   </div>
   <div class='ocr_carea' id='block_1_119' title="bbox 2158 1931 2523 1987">
    <p class='ocr_par' dir='ltr' id='par_1_119' title="bbox 2158 1931 2523 1987">
     <span class='ocr_line' id='line_1_119' title="bbox 2158 1931 2523 1987; baseline 0.008 -4"><span class='ocrx_word' id='word_1_352' title='bbox 2158 1944 2249 1983; x_wconf 85' lang='lat' dir='ltr'><strong>mo</strong></span> <span class='ocrx_word' id='word_1_353' title='bbox 2277 1947 2341 1986; x_wconf 85' lang='lat' dir='ltr'><strong>ex</strong></span> <span class='ocrx_word' id='word_1_354' title='bbox 2368 1931 2523 1987; x_wconf 84' lang='lat' dir='ltr'><strong>vobis</strong></span> 
     </span>
    </p>
   </div>
   <div class='ocr_carea' id='block_1_120' title="bbox 2158 2000 2527 2071">
    <p class='ocr_par' dir='ltr' id='par_1_120' title="bbox 2158 2000 2527 2071">
     <span class='ocr_line' id='line_1_120' title="bbox 2158 2000 2527 2071; baseline 0 -17"><span class='ocrx_word' id='word_1_355' title='bbox 2158 2000 2289 2056; x_wconf 75' lang='lat' dir='ltr'><strong>facit</strong></span> <span class='ocrx_word' id='word_1_356' title='bbox 2318 2001 2527 2071; x_wconf 80' lang='lat' dir='ltr'><strong>legent?</strong></span> 
     </span>
    </p>
   </div>
   <div class='ocr_carea' id='block_1_121' title="bbox 2154 2071 2738 2143">
    <p class='ocr_par' dir='ltr' id='par_1_121' title="bbox 2154 2071 2738 2143">
     <span class='ocr_line' id='line_1_121' title="bbox 2154 2071 2738 2143; baseline 0.01 -17"><span class='ocrx_word' id='word_1_357' title='bbox 2154 2071 2246 2127; x_wconf 83' lang='lat'><strong>20.</strong></span> <span class='ocrx_word' id='word_1_358' title='bbox 2287 2073 2425 2141; x_wconf 80' lang='lat' dir='ltr'><strong>Quid</strong></span> <span class='ocrx_word' id='word_1_359' title='bbox 2457 2089 2543 2129; x_wconf 89' lang='lat' dir='ltr'><strong>me</strong></span> <span class='ocrx_word' id='word_1_360' title='bbox 2570 2088 2738 2143; x_wconf 84' lang='lat' dir='ltr'><strong>quae-</strong></span> 
     </span>
    </p>
   </div>
   <div class='ocr_carea' id='block_1_122' title="bbox 2155 2144 2596 2201">
    <p class='ocr_par' dir='ltr' id='par_1_122' title="bbox 2155 2144 2596 2201">
     <span class='ocr_line' id='line_1_122' title="bbox 2155 2144 2596 2201; baseline 0.011 -5"><span class='ocrx_word' id='word_1_361' title='bbox 2155 2144 2277 2199; x_wconf 86' lang='lat' dir='ltr'><strong>ritis</strong></span> <span class='ocrx_word' id='word_1_362' title='bbox 2303 2144 2596 2201; x_wconf 68' lang='lat' dir='ltr'><strong>ot-cidere?</strong></span> 
     </span>
    </p>
   </div>
   <div class='ocr_carea' id='block_1_123' title="bbox 2152 2213 2592 2285">
    <p class='ocr_par' dir='ltr' id='par_1_123' title="bbox 2152 2213 2592 2285">
     <span class='ocr_line' id='line_1_123' title="bbox 2152 2213 2592 2285; baseline 0.002 -15"><span class='ocrx_word' id='word_1_363' title='bbox 2152 2213 2247 2285; x_wconf 70' lang='lat'><strong>21.</strong></span> <span class='ocrx_word' id='word_1_364' title='bbox 2288 2214 2592 2285; x_wconf 84' lang='lat' dir='ltr'><strong>Respondit</strong></span> 
     </span>
    </p>
   </div>
   <div class='ocr_carea' id='block_1_124' title="bbox 2151 2284 2446 2353">
    <p class='ocr_par' dir='ltr' id='par_1_124' title="bbox 2151 2284 2446 2353">
     <span class='ocr_line' id='line_1_124' title="bbox 2151 2284 2446 2353; baseline 0 -12"><span class='ocrx_word' id='word_1_365' title='bbox 2151 2284 2310 2341; x_wconf 80' lang='lat' dir='ltr'><strong>Jesus</strong></span> <span class='ocrx_word' id='word_1_366' title='bbox 2332 2330 2348 2353; x_wconf 94' lang='lat'><strong>,</strong></span> <span class='ocrx_word' id='word_1_367' title='bbox 2390 2284 2446 2343; x_wconf 88' lang='lat' dir='ltr'><strong>et</strong></span> 
     </span>
    </p>
   </div>
   <div class='ocr_carea' id='block_1_125' title="bbox 2152 2357 2447 2414">
    <p class='ocr_par' dir='ltr' id='par_1_125' title="bbox 2152 2357 2447 2414">
     <span class='ocr_line' id='line_1_125' title="bbox 2152 2357 2447 2414; baseline 0.01 -3"><span class='ocrx_word' id='word_1_368' title='bbox 2152 2357 2292 2412; x_wconf 80' lang='lat' dir='ltr'><strong>dixit</strong></span> <span class='ocrx_word' id='word_1_369' title='bbox 2318 2360 2397 2414; x_wconf 85' lang='lat' dir='ltr'><strong>eis</strong></span> <span class='ocrx_word' id='word_1_370' title='bbox 2432 2378 2447 2414; x_wconf 88' lang='lat'><strong>:</strong></span> 
     </span>
    </p>
   </div>
   <div class='ocr_carea' id='block_1_126' title="bbox 2152 2427 2500 2497">
    <p class='ocr_par' dir='ltr' id='par_1_126' title="bbox 2152 2427 2500 2497">
     <span class='ocr_line' id='line_1_126' title="bbox 2152 2427 2500 2497; baseline 0 -12"><span class='ocrx_word' id='word_1_371' title='bbox 2152 2427 2330 2485; x_wconf 88' lang='lat' dir='ltr'><strong>Unum</strong></span> <span class='ocrx_word' id='word_1_372' title='bbox 2361 2441 2500 2497; x_wconf 87' lang='lat' dir='ltr'><strong>opus</strong></span> 
     </span>
    </p>
   </div>
   <div class='ocr_carea' id='block_1_127' title="bbox 2150 2501 2590 2583">
    <p class='ocr_par' dir='ltr' id='par_1_127' title="bbox 2150 2501 2590 2583">
     <span class='ocr_line' id='line_1_127' title="bbox 2150 2501 2590 2583; baseline 0.007 -30"><span class='ocrx_word' id='word_1_373' title='bbox 2150 2501 2256 2583; x_wconf 76' lang='lat' dir='ltr'><strong>feci</strong></span> <span class='ocrx_word' id='word_1_374' title='bbox 2277 2543 2292 2567; x_wconf 93' lang='lat'><strong>,</strong></span> <span class='ocrx_word' id='word_1_375' title='bbox 2314 2512 2371 2583; x_wconf 73' lang='lat' dir='ltr'><strong>et</strong></span> <span class='ocrx_word' id='word_1_376' title='bbox 2398 2516 2590 2583; x_wconf 74' lang='lat' dir='ltr'><strong>omnes</strong></span> 
     </span>
    </p>
   </div>
   <div class='ocr_carea' id='block_1_128' title="bbox 2147 2587 2456 2627">
    <p class='ocr_par' dir='ltr' id='par_1_128' title="bbox 2147 2587 2456 2627">
     <span class='ocr_line' id='line_1_128' title="bbox 2147 2587 2456 2627; baseline 0.003 -2"><span class='ocrx_word' id='word_1_377' title='bbox 2147 2587 2419 2626; x_wconf 74' lang='lat' dir='ltr'><strong>mll&#39;amllll</strong></span> <span class='ocrx_word' id='word_1_378' title='bbox 2443 2591 2456 2627; x_wconf 76' lang='grc' dir='ltr'>ἒ</span> 
     </span>
    </p>
   </div>
   <div class='ocr_carea' id='block_1_129' title="bbox 2146 2641 2648 2711">
    <p class='ocr_par' dir='ltr' id='par_1_129' title="bbox 2146 2641 2648 2711">
     <span class='ocr_line' id='line_1_129' title="bbox 2146 2641 2648 2711; baseline 0.012 -16"><span class='ocrx_word' id='word_1_379' title='bbox 2146 2641 2238 2697; x_wconf 84' lang='lat'><strong>22.</strong></span> <span class='ocrx_word' id='word_1_380' title='bbox 2283 2644 2512 2711; x_wconf 84' lang='lat' dir='ltr'><strong>Propter</strong></span> <span class='ocrx_word' id='word_1_381' title='bbox 2544 2644 2648 2701; x_wconf 91' lang='lat' dir='ltr'><strong>hoc</strong></span> 
     </span>
    </p>
   </div>
   <div class='ocr_carea' id='block_1_130' title="bbox 2147 2715 2541 2786">
    <p class='ocr_par' dir='ltr' id='par_1_130' title="bbox 2147 2715 2541 2786">
     <span class='ocr_line' id='line_1_130' title="bbox 2147 2715 2541 2786; baseline 0.01 -19"><span class='ocrx_word' id='word_1_382' title='bbox 2147 2715 2361 2786; x_wconf 84' lang='lat' dir='ltr'><strong>Moyses</strong></span> <span class='ocrx_word' id='word_1_383' title='bbox 2390 2716 2541 2771; x_wconf 88' lang='lat' dir='ltr'><strong>dedit</strong></span> 
     </span>
    </p>
   </div>
   <div class='ocr_carea' id='block_1_131' title="bbox 2147 2786 2623 2845">
    <p class='ocr_par' dir='ltr' id='par_1_131' title="bbox 2147 2786 2623 2845">
     <span class='ocr_line' id='line_1_131' title="bbox 2147 2786 2623 2845; baseline 0.004 -4"><span class='ocrx_word' id='word_1_384' title='bbox 2147 2788 2304 2841; x_wconf 82' lang='lat' dir='ltr'><strong>vobis</strong></span> <span class='ocrx_word' id='word_1_385' title='bbox 2332 2786 2623 2845; x_wconf 80' lang='lat' dir='ltr'><strong>circumci-</strong></span> 
     </span>
    </p>
   </div>
   <div class='ocr_carea' id='block_1_132' title="bbox 2148 2860 2569 2919">
    <p class='ocr_par' dir='ltr' id='par_1_132' title="bbox 2148 2860 2569 2919">
     <span class='ocr_line' id='line_1_132' title="bbox 2148 2860 2569 2919; baseline 0.012 -8"><span class='ocrx_word' id='word_1_386' title='bbox 2148 2860 2360 2912; x_wconf 82' lang='lat' dir='ltr'><strong>sionem</strong></span> <span class='ocrx_word' id='word_1_387' title='bbox 2387 2877 2400 2914; x_wconf 90' lang='lat'><strong>:</strong></span> <span class='ocrx_word' id='word_1_388' title='bbox 2436 2862 2569 2919; x_wconf 81' lang='lat' dir='ltr'><strong>(non</strong></span> 
     </span>
    </p>
   </div>
   <div class='ocr_carea' id='block_1_133' title="bbox 2148 2930 2569 3004">
    <p class='ocr_par' dir='ltr' id='par_1_133' title="bbox 2148 2930 2569 3004">
     <span class='ocr_line' id='line_1_133' title="bbox 2148 2930 2569 3004; baseline 0.01 -21"><span class='ocrx_word' id='word_1_389' title='bbox 2148 2930 2384 3004; x_wconf 75' lang='lat' dir='ltr'><strong>quodex</strong></span> <span class='ocrx_word' id='word_1_390' title='bbox 2417 2931 2569 3004; x_wconf 85' lang='lat' dir='ltr'><strong>Moy-</strong></span> 
     </span>
    </p>
   </div>
   <div class='ocr_carea' id='block_1_134' title="bbox 2148 3001 2482 3061">
    <p class='ocr_par' dir='ltr' id='par_1_134' title="bbox 2148 3001 2482 3061">
     <span class='ocr_line' id='line_1_134' title="bbox 2148 3001 2482 3061; baseline 0.015 -8"><span class='ocrx_word' id='word_1_391' title='bbox 2148 3016 2245 3056; x_wconf 83' lang='lat' dir='ltr'><strong>sen</strong></span> <span class='ocrx_word' id='word_1_392' title='bbox 2271 3001 2359 3061; x_wconf 79' lang='lat' dir='ltr'><strong>sit,</strong></span> <span class='ocrx_word' id='word_1_393' title='bbox 2386 3003 2482 3057; x_wconf 89' lang='lat' dir='ltr'><strong>sed</strong></span> 
     </span>
    </p>
   </div>
   <div class='ocr_carea' id='block_1_135' title="bbox 2149 3072 2495 3130">
    <p class='ocr_par' dir='ltr' id='par_1_135' title="bbox 2149 3072 2495 3130">
     <span class='ocr_line' id='line_1_135' title="bbox 2149 3072 2495 3130; baseline 0.009 -3"><span class='ocrx_word' id='word_1_394' title='bbox 2149 3087 2216 3127; x_wconf 89' lang='lat' dir='ltr'><strong>ex</strong></span> <span class='ocrx_word' id='word_1_395' title='bbox 2247 3072 2495 3130; x_wconf 77' lang='lat' dir='ltr'><strong>Pairibns</strong></span> 
     </span>
    </p>
   </div>
   <div class='ocr_carea' id='block_1_136' title="bbox 2148 3144 2470 3215">
    <p class='ocr_par' dir='ltr' id='par_1_136' title="bbox 2148 3144 2470 3215">
     <span class='ocr_line' id='line_1_136' title="bbox 2148 3144 2470 3215; baseline 0.003 -17"><span class='ocrx_word' id='word_1_396' title='bbox 2148 3144 2383 3215; x_wconf 65' lang='lat' dir='ltr'><strong>VESll‘lS)</strong></span> <span class='ocrx_word' id='word_1_397' title='bbox 2416 3156 2470 3199; x_wconf 91' lang='lat' dir='ltr'><strong>et</strong></span> 
     </span>
    </p>
   </div>
   <div class='ocr_carea' id='block_1_137' title="bbox 2148 3216 2506 3272">
    <p class='ocr_par' dir='ltr' id='par_1_137' title="bbox 2148 3216 2506 3272">
     <span class='ocr_line' id='line_1_137' title="bbox 2148 3216 2506 3272; baseline 0.008 -3"><span class='ocrx_word' id='word_1_398' title='bbox 2148 3216 2374 3269; x_wconf 87' lang='lat' dir='ltr'><strong>sabbato</strong></span> <span class='ocrx_word' id='word_1_399' title='bbox 2402 3217 2506 3272; x_wconf 89' lang='lat' dir='ltr'><strong>cir-</strong></span> 
     </span>
    </p>
   </div>
   <div class='ocr_carea' id='block_1_138' title="bbox 2148 3286 2582 3343">
    <p class='ocr_par' dir='ltr' id='par_1_138' title="bbox 2148 3286 2582 3343">
     <span class='ocr_line' id='line_1_138' title="bbox 2148 3286 2582 3343; baseline 0.009 -4"><span class='ocrx_word' id='word_1_400' title='bbox 2148 3286 2453 3343; x_wconf 88' lang='lat' dir='ltr'><strong>cumciditis</strong></span> <span class='ocrx_word' id='word_1_401' title='bbox 2485 3289 2582 3343; x_wconf 81' lang='lat' dir='ltr'><strong>lto-</strong></span> 
     </span>
    </p>
   </div>
   <div class='ocr_carea' id='block_1_139' title="bbox 2147 3358 2599 3417">
    <p class='ocr_par' dir='ltr' id='par_1_139' title="bbox 2147 3358 2599 3417">
     <span class='ocr_line' id='line_1_139' title="bbox 2147 3358 2599 3417; baseline 0.009 -6"><span class='ocrx_word' id='word_1_402' title='bbox 2147 3358 2241 3412; x_wconf 78' lang='lat'><strong>25.</strong></span> <span class='ocrx_word' id='word_1_403' title='bbox 2284 3360 2508 3414; x_wconf 88' lang='lat' dir='ltr'><strong>minem.</strong></span> <span class='ocrx_word' id='word_1_404' title='bbox 2542 3359 2599 3417; x_wconf 86' lang='lat' dir='ltr'><strong>Si</strong></span> 
     </span>
    </p>
   </div>
   <div class='ocr_carea' id='block_1_140' title="bbox 2148 3430 2621 3487">
    <p class='ocr_par' dir='ltr' id='par_1_140' title="bbox 2148 3430 2621 3487">
     <span class='ocr_line' id='line_1_140' title="bbox 2148 3430 2621 3487; baseline 0.008 -4"><span class='ocrx_word' id='word_1_405' title='bbox 2148 3430 2621 3487; x_wconf 64' lang='lat' dir='ltr'><strong>circumcisionem</strong></span> 
     </span>
    </p>
   </div>
   <div class='ocr_carea' id='block_1_141' title="bbox 2150 3501 2550 3571">
    <p class='ocr_par' dir='ltr' id='par_1_141' title="bbox 2150 3501 2550 3571">
     <span class='ocr_line' id='line_1_141' title="bbox 2150 3501 2550 3571; baseline 0.008 -17"><span class='ocrx_word' id='word_1_406' title='bbox 2150 3501 2348 3571; x_wconf 73' lang='lat' dir='ltr'><strong>accipit</strong></span> <span class='ocrx_word' id='word_1_407' title='bbox 2383 3502 2550 3559; x_wconf 89' lang='lat' dir='ltr'><strong>homo</strong></span> 
     </span>
    </p>
   </div>
   <div class='ocr_carea' id='block_1_142' title="bbox 2148 3573 2492 3639">
    <p class='ocr_par' dir='ltr' id='par_1_142' title="bbox 2148 3573 2492 3639">
     <span class='ocr_line' id='line_1_142' title="bbox 2148 3573 2492 3639; baseline 0.003 -13"><span class='ocrx_word' id='word_1_408' title='bbox 2148 3573 2201 3626; x_wconf 89' lang='lat' dir='ltr'><strong>in</strong></span> <span class='ocrx_word' id='word_1_409' title='bbox 2229 3574 2457 3628; x_wconf 87' lang='lat' dir='ltr'><strong>sabbato</strong></span> <span class='ocrx_word' id='word_1_410' title='bbox 2478 3616 2492 3639; x_wconf 88' lang='lat'><strong>,</strong></span> 
     </span>
    </p>
   </div>
   <div class='ocr_carea' id='block_1_143' title="bbox 2149 3647 2615 3703">
    <p class='ocr_par' dir='ltr' id='par_1_143' title="bbox 2149 3647 2615 3703">
     <span class='ocr_line' id='line_1_143' title="bbox 2149 3647 2615 3703; baseline 0.006 -5"><span class='ocrx_word' id='word_1_411' title='bbox 2149 3653 2208 3698; x_wconf 81' lang='lat' dir='ltr'><strong>ut</strong></span> <span class='ocrx_word' id='word_1_412' title='bbox 2236 3661 2340 3697; x_wconf 91' lang='lat' dir='ltr'><strong>nou</strong></span> <span class='ocrx_word' id='word_1_413' title='bbox 2372 3647 2615 3703; x_wconf 84' lang='lat' dir='ltr'><strong>solvatur</strong></span> 
     </span>
    </p>
   </div>
   <div class='ocr_carea' id='block_1_144' title="bbox 2147 3715 2477 3788">
    <p class='ocr_par' dir='ltr' id='par_1_144' title="bbox 2147 3715 2477 3788">
     <span class='ocr_line' id='line_1_144' title="bbox 2147 3715 2477 3788; baseline 0.006 -18"><span class='ocrx_word' id='word_1_414' title='bbox 2147 3715 2233 3771; x_wconf 91' lang='lat' dir='ltr'><strong>lex</strong></span> <span class='ocrx_word' id='word_1_415' title='bbox 2266 3717 2432 3788; x_wconf 83' lang='lat' dir='ltr'><strong>Moysi</strong></span> <span class='ocrx_word' id='word_1_416' title='bbox 2464 3736 2477 3772; x_wconf 91' lang='lat'>:</span> 
     </span>
    </p>
   </div>
   <div class='ocr_carea' id='block_1_145' title="bbox 2147 3788 2493 3845">
    <p class='ocr_par' dir='ltr' id='par_1_145' title="bbox 2147 3788 2493 3845">
     <span class='ocr_line' id='line_1_145' title="bbox 2147 3788 2493 3845; baseline 0.012 -4"><span class='ocrx_word' id='word_1_417' title='bbox 2147 3788 2278 3842; x_wconf 86' lang='lat' dir='ltr'><strong>mihi</strong></span> <span class='ocrx_word' id='word_1_418' title='bbox 2307 3790 2493 3845; x_wconf 80' lang='lat' dir='ltr'><strong>irasci-</strong></span> 
     </span>
    </p>
   </div>
   <div class='ocr_carea' id='block_1_146' title="bbox 2990 499 3386 628">
    <p class='ocr_par' dir='ltr' id='par_1_146' title="bbox 2990 499 3386 628">
     <span class='ocr_line' id='line_1_146' title="bbox 2990 499 3386 571; baseline 0.003 -15"><span class='ocrx_word' id='word_1_419' title='bbox 2990 499 3121 556; x_wconf 91' lang='lat' dir='ltr'><strong>mini</strong></span> <span class='ocrx_word' id='word_1_420' title='bbox 3148 499 3386 571; x_wconf 85' lang='lat' dir='ltr'><strong>quoniam</strong></span> 
     </span>
     <span class='ocr_line' id='line_1_147' title="bbox 2992 571 3372 628; baseline -0.003 0"><span class='ocrx_word' id='word_1_421' title='bbox 2992 582 3162 628; x_wconf 91' lang='lat' dir='ltr'><strong>totum</strong></span> <span class='ocrx_word' id='word_1_422' title='bbox 3205 571 3372 627; x_wconf 87' lang='lat' dir='ltr'><strong>homi-</strong></span> 
     </span>
    </p>
   </div>
   <div class='ocr_carea' id='block_1_147' title="bbox 3014 586 3372 627">
    <p class='ocr_par' dir='ltr' id='par_1_147' title="bbox 3014 586 3372 627">
     <span class='ocr_line' id='line_1_148' title="bbox 3014 586 3372 627; baseline 0 0"><span class='ocrx_word' id='word_1_423' title='bbox 3014 586 3162 627; x_wconf 91' lang='lat' dir='ltr'><strong>otum</strong></span> <span class='ocrx_word' id='word_1_424' title='bbox 3206 586 3372 627; x_wconf 78' lang='lat' dir='ltr'><strong>nomi-</strong></span> 
     </span>
    </p>
   </div>
   <div class='ocr_carea' id='block_1_148' title="bbox 2995 643 3349 699">
    <p class='ocr_par' dir='ltr' id='par_1_148' title="bbox 2995 643 3349 699">
     <span class='ocr_line' id='line_1_149' title="bbox 2995 643 3349 699; baseline -0.008 0"><span class='ocrx_word' id='word_1_425' title='bbox 2995 660 3119 699; x_wconf 89' lang='lat' dir='ltr'><strong>nem</strong></span> <span class='ocrx_word' id='word_1_426' title='bbox 3147 643 3349 697; x_wconf 78' lang='lat' dir='ltr'><strong>salvum</strong></span> 
     </span>
    </p>
   </div>
   <div class='ocr_carea' id='block_1_149' title="bbox 2995 715 3381 771">
    <p class='ocr_par' dir='ltr' id='par_1_149' title="bbox 2995 715 3381 771">
     <span class='ocr_line' id='line_1_150' title="bbox 2995 715 3381 771; baseline 0.003 -1"><span class='ocrx_word' id='word_1_427' title='bbox 2995 716 3095 770; x_wconf 78' lang='lat' dir='ltr'><strong>feci</strong></span> <span class='ocrx_word' id='word_1_428' title='bbox 3125 715 3342 771; x_wconf 83' lang='lat' dir='ltr'><strong>sabbato</strong></span> <span class='ocrx_word' id='word_1_429' title='bbox 3361 715 3381 770; x_wconf 77' lang='lat' dir='ltr'><strong>l</strong></span> 
     </span>
    </p>
   </div>
   <div class='ocr_carea' id='block_1_150' title="bbox 2992 784 3450 855">
    <p class='ocr_par' dir='ltr' id='par_1_150' title="bbox 2992 784 3450 855">
     <span class='ocr_line' id='line_1_151' title="bbox 2992 784 3450 855; baseline 0.004 -14"><span class='ocrx_word' id='word_1_430' title='bbox 2992 787 3085 841; x_wconf 63' lang='lat' dir='ltr'><strong>2i.</strong></span> <span class='ocrx_word' id='word_1_431' title='bbox 3126 786 3299 841; x_wconf 84' lang='lat' dir='ltr'><strong>Nolite</strong></span> <span class='ocrx_word' id='word_1_432' title='bbox 3317 784 3450 855; x_wconf 85' lang='lat' dir='ltr'><strong>judi-</strong></span> 
     </span>
    </p>
   </div>
   <div class='ocr_carea' id='block_1_151' title="bbox 2991 873 3340 914">
    <p class='ocr_par' dir='ltr' id='par_1_151' title="bbox 2991 873 3340 914">
     <span class='ocr_line' id='line_1_152' title="bbox 2991 873 3340 914; baseline -0.009 0"><span class='ocrx_word' id='word_1_433' title='bbox 2991 873 3120 914; x_wconf 88' lang='lat' dir='ltr'><strong>care</strong></span> <span class='ocrx_word' id='word_1_434' title='bbox 3147 873 3340 913; x_wconf 83' lang='lat' dir='ltr'><strong>secun-</strong></span> 
     </span>
    </p>
   </div>
   <div class='ocr_carea' id='block_1_152' title="bbox 2990 930 3370 997">
    <p class='ocr_par' dir='ltr' id='par_1_152' title="bbox 2990 930 3370 997">
     <span class='ocr_line' id='line_1_153' title="bbox 2990 930 3370 997; baseline -0.005 -12"><span class='ocrx_word' id='word_1_435' title='bbox 2990 930 3119 985; x_wconf 89' lang='lat' dir='ltr'><strong>dum</strong></span> <span class='ocrx_word' id='word_1_436' title='bbox 3150 930 3333 985; x_wconf 82' lang='lat' dir='ltr'><strong>faciem</strong></span> <span class='ocrx_word' id='word_1_437' title='bbox 3355 971 3370 997; x_wconf 91' lang='lat'><strong>,</strong></span> 
     </span>
    </p>
   </div>
   <div class='ocr_carea' id='block_1_153' title="bbox 2988 1000 3304 1070">
    <p class='ocr_par' dir='ltr' id='par_1_153' title="bbox 2988 1000 3304 1070">
     <span class='ocr_line' id='line_1_154' title="bbox 2988 1000 3304 1070; baseline 0 -15"><span class='ocrx_word' id='word_1_438' title='bbox 2988 1002 3083 1055; x_wconf 81' lang='lat' dir='ltr'><strong>Sed</strong></span> <span class='ocrx_word' id='word_1_439' title='bbox 3106 1000 3304 1070; x_wconf 71' lang='lat' dir='ltr'><strong>justum</strong></span> 
     </span>
    </p>
   </div>
   <div class='ocr_carea' id='block_1_154' title="bbox 2980 1071 3501 1142">
    <p class='ocr_par' dir='ltr' id='par_1_154' title="bbox 2980 1071 3501 1142">
     <span class='ocr_line' id='line_1_155' title="bbox 2980 1071 3501 1142; baseline 0.002 -17"><span class='ocrx_word' id='word_1_440' title='bbox 2980 1072 3242 1142; x_wconf 88' lang='lat' dir='ltr'><strong>judicium</strong></span> <span class='ocrx_word' id='word_1_441' title='bbox 3262 1071 3501 1141; x_wconf 72' lang='lat' dir='ltr'><strong>indicate.</strong></span> 
     </span>
    </p>
   </div>
   <div class='ocr_carea' id='block_1_155' title="bbox 2987 1144 3487 1200">
    <p class='ocr_par' dir='ltr' id='par_1_155' title="bbox 2987 1144 3487 1200">
     <span class='ocr_line' id='line_1_156' title="bbox 2987 1144 3487 1200; baseline 0.002 -2"><span class='ocrx_word' id='word_1_442' title='bbox 2987 1144 3083 1199; x_wconf 77' lang='lat'><strong>25.</strong></span> <span class='ocrx_word' id='word_1_443' title='bbox 3126 1144 3380 1199; x_wconf 83' lang='lat' dir='ltr'><strong>Dicebant</strong></span> <span class='ocrx_word' id='word_1_444' title='bbox 3402 1157 3487 1200; x_wconf 85' lang='lat' dir='ltr'><strong>er-</strong></span> 
     </span>
    </p>
   </div>
   <div class='ocr_carea' id='block_1_156' title="bbox 2988 1215 3303 1286">
    <p class='ocr_par' dir='ltr' id='par_1_156' title="bbox 2988 1215 3303 1286">
     <span class='ocr_line' id='line_1_157' title="bbox 2988 1215 3303 1286; baseline 0.003 -16"><span class='ocrx_word' id='word_1_445' title='bbox 2988 1230 3059 1286; x_wconf 84' lang='lat' dir='ltr'><strong>go</strong></span> <span class='ocrx_word' id='word_1_446' title='bbox 3088 1215 3303 1282; x_wconf 86' lang='lat' dir='ltr'><strong>quidam</strong></span> 
     </span>
    </p>
   </div>
   <div class='ocr_carea' id='block_1_157' title="bbox 2928 1287 3339 1342">
    <p class='ocr_par' dir='ltr' id='par_1_157' title="bbox 2928 1287 3339 1342">
     <span class='ocr_line' id='line_1_158' title="bbox 2928 1287 3339 1342; baseline 0.002 -1"><span class='ocrx_word' id='word_1_447' title='bbox 2928 1322 2931 1325; x_wconf 53' lang='grc' dir='ltr'>λ</span> <span class='ocrx_word' id='word_1_448' title='bbox 2990 1303 3053 1341; x_wconf 87' lang='lat' dir='ltr'><strong>ex</strong></span> <span class='ocrx_word' id='word_1_449' title='bbox 3088 1287 3339 1342; x_wconf 84' lang='lat' dir='ltr'><strong>Hieroso-</strong></span> 
     </span>
    </p>
   </div>
   <div class='ocr_carea' id='block_1_158' title="bbox 2994 1359 3315 1416">
    <p class='ocr_par' dir='ltr' id='par_1_158' title="bbox 2994 1359 3315 1416">
     <span class='ocr_line' id='line_1_159' title="bbox 2994 1359 3315 1416; baseline -0.003 -4"><span class='ocrx_word' id='word_1_450' title='bbox 2994 1359 3273 1416; x_wconf 81' lang='lat' dir='ltr'><strong>lvtnitanis</strong></span> <span class='ocrx_word' id='word_1_451' title='bbox 3301 1376 3315 1416; x_wconf 89' lang='lat'><strong>:</strong></span> 
     </span>
    </p>
   </div>
   <div class='ocr_carea' id='block_1_159' title="bbox 3036 1429 3442 1497">
    <p class='ocr_par' dir='ltr' id='par_1_159' title="bbox 3036 1429 3442 1497">
     <span class='ocr_line' id='line_1_160' title="bbox 3036 1429 3442 1497; baseline 0.002 -13"><span class='ocrx_word' id='word_1_452' title='bbox 3036 1445 3181 1485; x_wconf 88' lang='lat' dir='ltr'><strong>oune</strong></span> <span class='ocrx_word' id='word_1_453' title='bbox 3211 1429 3298 1486; x_wconf 80' lang='lat' dir='ltr'><strong>hic</strong></span> <span class='ocrx_word' id='word_1_454' title='bbox 3319 1437 3402 1486; x_wconf 82' lang='lat' dir='ltr'><strong>est</strong></span> <span class='ocrx_word' id='word_1_455' title='bbox 3426 1468 3442 1497; x_wconf 85' lang='lat'><strong>,</strong></span> 
     </span>
    </p>
   </div>
   <div class='ocr_carea' id='block_1_160' title="bbox 2986 1516 3334 1571">
    <p class='ocr_par' dir='ltr' id='par_1_160' title="bbox 2986 1516 3334 1571">
     <span class='ocr_line' id='line_1_161' title="bbox 2986 1516 3334 1571; baseline 0.003 -15"><span class='ocrx_word' id='word_1_456' title='bbox 2986 1517 3146 1570; x_wconf 87' lang='lat' dir='ltr'><strong>quem</strong></span> <span class='ocrx_word' id='word_1_457' title='bbox 3165 1516 3334 1571; x_wconf 76' lang='lat' dir='ltr'><strong>quae-</strong></span> 
     </span>
    </p>
   </div>
   <div class='ocr_carea' id='block_1_161' title="bbox 2990 1572 3366 1629">
    <p class='ocr_par' dir='ltr' id='par_1_161' title="bbox 2990 1572 3366 1629">
     <span class='ocr_line' id='line_1_162' title="bbox 2990 1572 3366 1629; baseline 0.003 -1"><span class='ocrx_word' id='word_1_458' title='bbox 2990 1585 3117 1628; x_wconf 89' lang='lat' dir='ltr'><strong>runt</strong></span> <span class='ocrx_word' id='word_1_459' title='bbox 3147 1572 3366 1629; x_wconf 81' lang='lat' dir='ltr'><strong>occide-</strong></span> 
     </span>
    </p>
   </div>
   <div class='ocr_carea' id='block_1_162' title="bbox 2992 1645 3463 1701">
    <p class='ocr_par' dir='ltr' id='par_1_162' title="bbox 2992 1645 3463 1701">
     <span class='ocr_line' id='line_1_163' title="bbox 2992 1645 3463 1701; baseline -0.006 -1"><span class='ocrx_word' id='word_1_460' title='bbox 2992 1645 3085 1701; x_wconf 68' lang='lat'><strong>26.</strong></span> <span class='ocrx_word' id='word_1_461' title='bbox 3127 1646 3225 1701; x_wconf 76' lang='lat' dir='ltr'><strong>re?</strong></span> <span class='ocrx_word' id='word_1_462' title='bbox 3255 1645 3320 1701; x_wconf 88' lang='lat' dir='ltr'><strong>Et</strong></span> <span class='ocrx_word' id='word_1_463' title='bbox 3343 1655 3463 1698; x_wconf 90' lang='lat' dir='ltr'><strong>ecce</strong></span> 
     </span>
    </p>
   </div>
   <div class='ocr_carea' id='block_1_163' title="bbox 2997 1719 3251 1786">
    <p class='ocr_par' dir='ltr' id='par_1_163' title="bbox 2997 1719 3251 1786">
     <span class='ocr_line' id='line_1_164' title="bbox 2997 1719 3251 1786; baseline 0.004 -15"><span class='ocrx_word' id='word_1_464' title='bbox 2997 1719 3048 1771; x_wconf 88' lang='lat' dir='ltr'><strong>itt</strong></span> <span class='ocrx_word' id='word_1_465' title='bbox 3075 1719 3251 1786; x_wconf 84' lang='lat' dir='ltr'><strong>palam</strong></span> 
     </span>
    </p>
   </div>
   <div class='ocr_carea' id='block_1_164' title="bbox 2989 1791 3329 1854">
    <p class='ocr_par' dir='ltr' id='par_1_164' title="bbox 2989 1791 3329 1854">
     <span class='ocr_line' id='line_1_165' title="bbox 2989 1791 3329 1854; baseline 0 -11"><span class='ocrx_word' id='word_1_466' title='bbox 2989 1791 3247 1854; x_wconf 83' lang='lat' dir='ltr'><strong>loquitur,</strong></span> <span class='ocrx_word' id='word_1_467' title='bbox 3273 1796 3329 1843; x_wconf 83' lang='lat' dir='ltr'><strong>et</strong></span> 
     </span>
    </p>
   </div>
   <div class='ocr_carea' id='block_1_165' title="bbox 2992 1859 3234 1915">
    <p class='ocr_par' dir='ltr' id='par_1_165' title="bbox 2992 1859 3234 1915">
     <span class='ocr_line' id='line_1_166' title="bbox 2992 1859 3234 1915; baseline -0.004 0"><span class='ocrx_word' id='word_1_468' title='bbox 2992 1859 3123 1915; x_wconf 89' lang='lat' dir='ltr'><strong>nihil</strong></span> <span class='ocrx_word' id='word_1_469' title='bbox 3156 1860 3234 1914; x_wconf 92' lang='lat' dir='ltr'><strong>illi</strong></span> 
     </span>
    </p>
   </div>
   <div class='ocr_carea' id='block_1_166' title="bbox 2992 1930 3396 1987">
    <p class='ocr_par' dir='ltr' id='par_1_166' title="bbox 2992 1930 3396 1987">
     <span class='ocr_line' id='line_1_167' title="bbox 2992 1930 3396 1987; baseline -0.005 0"><span class='ocrx_word' id='word_1_470' title='bbox 2992 1933 3199 1987; x_wconf 77' lang='lat' dir='ltr'><strong>dicunt.</strong></span> <span class='ocrx_word' id='word_1_471' title='bbox 3228 1930 3396 1987; x_wconf 85' lang='lat' dir='ltr'><strong>Num-</strong></span> 
     </span>
    </p>
   </div>
   <div class='ocr_carea' id='block_1_167' title="bbox 2992 2002 3286 2075">
    <p class='ocr_par' dir='ltr' id='par_1_167' title="bbox 2992 2002 3286 2075">
     <span class='ocr_line' id='line_1_168' title="bbox 2992 2002 3286 2075; baseline 0.003 -18"><span class='ocrx_word' id='word_1_472' title='bbox 2992 2002 3119 2075; x_wconf 89' lang='lat' dir='ltr'><strong>quid</strong></span> <span class='ocrx_word' id='word_1_473' title='bbox 3155 2019 3286 2058; x_wconf 84' lang='lat' dir='ltr'><strong>vere</strong></span> 
     </span>
    </p>
   </div>
   <div class='ocr_carea' id='block_1_168' title="bbox 2993 2084 3369 2146">
    <p class='ocr_par' dir='ltr' id='par_1_168' title="bbox 2993 2084 3369 2146">
     <span class='ocr_line' id='line_1_169' title="bbox 2993 2084 3369 2146; baseline -0.011 -14"><span class='ocrx_word' id='word_1_474' title='bbox 2993 2084 3369 2146; x_wconf 81' lang='lat' dir='ltr'><strong>cognoverunt</strong></span> 
     </span>
    </p>
   </div>
   <div class='ocr_carea' id='block_1_169' title="bbox 2987 2142 3545 2217">
    <p class='ocr_par' dir='ltr' id='par_1_169' title="bbox 2987 2142 3545 2217">
     <span class='ocr_line' id='line_1_170' title="bbox 2987 2142 3545 2217; baseline -0.004 -13"><span class='ocrx_word' id='word_1_475' title='bbox 2987 2142 3265 2217; x_wconf 76' lang='lat' dir='ltr'><strong>Principes</strong></span> <span class='ocrx_word' id='word_1_476' title='bbox 3284 2150 3409 2217; x_wconf 87' lang='lat' dir='ltr'><strong>quia</strong></span> <span class='ocrx_word' id='word_1_477' title='bbox 3438 2142 3545 2214; x_wconf 68' lang='lat' dir='ltr'><strong>ipse</strong></span> 
     </span>
    </p>
   </div>
   <div class='ocr_carea' id='block_1_170' title="bbox 2988 2216 3451 2274">
    <p class='ocr_par' dir='ltr' id='par_1_170' title="bbox 2988 2216 3451 2274">
     <span class='ocr_line' id='line_1_171' title="bbox 2988 2216 3451 2274; baseline -0.011 0"><span class='ocrx_word' id='word_1_478' title='bbox 2988 2228 3072 2274; x_wconf 89' lang='lat' dir='ltr'><strong>est</strong></span> <span class='ocrx_word' id='word_1_479' title='bbox 3099 2216 3389 2273; x_wconf 76' lang='lat' dir='ltr'><strong>Christus?</strong></span> <span class='ocrx_word' id='word_1_480' title='bbox 3448 2228 3451 2231; x_wconf 86' lang='lat'>&#39;</span> 
     </span>
    </p>
   </div>
   <div class='ocr_carea' id='block_1_171' title="bbox 2984 2288 3408 2346">
    <p class='ocr_par' dir='ltr' id='par_1_171' title="bbox 2984 2288 3408 2346">
     <span class='ocr_line' id='line_1_172' title="bbox 2984 2288 3408 2346; baseline 0 -1"><span class='ocrx_word' id='word_1_481' title='bbox 2984 2290 3077 2346; x_wconf 88' lang='lat'><strong>27.</strong></span> <span class='ocrx_word' id='word_1_482' title='bbox 3119 2288 3231 2344; x_wconf 86' lang='lat' dir='ltr'><strong>Sed</strong></span> <span class='ocrx_word' id='word_1_483' title='bbox 3264 2289 3408 2345; x_wconf 84' lang='lat' dir='ltr'><strong>hunc</strong></span> 
     </span>
    </p>
   </div>
   <div class='ocr_carea' id='block_1_172' title="bbox 2989 2360 3376 2417">
    <p class='ocr_par' dir='ltr' id='par_1_172' title="bbox 2989 2360 3376 2417">
     <span class='ocr_line' id='line_1_173' title="bbox 2989 2360 3376 2417; baseline 0 0"><span class='ocrx_word' id='word_1_484' title='bbox 2989 2362 3199 2417; x_wconf 84' lang='lat' dir='ltr'><strong>scimus</strong></span> <span class='ocrx_word' id='word_1_485' title='bbox 3232 2360 3376 2417; x_wconf 84' lang='lat' dir='ltr'><strong>unde</strong></span> 
     </span>
    </p>
   </div>
   <div class='ocr_carea' id='block_1_173' title="bbox 2986 2430 3384 2489">
    <p class='ocr_par' dir='ltr' id='par_1_173' title="bbox 2986 2430 3384 2489">
     <span class='ocr_line' id='line_1_174' title="bbox 2986 2430 3384 2489; baseline -0.003 0"><span class='ocrx_word' id='word_1_486' title='bbox 2986 2435 3058 2489; x_wconf 85' lang='lat' dir='ltr'><strong>sit</strong></span> <span class='ocrx_word' id='word_1_487' title='bbox 3086 2451 3098 2486; x_wconf 89' lang='lat'>:</span> <span class='ocrx_word' id='word_1_488' title='bbox 3126 2430 3384 2488; x_wconf 82' lang='lat' dir='ltr'><strong>Christus</strong></span> 
     </span>
    </p>
   </div>
   <div class='ocr_carea' id='block_1_174' title="bbox 2986 2511 3331 2561">
    <p class='ocr_par' dir='ltr' id='par_1_174' title="bbox 2986 2511 3331 2561">
     <span class='ocr_line' id='line_1_175' title="bbox 2986 2511 3331 2561; baseline -0.003 -1"><span class='ocrx_word' id='word_1_489' title='bbox 2986 2511 3166 2560; x_wconf 88' lang='lat' dir='ltr'><strong>autem</strong></span> <span class='ocrx_word' id='word_1_490' title='bbox 3205 2519 3331 2561; x_wconf 89' lang='lat' dir='ltr'><strong>cum</strong></span> 
     </span>
    </p>
   </div>
   <div class='ocr_carea' id='block_1_175' title="bbox 2987 2576 3367 2641">
    <p class='ocr_par' dir='ltr' id='par_1_175' title="bbox 2987 2576 3367 2641">
     <span class='ocr_line' id='line_1_176' title="bbox 2987 2576 3367 2641; baseline 0.008 -14"><span class='ocrx_word' id='word_1_491' title='bbox 2987 2576 3202 2631; x_wconf 82' lang='lat' dir='ltr'><strong>venerit</strong></span> <span class='ocrx_word' id='word_1_492' title='bbox 3222 2617 3237 2641; x_wconf 89' lang='lat'><strong>,</strong></span> <span class='ocrx_word' id='word_1_493' title='bbox 3268 2590 3367 2630; x_wconf 84' lang='lat' dir='ltr'><strong>ne-</strong></span> 
     </span>
    </p>
   </div>
   <div class='ocr_carea' id='block_1_176' title="bbox 2987 2645 3516 2704">
    <p class='ocr_par' dir='ltr' id='par_1_176' title="bbox 2987 2645 3516 2704">
     <span class='ocr_line' id='line_1_177' title="bbox 2987 2645 3516 2704; baseline -0.009 -1"><span class='ocrx_word' id='word_1_494' title='bbox 2987 2663 3079 2703; x_wconf 88' lang='lat' dir='ltr'><strong>mo</strong></span> <span class='ocrx_word' id='word_1_495' title='bbox 3109 2648 3216 2702; x_wconf 84' lang='lat' dir='ltr'><strong>scit</strong></span> <span class='ocrx_word' id='word_1_496' title='bbox 3256 2646 3405 2704; x_wconf 82' lang='lat' dir='ltr'><strong>unde</strong></span> <span class='ocrx_word' id='word_1_497' title='bbox 3431 2645 3516 2703; x_wconf 86' lang='lat' dir='ltr'><strong>sit.</strong></span> 
     </span>
    </p>
   </div>
   <div class='ocr_carea' id='block_1_177' title="bbox 2982 2718 3405 2776">
    <p class='ocr_par' dir='ltr' id='par_1_177' title="bbox 2982 2718 3405 2776">
     <span class='ocr_line' id='line_1_178' title="bbox 2982 2718 3405 2776; baseline 0.007 -3"><span class='ocrx_word' id='word_1_498' title='bbox 2982 2718 3075 2775; x_wconf 88' lang='lat'><strong>28.</strong></span> <span class='ocrx_word' id='word_1_499' title='bbox 3112 2718 3405 2776; x_wconf 85' lang='lat' dir='ltr'><strong>Clamabat</strong></span> 
     </span>
    </p>
   </div>
   <div class='ocr_carea' id='block_1_178' title="bbox 2986 2789 3342 2861">
    <p class='ocr_par' dir='ltr' id='par_1_178' title="bbox 2986 2789 3342 2861">
     <span class='ocr_line' id='line_1_179' title="bbox 2986 2789 3342 2861; baseline 0.008 -17"><span class='ocrx_word' id='word_1_500' title='bbox 2986 2792 3150 2861; x_wconf 80' lang='lat' dir='ltr'><strong>igitur</strong></span> <span class='ocrx_word' id='word_1_501' title='bbox 3174 2789 3342 2849; x_wconf 80' lang='lat' dir='ltr'><strong>Jesus</strong></span> 
     </span>
    </p>
   </div>
   <div class='ocr_carea' id='block_1_179' title="bbox 2986 2863 3604 2930">
    <p class='ocr_par' dir='ltr' id='par_1_179' title="bbox 2986 2863 3604 2930">
     <span class='ocr_line' id='line_1_180' title="bbox 2986 2863 3604 2930; baseline -0.005 -13"><span class='ocrx_word' id='word_1_502' title='bbox 2986 2863 3038 2917; x_wconf 90' lang='lat' dir='ltr'><strong>in</strong></span> <span class='ocrx_word' id='word_1_503' title='bbox 3066 2864 3272 2930; x_wconf 86' lang='lat' dir='ltr'><strong>templo</strong></span> <span class='ocrx_word' id='word_1_504' title='bbox 3288 2863 3488 2920; x_wconf 82' lang='lat' dir='ltr'><strong>docens</strong></span> <span class='ocrx_word' id='word_1_505' title='bbox 3504 2901 3521 2929; x_wconf 92' lang='lat'><strong>,</strong></span> <span class='ocrx_word' id='word_1_506' title='bbox 3555 2866 3604 2915; x_wconf 86' lang='lat' dir='ltr'><strong>et</strong></span> 
     </span>
    </p>
   </div>
   <div class='ocr_carea' id='block_1_180' title="bbox 2986 2933 3333 2990">
    <p class='ocr_par' dir='ltr' id='par_1_180' title="bbox 2986 2933 3333 2990">
     <span class='ocr_line' id='line_1_181' title="bbox 2986 2933 3333 2990; baseline 0.006 -2"><span class='ocrx_word' id='word_1_507' title='bbox 2986 2933 3177 2988; x_wconf 90' lang='lat' dir='ltr'><strong>dicens</strong></span> <span class='ocrx_word' id='word_1_508' title='bbox 3210 2952 3227 2989; x_wconf 91' lang='lat'><strong>:</strong></span> <span class='ocrx_word' id='word_1_509' title='bbox 3264 2935 3333 2990; x_wconf 85' lang='lat' dir='ltr'><strong>Et</strong></span> 
     </span>
    </p>
   </div>
   <div class='ocr_carea' id='block_1_181' title="bbox 2984 3007 3376 3074">
    <p class='ocr_par' dir='ltr' id='par_1_181' title="bbox 2984 3007 3376 3074">
     <span class='ocr_line' id='line_1_182' title="bbox 2984 3007 3376 3074; baseline 0.008 -15"><span class='ocrx_word' id='word_1_510' title='bbox 2984 3020 3073 3059; x_wconf 80' lang='lat' dir='ltr'><strong>me</strong></span> <span class='ocrx_word' id='word_1_511' title='bbox 3094 3007 3251 3062; x_wconf 87' lang='lat' dir='ltr'><strong>scitis</strong></span> <span class='ocrx_word' id='word_1_512' title='bbox 3271 3049 3287 3074; x_wconf 90' lang='lat'><strong>,</strong></span> <span class='ocrx_word' id='word_1_513' title='bbox 3313 3013 3376 3065; x_wconf 84' lang='lat' dir='ltr'><strong>et</strong></span> 
     </span>
    </p>
   </div>
   <div class='ocr_carea' id='block_1_182' title="bbox 2986 3076 3259 3132">
    <p class='ocr_par' dir='ltr' id='par_1_182' title="bbox 2986 3076 3259 3132">
     <span class='ocr_line' id='line_1_183' title="bbox 2986 3076 3259 3132; baseline 0.004 -2"><span class='ocrx_word' id='word_1_514' title='bbox 2986 3076 3130 3131; x_wconf 85' lang='lat' dir='ltr'><strong>ttude</strong></span> <span class='ocrx_word' id='word_1_515' title='bbox 3150 3083 3259 3132; x_wconf 89' lang='lat' dir='ltr'><strong>slm</strong></span> 
     </span>
    </p>
   </div>
   <div class='ocr_carea' id='block_1_183' title="bbox 2986 3148 3508 3205">
    <p class='ocr_par' dir='ltr' id='par_1_183' title="bbox 2986 3148 3508 3205">
     <span class='ocr_line' id='line_1_184' title="bbox 2986 3148 3508 3205; baseline 0.01 -4"><span class='ocrx_word' id='word_1_516' title='bbox 2986 3151 3156 3203; x_wconf 79' lang='lat' dir='ltr'><strong>nostis</strong></span> <span class='ocrx_word' id='word_1_517' title='bbox 3183 3166 3197 3202; x_wconf 89' lang='lat'><strong>:</strong></span> <span class='ocrx_word' id='word_1_518' title='bbox 3229 3165 3337 3205; x_wconf 89' lang='lat' dir='ltr'><strong>nec</strong></span> <span class='ocrx_word' id='word_1_519' title='bbox 3365 3148 3508 3205; x_wconf 75' lang='lat' dir='ltr'><strong>enim</strong></span> 
     </span>
    </p>
   </div>
   <div class='ocr_carea' id='block_1_184' title="bbox 2985 3221 3329 3291">
    <p class='ocr_par' dir='ltr' id='par_1_184' title="bbox 2985 3221 3329 3291">
     <span class='ocr_line' id='line_1_185' title="bbox 2985 3221 3329 3291; baseline 0.012 -18"><span class='ocrx_word' id='word_1_520' title='bbox 2985 3234 3014 3273; x_wconf 89' lang='lat' dir='ltr'><strong>a</strong></span> <span class='ocrx_word' id='word_1_521' title='bbox 3054 3235 3140 3274; x_wconf 87' lang='lat' dir='ltr'><strong>me</strong></span> <span class='ocrx_word' id='word_1_522' title='bbox 3164 3221 3329 3291; x_wconf 86' lang='lat' dir='ltr'><strong>veni,</strong></span> 
     </span>
    </p>
   </div>
   <div class='ocr_carea' id='block_1_185' title="bbox 2983 3290 3439 3374">
    <p class='ocr_par' dir='ltr' id='par_1_185' title="bbox 2983 3290 3439 3374">
     <span class='ocr_line' id='line_1_186' title="bbox 2983 3290 3439 3374; baseline 0.004 -29"><span class='ocrx_word' id='word_1_523' title='bbox 2983 3290 3078 3374; x_wconf 74' lang='lat' dir='ltr'><strong>sed</strong></span> <span class='ocrx_word' id='word_1_524' title='bbox 3110 3302 3195 3346; x_wconf 73' lang='lat' dir='ltr'><strong>est</strong></span> <span class='ocrx_word' id='word_1_525' title='bbox 3232 3308 3404 3374; x_wconf 75' lang='lat' dir='ltr'><strong>verax</strong></span> <span class='ocrx_word' id='word_1_526' title='bbox 3422 3333 3439 3360; x_wconf 93' lang='lat'><strong>,</strong></span> 
     </span>
    </p>
   </div>
   <div class='ocr_carea' id='block_1_186' title="bbox 2982 3364 3413 3432">
    <p class='ocr_par' dir='ltr' id='par_1_186' title="bbox 2982 3364 3413 3432">
     <span class='ocr_line' id='line_1_187' title="bbox 2982 3364 3413 3432; baseline 0.005 -15"><span class='ocrx_word' id='word_1_527' title='bbox 2982 3364 3071 3432; x_wconf 90' lang='lat' dir='ltr'><strong>qui</strong></span> <span class='ocrx_word' id='word_1_528' title='bbox 3104 3378 3191 3418; x_wconf 91' lang='lat' dir='ltr'><strong>me</strong></span> <span class='ocrx_word' id='word_1_529' title='bbox 3220 3364 3413 3429; x_wconf 80' lang='lat' dir='ltr'><strong>misit,</strong></span> 
     </span>
    </p>
   </div>
   <div class='ocr_carea' id='block_1_187' title="bbox 2982 3437 3460 3502">
    <p class='ocr_par' dir='ltr' id='par_1_187' title="bbox 2982 3437 3460 3502">
     <span class='ocr_line' id='line_1_188' title="bbox 2982 3437 3460 3502; baseline 0.01 -16"><span class='ocrx_word' id='word_1_530' title='bbox 2982 3448 3138 3502; x_wconf 91' lang='lat' dir='ltr'><strong>quem</strong></span> <span class='ocrx_word' id='word_1_531' title='bbox 3167 3450 3271 3489; x_wconf 90' lang='lat' dir='ltr'><strong>vos</strong></span> <span class='ocrx_word' id='word_1_532' title='bbox 3303 3437 3460 3501; x_wconf 58' lang='lat' dir='ltr'><strong>ignoc</strong></span> 
     </span>
    </p>
   </div>
   <div class='ocr_carea' id='block_1_188' title="bbox 2979 3504 3529 3591">
    <p class='ocr_par' dir='ltr' id='par_1_188' title="bbox 2979 3504 3529 3591">
     <span class='ocr_line' id='line_1_189' title="bbox 2979 3504 3529 3591; baseline 0.005 -33"><span class='ocrx_word' id='word_1_533' title='bbox 2979 3504 3072 3591; x_wconf 72' lang='lat'><strong>29.</strong></span> <span class='ocrx_word' id='word_1_534' title='bbox 3114 3515 3275 3591; x_wconf 69' lang='lat' dir='ltr'><strong>ratis.</strong></span> <span class='ocrx_word' id='word_1_535' title='bbox 3307 3507 3427 3591; x_wconf 75' lang='lat' dir='ltr'><strong>Ego</strong></span> <span class='ocrx_word' id='word_1_536' title='bbox 3452 3505 3529 3579; x_wconf 75' lang='grc' dir='ltr'><strong>(α)</strong></span> 
     </span>
    </p>
   </div>
   <div class='ocr_carea' id='block_1_189' title="bbox 2981 3578 3395 3651">
    <p class='ocr_par' dir='ltr' id='par_1_189' title="bbox 2981 3578 3395 3651">
     <span class='ocr_line' id='line_1_190' title="bbox 2981 3578 3395 3651; baseline 0.012 -22"><span class='ocrx_word' id='word_1_537' title='bbox 2981 3588 3163 3651; x_wconf 71' lang='lat' dir='ltr'><strong>autem</strong></span> <span class='ocrx_word' id='word_1_538' title='bbox 3259 3578 3395 3634; x_wconf 73' lang='lat' dir='ltr'><strong>novi</strong></span> 
     </span>
    </p>
   </div>
   <div class='ocr_carea' id='block_1_190' title="bbox 2983 3648 3475 3722">
    <p class='ocr_par' dir='ltr' id='par_1_190' title="bbox 2983 3648 3475 3722">
     <span class='ocr_line' id='line_1_191' title="bbox 2983 3648 3475 3722; baseline 0.012 -21"><span class='ocrx_word' id='word_1_539' title='bbox 2983 3648 3132 3722; x_wconf 78' lang='lat' dir='ltr'><strong>illum</strong></span> <span class='ocrx_word' id='word_1_540' title='bbox 3163 3667 3176 3703; x_wconf 89' lang='lat'><strong>:</strong></span> <span class='ocrx_word' id='word_1_541' title='bbox 3202 3648 3475 3722; x_wconf 77' lang='lat' dir='ltr'><strong>quoniam</strong></span> 
     </span>
    </p>
   </div>
   <div class='ocr_carea' id='block_1_191' title="bbox 2981 3719 3411 3787">
    <p class='ocr_par' dir='ltr' id='par_1_191' title="bbox 2981 3719 3411 3787">
     <span class='ocr_line' id='line_1_192' title="bbox 2981 3719 3411 3787; baseline 0.012 -14"><span class='ocrx_word' id='word_1_542' title='bbox 2981 3719 3050 3775; x_wconf 84' lang='lat' dir='ltr'><strong>ab</strong></span> <span class='ocrx_word' id='word_1_543' title='bbox 3073 3736 3139 3775; x_wconf 92' lang='lat' dir='ltr'><strong>eo</strong></span> <span class='ocrx_word' id='word_1_544' title='bbox 3167 3719 3321 3787; x_wconf 86' lang='lat' dir='ltr'><strong>sum,</strong></span> <span class='ocrx_word' id='word_1_545' title='bbox 3354 3732 3411 3778; x_wconf 87' lang='lat' dir='ltr'><strong>ct</strong></span> 
     </span>
    </p>
   </div>
   <div class='ocr_carea' id='block_1_192' title="bbox 2983 3791 3442 3859">
    <p class='ocr_par' dir='ltr' id='par_1_192' title="bbox 2983 3791 3442 3859">
     <span class='ocr_line' id='line_1_193' title="bbox 2983 3791 3442 3859; baseline 0.007 -15"><span class='ocrx_word' id='word_1_546' title='bbox 2983 3791 3101 3859; x_wconf 87' lang='lat' dir='ltr'><strong>ipse</strong></span> <span class='ocrx_word' id='word_1_547' title='bbox 3133 3809 3225 3850; x_wconf 89' lang='lat' dir='ltr'><strong>me</strong></span> <span class='ocrx_word' id='word_1_548' title='bbox 3264 3794 3442 3849; x_wconf 90' lang='lat' dir='ltr'><strong>misit.</strong></span> 
     </span>
    </p>
   </div>
   <div class='ocr_carea' id='block_1_193' title="bbox 1756 3886 2427 3963">
    <p class='ocr_par' dir='ltr' id='par_1_193' title="bbox 1756 3886 2427 3963">
     <span class='ocr_line' id='line_1_194' title="bbox 1756 3886 2427 3963; baseline 0.001 -3"><span class='ocrx_word' id='word_1_549' title='bbox 1756 3886 1991 3961; x_wconf 76' lang='lat' dir='ltr'><strong>Coosx</strong></span> <span class='ocrx_word' id='word_1_550' title='bbox 2025 3901 2427 3963; x_wconf 77' lang='lat' dir='ltr'><strong>BRIXIANUS.</strong></span> 
     </span>
    </p>
   </div>
   <div class='ocr_carea' id='block_1_194' title="bbox 425 3994 3724 4070">
    <p class='ocr_par' dir='ltr' id='par_1_194' title="bbox 425 3994 3724 4070">
     <span class='ocr_line' id='line_1_195' title="bbox 425 3994 3724 4070; baseline -0.002 -10"><span class='ocrx_word' id='word_1_551' title='bbox 425 4014 572 4060; x_wconf 86' lang='lat' dir='ltr'><strong>cere.</strong></span> <span class='ocrx_word' id='word_1_552' title='bbox 604 4008 896 4070; x_wconf 82' lang='lat' dir='ltr'><strong>cognoscet</strong></span> <span class='ocrx_word' id='word_1_553' title='bbox 937 3997 1006 4053; x_wconf 92' lang='lat' dir='ltr'><strong>de</strong></span> <span class='ocrx_word' id='word_1_554' title='bbox 1033 3996 1284 4070; x_wconf 68' lang='lat' dir='ltr'><strong>doctrina</strong></span> <span class='ocrx_word' id='word_1_555' title='bbox 1314 3994 1435 4070; x_wconf 86' lang='lat' dir='ltr'><strong>hac.</strong></span> <span class='ocrx_word' id='word_1_556' title='bbox 1472 4004 1668 4070; x_wconf 81' lang='lat' dir='ltr'><strong>utrum</strong></span> <span class='ocrx_word' id='word_1_557' title='bbox 1702 4010 1768 4051; x_wconf 88' lang='lat' dir='ltr'><strong>ex</strong></span> <span class='ocrx_word' id='word_1_558' title='bbox 1795 3996 1908 4070; x_wconf 89' lang='lat' dir='ltr'><strong>Deo</strong></span> <span class='ocrx_word' id='word_1_559' title='bbox 1934 4004 2041 4070; x_wconf 85' lang='lat' dir='ltr'><strong>est.</strong></span> <span class='ocrx_word' id='word_1_560' title='bbox 2149 4003 2257 4051; x_wconf 88' lang='lat' dir='ltr'><strong>tem</strong></span> <span class='ocrx_word' id='word_1_561' title='bbox 2284 3996 2434 4070; x_wconf 81' lang='lat' dir='ltr'><strong>quid</strong></span> <span class='ocrx_word' id='word_1_562' title='bbox 2464 3996 2837 4070; x_wconf 52' lang='lat' dir='ltr'><strong>indignemini.</strong></span> <span class='ocrx_word' id='word_1_563' title='bbox 2874 3999 2996 4070; x_wconf 85' lang='lat' dir='ltr'><strong>quia</strong></span> <span class='ocrx_word' id='word_1_564' title='bbox 3021 4007 3195 4058; x_wconf 84' lang='lat' dir='ltr'><strong>totum</strong></span> <span class='ocrx_word' id='word_1_565' title='bbox 3240 4001 3531 4060; x_wconf 79' lang='lat' dir='ltr'><strong>hominem</strong></span> <span class='ocrx_word' id='word_1_566' title='bbox 3553 3995 3724 4070; x_wconf 63' lang='lat' dir='ltr'><strong>salvan!</strong></span> 
     </span>
    </p>
   </div>
   <div class='ocr_carea' id='block_1_195' title="bbox 426 4061 3724 4143">
    <p class='ocr_par' dir='ltr' id='par_1_195' title="bbox 426 4061 3724 4143">
     <span class='ocr_line' id='line_1_196' title="bbox 426 4061 3724 4143; baseline -0.002 -20"><span class='ocrx_word' id='word_1_567' title='bbox 426 4088 496 4127; x_wconf 83' lang='lat' dir='ltr'><strong>an</strong></span> <span class='ocrx_word' id='word_1_568' title='bbox 529 4087 629 4143; x_wconf 83' lang='lat' dir='ltr'><strong>ego</strong></span> <span class='ocrx_word' id='word_1_569' title='bbox 657 4061 700 4126; x_wconf 42' lang='lat' dir='ltr'><strong>av</strong></span> <span class='ocrx_word' id='word_1_570' title='bbox 722 4087 817 4143; x_wconf 77' lang='lat' dir='ltr'><strong>me.</strong></span> <span class='ocrx_word' id='word_1_571' title='bbox 845 4072 962 4139; x_wconf 71' lang='lat' dir='ltr'><strong>ipso</strong></span> <span class='ocrx_word' id='word_1_572' title='bbox 1008 4070 1220 4143; x_wconf 80' lang='lat' dir='ltr'><strong>loquor.</strong></span> <span class='ocrx_word' id='word_1_573' title='bbox 1252 4067 1351 4136; x_wconf 87' lang='lat' dir='ltr'><strong>Qui</strong></span> <span class='ocrx_word' id='word_1_574' title='bbox 1397 4067 1540 4143; x_wconf 78' lang='lat' dir='ltr'><strong>enim</strong></span> <span class='ocrx_word' id='word_1_575' title='bbox 1573 4084 1602 4143; x_wconf 76' lang='lat' dir='ltr'><strong>a</strong></span> <span class='ocrx_word' id='word_1_576' title='bbox 1636 4069 1935 4132; x_wconf 86' lang='lat' dir='ltr'><strong>semetipso</strong></span> <span class='ocrx_word' id='word_1_577' title='bbox 1963 4068 2045 4143; x_wconf 84' lang='lat' dir='ltr'><strong>lo-</strong></span> <span class='ocrx_word' id='word_1_578' title='bbox 2149 4069 2248 4143; x_wconf 71' lang='lat' dir='ltr'><strong>leei</strong></span> <span class='ocrx_word' id='word_1_579' title='bbox 2281 4061 2331 4121; x_wconf 81' lang='lat' dir='ltr'><strong>in</strong></span> <span class='ocrx_word' id='word_1_580' title='bbox 2361 4061 2605 4143; x_wconf 41' lang='lat' dir='ltr'><strong>sabbato:</strong></span> <span class='ocrx_word' id='word_1_581' title='bbox 2639 4067 2813 4143; x_wconf 82' lang='lat' dir='ltr'><strong>Nolite</strong></span> <span class='ocrx_word' id='word_1_582' title='bbox 2839 4061 3083 4140; x_wconf 59' lang='lat' dir='ltr'><strong>judicare</strong></span> <span class='ocrx_word' id='word_1_583' title='bbox 3109 4074 3425 4141; x_wconf 63' lang='lat' dir='ltr'><strong>secundum</strong></span> <span class='ocrx_word' id='word_1_584' title='bbox 3453 4070 3627 4143; x_wconf 71' lang='lat' dir='ltr'><strong>[aciein</strong></span> <span class='ocrx_word' id='word_1_585' title='bbox 3651 4061 3724 4117; x_wconf 83' lang='lat' dir='ltr'><strong>sed</strong></span> 
     </span>
    </p>
   </div>
   <div class='ocr_carea' id='block_1_196' title="bbox 423 4137 3729 4216">
    <p class='ocr_par' dir='ltr' id='par_1_196' title="bbox 423 4137 3729 4216">
     <span class='ocr_line' id='line_1_197' title="bbox 423 4137 3729 4216; baseline 0.001 -19"><span class='ocrx_word' id='word_1_586' title='bbox 423 4137 629 4216; x_wconf 63' lang='lat' dir='ltr'><strong>quitur.</strong></span> <span class='ocrx_word' id='word_1_587' title='bbox 680 4137 913 4216; x_wconf 76' lang='lat' dir='ltr'><strong>glori-im</strong></span> <span class='ocrx_word' id='word_1_588' title='bbox 957 4140 1229 4216; x_wconf 80' lang='lat' dir='ltr'><strong>propriam</strong></span> <span class='ocrx_word' id='word_1_589' title='bbox 1255 4139 1485 4216; x_wconf 79' lang='lat' dir='ltr'><strong>quaerit.</strong></span> <span class='ocrx_word' id='word_1_590' title='bbox 1516 4139 1604 4207; x_wconf 88' lang='lat' dir='ltr'><strong>qui</strong></span> <span class='ocrx_word' id='word_1_591' title='bbox 1629 4140 2043 4216; x_wconf 79' lang='lat' dir='ltr'><strong>autemquaerit</strong></span> <span class='ocrx_word' id='word_1_592' title='bbox 2140 4137 2349 4216; x_wconf 80' lang='lat' dir='ltr'><strong>j_ustum_</strong></span> <span class='ocrx_word' id='word_1_593' title='bbox 2384 4140 2647 4216; x_wconf 62' lang='lat' dir='ltr'><strong>judicium</strong></span> <span class='ocrx_word' id='word_1_594' title='bbox 2682 4137 2944 4216; x_wconf 76' lang='lat' dir='ltr'><strong>jutlicate.</strong></span> <span class='ocrx_word' id='word_1_595' title='bbox 2983 4137 3251 4201; x_wconf 66' lang='lat' dir='ltr'><strong>ltirehant</strong></span> <span class='ocrx_word' id='word_1_596' title='bbox 3280 4162 3418 4216; x_wconf 84' lang='lat' dir='ltr'><strong>ergo</strong></span> <span class='ocrx_word' id='word_1_597' title='bbox 3455 4141 3655 4216; x_wconf 58' lang='lat' dir='ltr'><strong>quidam</strong></span> <span class='ocrx_word' id='word_1_598' title='bbox 3675 4148 3729 4191; x_wconf 74' lang='grc' dir='ltr'><strong>οἰ</strong></span> 
     </span>
    </p>
   </div>
   <div class='ocr_carea' id='block_1_197' title="bbox 426 4209 3726 4286">
    <p class='ocr_par' dir='ltr' id='par_1_197' title="bbox 426 4209 3726 4286">
     <span class='ocr_line' id='line_1_198' title="bbox 426 4209 3726 4286; baseline -0.001 -21"><span class='ocrx_word' id='word_1_599' title='bbox 426 4209 664 4286; x_wconf 64' lang='lat' dir='ltr'><strong>gloriam</strong></span> <span class='ocrx_word' id='word_1_600' title='bbox 686 4209 803 4281; x_wconf 54' lang='lat' dir='ltr'><strong>Ejus</strong></span> <span class='ocrx_word' id='word_1_601' title='bbox 828 4213 916 4281; x_wconf 88' lang='lat' dir='ltr'><strong>qui</strong></span> <span class='ocrx_word' id='word_1_602' title='bbox 944 4209 1090 4286; x_wconf 75' lang='lat' dir='ltr'><strong>misit</strong></span> <span class='ocrx_word' id='word_1_603' title='bbox 1119 4228 1272 4286; x_wconf 57' lang='lat' dir='ltr'><strong>enin.</strong></span> <span class='ocrx_word' id='word_1_604' title='bbox 1297 4210 1383 4263; x_wconf 86' lang='lat' dir='ltr'><strong>hic</strong></span> <span class='ocrx_word' id='word_1_605' title='bbox 1415 4220 1716 4286; x_wconf 69' lang='lat' dir='ltr'><strong>ver_av__est.</strong></span> <span class='ocrx_word' id='word_1_606' title='bbox 1739 4210 1802 4286; x_wconf 84' lang='lat' dir='ltr'><strong>_e_t</strong></span> <span class='ocrx_word' id='word_1_607' title='bbox 1826 4210 2040 4286; x_wconf 71' lang='lat' dir='ltr'><strong>injusti-</strong></span> <span class='ocrx_word' id='word_1_608' title='bbox 2143 4209 2562 4286; x_wconf 55' lang='lat' dir='ltr'><strong>Jero:olymitis.</strong></span> <span class='ocrx_word' id='word_1_609' title='bbox 2580 4209 2776 4286; x_wconf 78' lang='lat' dir='ltr'><strong>Nonne</strong></span> <span class='ocrx_word' id='word_1_610' title='bbox 2798 4213 2978 4269; x_wconf 88' lang='lat' dir='ltr'><strong>hicest</strong></span> <span class='ocrx_word' id='word_1_611' title='bbox 2998 4232 3155 4285; x_wconf 83' lang='lat' dir='ltr'><strong>quem</strong></span> <span class='ocrx_word' id='word_1_612' title='bbox 3178 4209 3726 4286; x_wconf 49' lang='lat' dir='ltr'><strong>quaer&#39;unt&#39;interfice-</strong></span> 
     </span>
    </p>
   </div>
   <div class='ocr_carea' id='block_1_198' title="bbox 428 4279 3725 4356">
    <p class='ocr_par' dir='ltr' id='par_1_198' title="bbox 428 4279 3725 4356">
     <span class='ocr_line' id='line_1_199' title="bbox 428 4279 3725 4356; baseline -0 -16"><span class='ocrx_word' id='word_1_613' title='bbox 428 4279 499 4341; x_wconf 70' lang='lat' dir='ltr'><strong>lia</strong></span> <span class='ocrx_word' id='word_1_614' title='bbox 528 4286 578 4339; x_wconf 89' lang='lat' dir='ltr'><strong>itt</strong></span> <span class='ocrx_word' id='word_1_615' title='bbox 612 4279 833 4339; x_wconf 19' lang='lat' dir='ltr'><strong>illo‘nOu</strong></span> <span class='ocrx_word' id='word_1_616' title='bbox 852 4279 964 4339; x_wconf 80' lang='lat' dir='ltr'><strong>est.</strong></span> <span class='ocrx_word' id='word_1_617' title='bbox 992 4282 1109 4356; x_wconf 53' lang='grc' dir='ltr'>μοι]</span> <span class='ocrx_word' id='word_1_618' title='bbox 1138 4299 1206 4356; x_wconf 75' lang='lat' dir='ltr'><strong>tte</strong></span> <span class='ocrx_word' id='word_1_619' title='bbox 1228 4280 1641 4356; x_wconf 42' lang='lat' dir='ltr'><strong>Moysesuledit</strong></span> <span class='ocrx_word' id='word_1_620' title='bbox 1666 4279 2032 4356; x_wconf 74' lang='lat' dir='ltr'><strong>vuliislcgetu.</strong></span> <span class='ocrx_word' id='word_1_621' title='bbox 2143 4299 2223 4338; x_wconf 80' lang='lat' dir='ltr'><strong>re.</strong></span> <span class='ocrx_word' id='word_1_622' title='bbox 2262 4284 2325 4338; x_wconf 84' lang='lat' dir='ltr'><strong>Et</strong></span> <span class='ocrx_word' id='word_1_623' title='bbox 2349 4279 2477 4338; x_wconf 64' lang='lat' dir='ltr'><strong>cccc</strong></span> <span class='ocrx_word' id='word_1_624' title='bbox 2506 4284 2682 4353; x_wconf 79' lang='lat' dir='ltr'><strong>palam</strong></span> <span class='ocrx_word' id='word_1_625' title='bbox 2717 4285 2976 4356; x_wconf 85' lang='lat' dir='ltr'><strong>loquitur.</strong></span> <span class='ocrx_word' id='word_1_626' title='bbox 3010 4279 3065 4343; x_wconf 76' lang='lat' dir='ltr'><strong>et</strong></span> <span class='ocrx_word' id='word_1_627' title='bbox 3091 4279 3231 4345; x_wconf 80' lang='lat' dir='ltr'><strong>nihil</strong></span> <span class='ocrx_word' id='word_1_628' title='bbox 3265 4292 3318 4344; x_wconf 89' lang='lat' dir='ltr'><strong>ei</strong></span> <span class='ocrx_word' id='word_1_629' title='bbox 3352 4289 3564 4344; x_wconf 79' lang='lat' dir='ltr'><strong>dicunt.</strong></span> <span class='ocrx_word' id='word_1_630' title='bbox 3589 4280 3725 4337; x_wconf 77' lang='grc' dir='ltr'><strong>Νυιη·</strong></span> 
     </span>
    </p>
   </div>
   <div class='ocr_carea' id='block_1_199' title="bbox 424 4351 3730 4431">
    <p class='ocr_par' dir='ltr' id='par_1_199' title="bbox 424 4351 3730 4431">
     <span class='ocr_line' id='line_1_200' title="bbox 424 4351 3730 4431; baseline 0.001 -23"><span class='ocrx_word' id='word_1_631' title='bbox 424 4369 477 4415; x_wconf 84' lang='lat' dir='ltr'><strong>et</strong></span> <span class='ocrx_word' id='word_1_632' title='bbox 510 4372 669 4431; x_wconf 70' lang='lat' dir='ltr'><strong>nemo</strong></span> <span class='ocrx_word' id='word_1_633' title='bbox 700 4371 766 4431; x_wconf 58' lang='grc' dir='ltr'><strong>εξ</strong></span> <span class='ocrx_word' id='word_1_634' title='bbox 798 4353 1115 4431; x_wconf 78' lang='lat' dir='ltr'><strong>vobis_l_‘acit</strong></span> <span class='ocrx_word' id='word_1_635' title='bbox 1144 4351 1340 4431; x_wconf 62' lang='lat' dir='ltr'><strong>legem.</strong></span> <span class='ocrx_word' id='word_1_636' title='bbox 1374 4351 1513 4431; x_wconf 72' lang='lat' dir='ltr'><strong>Quid</strong></span> <span class='ocrx_word' id='word_1_637' title='bbox 1543 4368 1629 4431; x_wconf 51' lang='lat' dir='ltr'><strong>nte</strong></span> <span class='ocrx_word' id='word_1_638' title='bbox 1659 4353 2036 4431; x_wconf 60' lang='lat' dir='ltr'><strong>quaqritisju-</strong></span> <span class='ocrx_word' id='word_1_639' title='bbox 2141 4356 2269 4431; x_wconf 78' lang='lat' dir='ltr'><strong>quid</strong></span> <span class='ocrx_word' id='word_1_640' title='bbox 2302 4371 2427 4410; x_wconf 85' lang='lat' dir='ltr'><strong>vere</strong></span> <span class='ocrx_word' id='word_1_641' title='bbox 2455 4351 2844 4431; x_wconf 58' lang='lat' dir='ltr'><strong>cognoverunt</strong></span> <span class='ocrx_word' id='word_1_642' title='bbox 2889 4358 3191 4428; x_wconf 80' lang='lat' dir='ltr'><strong>Principes.</strong></span> <span class='ocrx_word' id='word_1_643' title='bbox 3229 4363 3364 4431; x_wconf 82' lang='lat' dir='ltr'><strong>quia</strong></span> <span class='ocrx_word' id='word_1_644' title='bbox 3404 4360 3495 4416; x_wconf 81' lang='lat' dir='ltr'><strong>hic</strong></span> <span class='ocrx_word' id='word_1_645' title='bbox 3524 4365 3601 4411; x_wconf 78' lang='lat' dir='ltr'><strong>est</strong></span> <span class='ocrx_word' id='word_1_646' title='bbox 3629 4363 3730 4405; x_wconf 69' lang='lat' dir='ltr'><strong>vere</strong></span> 
     </span>
    </p>
   </div>
   <div class='ocr_carea' id='block_1_200' title="bbox 426 4422 3726 4495">
    <p class='ocr_par' dir='ltr' id='par_1_200' title="bbox 426 4422 3726 4495">
     <span class='ocr_line' id='line_1_201' title="bbox 426 4422 3726 4495; baseline 0.001 -12"><span class='ocrx_word' id='word_1_647' title='bbox 426 4427 702 4487; x_wconf 70' lang='lat' dir='ltr'><strong>terlieerc.</strong></span> <span class='ocrx_word' id='word_1_648' title='bbox 734 4426 1034 4495; x_wconf 60' lang='lat' dir='ltr'><strong>Restionilit</strong></span> <span class='ocrx_word' id='word_1_649' title='bbox 1068 4426 1221 4479; x_wconf 84' lang='lat' dir='ltr'><strong>turba</strong></span> <span class='ocrx_word' id='word_1_650' title='bbox 1269 4435 1322 4477; x_wconf 90' lang='lat' dir='ltr'><strong>et</strong></span> <span class='ocrx_word' id='word_1_651' title='bbox 1367 4424 1519 4478; x_wconf 82' lang='lat' dir='ltr'><strong>dixit.</strong></span> <span class='ocrx_word' id='word_1_652' title='bbox 1568 4422 1889 4495; x_wconf 80' lang='lat' dir='ltr'><strong>Demouium</strong></span> <span class='ocrx_word' id='word_1_653' title='bbox 1937 4423 2033 4478; x_wconf 81' lang='lat' dir='ltr'><strong>lta-</strong></span> <span class='ocrx_word' id='word_1_654' title='bbox 2138 4422 2407 4481; x_wconf 85' lang='lat' dir='ltr'><strong>Christus.</strong></span> <span class='ocrx_word' id='word_1_655' title='bbox 2450 4426 2556 4483; x_wconf 86' lang='lat' dir='ltr'><strong>Sed</strong></span> <span class='ocrx_word' id='word_1_656' title='bbox 2591 4429 2733 4483; x_wconf 88' lang='lat' dir='ltr'><strong>hunc</strong></span> <span class='ocrx_word' id='word_1_657' title='bbox 2760 4428 2963 4485; x_wconf 88' lang='lat' dir='ltr'><strong>scimus</strong></span> <span class='ocrx_word' id='word_1_658' title='bbox 2991 4422 3131 4485; x_wconf 84' lang='lat' dir='ltr'><strong>unde</strong></span> <span class='ocrx_word' id='word_1_659' title='bbox 3162 4422 3264 4486; x_wconf 60' lang='lat' dir='ltr'><strong>sit:</strong></span> <span class='ocrx_word' id='word_1_660' title='bbox 3300 4433 3726 4495; x_wconf 57' lang='lat' dir='ltr'><strong>Christusauwm</strong></span> 
     </span>
    </p>
   </div>
   <div class='ocr_carea' id='block_1_201' title="bbox 412 4494 3729 4568">
    <p class='ocr_par' dir='ltr' id='par_1_201' title="bbox 412 4494 3729 4568">
     <span class='ocr_line' id='line_1_202' title="bbox 412 4494 3729 4568; baseline -0.001 -11"><span class='ocrx_word' id='word_1_661' title='bbox 412 4501 542 4557; x_wconf 78' lang='lat' dir='ltr'><strong>&#39;hes.</strong></span> <span class='ocrx_word' id='word_1_662' title='bbox 590 4500 711 4562; x_wconf 78' lang='lat' dir='ltr'><strong>quis</strong></span> <span class='ocrx_word' id='word_1_663' title='bbox 732 4508 795 4568; x_wconf 76' lang='lat' dir='ltr'><strong>te</strong></span> <span class='ocrx_word' id='word_1_664' title='bbox 824 4498 1039 4568; x_wconf 77' lang='lat' dir='ltr'><strong>quaerit</strong></span> <span class='ocrx_word' id='word_1_665' title='bbox 1082 4495 1408 4550; x_wconf 78' lang='lat' dir='ltr'><strong>interﬁcere.</strong></span> <span class='ocrx_word' id='word_1_666' title='bbox 1463 4494 1759 4568; x_wconf 72' lang='lat' dir='ltr'><strong>Respondit</strong></span> <span class='ocrx_word' id='word_1_667' title='bbox 1781 4494 1941 4568; x_wconf 59' lang='lat' dir='ltr'><strong>.Iestis</strong></span> <span class='ocrx_word' id='word_1_668' title='bbox 1976 4505 2033 4551; x_wconf 88' lang='lat' dir='ltr'><strong>et</strong></span> <span class='ocrx_word' id='word_1_669' title='bbox 2137 4512 2257 4553; x_wconf 87' lang='lat' dir='ltr'><strong>cum</strong></span> <span class='ocrx_word' id='word_1_670' title='bbox 2289 4501 2515 4554; x_wconf 65' lang='lat' dir='ltr'><strong>venerit.</strong></span> <span class='ocrx_word' id='word_1_671' title='bbox 2552 4515 2711 4554; x_wconf 88' lang='lat' dir='ltr'><strong>nemo</strong></span> <span class='ocrx_word' id='word_1_672' title='bbox 2739 4502 2843 4555; x_wconf 84' lang='lat' dir='ltr'><strong>scit</strong></span> <span class='ocrx_word' id='word_1_673' title='bbox 2872 4503 3013 4555; x_wconf 86' lang='lat' dir='ltr'><strong>unde</strong></span> <span class='ocrx_word' id='word_1_674' title='bbox 3049 4502 3141 4559; x_wconf 68' lang='lat' dir='ltr'><strong>sil.</strong></span> <span class='ocrx_word' id='word_1_675' title='bbox 3170 4503 3474 4560; x_wconf 76' lang='lat' dir='ltr'><strong>Clamabat</strong></span> <span class='ocrx_word' id='word_1_676' title='bbox 3507 4513 3629 4566; x_wconf 78' lang='lat' dir='ltr'><strong>ergo</strong></span> <span class='ocrx_word' id='word_1_677' title='bbox 3654 4494 3729 4548; x_wconf 78' lang='lat' dir='ltr'><strong>d0-</strong></span> 
     </span>
    </p>
   </div>
   <div class='ocr_carea' id='block_1_202' title="bbox 423 4565 3731 4639">
    <p class='ocr_par' dir='ltr' id='par_1_202' title="bbox 423 4565 3731 4639">
     <span class='ocr_line' id='line_1_203' title="bbox 423 4565 3731 4639; baseline 0 -10"><span class='ocrx_word' id='word_1_678' title='bbox 423 4568 556 4629; x_wconf 76' lang='lat' dir='ltr'><strong>dixit</strong></span> <span class='ocrx_word' id='word_1_679' title='bbox 587 4568 687 4627; x_wconf 72' lang='lat' dir='ltr'><strong>eis.</strong></span> <span class='ocrx_word' id='word_1_680' title='bbox 719 4565 898 4625; x_wconf 85' lang='lat' dir='ltr'><strong>Unum</strong></span> <span class='ocrx_word' id='word_1_681' title='bbox 940 4584 1077 4637; x_wconf 83' lang='lat' dir='ltr'><strong>opus</strong></span> <span class='ocrx_word' id='word_1_682' title='bbox 1104 4567 1227 4622; x_wconf 73' lang='lat' dir='ltr'><strong>ieci.</strong></span> <span class='ocrx_word' id='word_1_683' title='bbox 1264 4575 1321 4639; x_wconf 85' lang='lat' dir='ltr'><strong>et</strong></span> <span class='ocrx_word' id='word_1_684' title='bbox 1352 4581 1541 4621; x_wconf 88' lang='lat' dir='ltr'><strong>omnes</strong></span> <span class='ocrx_word' id='word_1_685' title='bbox 1582 4566 1871 4622; x_wconf 88' lang='lat' dir='ltr'><strong>miramini.</strong></span> <span class='ocrx_word' id='word_1_686' title='bbox 1898 4565 2031 4620; x_wconf 86' lang='lat' dir='ltr'><strong>Pru-</strong></span> <span class='ocrx_word' id='word_1_687' title='bbox 2133 4584 2264 4624; x_wconf 90' lang='lat' dir='ltr'><strong>cens</strong></span> <span class='ocrx_word' id='word_1_688' title='bbox 2286 4569 2337 4624; x_wconf 89' lang='lat' dir='ltr'><strong>in</strong></span> <span class='ocrx_word' id='word_1_689' title='bbox 2373 4572 2575 4639; x_wconf 81' lang='lat' dir='ltr'><strong>templo</strong></span> <span class='ocrx_word' id='word_1_690' title='bbox 2604 4573 2779 4628; x_wconf 87' lang='lat' dir='ltr'><strong>Jesus.</strong></span> <span class='ocrx_word' id='word_1_691' title='bbox 2813 4584 2867 4627; x_wconf 87' lang='lat' dir='ltr'><strong>et</strong></span> <span class='ocrx_word' id='word_1_692' title='bbox 2893 4573 3101 4631; x_wconf 83' lang='lat' dir='ltr'><strong>dicens.</strong></span> <span class='ocrx_word' id='word_1_693' title='bbox 3130 4576 3193 4631; x_wconf 80' lang='lat' dir='ltr'><strong>Et</strong></span> <span class='ocrx_word' id='word_1_694' title='bbox 3226 4592 3322 4632; x_wconf 88' lang='lat' dir='ltr'><strong>me</strong></span> <span class='ocrx_word' id='word_1_695' title='bbox 3349 4575 3526 4629; x_wconf 82' lang='lat' dir='ltr'><strong>scitis.</strong></span> <span class='ocrx_word' id='word_1_696' title='bbox 3555 4565 3608 4626; x_wconf 74' lang='lat' dir='ltr'><strong>et</strong></span> <span class='ocrx_word' id='word_1_697' title='bbox 3629 4580 3731 4621; x_wconf 71' lang='grc' dir='ltr'><strong>ηυδ-</strong></span> 
     </span>
    </p>
   </div>
   <div class='ocr_carea' id='block_1_203' title="bbox 421 4638 3728 4715">
    <p class='ocr_par' dir='ltr' id='par_1_203' title="bbox 421 4638 3728 4715">
     <span class='ocr_line' id='line_1_204' title="bbox 421 4638 3728 4715; baseline 0.002 -19"><span class='ocrx_word' id='word_1_698' title='bbox 421 4652 604 4715; x_wconf 74' lang='lat' dir='ltr'><strong>pterea</strong></span> <span class='ocrx_word' id='word_1_699' title='bbox 632 4641 862 4714; x_wconf 73' lang='lat' dir='ltr'><strong>Moyses.</strong></span> <span class='ocrx_word' id='word_1_700' title='bbox 886 4638 1721 4715; x_wconf 67' lang='lat' dir='ltr'><strong>deditvoltiscircumcisioneut.</strong></span> <span class='ocrx_word' id='word_1_701' title='bbox 1743 4654 1848 4715; x_wconf 82' lang='lat' dir='ltr'><strong>non</strong></span> <span class='ocrx_word' id='word_1_702' title='bbox 1875 4639 2022 4707; x_wconf 86' lang='lat' dir='ltr'><strong>quia.</strong></span> <span class='ocrx_word' id='word_1_703' title='bbox 2137 4640 2373 4715; x_wconf 4' lang='lat' dir='ltr'><strong>tisguude</strong></span> <span class='ocrx_word' id='word_1_704' title='bbox 2401 4638 2525 4697; x_wconf 82' lang='lat' dir='ltr'><strong>sint.</strong></span> <span class='ocrx_word' id='word_1_705' title='bbox 2573 4653 2627 4698; x_wconf 90' lang='lat' dir='ltr'><strong>et</strong></span> <span class='ocrx_word' id='word_1_706' title='bbox 2657 4659 2686 4697; x_wconf 91' lang='lat' dir='ltr'><strong>a</strong></span> <span class='ocrx_word' id='word_1_707' title='bbox 2720 4659 2806 4699; x_wconf 93' lang='lat' dir='ltr'><strong>me</strong></span> <span class='ocrx_word' id='word_1_708' title='bbox 2847 4647 2965 4715; x_wconf 89' lang='lat' dir='ltr'><strong>ipso</strong></span> <span class='ocrx_word' id='word_1_709' title='bbox 2998 4662 3103 4700; x_wconf 88' lang='lat' dir='ltr'><strong>non</strong></span> <span class='ocrx_word' id='word_1_710' title='bbox 3133 4649 3291 4703; x_wconf 88' lang='lat' dir='ltr'><strong>veni.</strong></span> <span class='ocrx_word' id='word_1_711' title='bbox 3324 4647 3425 4701; x_wconf 89' lang='lat' dir='ltr'><strong>sed</strong></span> <span class='ocrx_word' id='word_1_712' title='bbox 3473 4654 3554 4700; x_wconf 83' lang='lat' dir='ltr'><strong>est</strong></span> <span class='ocrx_word' id='word_1_713' title='bbox 3593 4650 3728 4715; x_wconf 64' lang='lat' dir='ltr'><strong>vel“?</strong></span> 
     </span>
    </p>
   </div>
   <div class='ocr_carea' id='block_1_204' title="bbox 420 4706 3732 4791">
    <p class='ocr_par' dir='ltr' id='par_1_204' title="bbox 420 4706 3732 4791">
     <span class='ocr_line' id='line_1_205' title="bbox 420 4706 3732 4791; baseline -0.002 -16"><span class='ocrx_word' id='word_1_714' title='bbox 420 4706 828 4791; x_wconf 46' lang='lat' dir='ltr'><strong>é;_Miiy§e&#39;e_sl</strong></span> <span class='ocrx_word' id='word_1_715' title='bbox 855 4712 947 4765; x_wconf 73' lang='lat' dir='ltr'><strong>sed</strong></span> <span class='ocrx_word' id='word_1_716' title='bbox 979 4711 1342 4791; x_wconf 40' lang='grc' dir='ltr'><strong>θέε-Ρηινὶιιυεἔ</strong></span> <span class='ocrx_word' id='word_1_717' title='bbox 1371 4719 1423 4762; x_wconf 82' lang='lat' dir='ltr'><strong>cl</strong></span> <span class='ocrx_word' id='word_1_718' title='bbox 1450 4710 1501 4764; x_wconf 91' lang='lat' dir='ltr'><strong>in</strong></span> <span class='ocrx_word' id='word_1_719' title='bbox 1534 4708 1767 4791; x_wconf 74' lang='lat' dir='ltr'><strong>sabbato</strong></span> <span class='ocrx_word' id='word_1_720' title='bbox 1793 4706 2026 4791; x_wconf 34' lang='lat' dir='ltr'><strong>circ’nin-</strong></span> <span class='ocrx_word' id='word_1_721' title='bbox 2133 4713 2222 4791; x_wconf 78' lang='lat' dir='ltr'><strong>qui</strong></span> <span class='ocrx_word' id='word_1_722' title='bbox 2254 4729 2339 4767; x_wconf 87' lang='lat' dir='ltr'><strong>me</strong></span> <span class='ocrx_word' id='word_1_723' title='bbox 2382 4715 2550 4791; x_wconf 82' lang='lat' dir='ltr'><strong>misit.</strong></span> <span class='ocrx_word' id='word_1_724' title='bbox 2587 4730 2746 4791; x_wconf 80' lang='lat' dir='ltr'><strong>quem</strong></span> <span class='ocrx_word' id='word_1_725' title='bbox 2790 4706 2885 4771; x_wconf 78' lang='lat' dir='ltr'><strong>vos</strong></span> <span class='ocrx_word' id='word_1_726' title='bbox 2934 4718 3177 4773; x_wconf 90' lang='lat' dir='ltr'><strong>nescitis.</strong></span> <span class='ocrx_word' id='word_1_727' title='bbox 3234 4720 3357 4790; x_wconf 79' lang='lat' dir='ltr'><strong>Ego</strong></span> <span class='ocrx_word' id='word_1_728' title='bbox 3389 4716 3471 4791; x_wconf 86' lang='grc' dir='ltr'><strong>(α)</strong></span> <span class='ocrx_word' id='word_1_729' title='bbox 3502 4725 3668 4770; x_wconf 76' lang='lat' dir='ltr'><strong>autent</strong></span> <span class='ocrx_word' id='word_1_730' title='bbox 3701 4706 3732 4778; x_wconf 68' lang='grc' dir='ltr'><strong>ἰ’</strong></span> 
     </span>
    </p>
   </div>
   <div class='ocr_carea' id='block_1_205' title="bbox 423 4781 3552 4863">
    <p class='ocr_par' dir='ltr' id='par_1_205' title="bbox 423 4781 3552 4863">
     <span class='ocr_line' id='line_1_206' title="bbox 423 4781 3552 4863; baseline 0.002 -26"><span class='ocrx_word' id='word_1_731' title='bbox 423 4781 624 4863; x_wconf 58' lang='lat' dir='ltr'><strong>ciditis:</strong></span> <span class='ocrx_word' id='word_1_732' title='bbox 651 4784 945 4863; x_wconf 67' lang='lat' dir='ltr'><strong>hominem.</strong></span> <span class='ocrx_word' id='word_1_733' title='bbox 999 4782 1058 4863; x_wconf 84' lang='lat' dir='ltr'><strong>Si</strong></span> <span class='ocrx_word' id='word_1_734' title='bbox 1108 4796 1255 4863; x_wconf 40' lang='lat' dir='ltr'><strong>ergo.</strong></span> <span class='ocrx_word' id='word_1_735' title='bbox 1292 4781 1761 4863; x_wconf 59' lang='lat' dir='ltr'><strong>circutttcisipttern</strong></span> <span class='ocrx_word' id='word_1_736' title='bbox 1827 4783 2024 4863; x_wconf 63' lang='lat' dir='ltr'><strong>accipit</strong></span> <span class='ocrx_word' id='word_1_737' title='bbox 2130 4787 2246 4839; x_wconf 86' lang='lat' dir='ltr'><strong>scio</strong></span> <span class='ocrx_word' id='word_1_738' title='bbox 2274 4800 2399 4840; x_wconf 88' lang='lat' dir='ltr'><strong>eum</strong></span> <span class='ocrx_word' id='word_1_739' title='bbox 2440 4788 2566 4858; x_wconf 88' lang='lat' dir='ltr'><strong>quia</strong></span> <span class='ocrx_word' id='word_1_740' title='bbox 2597 4781 2665 4843; x_wconf 80' lang='lat' dir='ltr'><strong>ab</strong></span> <span class='ocrx_word' id='word_1_741' title='bbox 2697 4788 2815 4858; x_wconf 87' lang='lat' dir='ltr'><strong>ipso</strong></span> <span class='ocrx_word' id='word_1_742' title='bbox 2839 4802 2980 4845; x_wconf 88' lang='lat' dir='ltr'><strong>sum.</strong></span> <span class='ocrx_word' id='word_1_743' title='bbox 3009 4799 3065 4847; x_wconf 92' lang='lat' dir='ltr'><strong>et</strong></span> <span class='ocrx_word' id='word_1_744' title='bbox 3091 4793 3211 4863; x_wconf 87' lang='lat' dir='ltr'><strong>ipse</strong></span> <span class='ocrx_word' id='word_1_745' title='bbox 3244 4781 3340 4848; x_wconf 67' lang='lat' dir='ltr'><strong>uie</strong></span> <span class='ocrx_word' id='word_1_746' title='bbox 3380 4781 3552 4847; x_wconf 74' lang='lat' dir='ltr'><strong>misit.</strong></span> 
     </span>
    </p>
   </div>
   <div class='ocr_carea' id='block_1_206' title="bbox 423 4851 2022 4925">
    <p class='ocr_par' dir='ltr' id='par_1_206' title="bbox 423 4851 2022 4925">
     <span class='ocr_line' id='line_1_207' title="bbox 423 4851 2022 4925; baseline -0.001 -15"><span class='ocrx_word' id='word_1_747' title='bbox 423 4857 588 4911; x_wconf 90' lang='lat' dir='ltr'><strong>homo</strong></span> <span class='ocrx_word' id='word_1_748' title='bbox 612 4857 665 4910; x_wconf 89' lang='lat' dir='ltr'><strong>in</strong></span> <span class='ocrx_word' id='word_1_749' title='bbox 690 4854 938 4911; x_wconf 87' lang='lat' dir='ltr'><strong>sabbato.</strong></span> <span class='ocrx_word' id='word_1_750' title='bbox 966 4862 1024 4908; x_wconf 90' lang='lat' dir='ltr'><strong>ut</strong></span> <span class='ocrx_word' id='word_1_751' title='bbox 1048 4868 1153 4908; x_wconf 91' lang='lat' dir='ltr'><strong>non</strong></span> <span class='ocrx_word' id='word_1_752' title='bbox 1177 4851 1419 4908; x_wconf 88' lang='lat' dir='ltr'><strong>solvatur</strong></span> <span class='ocrx_word' id='word_1_753' title='bbox 1446 4852 1533 4907; x_wconf 92' lang='lat' dir='ltr'><strong>lex</strong></span> <span class='ocrx_word' id='word_1_754' title='bbox 1558 4852 1751 4925; x_wconf 90' lang='lat' dir='ltr'><strong>Moysi.</strong></span> <span class='ocrx_word' id='word_1_755' title='bbox 1776 4852 1907 4907; x_wconf 87' lang='lat' dir='ltr'><strong>mihi</strong></span> <span class='ocrx_word' id='word_1_756' title='bbox 1925 4869 2022 4908; x_wconf 87' lang='lat' dir='ltr'><strong>au-</strong></span> 
     </span>
    </p>
   </div>
   <div class='ocr_carea' id='block_1_207' title="bbox 1716 4970 2458 5035">
    <p class='ocr_par' dir='ltr' id='par_1_207' title="bbox 1716 4970 2458 5035">
     <span class='ocr_line' id='line_1_208' title="bbox 1716 4970 2458 5035; baseline 0.004 -6"><span class='ocrx_word' id='word_1_757' title='bbox 1716 4970 1952 5030; x_wconf 79' lang='lat' dir='ltr'><strong>CODEX</strong></span> <span class='ocrx_word' id='word_1_758' title='bbox 1984 4970 2458 5035; x_wconf 79' lang='lat' dir='ltr'><strong>CORBEIENSlS.</strong></span> 
     </span>
    </p>
   </div>
   <div class='ocr_carea' id='block_1_208' title="bbox 496 5067 2280 5142">
    <p class='ocr_par' dir='ltr' id='par_1_208' title="bbox 496 5067 2280 5142">
     <span class='ocr_line' id='line_1_209' title="bbox 496 5067 2280 5142; baseline 0 -17"><span class='ocrx_word' id='word_1_759' title='bbox 496 5069 591 5126; x_wconf 81' lang='grc'><strong>18.</strong></span> <span class='ocrx_word' id='word_1_760' title='bbox 632 5069 859 5139; x_wconf 79' lang='lat' dir='ltr'><strong>gloriam</strong></span> <span class='ocrx_word' id='word_1_761' title='bbox 891 5084 1044 5124; x_wconf 85' lang='lat' dir='ltr'><strong>suam</strong></span> <span class='ocrx_word' id='word_1_762' title='bbox 1075 5067 1375 5142; x_wconf 79' lang='lat' dir='ltr'><strong>propriam.</strong></span> <span class='ocrx_word' id='word_1_763' title='bbox 1781 5138 1833 5142; x_wconf 37' lang='grc' dir='ltr'>η</span> <span class='ocrx_word' id='word_1_764' title='bbox 1908 5138 1922 5142; x_wconf 29' lang='grc' dir='ltr'><strong>Α</strong></span> <span class='ocrx_word' id='word_1_765' title='bbox 1988 5140 1997 5142; x_wconf 97' lang='lat'>_</span> <span class='ocrx_word' id='word_1_766' title='bbox 2133 5079 2280 5142; x_wconf 78' lang='lat' dir='ltr'><strong>runt.</strong></span> 
     </span>
    </p>
   </div>
   <div class='ocr_carea' id='block_1_209' title="bbox 497 5136 3733 5216">
    <p class='ocr_par' dir='ltr' id='par_1_209' title="bbox 497 5136 3733 5216">
     <span class='ocr_line' id='line_1_210' title="bbox 497 5136 3733 5216; baseline -0 -19"><span class='ocrx_word' id='word_1_767' title='bbox 497 5142 587 5197; x_wconf 81' lang='grc'><strong>19.</strong></span> <span class='ocrx_word' id='word_1_768' title='bbox 621 5136 843 5216; x_wconf 65' lang='grc' dir='ltr'><strong>Ιίεεεηι.</strong></span> <span class='ocrx_word' id='word_1_769' title='bbox 876 5157 1032 5194; x_wconf 85' lang='lat' dir='ltr'><strong>manu</strong></span> <span class='ocrx_word' id='word_1_770' title='bbox 1061 5140 1129 5193; x_wconf 87' lang='lat' dir='ltr'><strong>ad</strong></span> <span class='ocrx_word' id='word_1_771' title='bbox 1153 5136 1320 5209; x_wconf 77' lang='lat' dir='ltr'><strong>niarg.</strong></span> <span class='ocrx_word' id='word_1_772' title='bbox 1351 5147 1407 5198; x_wconf 84' lang='lat' dir='ltr'><strong>et</strong></span> <span class='ocrx_word' id='word_1_773' title='bbox 1429 5154 1591 5203; x_wconf 84' lang='lat' dir='ltr'><strong>nemo</strong></span> <span class='ocrx_word' id='word_1_774' title='bbox 1610 5148 1681 5203; x_wconf 81' lang='lat' dir='ltr'><strong>ex</strong></span> <span class='ocrx_word' id='word_1_775' title='bbox 1708 5138 1869 5199; x_wconf 83' lang='lat' dir='ltr'><strong>vobis</strong></span> <span class='ocrx_word' id='word_1_776' title='bbox 1902 5138 2028 5205; x_wconf 76' lang='lat' dir='ltr'><strong>facit</strong></span> <span class='ocrx_word' id='word_1_777' title='bbox 2158 5212 2174 5216; x_wconf 90' lang='lat'>_</span> <span class='ocrx_word' id='word_1_778' title='bbox 2204 5140 2296 5197; x_wconf 76' lang='lat'><strong>28.</strong></span> <span class='ocrx_word' id='word_1_779' title='bbox 2338 5142 2616 5198; x_wconf 87' lang='lat' dir='ltr'><strong>Clamabat</strong></span> <span class='ocrx_word' id='word_1_780' title='bbox 2642 5151 2822 5199; x_wconf 86' lang='lat' dir='ltr'><strong>autem</strong></span> <span class='ocrx_word' id='word_1_781' title='bbox 2850 5143 2905 5200; x_wconf 91' lang='lat' dir='ltr'><strong>in</strong></span> <span class='ocrx_word' id='word_1_782' title='bbox 2927 5142 3317 5216; x_wconf 78' lang='lat' dir='ltr'><strong>templolesus</strong></span> <span class='ocrx_word' id='word_1_783' title='bbox 3349 5146 3566 5205; x_wconf 84' lang='lat' dir='ltr'><strong>dicens.</strong></span> <span class='ocrx_word' id='word_1_784' title='bbox 3590 5136 3733 5198; x_wconf 79' lang='lat' dir='ltr'><strong>Omit-</strong></span> 
     </span>
    </p>
   </div>
   <div class='ocr_carea' id='block_1_210' title="bbox 423 5212 2816 5285">
    <p class='ocr_par' dir='ltr' id='par_1_210' title="bbox 423 5212 2816 5285">
     <span class='ocr_line' id='line_1_211' title="bbox 423 5212 2816 5285; baseline 0 -16"><span class='ocrx_word' id='word_1_785' title='bbox 423 5213 642 5285; x_wconf 85' lang='lat' dir='ltr'><strong>legem?</strong></span> <span class='ocrx_word' id='word_1_786' title='bbox 772 5281 802 5285; x_wconf 78' lang='lat'><strong>__</strong></span> <span class='ocrx_word' id='word_1_787' title='bbox 830 5282 859 5285; x_wconf 25' lang='grc' dir='ltr'>μ</span> <span class='ocrx_word' id='word_1_788' title='bbox 903 5281 936 5285; x_wconf 89' lang='lat'>__</span> <span class='ocrx_word' id='word_1_789' title='bbox 1127 5280 1174 5285; x_wconf 46' lang='grc' dir='ltr'><em>υ</em></span> <span class='ocrx_word' id='word_1_790' title='bbox 1346 5282 1393 5285; x_wconf 30' lang='grc' dir='ltr'><strong><em>Α</em></strong></span> <span class='ocrx_word' id='word_1_791' title='bbox 1436 5282 1449 5285; x_wconf 27' lang='grc' dir='ltr'><strong>Α</strong></span> <span class='ocrx_word' id='word_1_792' title='bbox 2135 5212 2227 5280; x_wconf 70' lang='lat' dir='ltr'><strong>tit,</strong></span> <span class='ocrx_word' id='word_1_793' title='bbox 2258 5229 2419 5284; x_wconf 90' lang='lat' dir='ltr'><strong>quem</strong></span> <span class='ocrx_word' id='word_1_794' title='bbox 2449 5232 2544 5271; x_wconf 89' lang='lat' dir='ltr'><strong>vos</strong></span> <span class='ocrx_word' id='word_1_795' title='bbox 2572 5218 2816 5274; x_wconf 88' lang='lat' dir='ltr'><strong>nescitis.</strong></span> 
     </span>
    </p>
   </div>
   <div class='ocr_carea' id='block_1_211' title="bbox 493 5280 2021 5357">
    <p class='ocr_par' dir='ltr' id='par_1_211' title="bbox 493 5280 2021 5357">
     <span class='ocr_line' id='line_1_212' title="bbox 493 5280 2021 5357; baseline -0.001 -17"><span class='ocrx_word' id='word_1_796' title='bbox 493 5280 585 5340; x_wconf 75' lang='lat'><strong>26.</strong></span> <span class='ocrx_word' id='word_1_797' title='bbox 629 5291 684 5340; x_wconf 92' lang='lat' dir='ltr'><strong>et</strong></span> <span class='ocrx_word' id='word_1_798' title='bbox 730 5281 863 5337; x_wconf 88' lang='lat' dir='ltr'><strong>nihil</strong></span> <span class='ocrx_word' id='word_1_799' title='bbox 887 5281 1096 5339; x_wconf 89' lang='lat' dir='ltr'><strong>dicunt.</strong></span> <span class='ocrx_word' id='word_1_800' title='bbox 1127 5280 1396 5354; x_wconf 87' lang='lat' dir='ltr'><strong>Numquid</strong></span> <span class='ocrx_word' id='word_1_801' title='bbox 1426 5282 1570 5340; x_wconf 82' lang='lat' dir='ltr'><strong>forte</strong></span> <span class='ocrx_word' id='word_1_802' title='bbox 1598 5299 1729 5341; x_wconf 86' lang='lat' dir='ltr'><strong>vere</strong></span> <span class='ocrx_word' id='word_1_803' title='bbox 1750 5298 2021 5357; x_wconf 77' lang='lat' dir='ltr'><strong>cognove-</strong></span> 
     </span>
    </p>
   </div>
   <div class='ocr_carea' id='block_1_212' title="bbox 1652 5398 2497 5469">
    <p class='ocr_par' dir='ltr' id='par_1_212' title="bbox 1652 5398 2497 5469">
     <span class='ocr_line' id='line_1_213' title="bbox 1652 5398 2497 5469; baseline -0.001 -9"><span class='ocrx_word' id='word_1_804' title='bbox 1652 5399 2052 5469; x_wconf 73' lang='lat' dir='ltr'><strong>VABIANTES</strong></span> <span class='ocrx_word' id='word_1_805' title='bbox 2092 5398 2497 5459; x_wconf 76' lang='lat' dir='ltr'><strong>LECTIONES.</strong></span> 
     </span>
    </p>
   </div>
   <div class='ocr_carea' id='block_1_213' title="bbox 484 5482 3734 5563">
    <p class='ocr_par' dir='ltr' id='par_1_213' title="bbox 484 5482 3734 5563">
     <span class='ocr_line' id='line_1_214' title="bbox 484 5482 3734 5563; baseline 0.002 -20"><span class='ocrx_word' id='word_1_806' title='bbox 484 5497 503 5563; x_wconf 63' lang='grc' dir='ltr'><strong>ξ</strong></span> <span class='ocrx_word' id='word_1_807' title='bbox 542 5495 661 5563; x_wconf 55' lang='lat' dir='ltr'><strong>gm.</strong></span> <span class='ocrx_word' id='word_1_808' title='bbox 687 5489 930 5563; x_wconf 54' lang='lat' dir='ltr'><strong>liumqnld</strong></span> <span class='ocrx_word' id='word_1_809' title='bbox 951 5488 1034 5541; x_wconf 85' lang='lat' dir='ltr'><strong>hic</strong></span> <span class='ocrx_word' id='word_1_810' title='bbox 1054 5496 1150 5563; x_wconf 70' lang='lat' dir='ltr'><strong>est.</strong></span> <span class='ocrx_word' id='word_1_811' title='bbox 1181 5491 1327 5557; x_wconf 68' lang='lat' dir='ltr'><strong>Vulg.</strong></span> <span class='ocrx_word' id='word_1_812' title='bbox 1352 5491 1634 5563; x_wconf 72' lang='lat' dir='ltr'><strong>Nonnehlc</strong></span> <span class='ocrx_word' id='word_1_813' title='bbox 1655 5501 1785 5563; x_wconf 26' lang='lat' dir='ltr'><strong>est.‘</strong></span> <span class='ocrx_word' id='word_1_814' title='bbox 1976 5560 1986 5563; x_wconf 90' lang='lat'>_</span> <span class='ocrx_word' id='word_1_815' title='bbox 2127 5494 2235 5556; x_wconf 87' lang='lat' dir='ltr'><strong>ipso</strong></span> <span class='ocrx_word' id='word_1_816' title='bbox 2279 5506 2406 5563; x_wconf 79' lang='lat' dir='ltr'><strong>sum,</strong></span> <span class='ocrx_word' id='word_1_817' title='bbox 2444 5482 2645 5563; x_wconf 60' lang='lat' dir='ltr'><strong>etipse</strong></span> <span class='ocrx_word' id='word_1_818' title='bbox 2682 5508 2765 5545; x_wconf 88' lang='lat' dir='ltr'><strong>me</strong></span> <span class='ocrx_word' id='word_1_819' title='bbox 2802 5497 2910 5563; x_wconf 74' lang='lat' dir='ltr'><strong>scit.</strong></span> <span class='ocrx_word' id='word_1_820' title='bbox 2942 5496 3321 5563; x_wconf 69' lang='lat' dir='ltr'><strong>Quaerebam._</strong></span> <span class='ocrx_word' id='word_1_821' title='bbox 3344 5498 3502 5563; x_wconf 64' lang='lat' dir='ltr'><strong>Vulg.</strong></span> <span class='ocrx_word' id='word_1_822' title='bbox 3537 5491 3734 5560; x_wconf 64' lang='lat'><strong>2308630</strong></span> 
     </span>
    </p>
   </div>
   <div class='ocr_carea' id='block_1_214' title="bbox 484 5555 3634 5623">
    <p class='ocr_par' dir='ltr' id='par_1_214' title="bbox 484 5555 3634 5623">
     <span class='ocr_line' id='line_1_215' title="bbox 484 5555 3634 5623; baseline 0.001 -18"><span class='ocrx_word' id='word_1_823' title='bbox 484 5561 506 5591; x_wconf 75' lang='grc' dir='ltr'><strong>ι</strong></span> <span class='ocrx_word' id='word_1_824' title='bbox 543 5559 661 5608; x_wconf 78' lang='lat' dir='ltr'><strong>Mm.</strong></span> <span class='ocrx_word' id='word_1_825' title='bbox 703 5555 1009 5623; x_wconf 72' lang='lat' dir='ltr'><strong>qu__aute_m</strong></span> <span class='ocrx_word' id='word_1_826' title='bbox 1045 5556 1147 5603; x_wconf 84' lang='lat' dir='ltr'><strong>scio</strong></span> <span class='ocrx_word' id='word_1_827' title='bbox 1170 5555 1319 5623; x_wconf 44' lang='lat' dir='ltr'><strong>eum”:</strong></span> <span class='ocrx_word' id='word_1_828' title='bbox 1340 5563 1393 5606; x_wconf 81' lang='lat' dir='ltr'><strong>et</strong></span> <span class='ocrx_word' id='word_1_829' title='bbox 1425 5559 1466 5607; x_wconf 89' lang='lat' dir='ltr'><strong>si</strong></span> <span class='ocrx_word' id='word_1_830' title='bbox 1493 5558 1669 5623; x_wconf 86' lang='lat' dir='ltr'><strong>dixero</strong></span> <span class='ocrx_word' id='word_1_831' title='bbox 1703 5559 1822 5621; x_wconf 82' lang='lat' dir='ltr'><strong>quia</strong></span> <span class='ocrx_word' id='word_1_832' title='bbox 1853 5560 2023 5623; x_wconf 83' lang='lat' dir='ltr'><strong>nescio</strong></span> <span class='ocrx_word' id='word_1_833' title='bbox 2129 5569 2262 5618; x_wconf 86' lang='lat' dir='ltr'><strong>eum,</strong></span> <span class='ocrx_word' id='word_1_834' title='bbox 2288 5559 2402 5621; x_wconf 86' lang='lat' dir='ltr'><strong>quia</strong></span> <span class='ocrx_word' id='word_1_835' title='bbox 2424 5559 2486 5607; x_wconf 86' lang='lat' dir='ltr'><strong>ab</strong></span> <span class='ocrx_word' id='word_1_836' title='bbox 2509 5558 2615 5621; x_wconf 85' lang='lat' dir='ltr'><strong>ipso</strong></span> <span class='ocrx_word' id='word_1_837' title='bbox 2638 5571 2765 5621; x_wconf 88' lang='lat' dir='ltr'><strong>sum,</strong></span> <span class='ocrx_word' id='word_1_838' title='bbox 2795 5564 2849 5609; x_wconf 91' lang='lat' dir='ltr'><strong>et</strong></span> <span class='ocrx_word' id='word_1_839' title='bbox 2866 5555 2976 5623; x_wconf 81' lang='lat' dir='ltr'><strong>ipse</strong></span> <span class='ocrx_word' id='word_1_840' title='bbox 2996 5572 3079 5610; x_wconf 89' lang='lat' dir='ltr'><strong>me</strong></span> <span class='ocrx_word' id='word_1_841' title='bbox 3102 5560 3262 5611; x_wconf 90' lang='lat' dir='ltr'><strong>misit.</strong></span> <span class='ocrx_word' id='word_1_842' title='bbox 3289 5555 3634 5622; x_wconf 64' lang='lat' dir='ltr'><strong>Quaerebam.</strong></span> 
     </span>
    </p>
   </div>
   <div class='ocr_carea' id='block_1_215' title="bbox 421 5615 2025 5686">
    <p class='ocr_par' dir='ltr' id='par_1_215' title="bbox 421 5615 2025 5686">
     <span class='ocr_line' id='line_1_216' title="bbox 421 5615 2025 5686; baseline -0.001 -15"><span class='ocrx_word' id='word_1_843' title='bbox 421 5634 561 5686; x_wconf 86' lang='lat' dir='ltr'><strong>eum,</strong></span> <span class='ocrx_word' id='word_1_844' title='bbox 589 5631 678 5670; x_wconf 86' lang='lat' dir='ltr'><strong>ero</strong></span> <span class='ocrx_word' id='word_1_845' title='bbox 700 5615 869 5668; x_wconf 84' lang='lat' dir='ltr'><strong>similis</strong></span> <span class='ocrx_word' id='word_1_846' title='bbox 892 5617 1030 5667; x_wconf 88' lang='lat' dir='ltr'><strong>vobis</strong></span> <span class='ocrx_word' id='word_1_847' title='bbox 1065 5618 1278 5668; x_wconf 78' lang='lat' dir='ltr'><strong>mendax</strong></span> <span class='ocrx_word' id='word_1_848' title='bbox 1302 5635 1313 5669; x_wconf 89' lang='lat'>:</span> <span class='ocrx_word' id='word_1_849' title='bbox 1333 5626 1387 5670; x_wconf 86' lang='lat' dir='ltr'><strong>et</strong></span> <span class='ocrx_word' id='word_1_850' title='bbox 1411 5632 1508 5683; x_wconf 81' lang='lat' dir='ltr'><strong>ego</strong></span> <span class='ocrx_word' id='word_1_851' title='bbox 1531 5621 1631 5670; x_wconf 85' lang='lat' dir='ltr'><strong>scio</strong></span> <span class='ocrx_word' id='word_1_852' title='bbox 1655 5615 1767 5673; x_wconf 77' lang='lat' dir='ltr'><strong>eum</strong></span> <span class='ocrx_word' id='word_1_853' title='bbox 1782 5661 1796 5686; x_wconf 90' lang='lat'><strong>,</strong></span> <span class='ocrx_word' id='word_1_854' title='bbox 1823 5622 1938 5684; x_wconf 85' lang='lat' dir='ltr'><strong>quia</strong></span> <span class='ocrx_word' id='word_1_855' title='bbox 1963 5620 2025 5670; x_wconf 86' lang='lat' dir='ltr'><strong>ab</strong></span> 
     </span>
    </p>
   </div>
   <div class='ocr_carea' id='block_1_216' title="bbox 1760 5724 2403 5793">
    <p class='ocr_par' dir='ltr' id='par_1_216' title="bbox 1760 5724 2403 5793">
     <span class='ocr_line' id='line_1_217' title="bbox 1760 5724 2403 5793; baseline 0.002 -7"><span class='ocrx_word' id='word_1_856' title='bbox 1760 5726 2130 5793; x_wconf 70' lang='lat' dir='ltr'><strong>BLANCHINI</strong></span> <span class='ocrx_word' id='word_1_857' title='bbox 2168 5724 2403 5788; x_wconf 62' lang='grc' dir='ltr'><strong>ΝΟΤᾸΕ.</strong></span> 
     </span>
    </p>
   </div>
   <div class='ocr_carea' id='block_1_217' title="bbox 489 5816 1581 5905">
    <p class='ocr_par' dir='ltr' id='par_1_217' title="bbox 489 5816 1581 5905">
     <span class='ocr_line' id='line_1_218' title="bbox 489 5816 1581 5905; baseline 0 -27"><span class='ocrx_word' id='word_1_858' title='bbox 489 5816 570 5905; x_wconf 78' lang='grc' dir='ltr'><strong>(α)</strong></span> <span class='ocrx_word' id='word_1_859' title='bbox 608 5816 774 5881; x_wconf 76' lang='lat' dir='ltr'><strong>Addit</strong></span> <span class='ocrx_word' id='word_1_860' title='bbox 815 5828 990 5877; x_wconf 68' lang='lat' dir='ltr'><strong>autem</strong></span> <span class='ocrx_word' id='word_1_861' title='bbox 1014 5859 1031 5893; x_wconf 86' lang='lat'><strong>,</strong></span> <span class='ocrx_word' id='word_1_862' title='bbox 1061 5817 1227 5878; x_wconf 86' lang='lat' dir='ltr'><strong>etiam</strong></span> <span class='ocrx_word' id='word_1_863' title='bbox 1265 5826 1378 5879; x_wconf 83' lang='lat' dir='ltr'><strong>tex.</strong></span> <span class='ocrx_word' id='word_1_864' title='bbox 1404 5818 1470 5887; x_wconf 84' lang='lat' dir='ltr'><strong>G.</strong></span> <span class='ocrx_word' id='word_1_865' title='bbox 1502 5821 1581 5896; x_wconf 58' lang='grc' dir='ltr'><strong>δέ.</strong></span> 
     </span>
    </p>
   </div>
  </div>
