3784 6332
36 318 134 379 409
1046 310 1492 371 ΕνΑΝϐΕιιωι

1046 310 1492 371 ενΑΝοΕιιωι
1531 309 1904 370 SECUNDUM
1943 310 2327 370 JOHANNEM.

2175 429 2408 488 CODEX
2444 429 2904 489 VERONENSIS.

419 427 663 486 CODEX
705 426 1252 486 VERCELLENSIS.

190 545 420 605 CAPUT
470 544 616 602 vni.
873 523 963 605 si.“
992 538 1078 605 πρε
1097 523 1272 605 misi!-

912 597 963 650 7.
1004 593 1110 650 Sed
1145 595 1198 650 in
1230 597 1343 666 lege
1370 607 1491 650 ves-

99 665 182 721 12.
225 663 424 736 lterum
456 678 591 736 ergo
621 662 705 719 lo-

99 667 182 721 12.
225 667 424 718 lterum
456 678 591 736 ergo
621 667 705 719 ιο-
879 677 958 720 ira
989 667 1249 733 scriptum

31 738 282 809 quebatur
305 734 372 790 ad
396 806 431 809 μ
877 746 995 806 est,
1019 736 1249 809 duorum

877 746 960 794 est
980 781 995 806 ,
1031 736 1260 792 duorum

30 806 146 866 illos
164 807 347 869 Jesus.
377 806 464 862 di-
1017 808 1296 876 hominum

32 896 152 936 cens
176 899 188 932 :
219 879 329 948 Ego
355 894 478 933 sum
1015 881 1320 936 testimoni-

32 955 114 1008 lux
141 951 292 1019 hujus
323 965 481 1005 mun-
1012 967 1102 1006 um
1136 966 1324 1007 verum

32 1025 80 1080 di
108 1041 120 1078 :
151 1022 241 1092 qui
269 1037 354 1076 me
382 1036 470 1078 εθ-
1014 1032 1119 1078 est.

33 1096 230 1165 quitur.
273 1108 380 1166 non
876 1093 966 1149 18.
1008 1094 1122 1166 Ego
1156 1107 1275 1148 sum
1295 1133 1311 1160 ,
1341 1093 1432 1163 qui
1461 1100 1566 1148 tes-

34 1165 312 1222 ambulavit
878 1165 1163 1221 timouium

35 1239 82 1293 in
107 1236 366 1300 tenebris,
877 1236 998 1292 dico
1023 1239 1090 1292 de
1118 1251 1204 1292 me
1229 1253 1243 1288 :

35 1309 121 1365 sed
149 1308 376 1362 habebat

38 1384 51 1412 ¹
76 1383 234 1435 lucem
269 1380 434 1434 vitae.

38 1453 114 1507 15.
156 1451 412 1505 Dixerunt
441 1449 523 1505 illi

37 1522 294 1579 Pharisaei
320 1540 332 1572 :
365 1520 448 1576 Tu

35 1595 95 1650 de
119 1606 166 1648 te
194 1593 377 1648 testiﬁ-

37 1665 197 1721 caris:
225 1675 280 1721 et
310 1665 465 1720 testi-

40 1779 51 1792 .
90 1778 102 1793 .
140 1739 315 1793 onium
340 1747 425 1791 tu-

875 1317 929 1364 et
953 1312 1047 1380 qui
1080 1325 1166 1365 me
1197 1307 1298 1362 mi-

874 1382 974 1444 sit,
1007 1381 1194 1444 Pater,
1221 1387 1333 1434 tes-

877 1452 1159 1507 timonium

874 1524 1003 1578 dicit
1027 1528 1095 1578 de
1123 1539 1230 1578 me.

876 1595 967 1649 19.
1012 1595 1275 1650 Dicebant
1304 1609 1388 1650 er-

873 1681 942 1731 go
971 1666 1020 1720 ei
1046 1686 1058 1720 :
1088 1665 1185 1722 Ubi
1215 1676 1299 1722 est

873 1736 1034 1792 Pater
1060 1737 1221 1792 tuus?

41 1849 51 1862 .
91 1848 104 1864 .
145 1848 158 1860 .
197 1824 301 1864 non
332 1817 419 1864 est
872 1808 1078 1875 Quibus
1103 1824 1329 1878 respon—

40 1923 51 1935 .
123 1922 136 1937 .
211 1921 223 1935 .
301 1919 316 1934 .
402 1920 414 1932 .
501 1918 516 1934 .
607 1921 620 1934 .
708 1920 722 1934 .
871 1879 1387 1950 ditJesuszNeque

39 1953 118 2008 14.
152 1952 515 2022 Respondeus
873 1967 960 2006 me
984 1953 1151 2008 nostis
1171 1993 1189 2017 ,
1221 1967 1316 2007 ne-

34 2023 205 2086 Jesus,
240 2021 291 2078 et
312 2022 452 2078 dixit
483 2021 549 2076 il-

37 2097 127 2151 lis:
159 2095 222 2150 Et
243 2095 286 2150 si
325 2110 427 2167 ego
456 2103 571 2150 tes-

37 2168 295 2221 timonium

36 2238 142 2294 dico
167 2238 231 2293 de
262 2253 346 2294 me
370 2280 386 2305 ,

36 2326 202 2364 verum
227 2320 306 2365 631

38 2383 388 2436 teStimonium

871 2039 976 2094 que
1007 2024 1220 2079 Patrem

870 2111 1046 2150 meum
1079 2113 1092 2148 :
1123 2095 1170 2150 si
1197 2095 1342 2150 enim

868 2181 957 2222 me
983 2169 1212 2221 nossetis
1227 2209 1243 2234 ,

870 2240 1054 2308 utique
1087 2249 1141 2292 et
1176 2239 1275 2293 Pa-

873 2319 1008 2364 trem
1039 2325 1220 2365 meum

869 2383 1121 2437 nossetis.

866 2453 957 2508 20.
1005 2453 1146 2508 llaec
1175 2453 1336 2508 verba
1373 2450 1446 2524 (c)
1485 2451 1634 2506 locu-

870 2533 954 2579 tus
983 2536 1065 2578 est
1088 2525 1124 2595 δι’
1152 2526 1204 2596 in
1233 2529 1382 2596 gajo-
1633 2535 1638 2540 ‘

867 2596 1062 2677 pilacio
1083 2636 1096 2658 ,
1129 2595 1227 2650 do-

864 2682 998 2722 cens
1027 2683 1077 2719 Ill
1106 2681 1241 2721 tem-

40 2468 196 2508 meum
221 2468 237 2509 :
261 2468 398 2524 quo—

39 2526 165 2580 niam
186 2525 296 2581 scio
317 2528 337 2557 ³
370 2543 471 2581 1111-

38 2596 97 2650 de
121 2598 230 2652 veni
254 2638 270 2664 ,
300 2607 357 2653 et
383 2613 497 2668 quo

40 2668 160 2722 vado
183 2688 196 2723 :
225 2685 318 2725 vos
345 2684 473 2726 nes-

40 2739 143 2794 citis
167 2739 302 2797 unde
868 2739 959 2808 pio
983 2756 996 2791 :
1023 2747 1080 2806 et
1106 2753 1266 2793 nemo

39 2814 253 2867 venerim
269 2855 286 2880 ,
317 2823 374 2868 et
869 2810 1018 2864 illum
1049 2809 1114 2864 ad
1123 2826 1248 2880 pre-

40 2898 133 2949 quo
155 2884 362 2940 vadam.
870 2880 1058 2936 bendit
1079 2923 1093 2945 ,
1126 2883 1250 2953 quia

41 2953 116 3008 15.
153 2955 258 3011 Vos
284 2957 596 3014 secundum
870 2953 1106 3008 nondum
1149 2969 1241 3009 ve-

41 3039 236 3099 carnem
253 3027 340 3099 ju-
870 3035 1025 3099 nerat
1068 3024 1201 3080 hora

869 3112 1010 3165 ejus.

867 3167 960 3223 2t.
1001 3168 1091 3224 Ait
1126 3169 1232 3223 illis
1258 3167 1455 3222 iterum

868 3239 1024 3295 Jesus
1050 3258 1062 3293 :
1096 3241 1208 3310 Ego
1232 3238 1370 3295 vado
1390 3281 1403 3302 ,

869 3322 921 3366 et
961 3312 1221 3384 quaeritis

873 3397 959 3437 me
979 3424 994 3448 ,
1022 3392 1075 3437 «ιι
1098 3385 1150 3438 iu
1186 3398 1312 3452 pec-

869 3465 992 3510 cato
1021 3467 1202 3511 γθειῐο

873 3527 1200 3581 moriemini.

870 3598 988 3666 Quo
1009 3613 1110 3668 ego
1138 3597 1277 3653 vado
1293 3641 1307 3667 ,

868 3685 965 3726 vos
996 3685 1102 3726 non
1147 3685 1241 3742 po-

39 3097 211 3172 dicatis
234 3097 378 3172 {ego

40 3168 104 3244 (α)
135 3168 397 3244 neminem
419 3173 461 3244 -ξ-
486 3173 578 3242 ju-

43 3241 117 3296 l6.
153 3242 268 3298 dico
293 3263 304 3297 :
335 3241 446 3300 sed
461 3241 520 3299 et

39 3312 78 3384 si
100 3330 188 3383 ego
204 3315 387 3382 judico
406 3359 422 3384 ,

36 3383 270 3452 judicium
307 3383 424 3444 me?

41 3471 119 3511 um
139 3457 157 3488 ³
183 3475 365 3514 verum

40 3538 111 3581 est
126 3569 141 3594 ,
171 3535 290 3599 quia
321 3532 472 3589 solus

41 3613 133 3654 non
161 3618 273 3658 sum
305 3622 318 3658 :
348 3604 448 3659 sed

41 3684 156 3741 ego,
177 3683 228 3730 et
256 3674 452 3743 Pater,

1919 543 2146 602 CAPUT
2186 544 2321 601 VIII.

1814 661 1902 715 12.
1945 661 2152 716 Rursus
2179 669 2358 718 autem

1741 735 2080 803 congregatis
2110 733 2214 788 illis

1744 803 2064 872 loquebatur
2099 803 2255 860 Jesus
2272 847 2286 873 ,

1741 877 1929 930 dicens
1954 894 1966 929 :
1996 877 2110 945 Ego

1741 963 1860 1002 sum
1892 949 1984 1003 lux
2015 947 2173 1017 hujus

1742 1019 1927 1073 mundi
1957 1037 1971 1074 :
2001 1021 2088 1091 qui
2129 1035 2217 1076 me

1742 1104 1984 1157 sequitur
2003 1133 2018 1155 .
2049 1105 2155 1146 non

1743 1161 2040 1218 ambulabit
2070 1163 2123 1217 in

1745 1234 1982 1289 tenebris
2000 1277 2014 1298 ,
2040 1234 2135 1289 sed

1743 1303 1964 1360 habebit
1994 1308 2174 1363 lumen

1744 1376 1906 1431 vitae.

1748 1448 1834 1503 15.
1878 1448 2139 1504 Dixerunt
2168 1459 2347 1505 autem

1743 1520 1792 1572 ei
1825 1519 2100 1575 Pharisaei
2135 1539 2148 1574 :

1744 1590 1823 1645 Tu
1865 1591 1933 1645 de
1969 1601 2022 1648 te
2049 1593 2197 1648 testi-

1745 1663 1984 1734 monium
2016 1680 2140 1734 per-

1746 1732 1901 1789 hibes
1927 1753 1940 1789 :
1974 1732 2126 1789 testi-

1746 1807 1985 1860 moniuni
2016 1817 2166 1862 tuum

1748 1891 1856 1931 llOIl
1883 1888 1966 1932 est
1993 1893 2179 1933 verum
2190 1919 2202 1932 .

1747 1951 1835 2002 H.
1864 1949 2158 2020 Respondit
2183 1949 2360 2020 lesus,

1745 2030 1800 2074 et
1823 2020 1957 2074 dixit
1981 2023 2061 2076 eis
2092 2038 2105 2073 :

1746 2091 1812 2145 Et
1837 2093 1880 2145 si
1906 2108 2007 2162 ego
2036 2093 2184 2148 testi-

1747 2165 1986 2217 monium
2013 2165 2194 2234 perhi-

1749 2235 1851 2288 beo
1879 2235 1947 2289 de
1975 2251 2061 2290 me
2080 2277 2094 2300 ,
2123 2245 2206 2291 te-

1747 2305 2060 2362 stimonium
2091 2324 2268 2363 meum

1747 2392 1935 2432 verum
1966 2389 2051 2433 est
2079 2397 2091 2432 :
2124 2396 2259 2450 quo-

1746 2450 1890 2503 niam
1919 2451 2032 2504 scio
2064 2453 2207 2508 unde

1746 2520 1867 2576 veni
1889 2563 1904 2588 ,
1929 2530 1984 2577 et
2010 2537 2116 2593 quo

1744 2607 1886 2646 eam.

1748 2663 1853 2719 Vos
1874 2665 2017 2719 enim
2048 2679 2141 2720 ne-

1743 2735 1896 2790 scitis
1926 2737 2069 2792 Unde

1744 2810 1984 2862 venerim
2009 2850 2024 2874 ,
2050 2819 2104 2863 et

1745 2878 1839 2936 15.
1877 2895 1984 2949 quo
2010 2895 2151 2936 eam.
2186 2879 2256 2936 Et

1741 2964 1840 3005 vos
1870 2953 2164 3007 secundum

1740 3037 1960 3079 carnem
1987 3023 2245 3093 iudicatis
2271 3040 2284 3081 :

1740 3108 1844 3165 ego
1871 3112 1976 3151 non
2002 3095 2146 3166 judi-

1740 3182 1809 3222 co
1838 3169 1918 3239 (a)
1949 3168 2122 3224 nemi-

1743 3239 1832 3295 16.
1875 3256 1998 3295 nem
2026 3242 2101 3312 ’ξπ
2133 3239 2277 3311 quod

1740 3312 1788 3395 si
1814 3328 1914 3380 ego
1933 3312 2115 3382 judico
2137 3355 2150 3378 ,
2173 3313 2314 3382 judi-

1741 3399 1882 3438 etum
1913 3401 2091 3440 meum
2122 3400 2306 3440 verum

1741 3467 1854 3518 est.
1887 3459 2144 3528 quoniam

1741 3529 1892 3584 solus
1920 3544 2025 3583 non
2054 3544 2173 3584 sum
2203 3548 2215 3582 :

1740 3599 1836 3655 sed
1860 3616 1962 3670 ego
1991 3616 2108 3656 sum
2126 3645 2140 3668 ,

1741 3683 1797 3725 et
1825 3673 1915 3742 qui
1947 3689 2033 3728 me
2060 3674 2159 3728 mi-

1359 3803 1592 3860 CODEX
1631 3805 2029 3865 BRIXIANUS.

43 3953 217 4008 lterum
246 3968 378 4022 ergo
403 3951 625 4008 locutus
660 3955 745 4004 est
771 3947 853 4002 eis
900 3946 1056 4022 Iesus
1079 3945 1314 4022 dicens.
1350 3945 1465 4022 Ego
1506 3959 1633 4022 sum

42 4026 121 4079 lux
159 4017 363 4080 mundi.
413 4024 513 4095 qui
547 4039 644 4095 me
681 4031 902 4095 secutus
954 4018 1137 4073 fuerit.
1178 4035 1287 4095 non
1338 4017 1637 4095 ambulavit

44 4096 87 4149 in
147 4090 563 4152 teiieliris.'sed
605 4092 825 4146 habebit
890 4092 1067 4144 lumen
1143 4091 1302 4146 vitae.
1370 4090 1635 4144 Dixerunt

42 4182 158 4237 ergo
198 4169 246 4223 ei
287 4165 578 4223 Pharisaei
607 4164 685 4217 Tu
717 4163 783 4217 de
812 4170 864 4217 te
897 4164 1012 4232 ipso
1051 4162 1421 4237 testimonium
1454 4161 1637 4237 perhi-

44 4233 148 4294 bes.
178 4241 556 4295 testiinonium
589 4247 735 4288 quui
789 4249 894 4288 non
949 4243 1032 4288 est
1079 4249 1288 4288 verum.
1335 4233 1637 4301 Respondit

42 4309 184 4365 lesus
209 4322 262 4366 et
298 4311 443 4365 dixit
491 4310 592 4363 eis.
625 4307 692 4361 Et
722 4307 766 4360 si
807 4321 906 4375 ego
959 4305 1324 4360 testimonium
1377 4304 1636 4374 perhich

43 4380 105 4454 de
162 4398 246 4438 me
289 4382 677 4454 ipso._verum
721 4388 800 4431 cst
861 4377 1228 4454 testiinonium
1285 4393 1461 4432 meum
1503 4377 1626 4454 quia

43 4453 146 4507 scio
170 4447 494 4508 undc'veni.
548 4461 603 4506 et
641 4465 748 4517 quo
801 4449 960 4501 vado.
1004 4447 1113 4501 Vos
1161 4459 1360 4502 autent.
1405 4449 1630 4503 nescitis

45 4524 174 4578 unde
202 4525 324 4579 veni
355 4535 453 4578 aut
504 4538 610 4589 quo
650 4520 806 4574 vallo.
840 4519 948 4574 Vos
974 4520 1272 4574 secundum
1296 4536 1514 4574 carnem
1543 4520 1630 4589 ju-

44 4595 242 4652 dicatis.
284 4612 388 4658 θιτο
434 4604 616 4649 autem
661 4608 765 4646 non
803 4591 988 4661 judico
1009 4607 1355 4662 quemquam.
1384 4601 1439 4645 et
1478 4593 1521 4644 si
1545 4592 1632 4660 ju-

45 4667 154 4720 dico
177 4683 297 4737 ego.
320 4666 588 4738 judicium
625 4679 802 4738 meum
835 4677 1021 4738 verum
1046 4672 1148 4718 est.
1183 4665 1320 4738 (ιυίςι⁸
1338 4665 1486 4718 solus
1521 4679 1626 4738 non

45 4751 170 4793 sum.
201 4734 452 4810 sed'ego
500 4747 554 4792 et
597 4737 690 4808 qui
723 4751 808 4790 me
853 4735 1000 4790 misit
1053 4745 1223 4806 pater.
1278 4734 1410 4790 Nam
1467 4744 1522 4789 et
1579 4736 1630 4788 in

2576 525 2678 590 sit,
2708 524 2888 580 Pater.

2577 598 2664 654 17.
2710 597 2766 652 In
2795 597 2940 668 lege]

2577 683 2792 740 quoque

2575 737 2834 810 scriblum
2856 748 2974 804 est,
3023 737 3087 810 ’ῖθξ
3115 743 3120 766 "

2574 813 2829 882 quoniam
2859 811 2994 865 duo-
3010 813 3030 841 "

2573 899 2693 938 rum
2726 883 2999 938 hominum
3064 890 3071 915 ε

2578 955 2948 1010 testimonium

2580 1042 2765 1081 verum
2797 1036 2900 1082 εει.

2581 1097 2667 1153 18.
2716 1098 2828 1168 Ego
2852 1113 2994 1165 sum,
3025 1112 3094 1167 qu

2581 1169 2840 1224 lestilicur
2867 1170 2935 1224 de

2579 1256 2667 1295 me
2701 1257 2714 1293 :
2745 1249 2800 1294 et
2826 1240 2917 1307 qui

2580 1327 2668 1368 me
2701 1312 2844 1366 misit
2874 1311 2977 1366 Pa-

2583 1392 2687 1450 ter,
2723 1384 2963 1438 testimo-

2580 1457 2728 1510 nium
2763 1455 3006 1524 perhibet

2579 1526 2646 1581 de
2669 1542 2775 1582 me.

2580 1599 2668 1654 19.
2700 1599 2961 1654 Dicebant
2988 1596 3092 1667 igi-

2581 1679 2668 1725 tur
2690 1671 2738 1723 ei
2777 1687 2789 1724 :
2824 1670 2924 1726 Ubi

2579 1750 2664 1797 est
2688 1741 2850 1798 Pater
2886 1750 3010 1796 tuus
3029 1741 3055 1794 ‘l

2581 1812 2880 1884 Respondit
2902 1811 3082 1884 Jesus,

2606 1883 2657 1954 δ)
2688 1883 2744 1939 ei
2769 1884 2905 1940 dixit
2930 1883 3010 1939 eis
3036 1883 3074 1955 τ
3104 1901 3118 1938 ε

2630 1972 2766 2028 eque
2793 1971 2878 2011 me
2907 1971 3004 2028 no-

2581 2027 2712 2093 stis,
2744 2043 2919 2098 neque
2950 2027 3056 2082 Pa-

2583 2109 2720 2154 trem
2758 2115 2938 2155 meum
2965 2117 2979 2152 Ξ

2583 2172 2628 2226 si
2659 2187 2746 2226 me
2776 2171 3008 2231 sciretis.

2581 2242 2882 2326 et_Patreni
2913 2257 3092 2299 meum

2583 2325 2795 2370 scnretis
2811 2356 2822 2369 .

2581 2387 2672 2442 ΞΟ.
2718 2387 2858 2442 Ila‘éc
2886 2387 3049 2442 verba

2585 2457 2658 2530 (c)
2690 2459 2900 2514 locutus
2923 2469 3007 2513 est

2584 2529 2644 2602 in
2664 2529 3068 2602 gazophylacio,

2581 2601 2784 2656 docens
2812 2605 2862 2655 in
2879 2601 3027 2656 tem-
3115 2616 3118 2618 ‘

2585 2672 2696 2741 plo,
2728 2684 2782 2727 et
2815 2688 2974 2728 nemo

2581 2744 2976 2812 ailpraeiieudit

2575 2820 2730 2878 eum,
2760 2815 2885 2885 quia

2580 2886 2817 2941 nondum
2846 2893 3068 2941 venerat

2581 2957 2713 3012 hora
2741 2958 2881 3025 ejus.

2578 3029 2670 3084 21.
2717 3029 2864 3084 Dixit
2887 3037 3064 3084 autem

2580 3101 2772 3157 iterum
2809 3099 2890 3173 (ά)
2920 3101 2987 3155 ad

2577 3189 2672 3228 eos
2697 3173 2735 3244 σι’
2767 3191 2779 3226 :
2813 3175 2923 3242 ligo
2952 3187 3050 3228 va-

2578 3244 2670 3310 do,
2703 3254 2757 3298 et
2786 3259 2955 3314 quae-

2576 3317 2699 3370 ritis
2728 3331 2844 3380 me,
2877 3326 2931 3372 et

2577 3389 2632 3441 in
2664 3397 2886 3457 peccato

2577 3467 2761 3514 vestro
2783 3459 2987 3515 morie-

2579 3533 2733 3585 mini.
2759 3533 2876 3597 Quo

2577 3617 2678 3674 ego
2709 3618 2798 3666 eo,
2832 3617 2927 3656 vos

2579 3690 2688 3729 non
2721 3674 2946 3744 potestis

3230 304 3338 365 110

1741 3948 1859 4017 lege
1908 3958 2084 4004 vestra
2142 3949 2404 4004 scriblum
2452 3961 2558 4006 est.
2611 3950 2734 4021 quia
2761 3949 2991 4004 duorum
3061 3947 3340 4021 hominum

1741 4021 2111 4076 testimoiiium
2153 4037 2342 4075 vermn
2389 4033 2494 4077 est.
2549 4018 2660 4092 Ego
2702 4039 2819 4075 sum
2859 4022 2947 4091 qui
2977 4018 3345 4092 teslitttOniutn

1741 4093 2000 4162 perliibeo
2041 4093 2106 4146 de
2163 4111 2248 4145 me
2295 4097 2432 4162 ipso.
2483 4108 2532 4148 et
2572 4088 2938 4149 testimonium
2979 4088 3345 4162 perbibet._de

1742 4159 1848 4218 me.
1881 4165 1968 4233 qui
1997 4184 2082 4217 me
2112 4166 2255 4218 misit
2283 4159 2460 4219 Pater.
2488 4166 2745 4220 Dicebant
2773 4179 2902 4235 ergo
2924 4159 2996 4218 ei;
3021 4163 3121 4218 Ubi
3143 4171 3227 4216 est
3254 4159 3348 4214 Pa-

1744 4243 1824 4289 ter
1867 4245 2010 4290 tuus.
2058 4236 2362 4306 Respondit
2403 4236 2579 4292 Jesus.
2616 4236 2802 4305 Neque
2840 4253 2926 4289 tne
2966 4235 3146 4306 scitis.
3171 4246 3344 4300 neque

1744 4308 1956 4362 Patrem
2007 4305 2206 4362 meum.
2252 4311 2296 4363 si
2352 4325 2436 4362 uie
2482 4311 2693 4363 sciretis
2734 4307 2977 4362 foisitaui
3023 4315 3080 4360 et
3127 4305 3340 4359 Patrem

1740 4395 1941 4452 nicum.
1969 4379 2204 4434 sciretis.
2233 4381 2375 4436 llaec
2397 4383 2558 4433 verba
2591 4379 2662 4452 (c)
2693 4382 2899 4434 locutus
2921 4377 3065 4452 estfj
3089 4382 3140 4430 in
3164 4391 3350 4452 gazo-

1741 4451 1935 4505 lilacia.
1995 4453 2198 4506 docens
2255 4455 2305 4506 in
2360 4453 2579 4522 templo.
2634 4447 2689 4506 et
2742 4447 3349 4522 nemofailpraeheudit

1739 4539 1884 4577 eum.
1913 4523 2035 4590 quia
2072 4523 2299 4577 necdum
2323 4518 2551 4578 .veuerai
2592 4525 2719 4578 hora
2753 4523 2888 4593 ejus.
2926 4521 3074 4574 Dixit
3101 4518 3349 4593 ergoite-

1741 4610 1858 4648 rum
1903 4597 1982 4648 eis
2027 4594 2208 4649 .lesus.
2256 4594 2373 4664 Ego
2405 4596 2543 4649 vado
2565 4606 2617 4648 et
2639 4591 2897 4664 quael-itis
2927 4608 3035 4645 me.
3065 4591 3192 4642 etin
3224 4602 3349 4656 pec-

1741 4676 1863 4721 cato
1891 4675 2072 4722 vestro
2099 4666 2430 4720 moriemini.
2462 4668 2578 4735 Quo
2603 4682 2704 4737 ego
2734 4666 2890 4721 vado.
2925 4677 3018 4716 vos
3055 4675 3160 4715 non
3201 4665 3344 4728 pote-

1328 4852 1559 4912 CODEX
1597 4850 2070 4908 CORBEIENSIS.

49 4975 125 5031 l2.
158 4975 354 5034 lterum
379 4977 596 5032 locutus
619 4983 702 5031 est
731 4973 844 5042 eis,
874 4983 982 5031 etc.

1815 4971 1908 5027 20.
1941 4971 2066 5044 quia
2100 4969 2340 5026 nondum
2370 4974 2488 5024 erat
2512 4967 2645 5022 bora
2676 4964 2814 5036 ejus.

1257 5085 1660 5143 VARIANTES
1699 5086 2102 5143 LECTIONES.

107 5213 122 5243 ¹
160 5214 276 5262 Mm.
300 5210 475 5259 lumen
499 5207 629 5258 vitae
655 5206 702 5255 in
726 5217 801 5255 se.
836 5202 982 5269 Vulg.
1007 5202 1176 5269 lumen
1200 5203 1349 5269 vitae.

106 5276 125 5306 ³
159 5261 262 5327 Gal.
286 5280 333 5325 et
358 5274 479 5323 Mm.
499 5269 630 5320 unde
655 5269 768 5318 veni
788 5307 802 5328 ,
827 5275 911 5317 aut
931 5261 1048 5331 Quo.
1078 5261 1224 5330 Vulg.
1250 5265 1381 5316 unde
1406 5267 1555 5328 veni,
1583 5271 1638 5315 et

1739 5215 1853 5297 que.
1864 5263 1973 5314 Gut.
1998 5268 2043 5314 et
2064 5265 2183 5314 Mm.
2204 5262 2389 5325 justum
2417 5267 2511 5313 est.
2545 5259 2690 5326 Vulg.
2718 5271 2887 5311 verum
2915 5264 3009 5308 est.

1379 5371 1745 5429 BLANCHINI
1784 5370 2015 5428 NOTAE.

53 5502 346 5557 adulterinis
396 5498 662 5573 Coujugiis
691 5495 758 5551 ad
795 5494 1154 5559 Pollentium,
1194 5506 1316 5573 cap.
1351 5493 1384 5546 7
1407 5534 1420 5557 ,
1465 5492 1662 5573 factum
1692 5507 1812 5573 esse
1864 5492 1975 5573 ait“,
2006 5501 2062 5573 ut
2103 5487 2597 5573 noiiuulli__uiodicw
2621 5487 2750 5573 ﬁdei
2772 5529 2786 5552 ,
2807 5485 2898 5573 ¹υς(
2934 5486 3119 5573 potius.

57 5589 179 5643 certe
225 5573 347 5643 fidei
371 5614 386 5634 ,
427 5572 577 5626 credo
603 5612 616 5629 .
639 5642 644 5643 γ
669 5577 944 5643 metuentes

59 5630 299 5698 Domitius
351 5630 508 5714 fecit.
551 5642 816 5714 auferrent
854 5639 926 5714 _de
970 5630 1243 5714 codicibus
1274 5635 1590 5714 πῆξις]ηωὶ
1642 5636 2026 5714 permissionem
2053 5631 2295 5714 peccandi
2324 5630 2599 5714 tribueril‘!

995 5555 1243 5635 peccandi
1263 5555 1637 5630 impunitatem
1677 5563 1794 5617 duri
1837 5555 2134 5618 mulieribus
2163 5563 2306 5635 suis”,
2333 5559 2466 5635 illud
2495 5565 2630 5635 quod
2658 5555 3001 5635 dead‘ultei'w
3027 5555 3346 5635 indulgentia

2653 5633 2736 5700 qui
2792 5631 2962 5684 dixit:
2995 5647 3012 5679 ι
3051 5627 3346 5700 lontdeiu-

58 5731 164 5783 cep:
193 5715 297 5783 noli
345 5698 570 5782 baccare.
603 5698 724 5763 1’-
746 5708 824 5783 (at)
854 5709 927 5764 Ita
952 5719 1014 5783 et
1059 5717 1167 5763 tex.
1203 5698 1527 5783 anteacta.
1557 5698 1750 5783 graeca
1780 5698 2230 5783 syn_taxis._'-_(b)
2258 5698 2673 5783 Additmetndicit
2699 5705 2790 5783 eis,
2823 5702 2984 5783 etiznn
3012 5698 3136 5783 cod.
3160 5698 3340 5780 Canta

63 5769 141 5840 ιοξὶ
165 5782 299 5842 εἶπεν
340 5769 538 5854 tam,
568 5809 640 5825 --
670 5769 763 5854 (cf
786 5769 915 5838 Post
942 5781 1143 5837 (octaua
1169 5788 1264 5845 est,
1292 5779 1443 5836 deest
1472 5769 1651 5845 leuia,
1679 5769 1842 5836 etiam
1871 5779 1926 5834 in
1955 5777 2078 5834 cod.
2121 5769 2280 5832 Cant.
2305 5802 2377 5814 —-
2401 5771 2482 5844 (tl)
2506 5771 2634 5830 Post
2669 5774 2736 5828 ad
2765 5789 2874 5840 eos,
2905 5769 3060 5827 deest
3076 5769 3259 5837 leum
3287 5770 3341 5823 in

64 5855 178 5913 cod.
203 5867 414 5928 quoque
440 5855 592 5912 Cant.
