3874 6326
457 256 560 315 Ml
972 256 1246 319 EUSEBII
1283 259 1623 318 VERCELL.
1668 260 2119 318 EVANGELIUM
2165 260 2312 319 CUM
2354 259 2586 317 VARIIS
2621 259 2776 317 COD.
2820 259 3214 319 COLLATUM.
3607 267 3690 323 ll‘l

857 375 1088 432 CODEX
1128 376 1676 434 VERCELLENSIS.

460 469 616 524 testis
654 470 861 527 venire.

456 540 551 594 22.
598 541 832 598 Diceban
877 581 892 596 .
939 582 951 596 .
998 581 1011 596 .
1055 571 1083 584 -

457 626 528 683 go
566 612 756 668 Judaei
783 631 796 666 :
825 613 988 670 Num-

459 682 584 752 quid
609 685 823 740 oecide-

459 769 522 828 re
551 772 610 811 se
640 756 840 811 liabet?
869 773 1008 828 quo-

458 827 600 880 niam
633 828 800 882 dicit:
838 828 914 887 U-

459 899 509 952 bi
541 914 642 970 cgo
663 900 833 966 vado,
872 915 967 958 vos

459 986 565 1053 non
595 974 817 1041 potestis
843 989 938 1029 ve.

462 1056 600 1096 nire.
976 1086 978 1089 -

455 1113 545 1167 25.
593 1113 660 1168 Ει
686 1114 899 1170 dicebat
929 1115 1040 1171 illis

455 1184 614 1240 Jesus
639 1203 653 1240 έ
687 1187 792 1241 Vos
819 1187 888 1242 de
916 1187 1056 1244 infe‘

456 1257 692 1312 rioribus
720 1262 851 1314 estis
865 1299 882 1323 ,

459 1343 562 1398 ego
591 1331 661 1384 de
688 1331 934 1399 superio-

457 1403 610 1454 ribus
639 1416 778 1455 sum.
813 1402 923 1459 Vos

457 1471 527 1526 de
556 1474 656 1528 hoc
680 1489 834 1528 mun—

459 1542 529 1598 do
554 1546 685 1616 estis
703 1586 720 1616 ,
743 1561 843 1616 ego
872 1561 978 1602 non

458 1630 576 1670 sum
607 1615 674 1670 de
707 1615 808 1670 hoc
839 1618 1062 1674 mundo.

457 1685 549 1770 21L
593 1687 708 1741 Dixi
745 1691 897 1770 vobis
923 1709 1060 1764 quo-

459 1774 606 1813 mam
639 1776 828 1816 lllOl‘le-

459 1831 590 1885 miui
617 1835 669 1884 in
698 1847 887 1900 pecca-

459 1901 530 1956 tis
555 1904 748 1958 vestris
773 1923 786 1960 :
817 1907 865 1962 si

457 1975 602 2028 enim
635 1990 739 2029 non

457 2045 797 2102 credideritis

457 2116 708 2186 quoniam
738 2134 840 2189 ego

456 2202 576 2242 sum
613 2230 626 2253 ,
651 2193 853 2247 morie-

459 2261 593 2314 mini
628 2261 680 2314 in
715 2277 906 2331 pecca-

457 2333 527 2387 tis
552 2334 772 2389 vestris.

456 2403 549 2459 25.
594 2403 859 2461 Dicebant
887 2422 1020 2462 ergo

457 2473 539 2529 illi
593 2493 606 2530 :
640 2475 718 2530 Tu
751 2479 844 2545 qui
875 2495 935 2534 es

457 2547 548 2601 Ait
576 2547 656 2602 illi
684 2549 846 2604 Jesus
879 2568 893 2605 :
929 2552 946 2582 ¹
980 2550 1090 2606 lni-

462 2619 618 2683 tium,
645 2621 788 2690 quod
820 2621 902 2677 lo-

457 2705 598 2756 quor
623 2693 803 2749 vobis.

457 2762 550 2818 26.
593 2762 751 2817 Multa
779 2765 956 2824 habeo

457 2833 526 2890 de
549 2835 704 2908 vtibis
737 2837 907 2908 loqui,

460 2917 515 2961 et
541 2906 789 2976 judicare
815 2925 829 2961 :

459 2977 554 3033 sed
585 2978 673 3048 qui
706 2994 792 3034 me
829 2981 934 3036 mi-

462 3049 556 3112 sit,
585 3064 748 3104 verax
773 3059 893 3118 est;

460 3130 516 3172 et
545 3135 645 3190 ego
675 3136 817 3188 quae
845 3139 946 3178 au-

459 3190 566 3244 divi
597 3192 665 3245 ab
693 3192 809 3256 illo,
843 3195 978 3251 haec

461 3261 655 3331 loquor
687 3265 739 3318 in
777 3264 880 3319 hoc

459 3332 551 3389 27.
593 3334 818 3389 mundo.
853 3336 921 3392 Et
949 3353 1055 3394 non
1156 3404 1161 3409 η

460 3419 838 3475 cognoverunt

461 3478 608 3546 quod
635 3481 655 3509 ³
684 3479 899 3536 Patrem

463 3549 573 3604 illis
603 3548 812 3606 diceret
869 3584 872 3588 -

458 3620 552 3676 28.
599 3622 789 3677 Deum.
826 3624 916 3680 Ait
944 3641 1036 3682 er-

461 3708 530 3763 go
555 3693 712 3748 Jesus
738 3712 751 3748 :
779 3693 916 3752 Cum
946 3697 1101 3754 exal-

465 3766 706 3822 taveritis
728 3767 819 3822 Fi-

1291 472 1427 526 lium
1456 472 1714 542 hominis,

1297 553 1424 599 tunc
1451 543 1636 599 scietis

1296 615 1441 685 quod
1469 631 1571 686 ego
1594 631 1739 682 sum,

1299 696 1355 741 et
1379 703 1409 741 a
1440 705 1526 742 me
1558 687 1698 741 facio

1300 759 1456 824 nihil,
1482 760 1577 814 sed
1606 761 1746 814 sicut

1299 831 1485 885 docuit
1517 847 1604 885 me
1634 831 1741 885 Pa-

1300 913 1402 968 ter,
1437 904 1516 958 sic
1544 904 1736 972 loquor
1768 922 1783 956 :

1297 973 1389 1028 29.
1432 976 1686 1042 quoniam
1716 977 1762 1030 is
1782 1016 1798 1043 ,

1297 1047 1387 1115 qui
1419 1062 1502 1100 me
1527 1049 1705 1112 misit,

1303 1133 1515 1172 mecum
1537 1128 1642 1184 est,
1673 1133 1782 1173 non

1297 1190 1512 1257 reliquit
1535 1191 1713 1244 solum
1747 1208 1761 1244 :

1297 1277 1551 1329 quoniam
1587 1279 1712 1332 ego,

1296 1348 1434 1402 quae
1461 1341 1673 1402 placent

1298 1405 1398 1468 illi,
1435 1405 1571 1460 facio
1600 1422 1745 1461 sem-

1297 1491 1412 1544 per.

1296 1547 1384 1601 50.
1430 1547 1574 1603 Haec
1603 1549 1694 1604 illo
1724 1550 1948 1620 loquen-

1296 1628 1372 1681 te,
1405 1620 1558 1673 multi
1588 1635 1708 1676 cre-

1294 1690 1552 1746 diderunt
1584 1693 1634 1744 in

1293 1763 1382 1817 5|.
1426 1777 1573 1817 cum.
1600 1763 1821 1820 Dicebat

1293 1849 1423 1904 ergo
1453 1836 1518 1887 ad
1547 1834 1785 1891 Judaeos

1295 1904 1476 1972 Jesus,
1507 1908 1598 1977 qui
1629 1909 1810 1963 credi-

1295 1978 1489 2032 derunt
1524 1997 1536 2030 :
1568 1978 1628 2033 Si
1651 1994 1748 2034 vos

1296 2053 1611 2106 manseritis

1295 2121 1348 2175 in
1383 2122 1552 2176 verbo
1582 2136 1705 2178 meo
1720 2164 1736 2189 ,

1297 2208 1426 2247 vere
1455 2192 1689 2263 discipu-

1296 2265 1332 2319 li
1365 2264 1470 2319 mei
1512 2265 1668 2320 eritis
1703 2283 1718 2321 :

1298 2335 1390 2390 52.
1431 2344 1487 2390 et
1509 2337 1692 2394 scietis
1719 2351 1814 2393 ve-

1298 2409 1536 2474 ritatem,
1567 2419 1624 2463 et

1298 2481 1500 2533 veritas
1535 2495 1633 2534 vos

1299 2551 1392 2607 53.
1434 2552 1704 2607 liberavit.
1738 2553 1876 2609 lies-

1299 2623 1606 2694 pondermit

1300 2695 1409 2760 illi,
1443 2695 1586 2765 quod
1619 2695 1808 2752 Judaei

1299 2781 1485 2822 semen
1519 2768 1692 2822 Abra-

1303 2837 1407 2893 hae
1433 2854 1641 2906 sumus,
1677 2847 1732 2895 et

1302 2925 1598 2978 numquam

1300 2983 1551 3052 cuiquam
1585 2996 1700 3037 ser-

1303 3053 1538 3107 vivimus
1569 3069 1744 3124 :quo-

1301 3126 1464 3179 modo
1496 3134 1550 3179 tu
1582 3126 1734 3181 dices
1767 3142 1783 3180 :

1299 3196 1437 3262 Quia
1469 3196 1625 3252 liberi

1299 3268 1490 3322 eritis?

1301 3339 1391 3393 5i.
1434 3337 1742 3408 Respondit
1769 3338 1879 3394 illis

1301 3411 1461 3466 Jesus
1487 3429 1501 3465 :
1533 3410 1734 3478 Anien,
1762 3427 1925 3468 amen

1303 3483 1430 3538 dico
1463 3483 1643 3547 vobis,

1303 3555 1448 3624 quod
1479 3555 1678 3618 omnis,

1305 3627 1394 3696 qui
1443 3626 1571 3681 facit
1615 3641 1740 3696 pee-

1304 3709 1508 3763 cntum,
1559 3713 1751 3754 servus

1304 3771 1395 3826 55.
1436 3770 1643 3842 peccati
1683 3781 1784 3826 est.
1833 3769 1962 3828 Ser-

2593 372 2827 431 CODEX
2870 373 3318 432 VERONENSIS.

2163 471 2367 524 venire.

2161 541 2252 595 22.
2295 540 2554 597 Dicebant
2586 540 2748 612 igitur

2162 614 2352 669 Judaei
2379 632 2391 667 :
2419 613 2589 667 Num-

2161 686 2288 756 quid
2324 686 2618 740 iuterliciet

2162 758 2257 813 se?
2287 758 2542 828 quoniam

2163 830 2332 884 dicit:
2360 829 2469 885 Ubi’
2486 844 2590 899 ego

2163 902 2322 963 vado,
2356 916 2453 955 vos
2481 917 2576 955 ve-

2162 975 2282 1028 nire
2314 990 2418 1028 non
2453 972 2698 1041 potestis.

2161 1045 2254 1099 25.
2298 1045 2498 1103 lterum
2529 1044 2744 1099 dicebat

2163 1118 2243 1170 eis
2273 1135 2285 1169 :
2316 1117 2425 1171 Vos
2450 1132 2514 1169 ex
2560 1118 2644 1169 in-

2163 1186 2452 1244 ferioribus
2482 1189 2640 1252 estis,

2163 1275 2264 1327 ego
2285 1261 2352 1314 de
2389 1261 2644 1330 supernis

2162 1345 2302 1386 sum.
2335 1333 2437 1387 Vos
2468 1334 2535 1388 de

2163 1403 2266 1457 hoc
2287 1405 2490 1459 mundo

2164 1475 2316 1544 estis,
2355 1493 2454 1546 ego
2479 1493 2584 1534 non

2163 1561 2282 1600 sum
2315 1550 2380 1603 de
2408 1549 2509 1604 hoc

2163 1621 2385 1675 mundo.

2165 1691 2256 1746 24.
2303 1693 2413 1746 Dixi
2445 1693 2625 1762 itaque

2167 1763 2319 1816 vobis
2350 1766 2474 1833 quia

2168 1835 2479 1890 moriemini

2170 1908 2221 1960 in
2256 1919 2478 1975 peccato

2170 1989 2350 2032 vestro
2384 1997 2395 2031 :
2429 1980 2472 2033 si
2504 1979 2650 2032 enim

2170 2065 2277 2104 non
2306 2050 2645 2105 credideritis

2163 2124 2420 2190 quoniam
2445 2137 2546 2192 ego

2167 2208 2305 2257 sum,
2335 2193 2640 2248 moriemini

2169 2266 2221 2320 in
2255 2273 2478 2334 peccato
2505 2278 2704 2320 vestro.

2168 2337 2260 2391 25.
2308 2337 2562 2392 Dicebant
2587 2347 2769 2392 autem

2169 2409 2219 2463 ei
2245 2425 2260 2462 :
2294 2408 2373 2463 Tu
2404 2408 2523 2476 quis
2553 2412 2656 2464 es?

2174 2480 2316 2534 Dixit
2348 2491 2528 2535 autem

2171 2553 2254 2606 eis
2281 2551 2438 2606 Jcsus
2463 2570 2475 2605 :
2514 2553 2598 2607 ln-

2171 2623 2383 2692 primis,
2409 2624 2531 2693 quia
2565 2625 2646 2679 lo-

2172 2711 2308 2762 quor
2338 2697 2492 2749 vobis
2517 2713 2532 2760 ;
2565 2711 2688 2751 cum

2169 2766 2262 2822 26.
2307 2768 2469 2820 multa
2515 2768 2740 2824 habeam

2171 2838 2239 2893 de
2270 2839 2422 2892 vobis
2453 2838 2658 2906 dicere,
2689 2851 2744 2898 et

2167 2910 2410 2978 judicare
2440 2931 2451 2963 :
2495 2911 2591 2966 sed

2169 2984 2258 3052 qui
2289 2998 2373 3036 me
2405 2983 2570 3048 misit,

2170 3069 2336 3107 verax
2363 3061 2448 3107 est
2473 3070 2487 3120 ;
2531 3064 2584 3108 et

2171 3140 2272 3194 ego
2303 3139 2442 3194 quae
2467 3127 2651 3181 audivi

2170 3198 2240 3250 ab
2270 3212 2358 3259 eo,
2389 3196 2525 3252 haec
2553 3199 2632 3254 lo-

2170 3285 2307 3338 quor
2338 3270 2389 3322 iit
2421 3269 2523 3325 hoc

2169 3340 2260 3394 27.
2305 3342 2523 3395 mundo.
2566 3343 2629 3397 Et
2661 3356 2764 3396 non

2170 3413 2554 3467 intellexerunt

2169 3485 2423 3553 quoniam
2465 3485 2534 3540 de

2170 3555 2246 3625 (a)
2284 3555 2396 3610 Deo
2420 3556 2458 3627 ἦ·
2485 3557 2646 3613 Patre

2169 3627 2377 3682 diceret
2406 3629 2505 3682 eis.

2167 3699 2259 3754 28.
2307 3698 2448 3752 Ilixit
2481 3711 2660 3758 autem

2170 3770 2275 3825 illis
2297 3769 2492 3828 Jesus:
2522 3773 2658 3829 Cum

1788 3888 2022 3946 CODEX
2062 3890 2343 3948 BRIXIAN
2355 3890 2456 3948 US.

2999 469 3362 525 exaltaberitis

3000 540 3196 596 Filium
3227 540 3467 608 hominis,

3001 623 3127 668 tunc
3150 614 3329 668 scietis

3000 685 3251 755 quoniam
3282 699 3379 756 ego

3001 771 3141 819 sum,
3171 769 3224 810 et
3255 757 3380 812 niltil

2999 843 3029 882 a
3059 844 3143 882 me
3171 829 3326 893 facio,

2999 902 3092 955 sed
3117 901 3253 954 sicut
3280 900 3456 956 docuit

3002 986 3089 1026 me
3114 970 3293 1038 Pater,

3004 1045 3136 1098 haec
3169 1044 3355 1111 IOqunr
3378 1063 3390 1096 :

3003 1114 3094 1169 29.
3134 1123 3190 1169 et
3215 1117 3303 1185 qui
3333 1132 3415 1170 me

3005 1185 3170 1248 misit,
3204 1203 3415 1242 mecum

3005 1271 3110 1322 est,
3139 1268 3192 1311 et
3222 1275 3328 1314 non
3357 1273 3439 1315 re-

3004 1329 3172 1400 liquid
3205 1346 3293 1386 me

3003 1403 3178 1456 solum
3205 1419 3218 1456 :
3260 1403 3382 1473 quia

2998 1487 3120 1542 ego,
3157 1489 3295 1544 quae
3321 1483 3442 1530 sunt

3000 1547 3047 1598 ei
3079 1542 3292 1615 placita,
3321 1559 3522 1615 semper
3545 1542 3670 1598 facio.

3002 1616 3089 1671 '50.
3135 1617 3277 1673 llaec
3299 1633 3363 1673 eo
3389 1619 3464 1672 lo-

3002 1697 3222 1756 quente,
3260 1690 3408 1744 tuulti

3002 1760 3353 1815 crediderunt
3381 1764 3432 1816 in
3456 1771 3584 1816 eum.

3003 1831 3095 1885 51.
3135 1832 3363 1888 Dicebat
3401 1841 3564 1889 autem

3003 1901 3162 1958 Jesus
3201 1904 3270 1958 ad
3311 1919 3427 1969 eos,

3002 1975 3092 2043 qui
3128 1975 3470 2031 crediderant

3003 2047 3051 2099 ci
3086 2061 3152 2102 ex
3179 2047 3402 2102 Judaeis
3429 2067 3440 2102 :

3000 2116 3054 2172 Si
3085 2134 3180 2172 vos
3211 2135 3461 2189 perman-

3003 2190 3183 2244 seritis
3229 2193 3283 2245 in
3328 2193 3491 2248 verbo

3002 2277 3144 2325 meo,
3176 2278 3308 2318 vere
3338 2262 3418 2317 di-

3004 2334 3195 2402 scipuli
3246 2335 3350 2388 mei

3003 2405 3091 2486 52.
3248 2405 3379 2488 estis
3406 2407 3447 2477 1'
3474 2422 3486 2458 :
3518 2409 3567 2456 et

3003 2488 3186 2532 setetis
3230 2489 3530 2542 veritatem,

3002 2558 3056 2622 et
3084 2550 3289 2604 veritas
3331 2551 3438 2622 ipsa

3006 2620 3313 2675 liberavibit
3343 2620 3460 2676 vos.

2944 2754 2950 2764 .
3002 2691 3091 2764 (’5-
3138 2691 3544 2763 Responderunt
3573 2683 3637 2741 illi

3002 2763 3195 2818 Judaei
3243 2767 3482 2820 dicentes
3507 2783 3519 2817 :

3003 2835 3201 2910 _Seme_n
3235 2835 3308 2910 (ι’)
3340 2836 3502 2892 Abra-

3007 2908 3127 2960 ham
3151 2907 3192 2978 ἰ-
3219 2907 3429 2969 sumus.
3455 2915 3505 2961 et

3005 2979 3210 3032 nemini
3244 2993 3494 3049 umquam

3004 3051 3334 3106 servivimus
3360 3068 3374 3105 :
3403 3063 3528 3120 quo-

3003 3122 3166 3176 modo
3211 3132 3268 3176 tu
3311 3123 3484 3176 dicis:

3004 3193 3185 3248 Liberi
3215 3195 3370 3248 eritis
3389 3193 3415 3247 Ἰ

3002 3265 3093 3320 54.
3140 3265 3447 3336 Respondit

2999 3337 3159 3392 Jesus
3187 3356 3200 3392 :
3240 3343 3430 3403 Amen,

3002 3424 3160 3464 amen
3191 3407 3320 3463 dico

3004 3481 3160 3534 vobis
3184 3498 3196 3532 :
3230 3481 3358 3550 quia

3003 3567 3220 3618 omnes,
3251 3553 3345 3621 qui

3003 3626 3132 3680 facit
3162 3633 3468 3692 peccatum,

3001 3691 3192 3769 servus
3223 3694 3307 3769 (ά)
3338 3700 3423 3749 est
3440 3691 3494 3762 ῒ.

3001 3770 3093 3825 '55.
3133 3768 3340 3825 Servus
3376 3774 3547 3820 autem

464 3979 562 4054 stis
588 3981 774 4054 venire
809 3982 1065 4038 Dicebant
1121 3997 1254 4052 ergo
1300 3983 1508 4038 Judaei.
1570 3981 1837 4054 Numquid
1895 3985 2064 4039 inter-

465 4051 608 4104 ﬁriet‘
664 4068 724 4106 se
786 4055 1074 4123 metipsum
1125 4051 1246 4125 quia
1304 4056 1464 4110 dixit.
1509 4054 1627 4122 Quo
1659 4051 1760 4125 ego
1785 4054 1942 4111 vado.
1975 4071 2074 4110 vos

468 4137 575 4175 non
637 4127 862 4190 potestis
914 4129 1121 4182 venire.
1176 4129 1238 4180 Et
1291 4127 1428 4180 dixit
1473 4128 1553 4180 eis
1598 4125 1776 4178 Jesus.
1845 4126 1952 4179 Vos
2004 4130 2073 4181 de

466 4191 720 4267 deorsum
755 4197 914 4267 estis.
958 4213 1060 4267 ego
1094 4210 1276 4251 autem
1309 4199 1379 4252 de
1422 4197 1673 4265 superuis
1705 4212 1846 4250 sum.
1883 4213 1981 4251 vos
2005 4201 2073 4254 tle

471 4263 575 4318 hoc
606 4264 806 4335 mundo
829 4263 1133 4335 estisfego
1171 4279 1350 4322 autem
1394 4263 1502 4322 non
1533 4284 1648 4320 sum
1676 4268 1743 4321 de
1786 4267 1887 4320 hoc
1920 4285 2075 4324 umn-

469 4336 561 4387 do.
619 4334 732 4388 llixi
772 4355 915 4408 ergo
956 4334 1129 4392 vobis.
1180 4339 1303 4408 quia
1363 4340 1666 4392 moriemini
1727 4341 1781 4393 in
1839 4345 2076 4404 peceatis

470 4407 690 4460 vestris.
737 4407 782 4461 si
833 4411 976 4462 enim
1029 4426 1136 4463 non
1183 4409 1545 4465 credideritis.
1611 4411 1734 4474 quia
1790 4426 1890 4480 ego
1927 4428 2065 4466 sum.

471 4480 792 4555 moriemini
866 4481 945 4534 iu-
987 4483 1241 4555 pereatis
1329 4481 1887 4555 vestris._Diceliaut
1939 4500 2075 4555 ergo

472 4548 542 4602 ei.
572 4549 676 4623 _'l‘u
704 4551 828 4620 quis
854 4567 934 4606 es.
984 4554 1046 4606 Et
1076 4553 1206 4607 dixit
1240 4555 1319 4608 eis
1346 4551 1525 4607 Jesus.
1565 4553 1896 4621 Principium
1925 4548 2067 4623 quod

472 4621 764 4696 etAloq-ior
805 4623 983 4679 vobis.
1052 4625 1217 4678 Multa
1269 4625 1446 4679 habeo
1485 4623 1551 4680 de
1601 4625 1754 4679 vobis
1799 4621 1964 4696 loqui.
2014 4639 2067 4682 et

467 4691 736 4767 judicare.
768 4696 861 4748 sed
897 4698 982 4764 qui
1016 4712 1100 4750 me
1133 4696 1296 4750 misit.
1330 4710 1491 4750 verax
1540 4707 1642 4751 est.
1693 4707 1747 4750 et
1792 4691 1891 4767 ego
1929 4716 2067 4767 quae

473 4762 659 4836 audivi
686 4766 754 4818 ab
781 4780 847 4820 co
877 4762 932 4820 et
972 4767 1164 4836 loquor
1195 4769 1246 4820 ili
1284 4767 1386 4822 hoc
1415 4768 1637 4822 mundo.
1672 4768 1740 4822 Et
1771 4762 1873 4824 non
1905 4762 2066 4824 intel-

473 4832 742 4890 lexerunt.
781 4837 904 4907 quia
935 4837 1003 4893 de
1031 4832 1190 4893 Patre
1222 4839 1300 4894 eis
1343 4838 1575 4895 dicebat.
1623 4841 1766 4894 Dixit
1807 4856 1937 4911 ergo
1984 4843 2064 4898 eis

2174 3985 2352 4040 Jesus.
2395 3987 2527 4041 Cum
2581 3985 2948 4041 exaltaveritis
2975 3983 3169 4039 Filium
3213 3979 3468 4055 hominis.
3494 3983 3619 4055 illi"!
3647 3979 3714 4055 φῖ

2175 4035 2898 4128 ᾗ,ιὀἒέειῖἐἧὶιίεῖἶιξξιῗέιῖἱη.
2931 4066 2985 4110 et
3014 4073 3039 4106 τι
3069 4070 3155 4108 me
3183 4055 3304 4128 ηιξο
3334 4049 3464 4104 ηί¹¹ί¹
3491 4044 3624 4128 ίβθῖοε
3645 4035 3712 4128 Si"!

2178 4121 2320 4184 Sir-ut
2347 4121 2528 4184 docuit
2561 4146 2644 4184 me
2663 4121 2836 4184 "Pater
2862 4142 3034 4182 tuens.
3071 4121 3213 4178 haec,
3234 4125 3443 4191 loquor.
3475 4127 3526 4171 et
3552 4121 3626 4182 (μη
3650 4121 3714 4190 "ie

2181 4203 2325 4255 misit
2360 4219 2569 4256 mecum
2599 4212 2702 4255 est.
2735 4217 2842 4254 non
2873 4215 2958 4254 me
2989 4197 3204 4264 reliquit
3237 4198 3412 4248 solum
3444 4192 3600 4264 Pajef-
3623 4194 3712 4264 φξξὲ

2179 4251 2466 4342 ὲέὸᾇιιῖεῷέ
2486 4251 2701 4343 inita;
2731 4251 2978 4326 auita.
3024 4251 3161 4322 facio
3192 4280 3429 4344 δειπνεῖ·
3476 4251 3717 4344 ,Ηίξθ⁰η,ίῘἮ

2182 4333 2454 4413 loquente.
2491 4333 2641 4399 inulti
2675 4345 3023 4398 crediderunt
3055 4344 3108 4394 in
3141 4353 3289 4414 eum.
3350 4333 3716 4414 Dicebatlattlclli

2180 4402 2357 4471 Jesus.
2390 4418 2455 4471 ad
2484 4433 2580 4472 eos
2606 4417 2696 4486 qui
2729 4433 2796 4470 cx
2825 4414 3064 4470 Jurlaeis.
3095 4405 3534 4486 crediderunrei.
3644 4405 3714 4486 vlt:

2180 4463 2513 4543 {tinguit};
2547 4490 2597 4541 in
2626 4463 2812 4542 lreibo
2867 4502 3012 4540 meo.
3061 4497 3186 4536 vvre
3242 4475 3488 4555 discipuli
3520 4463 3716 4555 ’φοί-μζ)

2178 4539 2312 4613 estis
2507 4539 2850 4627 cognosc-etis
2870 4539 3180 4630 veritatem.
3216 4563 3273 4605 et
3302 4551 3493 4604 veritas

2179 4645 2271 4683 vos
2285 4621 2717 4700 .R'esponde'runt
2732 4633 2778 4683 ei
2803 4631 3000 4687 Semen
3018 4626 3273 4702 Abt-altae
3285 4634 3486 4702 sumtis:
3496 4625 3548 4702 ξι
3560 4621 3712 4702 ιξίξηξξψ

2177 4690 2499 4756 serviviuius
2523 4719 2800 4769 umquam.
2816 4701 3088 4770 quomodo
3102 4712 3155 4751 tu
3171 4695 3453 4776 dicisQuia
3477 4690 3714 4776 lilii-eri}:

2179 4775 2266 4828 lis.
2305 4775 2600 4844 Respondit
2629 4760 2876 4827 eisJesu's
2904 4773 3076 4827 Amen
3099 4784 3256 4822 amcu
3286 4760 3408 4820 dico
3438 4760 3592 4844 νοδίῗκ

2174 4848 2350 4901 omnis
2391 4831 2484 4915 qui
2526 4847 2652 4900 facit
2681 4856 2980 4917 peccatum.
3032 4855 3224 4897 servus
3265 4847 3349 4893 est
3397 4831 3715 4904 peccauerat.

1761 4956 1994 5014 CODEX
2030 4957 2497 5020 CORBEIENSIS.
2521 4966 2536 4980 ³

543 5046 634 5118 27).
664 5060 766 5118 ego
794 5047 862 5102 de
893 5048 1260 5118 superioribus
1281 5065 1422 5107 sum.

543 5116 634 5189 26.
677 5117 812 5173 haec
831 5116 1056 5189 eloquor
1083 5121 1135 5175 in
1171 5120 1313 5177 hunc
1341 5121 1618 5177 mundum.

544 5187 638 5244 28.
679 5187 1027 5246 εἰοιιιάοόυίι
1049 5208 1134 5248 tne
1162 5193 1344 5258 Pater,
1377 5194 1512 5250 haec
1533 5196 1776 5266 eloquor.

2242 5060 2330 5114 51.
2374 5059 2434 5115 Si
2455 5073 2550 5113 vos
2579 5055 2887 5114 manseritis
2916 5054 2971 5110 in
3000 5054 3170 5110 verbo
3195 5063 3343 5118 meo,
3372 5059 3493 5104 vere
3511 5031 3711 5109 discipuli

2170 5131 2275 5186 mei
2304 5133 2456 5187 estis.

1684 5315 2076 5373 VARIANTES
2127 5313 2533 5373 LECTIONES.

538 5431 556 5462 ί
594 5429 701 5481 Cat.
724 5435 772 5498 et
813 5432 933 5498 41m.
969 5431 1300 5497 Principium,
1325 5433 1453 5498 quod
1486 5431 1676 5498 loquor.
1715 5429 1862 5497 Vulg.
1888 5433 2076 5484 Princi-

474 5493 628 5554 pium,
653 5495 736 5555 qui
757 5501 809 5544 et
831 5493 1020 5556 loquor.

2196 5439 2204 5445 '
2245 5436 2266 5466 ¹
2300 5433 2390 5484 Gut
2434 5437 2480 5482 et
2504 5433 2623 5482 Mm.
2662 5429 2864 5480 Patrem
2909 5430 2984 5479 eis
3020 5441 3136 5480 ese
3176 5427 3340 5478 Deum
3369 5423 3566 5476 dicebat.
3603 5408 3713 5471 Vulg-

2180 5496 2378 5546 Patretn
2405 5496 2513 5557 ejus
2531 5494 2728 5544 dicebat
2749 5493 2926 5543 Deum.

1826 5606 2194 5662 BLANCHINI
2231 5605 2462 5662 NOTAE.

553 5721 632 5795 (a)
673 5725 834 5782 Juxta
863 5730 987 5784 cod.
1013 5730 1168 5786 Cant.
1201 5731 1286 5789 τὸν
1315 5731 1477 5795 esti»;
1521 5726 1678 5784 Cant.
1725 5729 1821 5783 lat.
1873 5727 2048 5792 addit,
2073 5743 2243 5783 ruunt.
2266 5757 2338 5770 —--
2360 5726 2436 5798 (ὁ)
2467 5726 2542 5781 Ita
2573 5734 2629 5781 et
2659 5733 2789 5782 text.
2821 5724 2919 5782 Gr.
2944 5725 3082 5784 ἕστᾶο
3106 5749 3176 5764 -·
3197 5718 3270 5794 (ε)
3298 5714 3560 5792 ᾼὸταιωηιο
3587 5703 3641 5776 ει
3663 5699 3717 5764 ίιδ

487 5802 618 5860 lett.
652 5798 744 5856 Gr.
774 5801 1026 5878 Ἀϐραάμ.
1054 5804 1223 5880 —(d)
1264 5803 1390 5858 Post
1419 5813 1512 5877 ert,
1550 5801 1702 5860 deest
1735 5801 1951 5880 peccati,
1975 5801 2137 5860 etiam
2165 5801 2220 5865 in
2245 5799 2369 5860 cod.
2399 5799 2559 5863 Cant.
