3874 6326
499 254 612 313 415
1043 253 1321 315 EUSEBII
1363 254 1697 313 VERCELL.
1743 254 2116 314 EVANGELII

2237 255 2373 314 CUM
2416 255 2647 316 VARIIS
2684 257 2839 317 COD.
2878 259 3269 322 COLLATUM.
3646 266 3724 325 H6

891 366 1123 426 CODEX
1164 367 1702 426 VERCELLENSIS.

508 462 642 520 ditis
671 462 825 519 mihi.

504 535 597 592 46.
643 537 776 604 Quis
801 551 869 592 ex
894 543 1139 593 vestrum

505 617 700 680 arguet
730 623 818 664 me

506 679 589 736 de
610 679 872 750 peccato?

508 751 568 807 Si
601 751 885 807 veritatem

506 822 653 889 dico,
684 837 853 894 quare

506 909 618 950 non
643 894 819 949 credi-

507 967 596 1022 47.
644 965 712 1021 tis
742 965 920 1021 mihi?
958 964 1040 1035 Qu
1083 1006 1098 1020 .
1143 1008 1155 1020 .

506 1037 1146 1094 exDeo......-

508 1108 578 1163 ba
609 1108 702 1164 Dei
731 1108 904 1164 audit.
945 1109 994 1164 ι-

507 1181 612 1234 deo
643 1195 740 1235 vos
767 1195 875 1235 nou

509 1251 754 1316 creditis,
787 1250 906 1321 qui-

508 1337 540 1378 a
571 1339 639 1378 ex
671 1323 782 1380 Deo
811 1338 920 1379 non

507 1396 664 1450 estis.

507 1466 598 1522 48.
642 1465 1062 1537 Responderunt

506 1538 721 1601 Judaei,
750 1547 804 1593 et
830 1539 911 1593 di-

509 1617 709 1666 xerunt
734 1629 747 1664 :
782 1609 899 1666 Non

510 1681 651 1737 bene
679 1681 908 1740 dicimus

507 1753 651 1825 quod
679 1753 867 1809 Sama-

507 1825 719 1880 ritanus
745 1841 805 1880 es
834 1837 912 1888 tu.

509 1897 526 1927 ¹
555 1907 610 1952 et
643 1897 922 1952 daemoni-

507 1983 599 2023 um
650 1968 816 2023 habes
839 1969 863 2023 ?

507 2037 600 2094 49.
642 2034 942 2108 Respondit
965 2039 1126 2098 Jesus
1152 2060 1164 2096 :

515 2109 631 2180 Ego
661 2112 946 2168 daemoni-

506 2197 598 2236 um
631 2197 736 2237 non
767 2181 862 2236 ha-

505 2252 631 2317 beo,
663 2253 757 2309 sed
790 2253 962 2311 hono-

505 2326 731 2380 rilicabo
757 2325 859 2381 Pa-

508 2405 646 2452 trem
681 2413 859 2452 meum
889 2415 902 2452 :

507 2483 604 2522 VOS
633 2484 720 2523 me
750 2484 858 2523 non

503 2537 835 2595 honoriﬁca-

507 2610 597 2667 50.
641 2611 728 2666 tis.
756 2611 866 2683 Ego
895 2621 1076 2669 autem

510 2697 616 2738 non
648 2698 816 2752 quaer
842 2722 857 2738 .
900 2725 916 2740 .

513 2794 527 2808 .
573 2794 587 2809 .
630 2756 800 2810 oriam
833 2771 1008 2814 meam
1039 2775 1052 2812 :

510 2833 596 2883 est
619 2828 710 2895 qui
740 2844 907 2895 quae-

509 2907 616 2964 rat,
641 2909 694 2953 et
720 2898 948 2968 judicet.

513 2969 604 3024 51.
647 2972 841 3037 Amen,
871 2987 1027 3028 amen
1057 2973 1128 3030 di-

509 3055 576 3096 co
605 3041 759 3116 vobis
783 3059 798 3094 :
830 3045 874 3098 si
901 3045 1023 3116 quis

511 3111 737 3166 verbum
768 3128 880 3170 me-

515 3197 605 3236 llm
631 3197 887 3241 servave-

513 3255 606 3320 rit,
640 3263 872 3312 mortem

515 3341 624 3381 non
650 3325 855 3383 videbit
885 3330 940 3384 in

514 3405 818 3454 aeternum.

517 3469 612 3523 52.
654 3468 850 3526 Dicunt
873 3471 950 3527 illi
979 3470 1174 3530 Judaei
1203 3492 1216 3527 :

513 3538 670 3594 Nunc
696 3557 903 3609 cogno-

517 3611 694 3668 vimus
719 3615 844 3686 quia
865 3615 958 3672 de-

513 3828 642 3905 ditis
696 3831 846 3905 mihi.
895 3834 1025 3901 Quis
1073 3848 1139 3890 ex
1183 3833 1341 3889 vobis
1381 3842 1571 3905 arguet
1622 3849 1711 3890 me
1753 3835 1822 3890 de
1864 3843 2109 3905 peccato.

511 3900 568 3976 Si
604 3900 928 3976 veritatem
955 3906 1096 3962 dico.
1142 3906 1266 3976 quia

511 3973 613 4042 Qui
667 3987 750 4031 est
811 3993 879 4033 ex
936 3979 1043 4031 Deo
1105 3973 1268 4033 verba
1332 3979 1427 4033 Diei
1483 3979 1649 4034 audit.
1712 3979 1965 4032 Proterea
2019 3992 2115 4030 vos

513 4063 622 4100 non
675 4048 893 4102 auditis.
927 4050 1052 4118 quia
1081 4066 1145 4104 ex
1199 4051 1307 4104 Deo
1349 4067 1454 4104 nou
1496 4051 1646 4105 estis.
1699 4049 2114 4119 Responderunt

515 4118 681 4186 igitur
716 4119 930 4175 Judaei.
968 4132 1022 4175 et
1073 4122 1328 4177 dixerunt
1377 4123 1447 4175 ei.
1511 4122 1703 4176 Nonne
1744 4118 2116 4175 benedicimus

517 4203 640 4241 nos.
677 4191 799 4257 quia
839 4190 1214 4246 Samaritanus
1244 4210 1304 4247 es
1351 4203 1427 4245 tu.
1470 4191 1884 4247 etdaemonium
1925 4191 2110 4245 habes.

519 4257 820 4330 Respondit
895 4262 1075 4317 Jesus.
1158 4263 1684 4330 Ego-daemonium
1765 4279 1872 4315 non
1921 4262 2114 4315 habeo.

515 4328 956 4404 sedbonorilico
1002 4328 1227 4388 Patrem
1269 4349 1470 4387 meum.
1511 4345 1567 4388 et
1593 4350 1688 4387 Vos
1717 4332 1798 4404 (α)
1827 4334 2117 4388 inhonora-

516 4399 649 4474 tisj'
677 4418 780 4456 uie.
819 4403 932 4472 Ego
958 4416 1138 4459 autem
1173 4421 1276 4459 non
1302 4421 1502 4466 quaero
1531 4399 1759 4474 gloriam
1780 4399 1986 4460 meam.
2035 4415 2120 4459 est

518 4471 610 4541 qui
659 4471 884 4542 quaerat
927 4487 980 4530 et
1026 4476 1252 4544 judicet.
1289 4479 1460 4530 Amen
1504 4471 1662 4530 ainen
1705 4475 1828 4530 dico
1858 4476 2028 4530 vobis.
2074 4477 2118 4530 si

517 4544 639 4612 quis
667 4559 972 4600 sermonem
1001 4563 1182 4602 meum
1212 4549 1531 4602 servaverit.
1569 4557 1798 4602 mortem
1833 4563 1939 4602 non
1969 4547 2117 4601 vide-

517 4615 599 4672 bit
647 4616 700 4671 iu
749 4625 1054 4673 aeternum.
1102 4619 1368 4674 Dixerunt
1420 4634 1550 4691 ergo
1599 4619 1653 4676 ei
1703 4618 1914 4675 Judaei.
1967 4618 2121 4675 Nunc

573 4828 766 4907 έεξηὸἰ
811 4831 1096 4886 veritatem
1127 4831 1149 4862 ⁵
1183 4829 1346 4899 dico,
1395 4837 1564 4902 quare
1607 4842 1706 4886 vos
1751 4843 1858 4886 non
1899 4828 2121 4907 creditis

523 4901 655 4957 mihi
680 4901 704 4955 ?

591 4973 682 5028 47.
723 4972 1015 5045 Propterea
1047 4990 1144 5029 vos
1174 4988 1261 5030 me
1300 4989 1408 5029 non
1437 4973 1657 5041 auditis,
1694 4973 1820 5045 quia
1850 4987 1956 5030 non
1983 4973 2118 5029 estis

517 5058 584 5100 ex
627 5045 759 5099 Deo.

590 5113 684 5170 49.
734 5114 1074 5172 inhonoratis
1119 5131 1228 5171 me.

1333 3922 1432 3961 VOS

1337 464 1580 517 monium
1613 462 1706 516 ha?

1340 534 1456 590 bes.
1488 534 1763 590 Abraham

1341 616 1588 661 mortuus
1614 614 1721 670 est,

1341 678 1362 708 ³
1385 684 1441 732 et
1467 677 1720 734 Profetae
1745 692 1761 733 :

1343 759 1399 804 et
1431 760 1485 822 tu
1512 748 1650 805 dicis
1679 767 1692 804 :
1721 748 1781 806 Si
1804 751 1928 822 quis

1343 821 1567 875 verbum
1601 836 1717 877 me-

1342 907 1430 946 um
1459 891 1714 960 audierit,

1342 970 1399 1018 et
1426 978 1680 1020 servave-

1343 1035 1437 1099 rit,
1464 1050 1569 1090 nou
1599 1051 1720 1106 gus-

1344 1107 1476 1161 tabit
1506 1117 1738 1164 mortem

1342 1177 1396 1232 in
1420 1187 1724 1234 aeternum.

1344 1249 1447 1322 55.
1476 1250 1746 1322 Numquid
1780 1259 1836 1308 tu

1345 1321 1520 1394 major
1546 1337 1607 1378 es
1633 1321 1830 1394 quam.

1344 1393 1798 1466 Abraham,quia

1344 1475 1594 1520 mortuus
1625 1466 1747 1522 est?

1343 1547 1427 1590 set
1455 1548 1509 1592 et
1540 1537 1729 1595 Profe-

1343 1616 1429 1663 tae
1458 1614 1654 1664 mortui

1340 1681 1506 1750 sunt?
1537 1681 1708 1750 Quem
1741 1692 1793 1739 te

1340 1749 1519 1806 facis?

1343 1823 1434 1877 54.
1477 1823 1782 1892 ReSpondit
1805 1825 1965 1885 Jesus
1988 1846 2000 1880 :

1342 1892 1524 1969 Siego
1551 1913 1636 1951 me
1661 1897 1779 1969 glo-

1342 1965 1648 2035 riﬁcavero,

1340 2038 1516 2107 gloria
1539 2055 1655 2094 mea

1341 2109 1479 2164 nihil
1507 2119 1620 2166 est:
1645 2122 1732 2169 est
1758 2113 1860 2168 Pa-

1343 2190 1426 2254 ter
1457 2198 1628 2254 meus,
1658 2190 1748 2254 qui

1341 2252 1610 2322 gloriﬁcat
1639 2252 1745 2324 uie,

1342 2340 1504 2394 quem
1534 2342 1628 2379 vos
1655 2327 1738 2380 di-

1344 2396 1470 2450 citis
1491 2398 1633 2464 quod
1660 2399 1801 2454 Deus

1342 2467 1433 2524 55.
1475 2467 1497 2499 ³
1521 2479 1698 2525 vester
1721 2479 1826 2538 est,
1851 2479 1908 2526 et

1345 2554 1453 2594 non
1485 2542 1740 2611 agnovis-

1348 2611 1412 2666 tis
1441 2612 1590 2668 illum
1622 2632 1635 2667 :

1343 2698 1446 2753 ego
1469 2688 1591 2739 novi
1620 2685 1771 2742 illum
1803 2703 1816 2740 :

1345 2756 1416 2810 Et
1445 2757 1488 2811 si
1521 2757 1714 2814 dixero

1345 2829 1472 2895 quia
1499 2832 1685 2884 nescio

1346 2915 1494 2964 eum,
1523 2917 1618 2956 ero
1647 2903 1720 2956 si-

1349 2971 1495 3026 milis
1522 2974 1696 3036 vobis,

1349 3043 1603 3098 mendax.
1635 3046 1741 3102 Sed

1349 3116 1481 3167 novi
1509 3116 1685 3183 illum,

1347 3185 1370 3217 ‘
1389 3193 1444 3240 et
1473 3187 1698 3242 verbum
1727 3203 1786 3243 e-

1349 3257 1441 3314 56.
1478 3258 1568 3325 jus
1596 3275 1776 3315 servo.
1802 3259 1972 3316 Abra-

1352 3328 1476 3384 ham
1505 3329 1665 3385 Pater
1693 3346 1808 3387 ves-

1355 3410 1440 3457 ter
1465 3405 1706 3456 exsulta-

1352 3472 1431 3528 vit
1461 3483 1518 3528 ut
1537 3475 1748 3530 videret

1351 3543 1494 3600 diem
1527 3561 1707 3601 meum
1733 3564 1746 3600 :

1354 3616 1431 3691 (ὁ)
1455 3627 1511 3673 et
1535 3618 1574 3688 νί-
1596 3618 1756 3686 vidit,
1781 3627 1835 3674 et
1859 3633 1954 3688 ga-

2643 372 2875 430 CODEX
2917 375 3358 434 VERONENSIS.

2205 461 2429 519 creditis
2450 463 2606 520 mihi.

2205 533 2296 590 46.
2337 533 2470 602 Quis
2496 551 2563 591 ex
2591 551 2691 592 vo-

2207 604 2289 660 bis
2309 616 2500 674 arguet
2522 623 2609 663 me

2207 675 2276 732 de
2305 679 2566 747 peccato?

2208 747 2264 803 Si
2297 748 2580 805 veritatem

2207 820 2352 883 dico,
2372 836 2539 889 quare

2207 907 2304 946 VOS
2336 907 2439 946 non
2473 908 2593 948 cre-

2207 962 2336 1018 ditis
2366 962 2495 1018 mihi
2518 963 2542 1017 ?

2207 1036 2300 1092 47.
2341 1036 2442 1102 Qui
2477 1044 2561 1090 est
2587 1049 2655 1091 ex

2209 1107 2345 1171 Deo,
2375 1106 2540 1162 verba

2209 1177 2304 1233 Dei
2333 1178 2503 1232 audit.

2209 1249 2503 1319 Propterea
2536 1263 2632 1305 vos

2210 1336 2319 1376 non
2349 1319 2568 1383 auditis.

2208 1395 2469 1462 quoniam
2497 1408 2562 1446 ex

2211 1463 2323 1519 Deo
2357 1481 2462 1518 non
2486 1464 2637 1519 estis.

2208 1536 2301 1607 48.
2344 1535 2770 1607 Responderunt

2209 1605 2423 1672 Judaei,
2447 1605 2503 1663 et

2208 1678 2464 1734 dixerunt
2493 1680 2545 1733 ei
2573 1698 2584 1731 :

2210 1749 2400 1805 Nonne
2424 1759 2572 1806 recte

2210 1820 2442 1876 dicimus
2475 1838 2574 1877 nos

2210 1894 2332 1958 quia
2363 1895 2555 1948 Sama-

2213 1965 2420 2018 ritanus
2445 1979 2502 2018 es
2529 1973 2606 2028 tu,

2211 2045 2265 2089 et
2297 2036 2638 2090 daemonium
2668 2036 2872 2092 habes?

2211 2106 2303 2162 49.
2349 2107 2642 2175 ReSpoudit
2662 2107 2820 2165 Jesus
2845 2125 2861 2162 :

2213 2179 2326 2248 Ego
2348 2180 2692 2234 daenmuium

2214 2265 2319 2305 non
2351 2252 2545 2314 habeo,

2212 2323 2308 2376 sed
2340 2321 2600 2376 honoriﬁ-

2211 2410 2276 2448 co
2302 2393 2515 2449 Patrem

2211 2481 2392 2521 meum
2431 2483 2444 2518 ζ
2481 2480 2580 2520 νος

2211 2535 2288 2664 Ea)
2315 2535 2716 2620 dehonorilica-

2247 2610 2300 2664 0.
2346 2620 2412 2663 IIS
2432 2607 2471 2664 ’ἱ-
2499 2625 2606 2664 me.
2642 2608 2716 2664 Et!

2247 2610 2300 2666 0.
2346 2609 2412 2663 Iis
2432 2607 2471 2680 νι-
2499 2625 2606 2664 me.
2642 2608 2757 2679 Ego

2213 2690 2394 2735 autem
2427 2694 2534 2735 non

2212 2766 2418 2821 quaero
2440 2753 2612 2810 hono-

2214 2839 2328 2879 rem
2360 2839 2538 2878 meum
2571 2843 2584 2878 ἒ

2213 2904 2300 2950 est
2323 2896 2413 2964 qui
2439 2896 2672 2966 quaerit,

2215 2967 2504 3036 etjudicat.

2217 3039 2305 3095 51.
2348 3038 2545 3103 Amen,
2581 3053 2739 3096 amen

2216 3111 2339 3165 dico
2364 3111 2516 3168 vobis
2541 3130 2555 3167 :

2216 3183 2262 3238 si
2293 3183 2414 3254 quis
2445 3183 2667 3239 verbum

2218 3269 2399 3309 meum
2425 3257 2681 3312 servabe-

2218 3327 2309 3392 rit,
2347 3335 2573 3383 mortem

2221 3413 2328 3452 non
2358 3399 2564 3455 videbit

2219 3470 2274 3525 in
2314 3480 2618 3527 aeternum.

2222 3541 2312 3596 52.
2357 3543 2619 3600 Dixerunt

2222 3615 2272 3670 ei
2298 3613 2489 3670 Judaei
2516 3633 2529 3670 :

1835 3734 2069 3792 CODEX
2107 3732 2504 3791 BRIXIANUS.

2222 3831 2573 3902 cognovimus
2603 3831 2726 3900 quia
2757 3829 3106 3886 daemonium
3137 3829 3328 3888 babes.
3364 3827 3606 3885 Abraham
3633 3832 3732 3902 morf

2224 3901 2348 3958 tuus
2373 3913 2475 3958 cst.
2508 3911 2562 3956 et
2591 3903 2913 3970 Prophetae.
2948 3912 3001 3957 et
3031 3913 3083 3956 tu
3115 3902 3335 3959 dicis.Si
3367 3903 3480 3973 quis
3505 3901 3736 3953 sermonem

2224 3991 2401 4029 meum
2428 3977 2745 4028 servaverit.
2780 3990 2883 4028 nou
2906 3975 3146 4044 gustavit
3171 3987 3402 4030 monent
3436 3974 3484 4027 iu
3508 3976 3735 4044 aeternum:

2226 4046 2495 4115 Numquid
2545 4057 2597 4099 tu
2645 4046 2816 4112 major
2846 4042 3106 4100 es'Patre
3154 4060 3344 4101 noSIro
3390 4042 3645 4115 Abraham.
3677 4046 3736 4115 (ΙΨ

2227 4112 2472 4172 mortuus
2504 4126 2608 4170 est.
2643 4125 2698 4169 et
2722 4116 3024 4185 Prophetae
3047 4119 3135 4183 qui
3167 4119 3365 4172 mortui
3397 4123 3530 4170 sunt.
3555 4112 3738 4185 Quem}c

2226 4191 2400 4258 ipsum
2435 4190 2581 4264 facis.
2617 4189 2913 4264 Respondit
2941 4189 3119 4244 Jesus.
3141 4189 3202 4264 _Si
3235 4205 3336 4258 ego
3360 4185 3738 4264 gloriﬁcemtfglg‘

2227 4249 2368 4317 sum.
2401 4261 2569 4330 gloria
2600 4275 2716 4314 mea
2733 4249 2875 4313 'uihil
2897 4272 3002 4314 est.
3028 4274 3110 4315 est
3141 4249 3306 4316 Pater
3337 4249 3482 4314 uicus
3519 4255 3594 4321 qui
3625 4249 3739 4330 glori:

2227 4333 2353 4388 iicat
2385 4324 2491 4388 tne.
2524 4348 2681 4401 quem
2711 4346 2806 4386 vos
2831 4332 3010 4386 dicitis
3049 4336 3172 4400 quia
3211 4333 3352 4387 Deus
3396 4337 3562 4401 uoster
3595 4329 3674 4377 est.
3706 4324 3740 4396 tl

2230 4404 2452 4477 nescitis
2479 4399 2622 4458 cuiu.
2657 4418 2756 4472 ego
2787 4415 2965 4477 autem
2993 4399 3118 4477 novi
3143 4419 3290 4477 eum.
3324 4403 3388 4457 Et
3414 4403 3457 4477 si
3485 4399 3641 4477 dixero
3657 4401 3738 4477 (inf

2229 4476 2414 4531 nescio
2442 4491 2586 4528 eum.
2607 4469 2917 4530 ero—similis
2941 4475 3094 4530 vobis
3125 4475 3375 4530 mendax.
3409 4469 3508 4528 Sed
3534 4469 3626 4522 scio
3641 4471 3738 4515 cum.

2229 4559 2282 4603 et
2329 4562 2652 4621 sermonem
2678 4547 2796 4621 ejus
2847 4562 3024 4621 servo.
3080 4546 3355 4621 Abraham
3409 4546 3564 4621 lfater.
3595 4543 3738 4621 νθξῑςξ·

2230 4617 2494 4674 exultavit
2524 4627 2581 4672 ut
2609 4611 2815 4674 vidi-ret
2841 4616 2986 4674 diem
3014 4633 3194 4675 meum
3226 4616 3302 4690 (ὁ)
3336 4627 3388 4673 et
3412 4615 3448 4687 οξο
3471 4611 3588 4668 vidit
3621 4617 3660 4660 el
3681 4615 3742 4671 ει·

1815 4733 2046 4790 CODEX
2086 4732 2557 4790 CORBEIENSIS.

2301 4829 2390 4884 52.
2435 4843 2539 4882 uon
2568 4829 2807 4898 gustabit
2850 4838 3120 4895 morlem,
3170 4833 3358 4888 omisso
3397 4829 3448 4884 in
3497 4826 3740 4880 aeternum,

2227 4901 2367 4971 quod
2396 4901 2648 4971 supplevit
2673 4902 2924 4955 recentior
2950 4918 3155 4957 manus.
3523 4968 3533 4971 _
3710 4951 3741 4971 __,

2301 4971 2390 5027 53.
2432 4968 2704 5047 Numquid
2749 4981 2809 5028 tu
2857 4974 3032 5044 major
3076 4989 3136 5030 es
3181 4990 3344 5047 quam
3385 4968 3648 5044 Abraham.
3682 4968 3742 5025 ili“

591 5186 683 5243 50.
726 5201 834 5242 non
861 5202 1066 5257 quaero
1095 5188 1404 5244 claritatem
1436 5203 1631 5243 meam.

591 5257 681 5313 51.
725 5273 834 5314 non
867 5259 1067 5315 videbit
1093 5270 1324 5316 mortem
1353 5261 1406 5315 in
1433 5268 1736 5317 aeternum.

582 5449 604 5528 ξ
638 5447 748 5528 9.9!-
776 5446 1210 5528 salares-2199399:
1229 5449 1386 5528 Wa-
1412 5456 1657 5528 Mge!
1677 5449 2004 5528 ἀθεωρηωειιτ

583 5513 606 5542 ί
640 5509 746 5577 ϐας.
776 5509 845 5560 ει
863 5510 1142 5574 PrOphetae
1171 5509 1357 5566 mortui
1382 5521 1498 5566 sunt
1517 5529 1528 5565 :
1550 5519 1604 5565 et
1633 5522 1703 5565 tu.
1730 5511 1878 5577 Vulg.
1915 5522 1966 5565 et
1999 5513 2121 5564 Pro-

517 5571 733 5635 phetae?
757 5578 812 5623 et
835 5579 905 5623 tu.

1492 3923 1599 3962 non
1670 3907 1894 3961 creditis
1958 3906 2110 3960 mihi.

2227 5054 2475 5099 mortuus
2501 5046 2621 5098 est?

3042 469 3196 526 Nunc
3221 471 3462 554 cognovi-
3567 503 3618 534 πμ,

3041 557 3164 596 mus
3193 557 3436 612 quoniam
3541 575 3559 612 ς,
3575 581 3590 611 Α,

3041 611 3382 668 daemOniutn

3042 685 3228 738 habes.
3261 683 3516 740 Abraham

3043 765 3285 811 mortuus
3312 765 3412 820 εει,

3043 836 3098 882 et
3132 827 3424 890 Pronhetae
3447 844 3461 882 :

3043 907 3099 952 et
3129 909 3183 952 tu
3215 898 3350 954 dicis
3374 916 3388 952 :

3042 968 3101 1025 Si
3130 971 3251 1040 quis
3279 970 3489 1025 verbum

3045 1057 3223 1096 meum
3247 1041 3484 1097 servabe-

3043 1113 3134 1176 rit,
3160 1128 3267 1167 non
3289 1122 3458 1183 gusta-

3043 1184 3124 1239 bit
3153 1193 3400 1239 mortem.

3042 1255 3134 1311 55.
3176 1254 3438 1326 Numquid
3467 1264 3519 1312 tu

3045 1328 3220 1393 major
3248 1343 3308 1383 es
3337 1328 3497 1382 Abra-

3045 1397 3170 1461 bae,
3195 1400 3286 1468 qui
3311 1413 3443 1454 mor-

3047 1480 3172 1523 tuus
3209 1469 3329 1526 est?
3358 1479 3411 1526 et

3048 1540 3373 1610 PrOphetae,

3041 1614 3132 1679 qui
3166 1615 3365 1669 mortui

3041 1685 3204 1739 sunt?
3233 1685 3404 1751 Quem

3045 1766 3098 1811 te
3127 1771 3260 1820 ergo
3289 1756 3447 1812 facis?

3041 1827 3134 1882 54.
3174 1827 3468 1899 Respondit
3493 1826 3566 1884 Je-

3041 1913 3134 1954 sus
3162 1917 3175 1953 :
3203 1899 3260 1954 Si
3292 1915 3392 1970 ego
3418 1903 3512 1956 ho-

3043 1970 3277 2026 noriﬁco
3309 1988 3415 2038 me,

3045 2041 3221 2097 honor
3248 2059 3400 2098 meus

3044 2113 3177 2168 nihil
3205 2124 3296 2170 est
3324 2135 3336 2168 ;
3377 2115 3473 2170 Pa-

3047 2195 3128 2240 ter
3150 2201 3308 2240 meus
3343 2196 3442 2254 est,

3044 2257 3136 2328 qui
3160 2257 3422 2312 honorili-

2961 2340 2981 2364 '
3044 2339 3132 2384 cat
3155 2343 3269 2394 me,
3300 2345 3457 2400 quem

3046 2415 3147 2454 vos
3171 2400 3355 2456 dicitis

3043 2473 3304 2542 quoniam
3337 2472 3471 2528 Deus

3044 2541 3134 2597 55.
3179 2556 3386 2607 vester.
3415 2553 3468 2600 et
3493 2557 3584 2600 non

3043 2616 3218 2670 nostis
3250 2631 3373 2671 cum
3403 2633 3417 2672 :

3041 2700 3144 2756 ego
3172 2696 3356 2744 autem

3043 2755 3167 2814 nevi
3197 2775 3321 2815 eum
3351 2777 3365 2813 :
3395 2759 3456 2814 Et
3477 2757 3517 2814 si
3535 2755 3683 2812 dixero

3046 2832 3310 2901 quoniam
3337 2846 3441 2886 non

3048 2903 3174 2956 novi
3206 2917 3354 2969 eum,
3386 2917 3475 2958 ero

3048 2974 3246 3029 similis
3279 2972 3448 3038 vobis,

3049 3049 3311 3101 mendax.
3343 3045 3450 3102 Sed

3051 3116 3166 3172 scio
3197 3118 3375 3183 illum,

3051 3199 3105 3244 et
3138 3194 3364 3244 verbum
3395 3186 3507 3258 ejus

3051 3263 3331 3316 custodio.

3052 3330 3144 3387 56.
3174 3331 3446 3387 Abraham
3467 3330 3604 3385 Pater

3053 3414 3239 3460 vester
3272 3404 3500 3458 laetaba-

2995 3497 3010 3509 -
3054 3483 3142 3528 tur
3171 3486 3231 3529 ut
3261 3476 3468 3530 videret

3055 3544 3202 3601 diem
3232 3562 3409 3602 meum
3435 3563 3448 3599 :

3059 3617 3135 3689 (ὁ)
3159 3629 3218 3674 et
3241 3619 3280 3692 4,-
3310 3617 3463 3691 vidil,
3498 3624 3548 3672 et

2434 5115 2492 5172 Si
2516 5097 2620 5188 ego
2649 5115 3020 5174 clariﬁcavero
3047 5116 3554 5192 meipsum,claritas
3574 5117 3668 5165 mea
3686 5097 3742 5154 ηἱ·

2228 5185 2308 5242 hil
2332 5199 2436 5244 est.

1771 5355 2167 5413 VARIANTES
2195 5355 2600 5417 LECTIONES.

2296 5453 2318 5525 ξ
2351 5453 2460 5525 (ﬁat.
2481 5460 2526 5504 et
2553 5457 2674 5506 Mm.
2692 5462 2870 5525 _nostc_r
2891 5463 3007 5525 est.
3021 5457 3167 5525 Kartg.
3188 5465 3357 5510 vester
3379 5465 3468 5508 est.

2294 5514 2317 5588 ’ς
2352 5519 2468 5588 yria.
2494 5519 2786 5588 etmandata
2808 5521 2931 5582 ejus.
2965 5514 3188 5588 Vulg.'et
3211 5532 3481 5573 sermonem
3505 5514 3610 5578 ejus.

2289 5579 2311 5611 ⁸
2345 5579 2450 5630 Gat.
2473 5586 2518 5631 et
2542 5583 2663 5632 Mm.
2689 5581 2818 5645 dico,
2831 5579 2989 5649 quare
3012 5579 3098 5636 vo's
3119 5597 3236 5636 non.

1885 5661 2252 5720 BLANCHINI
2290 5663 2523 5721 NOTAE.

601 5780 681 5853 (a)
711 5780 790 5839 Ita
815 5793 869 5841 et
898 5792 1010 5841 tex.
1041 5782 1138 5843 Gr.
1172 5783 1463 5854 ἀτιμάζετέ.
1495 5813 1568 5830 --
1589 5781 1667 5856 (ὁ)
1695 5783 1892 5853 Addit,
1922 5794 2006 5851 et;
2033 5783 2197 5843 etiam
2225 5783 2280 5843 in
2304 5786 2435 5844 text.
2462 5784 2556 5842 Gr.
2589 5789 2692 5843 aut.
