3874 6326
151 289 226 350 iii

147 500 345 568 parentes
365 489 466 568 ejus
484 529 498 556 ,

146 563 354 637 quoniam
368 563 425 616 ti-

146 633 317 693 mebant
332 633 412 690 Ju-

144 710 293 764 daeus:
313 706 406 777 jam
435 701 570 762 enim

145 780 380 835 constitue-

146 847 398 906 rautiudm'

143 933 186 978 ut
203 923 238 976 si
259 921 360 988 quis
385 919 520 978 illum

143 993 425 1048 conﬁteretur

1059 275 1516 338 EVANGELIUM
1553 265 1925 336 saevarum
1961 273 2346 336 JOHANNEH.
3251 279 3356 336 ης

461 392 678 456 CODEX
725 390 1269 458 VERCELLENSIS.

899 488 1195 543 maledixe-

896 573 1022 615 ruut
1053 561 1226 626 illum,

895 643 949 687 et
969 631 1224 686 dixerunt
1249 648 1260 683 :

895 703 976 757 Tu
1005 705 1238 772 discipu—

896 774 980 829 lus
1001 775 1116 845 ejus
1147 783 1266 830 esto
1293 791 1308 830 ι

897 861 996 900 nos
1022 854 1202 900 autem

143 1063 200 1136 (a)
228 1065 460 1119 Christum
487 1062 544 1134 1-,
571 1059 642 1119 de
667 1073 828 1131 syua-
900 1061 1266 1136 scimusquod

139 1137 458 1262 ξὲδίἷῖῖωὲίῖε

137 1289 334 1348 parentes
357 1277 466 1348 ejus

138 1349 330 1405 dixerunt
353 1365 366 1404 ε
397 1349 506 1405 AE-

138 1429 258 1476 talem
283 1421 424 1475 habet
439 1462 454 1486 ,

133 1492 266 1556 ipsum
287 1493 620 1562 interrogate.

134 1563 200 1618 21.
228 1562 540 1622 Vocaverunt

133 1635 268 1704 itaque
288 1636 302 1666 ¹
321 1637 502 1694 iterum

134 1707 368 1774 hominem,
393 1707 482 1777 qui

132 1777 264 1832 fuerat
285 1794 456 1834 caecus

131 1859 168 1904 et
181 1848 388 1904 dixerunt

131 1920 218 1976 illi:
246 1923 304 1975 Da
329 1923 490 1978 hono-

131 2007 212 2047 rem
231 1992 342 2061 Deu,
369 2009 463 2050 nos

129 2065 280 2135 scimus
298 2065 430 2135 quod

130 2134 192 2190 hic
213 2134 347 2189 homo
375 2151 493 2206 pee-

128 2218 239 2260 cator
257 2215 344 2260 est.

125 2276 188 2360 ξε..
207 2277 354 2360 Ai_t(b)
370 2279 453 2360 ίιις

123 2355 185 2403 tor
202 2357 285 2412 est,
311 2355 482 2408 nescio
507 2369 531 2408 :

123 2434 240 2476 unum
265 2421 384 2488 scio,

121 2492 224 2558 quod
247 2507 421 2549 caecus

123 2577 248 2632 eram,
275 2575 322 2620 et
347 2581 483 2623 nunc

119 2635 252 2691 video.

119 2703 186 2776 26.
217 2706 379 2762 Dicunt
407 2707 482 2763 illi
515 2725 540 2763 ς
567 2705 710 2776 Quid

121 2774 212 2850 fecit
229 2779 338 2834 tibi?
363 2795 494 2850 quo-

121 2849 240 2921 tnodo
261 2849 438 2921 aperu-

121 2917 180 2970 it'
199 2917 356 2977 oculos
379 2935 458 2978 tu—

211 2994 294 3065 os?
315 2995 524 3065 liespon
541 3023 560 3036 -

117 3060 174 3114 dit
195 3063 280 3118 illis
302 3083 315 3119 :
343 3060 458 3122 Diii

118 3134 248 3203 vobis,
273 3137 291 3167 '
314 3147 364 3191 et
386 3153 454 3194 no

115 3205 292 3281 audistis
320 3228 334 3264 :
367 3211 494 3281 quid

117 3279 238 3332 vultis
259 3278 442 3335 iterum

114 3349 288 3405 audire?
309 3367 458 3407 num-

113 3419 207 3486 quid
230 3431 276 3476 et
291 3438 383 3478 vos

113 3490 236 3544 vultis
257 3495 404 3549 disci-

111 3561 190 3632 puli
213 3563 315 3632 ejus
341 3565 436 3622 ﬁe-

108 3629 174 3687 28.
207 3629 279 3690 ri?
305 3639 384 3694 Ad
413 3639 494 3696 illi

109 3855 312 3917 parentes
335 3848 473 3917 ejus.

140 4862 220 4919 22.
261 4867 376 4938 jam
402 4869 564 4926 enim
585 4867 947 4924 decreverunt
980 4906 996 4921 .
1033 4906 1048 4920 .
1084 4904 1099 4920 .
1131 4873 1283 4921 extra
1333 4875 1674 4934 synagogam

85 4946 224 4992 esset.

899 1130 1066 1202 Moysi
1098 1133 1244 1186 locu-

463 1205 568 1262 deo
899 1213 985 1258 tus
1010 1215 1094 1258 est
1125 1206 1264 1259 Deus
1293 1223 1306 1258 :
1337 1205 1486 1262 hunc

897 1285 1081 1330 autem
1111 1278 1286 1331 nesci-

898 1363 1020 1402 mus
1043 1347 1184 1402 unde
1206 1347 1299 1404 sit.

901 1419 990 1475 50.
1035 1418 1336 1486 Respondit
1354 1418 1453 1476 ho-

899 1506 1012 1557 mo,
1041 1499 1097 1545 et
1114 1490 1254 1546 dixit

901 1635 1208 1688 mirandum

901 1714 986 1760 est
1010 1705 1156 1788 quod
1183 1719 1277 1761 vos

461 1819 478 1846 ,
901 1786 1125 1832 nescitis
1157 1794 1256 1832 un-

899 1849 968 1902 de
993 1847 1086 1915 sit,
1113 1859 1167 1902 et
1193 1863 1320 1918 ape-

899 1919 1006 1974 ruit
1031 1921 1221 1976 oculos

900 2005 1050 2044 meos
1075 2007 1090 2044 Ζ

897 2061 988 2116 51.
1029 2064 1230 2118 scimus
1255 2062 1398 2132 quod

900 2133 1042 2188 Deus
1066 2143 1316 2203 peccato-

897 917 1066 989 Moysi
1089 917 1328 989 discipu—

901 987 999 1044 29.
1035 989 1070 1042 li
1095 987 1304 1044 sumus.
1331 989 1439 1046 Nos

899 1561 1011 1616 illis
1044 1579 1056 1615 :
1091 1562 1148 1616 lu
1181 1563 1284 1620 hoc

901 2219 990 2260 res
1019 2204 1042 2236 ⁸
1072 2223 1178 2260 nou
1203 2221 1370 2261 exau-

465 2278 542 2350 -ιτί
563 2277 826 2350 Sipem.
901 2275 1014 2350 dit:
1043 2277 1136 2332 sed
1161 2278 1204 2331 si
1233 2279 1354 2348 quis

899 2421 1232 2475 voluntatem

900 2489 1018 2559 ejus
1041 2489 1201 2545 iaciat
1216 2533 1231 2558 ,

903 2563 1045 2616 hunc
1074 2577 1238 2617 exau-

901 2633 980 2687 dit
1003 2636 1163 2688 Deus.

902 2787 984 2832 eSI
1009 2776 1250 2830 auditum

903 2847 1048 2918 quod
1079 2849 1296 2917 aperuit

903 2921 1100 2988 aliquis
1129 2934 1260 2974 ocu-

461 3155 494 3194 n
883 3144 986 3188 set
1014 3149 1044 3186 a
1071 3134 1199 3196 Deo,
1249 3173 1262 3186 .

901 3275 1220 3346 quidquam.

902 3347 994 3403 51.
1035 3349 1144 3403 lies
1185 3388 1200 3402 .
1247 3385 1264 3402 .
1307 3386 1321 3401 .
1369 3387 1382 3400 .
1429 3385 1444 3401 .
1487 3353 1618 3403 runt

909 3459 924 3474 .
965 3454 982 3474 .
1027 3457 1042 3472 .
1088 3459 1102 3473 .
1149 3458 1164 3473 .
1205 3417 1390 3484 illi,et

906 3528 921 3544 .
967 3531 982 3546 .
1025 3489 1291 3558 xerunt,‘

904 3565 1144 3632 peccatis
1172 3578 1270 3617 na-

139 5007 222 5065 24.
257 5011 334 5066 Da
365 5013 642 5070 honorem
677 5011 810 5069 Deo.

135 5217 150 5286 ξ
183 5220 282 5273 Gut.
297 5237 424 5286 ergo
437 5225 714 5282 hominem,
727 5223 810 5282 qui
833 5233 1012 5271 caecus
1031 5223 1219 5286 er_at..._.
1241 5221 1352 5282 quia
1371 5219 1540 5286 homo:
1559 5219 1676 5270 Hm.

901 2346 1070 2402 Deum
1093 2346 1262 2415 colat,
1287 2357 1344 2406 et

905 2989 988 3047 los
1014 2991 1163 3046 caeci
1195 3005 1290 3044 ua—

905 3062 995 3117 55.
1039 3065 1102 3118 ti.
1131 3062 1264 3117 Nisi.
1311 3099 1324 3116 .
1371 3099 1384 3115 .
1429 3101 1443 3116 .
1491 3093 1552 3114 .-

904 3150 986 3188 ser
1014 3150 1044 3186 a
1071 3150 1199 3196 uco,
1249 3173 1262 3186 .
1307 3173 1320 3188 .
1353 3150 1387 3188 n

903 3213 1090 3274 posset
1119 3205 1301 3260 facere

904 3643 993 3690 tus
1018 3643 1102 3691 est
1127 3643 1272 3692 totus
1295 3652 1310 3689 :

901 2704 993 2760 '52.
1035 2705 1082 2760 A
1102 2705 1322 2761 saeculo
1346 2719 1452 2762 non

1705 1205 1710 1212 ‘
1769 1199 1861 1256 23.
1905 1199 2075 1256 tieret.
2105 1201 2239 1257 Pro-

2203 393 2434 450 CODEX
2473 391 2926 452 VERONENSIS.

2601 489 2795 544 iterum
2825 489 2991 544 vultis

2601 559 2827 615 audire?
2857 577 3015 616 num-

2601 633 2726 702 quid
2753 642 2805 687 et
2831 648 2927 688 vos

2605 703 2774 776 vultis
2801 704 3052 776 discipuli

2603 775 2719 841 ejus
2749 775 2903 830 ﬁeri?

2601 847 2694 902 28.
2737 847 3130 905 Maledixeruut

2603 921 2674 973 ei.
2707 931 2760 974 et
2787 919 3043 977 dixerunt
3067 941 3079 975 :

2608 989 2686 1044 Tu
2713 991 3008 1061 discipulus

2607 1062 2752 1118 illius
2784 1065 2900 1116 sis:
2931 1079 3032 1120 nos

2606 1131 2774 1206 Moysi
2805 1134 3054 1204 discipuli

2605 1205 2705 1260 29.
2741 1221 2950 1260 sumus.
2979 1207 3088 1263 Nos

2605 1278 2807 1332 scimus
2839 1279 2963 1346 quia

2607 1347 2778 1419 Moysi
2803 1349 2952 1404 locu-

2609 1428 2695 1474 tus
2721 1430 2805 1476 est
2827 1421 2969 1476 Deus
2996 1441 3010 1476 :

2608 1492 2752 1546 hunc
2779 1504 2960 1548 autem
2989 1491 3168 1549 nesci-

2608 1579 2728 1618 mus
2757 1563 2900 1618 unde
2922 1565 3010 1619 sit.

1765 495 2018 559 parentes
2047 487 2164 556 ejus
2181 529 2197 554 ,

1764 561 1886 628 quia
1909 560 2170 614 timebant.

1763 629 2033 686 Judaeos:
2062 632 2170 698 iatn

1764 702 1908 758 enim
1937 702 2210 757 consiliati

1765 785 1922 828 erant
1949 773 2172 842 Judaei,

1765 853 1826 899 ut
1850 845 1895 899 si
1923 846 2044 913 quis

1766 930 1890 970 cum
1925 915 2214 971 conﬁtere—

1769 995 1856 1040 tur
1881 985 1954 1060 (a)
1983 987 2112 1043 Cliti
2125 1019 2139 1028 -

1768 1059 1908 1112 stum
1933 1059 1993 1128 ᾧ,
2022 1067 2177 1114 extra

1769 1145 2100 1200 synagogam

1769 1283 1951 1341 pterea
1984 1284 2234 1342 parentes

1769 1343 1889 1414 ejus
1909 1345 2062 1399 dixe-

1771 1424 1898 1470 runt
1921 1434 1934 1469 :
1969 1417 2104 1484 Quia

1769 1495 2004 1543 aetatem
2029 1489 2122 1542 tia-

1767 1558 1882 1624 bet,
1919 1561 2091 1630 ipsum

1775 1630 2128 1704 interrogate.
2607 1636 2700 1690 30.
2743 1635 3048 1704 Respondit
3079 1637 3169 1692 ille

1769 1701 1859 1757 24.
1907 1701 2248 1758 Vocaveruut
2608 1705 2792 1764 homo.
2823 1701 2877 1762 et
2909 1709 2980 1776 (ε)

1769 1789 1900 1850 ergo
1927 1774 2202 1850 hominem
2607 1777 2744 1832 dixit
2772 1777 2813 1850 -ι-
2840 1795 2852 1831 :
2885 1779 2942 1833 Iu
2973 1779 3079 1836 hoc

1771 1845 1987 1916 iterum,
2017 1845 2112 1916 qui
2610 1845 2858 1904 mirabile
2885 1861 2970 1906 est

1771 1913 1950 1970 fuerat
1972 1913 2189 1982 caecus,

1771 1997 1826 2041 et
1854 1986 2110 2044 dixerunt

1772 2059 1864 2114 ei:
1901 2059 1972 2113 Da
2007 2061 2178 2117 Itono-

1771 2145 1888 2185 rem
1919 2132 2051 2198 Deo,

1773 2216 1875 2257 uos
1905 2205 2107 2258 scimus

1773 2274 1894 2342 quia
1921 2275 2008 2330 hic
2037 2275 2136 2330 lio-

1774 2361 1866 2399 mo
1893 2357 2148 2414 peccator
2165 2357 2270 2403 est.

1774 2417 1864 2490 25.
1902 2418 2056 2490 Dixit
2077 2433 2206 2490 ergo

1777 2487 1851 2559 (b)
1879 2489 1970 2543 ille
1993 2489 2078 2560 1-:
2111 2487 2170 2547 Si

1775 2569 2031 2628 peccator
2058 2573 2165 2625 est,

1776 2632 1960 2686 nescio
1985 2649 1998 2684 :
2033 2649 2198 2690 unum

1776 2703 1910 2766 scio,
1937 2703 2060 2772 quia

1775 2787 1969 2827 caecus
1999 2789 2122 2829 cum

1777 2859 1976 2911 essem,
2003 2847 2167 2902 ruodo

1780 2917 1956 2970 video.

1776 2985 1868 3042 26.
1912 2987 2176 3046 Dixerunt

1778 3073 1910 3128 ergo
1938 3061 1988 3114 ei
2017 3078 2030 3113 :

1778 3129 1916 3196 Quid
1955 3131 2081 3188 fecit

1782 3201 1918 3256 tibi?
1945 3219 2180 3273 quomo-

1779 3275 1852 3328 do
1881 3277 2094 3344 aperuit

1781 3347 1966 3400 oculos
1995 3349 2153 3403 tuos?

1779 3415 1873 3488 g7.
1919 3417 2218 3488 Respondit
2245 3420 2327 3476 eis
2354 3439 2367 3474 :

1782 3487 1908 3542 Dixi
1937 3487 2090 3545 vobis

1777 3560 1912 3630 jam,
1946 3569 2002 3615 et
2025 3564 2177 3618 audi-

1783 3631 1886 3686 stis
1911 3649 1924 3685 :
1953 3634 2080 3703 quid

2610 1923 2734 1990 quia
2758 1937 2856 1976 vos
2879 1937 2974 1977 ne-

2609 1993 2759 2047 scitis
2785 1994 2928 2050 unde

2609 2065 2701 2130 sit,
2728 2076 2782 2120 ct
2806 2064 3020 2132 aperuit

2612 2135 2800 2191 oculos
2821 2152 2972 2192 meos
2999 2154 3012 2189 :

2612 2207 2704 2262 51.
2745 2209 2860 2264 scio
2883 2209 3010 2280 quia
3038 2223 3164 2281 pee-

2612 2288 2822 2334 catores
2855 2281 2996 2335 Deus

2614 2365 2720 2406 non
2753 2351 3001 2418 exaudit;

2613 2423 2707 2476 sed
2737 2425 2780 2477 si
2809 2424 2929 2492 quis

2615 2493 2708 2548 Dei
2733 2496 2908 2549 cultor
2933 2504 3036 2558 est.

2615 2575 2668 2619 et
2697 2567 3030 2626 voluntatem

2615 2636 2734 2704 ejus
2761 2639 2907 2696 facit.
2941 2639 3087 2694 hunc

2614 2708 2834 2762 exaudit
2863 2709 3030 2764 Deus.

2615 2777 2707 2834 3-2.
2749 2783 2788 2833 A
2817 2782 3036 2836 saeculo
3064 2795 3221 2834 num-

2615 2864 2775 2918 quam
2805 2851 3050 2908 auditum
3077 2861 3163 2908 est

2613 2923 2736 2990 quia
2761 2924 2976 2991 aperuit

2615 2992 2738 3062 quis
2763 2995 2954 3054 oculos

2617 3064 2764 3119 caeci
2799 3065 2934 3120 uati.

2619 3135 2708 3190 55.
2749 3135 2864 3191 Nisi
2892 3145 3040 3194 esset

2619 3206 2706 3262 hic
2736 3223 2764 3262 a
2797 3209 2933 3274 Deo,
2969 3223 3080 3264 non

2619 3287 2833 3348 poterat
2865 3281 3044 3336 facere

2619 3351 2933 3420 quicquam.

2621 3421 2711 3477 54.
2757 3421 3174 3494 Responderunt
3191 3461 3208 3484 .

2623 3503 2680 3548 et
2707 3494 2961 3549 dixerunt

2623 3566 2672 3619 ei
2705 3583 2716 3618 :
2751 3564 2809 3619 In
2839 3581 2962 3634 pec-

2625 3647 2748 3692 cato
2775 3647 2934 3693 natus
2963 3651 3022 3694 es
3047 3645 3225 3707 totus,

1405 3743 1642 3803 CODEX
1679 3743 2076 3803 BRIXIANUS.

553 3845 641 3899 uia
669 3844 931 3900 timebant
957 3842 1215 3899 Judaeos.
1232 3841 1344 3911 jam
1370 3843 1514 3896 euim
1537 3855 1674 3896 con-

109 3863 312 3908 parentes
335 3863 473 3917 ejus.
553 3863 641 3899 Illa
669 3863 931 3900 Ilmcuaut
957 3863 1215 3899 «11103605.
1232 3863 1344 3911 jam
1370 3863 1514 3896 Blllﬂl
1537 3863 1672 3896 0011-

105 3913 400 3985 spiraret-ant
442 3863 662 3974 Judaei.
713 3924 772 3970 ut
825 3917 994 3985 siquis
1031 3930 1156 3968 etim
1211 3912 1672 3985 coiiﬁteretiir(a)

102 3983 334 4067 Christum
365 3991 436 4067 1-.
461 3999 626 4046 extra
661 3983 993 4067 synagogam
1029 3989 1200 4067 lieret.
1243 3987 1538 4067 Propterea
1573 3983 1670 4067 pa;-

105 4069 246 4114 reutes
263 4057 672 4130 ejusdixeruut.
687 4057 824 4128 Quia
843 4069 1077 4130 aetatem
1097 4057 1278 4130 habet.
1296 4058 1472 4124 ipsum
1505 4057 1676 4110 inter—

98 4141 264 4198 rogate.
293 4128 646 4190 Vocaveruut
664 4147 1036 4210 ergiirursum
1065 4128 1342 4210 hominem
1373 4131 1462 4198 qui
1501 4129 1675 4210 fuerat

99 4212 276 4280 aecus.
301 4219 356 4262 et
383 4207 650 4262 dixerunt
695 4203 746 4258 ei
785 4203 861 4256 Da
891 4203 1116 4280 gloriam
1149 4199 1284 4256 Deo.
1327 4217 1428 4254 uos
1470 4199 1675 4280 scimus

99 4272 192 4338 quia
219 4275 298 4330 hic
321 4277 487 4334 boum
522 4285 778 4346 peccator
811 4271 914 4329 est.
943 4273 1040 4328 Ille
1071 4283 1248 4346 autem
1273 4271 1578 4336 respondit.
1615 4271 1672 4326 Si

96 4355 308 4408 Dect-ator
333 4361 414 4404 est
447 4344 667 4404 nescio.
695 4362 858 4400 unum
881 4347 1014 4402 scio.
1047 4344 1168 4412 quia
1195 4359 1390 4400 caecus
1421 4359 1593 4398 eram.
1619 4351 1676 4398 et

97 4417 226 4471 modo
249 4420 426 4476 video.
455 4421 726 4476 Dixerunt
745 4433 876 4488 ergo
903 4418 952 4473 ei
987 4418 1200 4470 iterum.
1225 4414 1364 4482 Quid
1389 4413 1516 4488 fecit
1553 4414 1672 4468 tibi.

91 4491 324 4562 quomodo
361 4495 460 4550 tibi
493 4492 715 4562 aperuit
743 4487 951 4562 oculos.
981 4488 1286 4562 lieSpnutlit
1313 4487 1676 4562 eis.Dixi_vo-

91 4557 154 4611 bis
181 4560 309 4642 jam.
329 4575 388 4619 et
425 4557 550 4622 uiui
575 4563 824 4642 audistis.
861 4560 994 4642 quid
1025 4559 1218 4642 ἣξει-[11η
1252 4559 1415 4642 vultis
1445 4557 1670 4642 audire.

91 4635 313 4703 nutuqaid
337 4648 396 4692 et
419 4651 526 4692 vos
551 4635 715 4690 vultis
737 4629 990 4704 discipuli
1017 4630 1136 4702 ejus
1157 4631 1298 4686 ﬁeri.
1329 4629 1411 4684 Ad
1443 4629 1528 4684 illi
1557 4644 1675 4682 ma-

1349 4741 1590 4801 CODEX
1627 4741 2106 4801 CORBEIENSIS.

1781 3839 2089 3896 ledixerunt
2119 3857 2240 3918 eum
2272 3849 2328 3918 et
2351 3843 2642 3918 dixerunt.
2683 3845 2764 3901 Tu
2805 3846 3216 3918 sisiiliscipulus
3249 3847 3388 3918 ejus.

1783 3929 1883 3988 nos
1913 3925 2092 3988 autem
2131 3913 2300 3984 Moysi
2331 3917 2580 3988 discipuli
2617 3933 2827 3974 sumus.
2859 3917 2970 3972 Nos
3005 3913 3230 3972 scimus.
3265 3913 3390 3988 quia

1781 3987 1953 4058 Moysi
1985 3987 2196 4040 loculus
2225 3997 2309 4041 est
2351 3987 2513 4043 Deus.
2550 3989 2694 4044 hunc
2728 4003 2908 4044 autem
2949 3991 3224 4044 nescimus
3251 3987 3392 4046 unde

1781 4059 1872 4112 sit.
1907 4058 2206 4128 Respondit
2236 4059 2330 4114 ille
2359 4059 2543 4113 hoino.
2571 4075 2636 4115 -ει
2677 4061 2814 4116 ᾱικίι
2853 4063 2951 4115 eis.
2995 4061 3051 4115 lu
3104 4062 3207 4116 hoc
3247 4065 3390 4117 enim

1783 4129 2032 4204 mirabili:
2075 4142 2174 4184 est.
2220 4131 2344 4200 quia
2385 4147 2484 4186 vos
2515 4132 2742 4188 nescitis
2782 4135 2922 4187 unde
2961 4134 3053 4188 sit.
3099 4145 3150 4188 et
3183 4136 3396 4204 aperuit

1782 4203 1970 4255 oculos
2013 4217 2182 4256 IIIBOS.
2213 4211 2416 4258 scimus
2454 4215 2658 4259 autem.
2701 4209 2824 4274 quia
2867 4203 3394 4276 peccatores.Deus

1781 4287 1890 4326 nou
1920 4276 2160 4347 exaudit.
2205 4281 2304 4347 sed
2336 4277 2505 4347 siquis
2549 4277 2642 4331 Dei
2689 4279 2867 4332 cultor
2908 4291 3012 4331 est.
3055 4290 3110 4332 et
3147 4279 3406 4344 volunta-q

1783 4353 1890 4398 tem
1913 4345 2030 4414 ejus
2069 4346 2212 4401 iacit.
2247 4345 2664 4403 lmuc'exaudit.
2700 4354 2739 4402 A
2779 4349 3019 4404 saeculo.
3053 4365 3156 4402 non
3185 4361 3268 4404 est
3295 4366 3393 4404 au-

1781 4415 1973 4491 ditum.
1997 4419 2124 4486 quia
2169 4422 2374 4485 aperuit
2405 4423 2527 4490 quis
2550 4423 2740 4475 oculos
2761 4423 2909 4476 caeci
2935 4423 3068 4476 uati.
3112 4421 3224 4476 Nisi
3259 4435 3390 4491 ergo

1783 4489 1871 4542 liic
1897 4497 2044 4562 esset
2083 4507 2110 4544 a
2141 4491 2270 4546 Deo.
2313 4489 2432 4546 non
2455 4501 2660 4562 poterat
2705 4494 2884 4547 facere
2911 4495 3221 4562 qumquam.
3259 4489 3394 4546 lies-

1785 4561 2087 4628 pouderuut
2119 4575 2173 4618 et
2213 4561 2468 4618 dixerunt
2495 4566 2567 4620 ei.
2599 4565 2656 4619 In
2687 4561 3110 4635 peccatis’uatus
3139 4579 3198 4618 es
3223 4574 3386 4620 totus.

1858 4858 1950 4914 25.
1995 4859 2118 4930 quia
2147 4873 2342 4915 caecus
2371 4875 2543 4928 eram,
2577 4870 2631 4919 et
2659 4862 2820 4920 modo
2847 4863 3028 4920 video.

1859 4933 1950 4988 52.
1992 4936 2034 4986 A
2064 4934 2285 4988 saeculo
2311 4949 2586 5008 nunquam
2613 4935 2854 4992 auditum
2884 4943 2986 5000 est,

1319 5097 1724 5158 VARIANTES
1759 5093 2168 5154 LECTIONES.

1785 5215 1917 5266 hunc
1939 5212 2227 5284 exaudivit;
2237 5215 2356 5264 Mm.
2385 5212 2521 5264 Deus
2538 5226 2633 5284 non
2654 5214 2921 5284 exaudivit,
2939 5217 3030 5284 sed
3044 5217 3268 5284 quiejus
3285 5219 3394 5270 culo

79 5283 146 5341 Qui
167 5295 266 5337 erat
286 5275 507 5352 caé'cus.
537 5289 678 5352 Vulg.
702 5275 828 5349 ergo
855 5297 1050 5335 rursum
1080 5275 1330 5332 hominem
1349 5321 1364 5346 ,
1391 5285 1477 5344 qui
1517 5279 1682 5330 fuerat
1787 5285 1864 5352 tor
1889 5284 1982 5326 est.
2017 5275 2166 5352 Υιιρρ.
2190 5277 2326 5327 Deus
2351 5289 2447 5326 non
2467 5277 2620 5336 audit,
2647 5277 2736 5328 sed
2758 5281 2800 5329 si
2826 5275 2936 5342 quis
2960 5275 3235 5332 Dei'cultor
3253 5291 3392 5336 est...

77 5355 284 5414 caecus...
311 5353 432 5414 quia
459 5351 546 5399 hic
566 5350 728 5400 homo.

133 5407 150 5473 ξ
182 5409 284 5462 Gal.
313 5407 360 5462 ἐι
381 5415 518 5462 Mm.
545 5420 653 5462 tuos
674 5411 875 5473 oculos?
901 5407 1047 5473 Vulg.
1073 5408 1162 5460 tibi
1183 5407 1354 5473 oculos
1373 5407 1399 5458 ἵ

131 5469 150 5500 ³
180 5473 280 5527 Gal.
309 5483 364 5526 et
386 5489 456 5526 uo

129 5531 150 5562 ⁸
179 5535 281 5588 Gal.
325 5553 432 5590 non
475 5539 731 5590 exaudivit
765 5531 1044 5588 Deu'szsed
1081 5535 1170 5600 qui
1206 5534 1316 5597 ejus
1351 5531 1510 5584 cultor
1533 5535 1675 5582 est...

1416 5633 1794 5694 BLANCIIINI
1833 5633 2065 5692 NOTE.

461 5487 496 5524 n
518 5476 737 5526 audistis.
770 5471 916 5538 frug.
943 5471 1241 5538 et‘audistis.

1789 5341 1920 5390 liunc
1943 5330 2164 5390 exaudii.

1787 5405 1876 5517 tu;
1889 5403 2016 5516 etim.
2037 5411 2089 5457 et
2110 5405 2232 5455 Mm.
2257 5401 2315 5454 In
2337 5406 2538 5466 peccato
2555 5409 2699 5454 nauis
2721 5417 2796 5466 es.
2827 5405 2972 5472 Vulg.
2995 5405 3054 5457 In
3075 5412 3291 5472 peccatis
3309 5423 3394 5460 uad

135 5739 208 5810 (α)
259 5745 406 5800 Ante
451 5739 748 5810 Christum,
801 5739 957 5796 deest
991 5753 1126 5802 esse,
1167 5735 1370 5810 pariter
1409 5733 1466 5790 in
1507 5741 1640 5810 text.
1666 5729 1948 5802 Gr.-—-(b)
1991 5731 2132 5786 Ante
2175 5727 2297 5796 ille,
2343 5727 2498 5786 deest
2541 5728 2652 5798 eis,
2702 5729 2866 5788 etiam
2911 5731 2964 5788 in
3015 5739 3145 5791 text.
3197 5731 3294 5791 Gr.
3329 5763 3392 5776 -—

81 5815 138 5882 te)
174 5806 302 5872 Post
323 5814 490 5882 dixit,
533 5806 868 5870 desideratur
900 5811 996 5878 eis,
1023 5812 1074 5865 in
1107 5809 1232 5864 cod.
1261 5822 1478 5878 quoque
1500 5806 1658 5861 Cant.
