  <div class='ocr_page' id='page_1' title='image "/cluster/home/n/w/nwhite01/storage/ocr_20150623/12/hvd.32044015471980/221.png"; bbox 0 0 3874 6326; ppageno 0'>
   <div class='ocr_carea' id='block_1_1' title="bbox 481 288 590 346">
    <p class='ocr_par' dir='ltr' id='par_1_1' title="bbox 481 288 590 346">
     <span class='ocr_line' id='line_1_1' title="bbox 481 288 590 346; baseline 0.009 -1"><span class='ocrx_word' id='word_1_1' title='bbox 481 288 590 346; x_wconf 65' lang='grc'><strong>425</strong></span> 
     </span>
    </p>
   </div>
   <div class='ocr_carea' id='block_1_2' title="bbox 875 399 1685 460">
    <p class='ocr_par' dir='ltr' id='par_1_2' title="bbox 875 399 1685 460">
     <span class='ocr_line' id='line_1_2' title="bbox 875 399 1685 460; baseline -0.005 -2"><span class='ocrx_word' id='word_1_2' title='bbox 875 399 1109 460; x_wconf 82' lang='lat' dir='ltr'><strong>CODEX</strong></span> <span class='ocrx_word' id='word_1_3' title='bbox 1144 399 1685 460; x_wconf 79' lang='lat' dir='ltr'><strong>VERCELLENSIS.</strong></span> 
     </span>
    </p>
   </div>
   <div class='ocr_carea' id='block_1_3' title="bbox 483 493 1616 563">
    <p class='ocr_par' dir='ltr' id='par_1_3' title="bbox 483 493 1616 563">
     <span class='ocr_line' id='line_1_3' title="bbox 483 493 1616 563; baseline -0.006 -9"><span class='ocrx_word' id='word_1_4' title='bbox 483 504 540 555; x_wconf 90' lang='lat' dir='ltr'><strong>ct</strong></span> <span class='ocrx_word' id='word_1_5' title='bbox 569 505 622 554; x_wconf 87' lang='lat' dir='ltr'><strong>tu</strong></span> <span class='ocrx_word' id='word_1_6' title='bbox 646 496 810 553; x_wconf 89' lang='lat' dir='ltr'><strong>doces</strong></span> <span class='ocrx_word' id='word_1_7' title='bbox 1317 495 1452 563; x_wconf 83' lang='lat' dir='ltr'><strong>Quia</strong></span> <span class='ocrx_word' id='word_1_8' title='bbox 1479 493 1616 548; x_wconf 87' lang='lat' dir='ltr'><strong>vidi-</strong></span> 
     </span>
    </p>
   </div>
   <div class='ocr_carea' id='block_1_4' title="bbox 422 563 1771 625">
    <p class='ocr_par' dir='ltr' id='par_1_4' title="bbox 422 563 1771 625">
     <span class='ocr_line' id='line_1_4' title="bbox 422 563 1771 625; baseline -0.003 -2"><span class='ocrx_word' id='word_1_9' title='bbox 422 563 430 572; x_wconf 84' lang='grc'><strong>’</strong></span> <span class='ocrx_word' id='word_1_10' title='bbox 483 569 624 625; x_wconf 88' lang='lat' dir='ltr'><strong>nos?</strong></span> <span class='ocrx_word' id='word_1_11' title='bbox 1318 582 1460 624; x_wconf 90' lang='lat' dir='ltr'><strong>mus.</strong></span> <span class='ocrx_word' id='word_1_12' title='bbox 1485 565 1771 621; x_wconf 74' lang='lat' dir='ltr'><strong>Peccatum</strong></span> 
     </span>
    </p>
   </div>
   <div class='ocr_carea' id='block_1_5' title="bbox 484 639 1716 711">
    <p class='ocr_par' dir='ltr' id='par_1_5' title="bbox 484 639 1716 711">
     <span class='ocr_line' id='line_1_5' title="bbox 484 639 1716 711; baseline -0.004 -15"><span class='ocrx_word' id='word_1_13' title='bbox 484 639 556 696; x_wconf 92' lang='lat' dir='ltr'><strong>Et</strong></span> <span class='ocrx_word' id='word_1_14' title='bbox 581 641 856 711; x_wconf 76' lang='lat' dir='ltr'><strong>eiecerunt</strong></span> <span class='ocrx_word' id='word_1_15' title='bbox 1317 653 1448 710; x_wconf 77' lang='lat' dir='ltr'><strong>ergo</strong></span> <span class='ocrx_word' id='word_1_16' title='bbox 1477 646 1716 711; x_wconf 85' lang='lat' dir='ltr'><strong>vestrum</strong></span> 
     </span>
    </p>
   </div>
   <div class='ocr_carea' id='block_1_6' title="bbox 483 709 1708 767">
    <p class='ocr_par' dir='ltr' id='par_1_6' title="bbox 483 709 1708 767">
     <span class='ocr_line' id='line_1_6' title="bbox 483 709 1708 767; baseline -0.002 -1"><span class='ocrx_word' id='word_1_17' title='bbox 483 709 634 767; x_wconf 88' lang='lat' dir='ltr'><strong>illum</strong></span> <span class='ocrx_word' id='word_1_18' title='bbox 665 713 815 766; x_wconf 82' lang='lat' dir='ltr'><strong>foris.</strong></span> <span class='ocrx_word' id='word_1_19' title='bbox 1319 709 1503 766; x_wconf 89' lang='lat' dir='ltr'><strong>manet</strong></span> <span class='ocrx_word' id='word_1_20' title='bbox 1531 709 1585 764; x_wconf 92' lang='lat' dir='ltr'><strong>in</strong></span> <span class='ocrx_word' id='word_1_21' title='bbox 1614 723 1708 764; x_wconf 89' lang='lat' dir='ltr'><strong>vo-</strong></span> 
     </span>
    </p>
   </div>
   <div class='ocr_carea' id='block_1_7' title="bbox 483 782 1422 868">
    <p class='ocr_par' dir='ltr' id='par_1_7' title="bbox 483 782 1422 868">
     <span class='ocr_line' id='line_1_7' title="bbox 483 782 1422 868; baseline 0.001 -31"><span class='ocrx_word' id='word_1_22' title='bbox 483 782 573 868; x_wconf 65' lang='lat'><strong>55.</strong></span> <span class='ocrx_word' id='word_1_23' title='bbox 615 784 835 866; x_wconf 78' lang='lat' dir='ltr'><strong>Audivit</strong></span> <span class='ocrx_word' id='word_1_24' title='bbox 860 783 1020 841; x_wconf 80' lang='lat' dir='ltr'><strong>Jesus</strong></span> <span class='ocrx_word' id='word_1_25' title='bbox 1321 783 1422 839; x_wconf 89' lang='lat' dir='ltr'><strong>bis.</strong></span> 
     </span>
    </p>
   </div>
   <div class='ocr_carea' id='block_1_8' title="bbox 481 871 1873 930">
    <p class='ocr_par' dir='ltr' id='par_1_8' title="bbox 481 871 1873 930">
     <span class='ocr_line' id='line_1_8' title="bbox 481 871 1873 930; baseline 0.002 -5"><span class='ocrx_word' id='word_1_26' title='bbox 481 871 603 925; x_wconf 65' lang='lat' dir='ltr'><strong>(lum</strong></span> <span class='ocrx_word' id='word_1_27' title='bbox 633 871 809 926; x_wconf 59' lang='grc' dir='ltr'><strong>εμπε-</strong></span> <span class='ocrx_word' id='word_1_28' title='bbox 835 928 844 930; x_wconf 97' lang='lat'><em>_</em></span> <span class='ocrx_word' id='word_1_29' title='bbox 1531 871 1712 930; x_wconf 82' lang='lat' dir='ltr'><strong>CAPU</strong></span> <span class='ocrx_word' id='word_1_30' title='bbox 1725 871 1767 928; x_wconf 92' lang='grc' dir='ltr'>Τ</span> <span class='ocrx_word' id='word_1_31' title='bbox 1804 871 1873 929; x_wconf 82' lang='grc' dir='ltr'><strong>Χ.</strong></span> 
     </span>
    </p>
   </div>
   <div class='ocr_carea' id='block_1_9' title="bbox 486 928 943 984">
    <p class='ocr_par' dir='ltr' id='par_1_9' title="bbox 486 928 943 984">
     <span class='ocr_line' id='line_1_9' title="bbox 486 928 943 984; baseline 0.002 -2"><span class='ocrx_word' id='word_1_32' title='bbox 486 928 943 984; x_wconf 88' lang='lat' dir='ltr'><strong>..un..lum</strong></span> 
     </span>
    </p>
   </div>
   <div class='ocr_carea' id='block_1_10' title="bbox 478 997 1031 1072">
    <p class='ocr_par' dir='ltr' id='par_1_10' title="bbox 478 997 1031 1072">
     <span class='ocr_line' id='line_1_10' title="bbox 478 997 1031 1072; baseline 0.007 -19"><span class='ocrx_word' id='word_1_33' title='bbox 478 997 621 1072; x_wconf 78' lang='lat' dir='ltr'><strong>foris</strong></span> <span class='ocrx_word' id='word_1_34' title='bbox 631 1016 657 1072; x_wconf 85' lang='lat'><strong>_:</strong></span> <span class='ocrx_word' id='word_1_35' title='bbox 688 999 762 1072; x_wconf 85' lang='grc' dir='ltr'><strong>(α)</strong></span> <span class='ocrx_word' id='word_1_36' title='bbox 786 1008 842 1056; x_wconf 90' lang='lat' dir='ltr'><strong>et</strong></span> <span class='ocrx_word' id='word_1_37' title='bbox 873 1001 1031 1057; x_wconf 75' lang='lat' dir='ltr'><strong>inve-</strong></span> 
     </span>
    </p>
   </div>
   <div class='ocr_carea' id='block_1_11' title="bbox 481 1069 853 1136">
    <p class='ocr_par' dir='ltr' id='par_1_11' title="bbox 481 1069 853 1136">
     <span class='ocr_line' id='line_1_11' title="bbox 481 1069 853 1136; baseline 0.003 -10"><span class='ocrx_word' id='word_1_38' title='bbox 481 1071 563 1126; x_wconf 90' lang='lat' dir='ltr'><strong>nit</strong></span> <span class='ocrx_word' id='word_1_39' title='bbox 591 1069 766 1136; x_wconf 81' lang='lat' dir='ltr'><strong>illum,</strong></span> <span class='ocrx_word' id='word_1_40' title='bbox 798 1081 853 1127; x_wconf 90' lang='lat' dir='ltr'><strong>et</strong></span> 
     </span>
    </p>
   </div>
   <div class='ocr_carea' id='block_1_12' title="bbox 479 1141 946 1213">
    <p class='ocr_par' dir='ltr' id='par_1_12' title="bbox 479 1141 946 1213">
     <span class='ocr_line' id='line_1_12' title="bbox 479 1141 946 1213; baseline -0.002 -16"><span class='ocrx_word' id='word_1_41' title='bbox 479 1141 618 1197; x_wconf 90' lang='lat' dir='ltr'><strong>dixit</strong></span> <span class='ocrx_word' id='word_1_42' title='bbox 644 1142 683 1213; x_wconf 69' lang='grc' dir='ltr'><strong>-ξ-</strong></span> <span class='ocrx_word' id='word_1_43' title='bbox 708 1143 783 1197; x_wconf 91' lang='lat' dir='ltr'><strong>illi</strong></span> <span class='ocrx_word' id='word_1_44' title='bbox 819 1161 832 1196; x_wconf 73' lang='grc' dir='ltr'>ε</span> <span class='ocrx_word' id='word_1_45' title='bbox 864 1142 946 1198; x_wconf 90' lang='lat' dir='ltr'><strong>Tu</strong></span> 
     </span>
    </p>
   </div>
   <div class='ocr_carea' id='block_1_13' title="bbox 478 1213 896 1269">
    <p class='ocr_par' dir='ltr' id='par_1_13' title="bbox 478 1213 896 1269">
     <span class='ocr_line' id='line_1_13' title="bbox 478 1213 896 1269; baseline 0.002 -1"><span class='ocrx_word' id='word_1_46' title='bbox 478 1213 657 1268; x_wconf 89' lang='lat' dir='ltr'><strong>credis</strong></span> <span class='ocrx_word' id='word_1_47' title='bbox 681 1214 732 1268; x_wconf 93' lang='lat' dir='ltr'><strong>in</strong></span> <span class='ocrx_word' id='word_1_48' title='bbox 766 1213 896 1269; x_wconf 87' lang='lat' dir='ltr'><strong>Fili—</strong></span> 
     </span>
    </p>
   </div>
   <div class='ocr_carea' id='block_1_14' title="bbox 479 1283 733 1340">
    <p class='ocr_par' dir='ltr' id='par_1_14' title="bbox 479 1283 733 1340">
     <span class='ocr_line' id='line_1_14' title="bbox 479 1283 733 1340; baseline 0.008 -2"><span class='ocrx_word' id='word_1_49' title='bbox 479 1299 568 1338; x_wconf 90' lang='lat' dir='ltr'><strong>um</strong></span> <span class='ocrx_word' id='word_1_50' title='bbox 597 1283 733 1340; x_wconf 85' lang='lat' dir='ltr'><strong>Dei?</strong></span> 
     </span>
    </p>
   </div>
   <div class='ocr_carea' id='block_1_15' title="bbox 478 1355 1125 1428">
    <p class='ocr_par' dir='ltr' id='par_1_15' title="bbox 478 1355 1125 1428">
     <span class='ocr_line' id='line_1_15' title="bbox 478 1355 1125 1428; baseline 0.003 -18"><span class='ocrx_word' id='word_1_51' title='bbox 478 1355 570 1411; x_wconf 77' lang='lat'><strong>56.</strong></span> <span class='ocrx_word' id='word_1_52' title='bbox 613 1355 914 1428; x_wconf 75' lang='lat' dir='ltr'><strong>Respondit</strong></span> <span class='ocrx_word' id='word_1_53' title='bbox 943 1375 958 1412; x_wconf 88' lang='lat'><strong>:</strong></span> <span class='ocrx_word' id='word_1_54' title='bbox 992 1355 1125 1425; x_wconf 86' lang='lat' dir='ltr'><strong>Quis</strong></span> 
     </span>
    </p>
   </div>
   <div class='ocr_carea' id='block_1_16' title="bbox 478 1427 961 1496">
    <p class='ocr_par' dir='ltr' id='par_1_16' title="bbox 478 1427 961 1496">
     <span class='ocr_line' id='line_1_16' title="bbox 478 1427 961 1496; baseline 0.006 -14"><span class='ocrx_word' id='word_1_55' title='bbox 478 1435 586 1488; x_wconf 86' lang='lat' dir='ltr'><strong>est,</strong></span> <span class='ocrx_word' id='word_1_56' title='bbox 617 1427 875 1496; x_wconf 88' lang='lat' dir='ltr'><strong>Domine,</strong></span> <span class='ocrx_word' id='word_1_57' title='bbox 900 1438 961 1485; x_wconf 91' lang='lat' dir='ltr'><strong>ut</strong></span> 
     </span>
    </p>
   </div>
   <div class='ocr_carea' id='block_1_17' title="bbox 477 1498 871 1624">
    <p class='ocr_par' dir='ltr' id='par_1_17' title="bbox 477 1498 871 1624">
     <span class='ocr_line' id='line_1_17' title="bbox 477 1498 871 1624; baseline 0.003 -70"><span class='ocrx_word' id='word_1_58' title='bbox 477 1498 694 1624; x_wconf 51' lang='lat' dir='ltr'><strong>creda’m</strong></span> <span class='ocrx_word' id='word_1_59' title='bbox 721 1501 776 1556; x_wconf 90' lang='lat' dir='ltr'><strong>in</strong></span> <span class='ocrx_word' id='word_1_60' title='bbox 806 1500 871 1555; x_wconf 84' lang='lat' dir='ltr'><strong>il-</strong></span> 
     </span>
    </p>
   </div>
   <div class='ocr_carea' id='block_1_18' title="bbox 477 1641 838 1698">
    <p class='ocr_par' dir='ltr' id='par_1_18' title="bbox 477 1641 838 1698">
     <span class='ocr_line' id='line_1_18' title="bbox 477 1641 838 1698; baseline 0.003 -2"><span class='ocrx_word' id='word_1_61' title='bbox 477 1641 838 1698; x_wconf 77' lang='lat' dir='ltr'><strong>37.Ai...</strong></span> 
     </span>
    </p>
   </div>
   <div class='ocr_carea' id='block_1_19' title="bbox 477 1713 838 1780">
    <p class='ocr_par' dir='ltr' id='par_1_19' title="bbox 477 1713 838 1780">
     <span class='ocr_line' id='line_1_19' title="bbox 477 1713 838 1780; baseline 0.008 -13"><span class='ocrx_word' id='word_1_62' title='bbox 477 1713 661 1770; x_wconf 88' lang='lat' dir='ltr'><strong>vidisti</strong></span> <span class='ocrx_word' id='word_1_63' title='bbox 687 1730 838 1780; x_wconf 92' lang='lat' dir='ltr'><strong>eum,</strong></span> 
     </span>
    </p>
   </div>
   <div class='ocr_carea' id='block_1_20' title="bbox 476 1785 850 1858">
    <p class='ocr_par' dir='ltr' id='par_1_20' title="bbox 476 1785 850 1858">
     <span class='ocr_line' id='line_1_20' title="bbox 476 1785 850 1858; baseline 0.008 -18"><span class='ocrx_word' id='word_1_64' title='bbox 476 1794 534 1841; x_wconf 84' lang='lat' dir='ltr'><strong>et</strong></span> <span class='ocrx_word' id='word_1_65' title='bbox 558 1786 649 1857; x_wconf 86' lang='lat' dir='ltr'><strong>qui</strong></span> <span class='ocrx_word' id='word_1_66' title='bbox 676 1785 850 1858; x_wconf 89' lang='lat' dir='ltr'><strong>loqui-</strong></span> 
     </span>
    </p>
   </div>
   <div class='ocr_carea' id='block_1_21' title="bbox 475 1865 916 1940">
    <p class='ocr_par' dir='ltr' id='par_1_21' title="bbox 475 1865 916 1940">
     <span class='ocr_line' id='line_1_21' title="bbox 475 1865 916 1940; baseline 0.005 -28"><span class='ocrx_word' id='word_1_67' title='bbox 475 1865 916 1940; x_wconf 74' lang='lat' dir='ltr'><strong>tur....m,</strong></span> 
     </span>
    </p>
   </div>
   <div class='ocr_carea' id='block_1_22' title="bbox 473 1943 950 2084">
    <p class='ocr_par' dir='ltr' id='par_1_22' title="bbox 473 1943 950 2084">
     <span class='ocr_line' id='line_1_22' title="bbox 474 1943 929 1998; baseline -0.002 -14"><span class='ocrx_word' id='word_1_68' title='bbox 474 1943 643 1998; x_wconf 84' lang='lat' dir='ltr'><strong>Ipsee</strong></span> <span class='ocrx_word' id='word_1_69' title='bbox 685 1969 699 1984; x_wconf 93' lang='lat'><strong>.</strong></span> <span class='ocrx_word' id='word_1_70' title='bbox 743 1967 758 1983; x_wconf 87' lang='lat'><strong>.</strong></span> <span class='ocrx_word' id='word_1_71' title='bbox 805 1971 820 1986; x_wconf 93' lang='lat'><strong>.</strong></span> <span class='ocrx_word' id='word_1_72' title='bbox 865 1959 929 1983; x_wconf 89' lang='lat'><strong>.-</strong></span> 
     </span>
     <span class='ocr_line' id='line_1_23' title="bbox 473 1999 950 2084; baseline 0 -28"><span class='ocrx_word' id='word_1_73' title='bbox 473 1999 563 2084; x_wconf 64' lang='grc' dir='ltr'><strong>ξ8.</strong></span> <span class='ocrx_word' id='word_1_74' title='bbox 604 1999 950 2084; x_wconf 62' lang='lat' dir='ltr'><strong>ximgredo,</strong></span> 
     </span>
    </p>
   </div>
   <div class='ocr_carea' id='block_1_23' title="bbox 473 2070 970 2145">
    <p class='ocr_par' dir='ltr' id='par_1_23' title="bbox 473 2070 970 2145">
     <span class='ocr_line' id='line_1_24' title="bbox 473 2070 970 2145; baseline 0.006 -20"><span class='ocrx_word' id='word_1_75' title='bbox 473 2070 723 2145; x_wconf 80' lang='lat' dir='ltr'><strong>Domine.</strong></span> <span class='ocrx_word' id='word_1_76' title='bbox 748 2072 816 2128; x_wconf 90' lang='lat' dir='ltr'><strong>Et</strong></span> <span class='ocrx_word' id='word_1_77' title='bbox 838 2072 970 2128; x_wconf 87' lang='lat' dir='ltr'><strong>ado-</strong></span> 
     </span>
    </p>
   </div>
   <div class='ocr_carea' id='block_1_24' title="bbox 473 2144 782 2200">
    <p class='ocr_par' dir='ltr' id='par_1_24' title="bbox 473 2144 782 2200">
     <span class='ocr_line' id='line_1_25' title="bbox 473 2144 782 2200; baseline 0.006 -4"><span class='ocrx_word' id='word_1_78' title='bbox 473 2144 614 2199; x_wconf 89' lang='lat' dir='ltr'><strong>ravit</strong></span> <span class='ocrx_word' id='word_1_79' title='bbox 638 2144 782 2200; x_wconf 90' lang='lat' dir='ltr'><strong>eum.</strong></span> 
     </span>
    </p>
   </div>
   <div class='ocr_carea' id='block_1_25' title="bbox 471 2213 1238 2297">
    <p class='ocr_par' dir='ltr' id='par_1_25' title="bbox 471 2213 1238 2297">
     <span class='ocr_line' id='line_1_26' title="bbox 471 2213 1238 2297; baseline -0.001 -27"><span class='ocrx_word' id='word_1_80' title='bbox 471 2214 563 2297; x_wconf 66' lang='lat'><strong>39.</strong></span> <span class='ocrx_word' id='word_1_81' title='bbox 602 2217 692 2270; x_wconf 87' lang='lat' dir='ltr'><strong>Ait</strong></span> <span class='ocrx_word' id='word_1_82' title='bbox 729 2214 893 2272; x_wconf 80' lang='lat' dir='ltr'><strong>Jesus</strong></span> <span class='ocrx_word' id='word_1_83' title='bbox 925 2237 939 2272; x_wconf 89' lang='lat'><strong>:</strong></span> <span class='ocrx_word' id='word_1_84' title='bbox 971 2215 1054 2271; x_wconf 88' lang='lat' dir='ltr'><strong>Ad</strong></span> <span class='ocrx_word' id='word_1_85' title='bbox 1084 2213 1238 2272; x_wconf 83' lang='lat' dir='ltr'><strong>Judi—</strong></span> 
     </span>
    </p>
   </div>
   <div class='ocr_carea' id='block_1_26' title="bbox 470 2300 870 2414">
    <p class='ocr_par' dir='ltr' id='par_1_26' title="bbox 470 2300 870 2414">
     <span class='ocr_line' id='line_1_27' title="bbox 470 2300 870 2358; baseline 0.008 -17"><span class='ocrx_word' id='word_1_86' title='bbox 470 2300 616 2342; x_wconf 90' lang='lat' dir='ltr'><strong>ctum</strong></span> <span class='ocrx_word' id='word_1_87' title='bbox 644 2302 747 2358; x_wconf 79' lang='lat' dir='ltr'><strong>ego</strong></span> <span class='ocrx_word' id='word_1_88' title='bbox 775 2302 870 2344; x_wconf 88' lang='lat' dir='ltr'><strong>ve-</strong></span> 
     </span>
     <span class='ocr_line' id='line_1_28' title="bbox 470 2357 788 2414; baseline 0.013 -3"><span class='ocrx_word' id='word_1_89' title='bbox 470 2357 529 2412; x_wconf 89' lang='lat' dir='ltr'><strong>ni</strong></span> <span class='ocrx_word' id='word_1_90' title='bbox 557 2361 610 2413; x_wconf 93' lang='lat' dir='ltr'><strong>ln</strong></span> <span class='ocrx_word' id='word_1_91' title='bbox 645 2361 788 2414; x_wconf 87' lang='lat' dir='ltr'><strong>hunc</strong></span> 
     </span>
    </p>
   </div>
   <div class='ocr_carea' id='block_1_27' title="bbox 469 2429 787 2486">
    <p class='ocr_par' dir='ltr' id='par_1_27' title="bbox 469 2429 787 2486">
     <span class='ocr_line' id='line_1_29' title="bbox 469 2429 787 2486; baseline 0.006 -2"><span class='ocrx_word' id='word_1_92' title='bbox 469 2429 735 2485; x_wconf 87' lang='lat' dir='ltr'><strong>mundum</strong></span> <span class='ocrx_word' id='word_1_93' title='bbox 773 2448 787 2486; x_wconf 91' lang='lat'><strong>:</strong></span> 
     </span>
    </p>
   </div>
   <div class='ocr_carea' id='block_1_28' title="bbox 1393 990 1866 1056">
    <p class='ocr_par' dir='ltr' id='par_1_28' title="bbox 1393 990 1866 1056">
     <span class='ocr_line' id='line_1_30' title="bbox 1393 990 1866 1056; baseline -0.004 -10"><span class='ocrx_word' id='word_1_94' title='bbox 1393 991 1445 1046; x_wconf 83' lang='grc'><strong>1.</strong></span> <span class='ocrx_word' id='word_1_95' title='bbox 1486 990 1683 1056; x_wconf 81' lang='lat' dir='ltr'><strong>Amen,</strong></span> <span class='ocrx_word' id='word_1_96' title='bbox 1708 1004 1866 1045; x_wconf 90' lang='lat' dir='ltr'><strong>amen</strong></span> 
     </span>
    </p>
   </div>
   <div class='ocr_carea' id='block_1_29' title="bbox 1320 1061 1665 1118">
    <p class='ocr_par' dir='ltr' id='par_1_29' title="bbox 1320 1061 1665 1118">
     <span class='ocr_line' id='line_1_31' title="bbox 1320 1061 1665 1118; baseline -0.006 0"><span class='ocrx_word' id='word_1_97' title='bbox 1320 1061 1442 1118; x_wconf 89' lang='lat' dir='ltr'><strong>dico</strong></span> <span class='ocrx_word' id='word_1_98' title='bbox 1465 1063 1621 1118; x_wconf 82' lang='lat' dir='ltr'><strong>vobis</strong></span> <span class='ocrx_word' id='word_1_99' title='bbox 1652 1079 1665 1116; x_wconf 95' lang='lat'>:</span> 
     </span>
    </p>
   </div>
   <div class='ocr_carea' id='block_1_30' title="bbox 1318 1133 1656 1206">
    <p class='ocr_par' dir='ltr' id='par_1_30' title="bbox 1318 1133 1656 1206">
     <span class='ocr_line' id='line_1_32' title="bbox 1318 1133 1656 1206; baseline 0 -18"><span class='ocrx_word' id='word_1_100' title='bbox 1318 1135 1411 1206; x_wconf 89' lang='lat' dir='ltr'><strong>qui</strong></span> <span class='ocrx_word' id='word_1_101' title='bbox 1437 1150 1542 1188; x_wconf 90' lang='lat' dir='ltr'><strong>non</strong></span> <span class='ocrx_word' id='word_1_102' title='bbox 1574 1133 1656 1206; x_wconf 80' lang='lat' dir='ltr'><strong>in-</strong></span> 
     </span>
    </p>
   </div>
   <div class='ocr_carea' id='block_1_31' title="bbox 1320 1204 1655 1276">
    <p class='ocr_par' dir='ltr' id='par_1_31' title="bbox 1320 1204 1655 1276">
     <span class='ocr_line' id='line_1_33' title="bbox 1320 1204 1655 1276; baseline -0.003 -16"><span class='ocrx_word' id='word_1_103' title='bbox 1320 1204 1549 1276; x_wconf 82' lang='lat' dir='ltr'><strong>tratper</strong></span> <span class='ocrx_word' id='word_1_104' title='bbox 1572 1204 1655 1275; x_wconf 87' lang='lat' dir='ltr'><strong>ja-</strong></span> 
     </span>
    </p>
   </div>
   <div class='ocr_carea' id='block_1_32' title="bbox 1320 1275 1762 1332">
    <p class='ocr_par' dir='ltr' id='par_1_32' title="bbox 1320 1275 1762 1332">
     <span class='ocr_line' id='line_1_34' title="bbox 1320 1275 1762 1332; baseline -0.002 -1"><span class='ocrx_word' id='word_1_105' title='bbox 1320 1275 1482 1332; x_wconf 84' lang='lat' dir='ltr'><strong>nuam</strong></span> <span class='ocrx_word' id='word_1_106' title='bbox 1509 1278 1529 1308; x_wconf 76' lang='grc'><strong>⁸</strong></span> <span class='ocrx_word' id='word_1_107' title='bbox 1561 1279 1617 1331; x_wconf 88' lang='lat' dir='ltr'><strong>in</strong></span> <span class='ocrx_word' id='word_1_108' title='bbox 1648 1275 1762 1330; x_wconf 90' lang='lat' dir='ltr'><strong>ovi-</strong></span> 
     </span>
    </p>
   </div>
   <div class='ocr_carea' id='block_1_33' title="bbox 1317 1347 1708 1414">
    <p class='ocr_par' dir='ltr' id='par_1_33' title="bbox 1317 1347 1708 1414">
     <span class='ocr_line' id='line_1_35' title="bbox 1317 1347 1708 1414; baseline -0.003 -12"><span class='ocrx_word' id='word_1_109' title='bbox 1317 1347 1369 1404; x_wconf 90' lang='lat' dir='ltr'><strong>le</strong></span> <span class='ocrx_word' id='word_1_110' title='bbox 1390 1351 1592 1414; x_wconf 90' lang='lat' dir='ltr'><strong>ovium,</strong></span> <span class='ocrx_word' id='word_1_111' title='bbox 1623 1355 1708 1402; x_wconf 89' lang='lat' dir='ltr'><strong>est</strong></span> 
     </span>
    </p>
   </div>
   <div class='ocr_carea' id='block_1_34' title="bbox 1315 1419 1822 1487">
    <p class='ocr_par' dir='ltr' id='par_1_34' title="bbox 1315 1419 1822 1487">
     <span class='ocr_line' id='line_1_36' title="bbox 1315 1419 1822 1487; baseline -0.002 -13"><span class='ocrx_word' id='word_1_112' title='bbox 1315 1420 1370 1474; x_wconf 75' lang='grc'><strong>2.</strong></span> <span class='ocrx_word' id='word_1_113' title='bbox 1411 1421 1570 1474; x_wconf 89' lang='lat' dir='ltr'><strong>latro.</strong></span> <span class='ocrx_word' id='word_1_114' title='bbox 1602 1419 1702 1487; x_wconf 86' lang='lat' dir='ltr'><strong>Qui</strong></span> <span class='ocrx_word' id='word_1_115' title='bbox 1728 1433 1822 1473; x_wconf 90' lang='lat' dir='ltr'><strong>au-</strong></span> 
     </span>
    </p>
   </div>
   <div class='ocr_carea' id='block_1_35' title="bbox 1319 1491 1743 1561">
    <p class='ocr_par' dir='ltr' id='par_1_35' title="bbox 1319 1491 1743 1561">
     <span class='ocr_line' id='line_1_37' title="bbox 1319 1491 1743 1561; baseline -0.002 -15"><span class='ocrx_word' id='word_1_116' title='bbox 1319 1499 1426 1546; x_wconf 91' lang='lat' dir='ltr'><strong>tem</strong></span> <span class='ocrx_word' id='word_1_117' title='bbox 1458 1491 1624 1545; x_wconf 90' lang='lat' dir='ltr'><strong>intrat</strong></span> <span class='ocrx_word' id='word_1_118' title='bbox 1649 1505 1743 1561; x_wconf 88' lang='lat' dir='ltr'><strong>per</strong></span> 
     </span>
    </p>
   </div>
   <div class='ocr_carea' id='block_1_36' title="bbox 1311 1561 1717 1632">
    <p class='ocr_par' dir='ltr' id='par_1_36' title="bbox 1311 1561 1717 1632">
     <span class='ocr_line' id='line_1_38' title="bbox 1311 1561 1717 1632; baseline 0 -15"><span class='ocrx_word' id='word_1_119' title='bbox 1311 1561 1558 1632; x_wconf 87' lang='lat' dir='ltr'><strong>januam,</strong></span> <span class='ocrx_word' id='word_1_120' title='bbox 1597 1578 1717 1631; x_wconf 86' lang='lat' dir='ltr'><strong>pas-</strong></span> 
     </span>
    </p>
   </div>
   <div class='ocr_carea' id='block_1_37' title="bbox 1319 1636 1747 1690">
    <p class='ocr_par' dir='ltr' id='par_1_37' title="bbox 1319 1636 1747 1690">
     <span class='ocr_line' id='line_1_39' title="bbox 1319 1636 1747 1690; baseline 0.002 -2"><span class='ocrx_word' id='word_1_121' title='bbox 1319 1643 1402 1690; x_wconf 88' lang='lat' dir='ltr'><strong>tor</strong></span> <span class='ocrx_word' id='word_1_122' title='bbox 1430 1644 1514 1690; x_wconf 88' lang='lat' dir='ltr'><strong>est</strong></span> <span class='ocrx_word' id='word_1_123' title='bbox 1539 1636 1747 1689; x_wconf 89' lang='lat' dir='ltr'><strong>ovium.</strong></span> 
     </span>
    </p>
   </div>
   <div class='ocr_carea' id='block_1_38' title="bbox 1313 1704 1839 1762">
    <p class='ocr_par' dir='ltr' id='par_1_38' title="bbox 1313 1704 1839 1762">
     <span class='ocr_line' id='line_1_40' title="bbox 1313 1704 1839 1762; baseline -0.004 -1"><span class='ocrx_word' id='word_1_124' title='bbox 1313 1705 1368 1761; x_wconf 79' lang='lat'><strong>5.</strong></span> <span class='ocrx_word' id='word_1_125' title='bbox 1410 1705 1547 1762; x_wconf 87' lang='lat' dir='ltr'><strong>Huic</strong></span> <span class='ocrx_word' id='word_1_126' title='bbox 1573 1705 1594 1736; x_wconf 84' lang='grc'>⁸</span> <span class='ocrx_word' id='word_1_127' title='bbox 1624 1704 1839 1760; x_wconf 91' lang='lat' dir='ltr'><strong>ostiari-</strong></span> 
     </span>
    </p>
   </div>
   <div class='ocr_carea' id='block_1_39' title="bbox 1317 1777 1782 1844">
    <p class='ocr_par' dir='ltr' id='par_1_39' title="bbox 1317 1777 1782 1844">
     <span class='ocr_line' id='line_1_41' title="bbox 1317 1777 1782 1844; baseline -0.002 -12"><span class='ocrx_word' id='word_1_128' title='bbox 1317 1818 1332 1832; x_wconf 98' lang='lat'><strong>.</strong></span> <span class='ocrx_word' id='word_1_129' title='bbox 1375 1817 1390 1834; x_wconf 93' lang='lat'><strong>.</strong></span> <span class='ocrx_word' id='word_1_130' title='bbox 1439 1818 1453 1833; x_wconf 95' lang='lat'><strong>.</strong></span> <span class='ocrx_word' id='word_1_131' title='bbox 1495 1777 1693 1844; x_wconf 86' lang='lat' dir='ltr'><strong>aperit,</strong></span> <span class='ocrx_word' id='word_1_132' title='bbox 1726 1785 1782 1832; x_wconf 92' lang='lat' dir='ltr'><strong>et</strong></span> 
     </span>
    </p>
   </div>
   <div class='ocr_carea' id='block_1_40' title="bbox 1316 1849 1769 1905">
    <p class='ocr_par' dir='ltr' id='par_1_40' title="bbox 1316 1849 1769 1905">
     <span class='ocr_line' id='line_1_42' title="bbox 1316 1849 1769 1905; baseline -0.002 -2"><span class='ocrx_word' id='word_1_133' title='bbox 1316 1890 1330 1903; x_wconf 95' lang='lat'><strong>.</strong></span> <span class='ocrx_word' id='word_1_134' title='bbox 1376 1889 1391 1904; x_wconf 94' lang='lat'><strong>.</strong></span> <span class='ocrx_word' id='word_1_135' title='bbox 1434 1889 1449 1905; x_wconf 98' lang='lat'><strong>.</strong></span> <span class='ocrx_word' id='word_1_136' title='bbox 1488 1865 1514 1904; x_wconf 90' lang='lat' dir='ltr'><strong>s</strong></span> <span class='ocrx_word' id='word_1_137' title='bbox 1541 1849 1769 1903; x_wconf 87' lang='lat' dir='ltr'><strong>audiunt</strong></span> 
     </span>
    </p>
   </div>
   <div class='ocr_carea' id='block_1_41' title="bbox 1316 1921 1751 1990">
    <p class='ocr_par' dir='ltr' id='par_1_41' title="bbox 1316 1921 1751 1990">
     <span class='ocr_line' id='line_1_43' title="bbox 1316 1921 1751 1990; baseline 0 -16"><span class='ocrx_word' id='word_1_138' title='bbox 1316 1959 1329 1974; x_wconf 94' lang='lat'><strong>.</strong></span> <span class='ocrx_word' id='word_1_139' title='bbox 1375 1961 1391 1976; x_wconf 93' lang='lat'><strong>.</strong></span> <span class='ocrx_word' id='word_1_140' title='bbox 1433 1935 1587 1976; x_wconf 89' lang='lat' dir='ltr'><strong>ocem</strong></span> <span class='ocrx_word' id='word_1_141' title='bbox 1611 1921 1751 1990; x_wconf 84' lang='lat' dir='ltr'><strong>ejus,</strong></span> 
     </span>
    </p>
   </div>
   <div class='ocr_carea' id='block_1_42' title="bbox 1315 2007 1681 2048">
    <p class='ocr_par' dir='ltr' id='par_1_42' title="bbox 1315 2007 1681 2048">
     <span class='ocr_line' id='line_1_44' title="bbox 1315 2007 1681 2048; baseline 0 -2"><span class='ocrx_word' id='word_1_142' title='bbox 1315 2033 1328 2046; x_wconf 90' lang='lat'><strong>.</strong></span> <span class='ocrx_word' id='word_1_143' title='bbox 1376 2035 1390 2048; x_wconf 90' lang='lat'><strong>.</strong></span> <span class='ocrx_word' id='word_1_144' title='bbox 1431 2008 1528 2047; x_wconf 84' lang='lat' dir='ltr'><strong>tias</strong></span> <span class='ocrx_word' id='word_1_145' title='bbox 1546 2007 1681 2047; x_wconf 76' lang='lat' dir='ltr'><strong>OVCS</strong></span> 
     </span>
    </p>
   </div>
   <div class='ocr_carea' id='block_1_43' title="bbox 1311 2063 1680 2147">
    <p class='ocr_par' dir='ltr' id='par_1_43' title="bbox 1311 2063 1680 2147">
     <span class='ocr_line' id='line_1_45' title="bbox 1311 2063 1680 2147; baseline -0.005 -27"><span class='ocrx_word' id='word_1_146' title='bbox 1311 2063 1526 2136; x_wconf 90' lang='lat' dir='ltr'><strong>propria</strong></span> <span class='ocrx_word' id='word_1_147' title='bbox 1534 2081 1573 2147; x_wconf 43' lang='grc' dir='ltr'><strong>δ.</strong></span> <span class='ocrx_word' id='word_1_148' title='bbox 1587 2079 1680 2118; x_wconf 85' lang='lat' dir='ltr'><strong>vo—</strong></span> 
     </span>
    </p>
   </div>
   <div class='ocr_carea' id='block_1_44' title="bbox 1310 2148 1675 2191">
    <p class='ocr_par' dir='ltr' id='par_1_44' title="bbox 1310 2148 1675 2191">
     <span class='ocr_line' id='line_1_46' title="bbox 1310 2148 1675 2191; baseline -0.008 0"><span class='ocrx_word' id='word_1_149' title='bbox 1310 2148 1398 2191; x_wconf 88' lang='lat' dir='ltr'><strong>cat</strong></span> <span class='ocrx_word' id='word_1_150' title='bbox 1427 2150 1675 2190; x_wconf 76' lang='lat' dir='ltr'><strong>DOIIIIHa-</strong></span> 
     </span>
    </p>
   </div>
   <div class='ocr_carea' id='block_1_45' title="bbox 1309 2206 1694 2272">
    <p class='ocr_par' dir='ltr' id='par_1_45' title="bbox 1309 2206 1694 2272">
     <span class='ocr_line' id='line_1_47' title="bbox 1309 2206 1694 2272; baseline -0.008 -9"><span class='ocrx_word' id='word_1_151' title='bbox 1309 2207 1431 2272; x_wconf 88' lang='lat' dir='ltr'><strong>tim,</strong></span> <span class='ocrx_word' id='word_1_152' title='bbox 1463 2216 1519 2262; x_wconf 92' lang='lat' dir='ltr'><strong>et</strong></span> <span class='ocrx_word' id='word_1_153' title='bbox 1543 2206 1694 2261; x_wconf 87' lang='lat' dir='ltr'><strong>ducit</strong></span> 
     </span>
    </p>
   </div>
   <div class='ocr_carea' id='block_1_46' title="bbox 1306 2278 1786 2334">
    <p class='ocr_par' dir='ltr' id='par_1_46' title="bbox 1306 2278 1786 2334">
     <span class='ocr_line' id='line_1_48' title="bbox 1306 2278 1786 2334; baseline -0.006 -1"><span class='ocrx_word' id='word_1_154' title='bbox 1306 2278 1364 2334; x_wconf 73' lang='grc'><strong>4.</strong></span> <span class='ocrx_word' id='word_1_155' title='bbox 1406 2279 1543 2333; x_wconf 79' lang='lat' dir='ltr'><strong>illus.</strong></span> <span class='ocrx_word' id='word_1_156' title='bbox 1571 2279 1639 2332; x_wconf 82' lang='lat' dir='ltr'><strong>Et</strong></span> <span class='ocrx_word' id='word_1_157' title='bbox 1665 2291 1786 2332; x_wconf 90' lang='lat' dir='ltr'><strong>cum</strong></span> 
     </span>
    </p>
   </div>
   <div class='ocr_carea' id='block_1_47' title="bbox 1308 2347 1824 2421">
    <p class='ocr_par' dir='ltr' id='par_1_47' title="bbox 1308 2347 1824 2421">
     <span class='ocr_line' id='line_1_49' title="bbox 1308 2347 1824 2421; baseline -0.002 -16"><span class='ocrx_word' id='word_1_158' title='bbox 1308 2364 1438 2406; x_wconf 87' lang='lat' dir='ltr'><strong>suas</strong></span> <span class='ocrx_word' id='word_1_159' title='bbox 1465 2349 1536 2421; x_wconf 79' lang='grc' dir='ltr'><strong>(ο)</strong></span> <span class='ocrx_word' id='word_1_160' title='bbox 1566 2363 1757 2404; x_wconf 89' lang='lat' dir='ltr'><strong>omnes</strong></span> <span class='ocrx_word' id='word_1_161' title='bbox 1783 2347 1824 2417; x_wconf 74' lang='grc' dir='ltr'><strong>-ι-</strong></span> 
     </span>
    </p>
   </div>
   <div class='ocr_carea' id='block_1_48' title="bbox 1312 2421 1716 2493">
    <p class='ocr_par' dir='ltr' id='par_1_48' title="bbox 1312 2421 1716 2493">
     <span class='ocr_line' id='line_1_50' title="bbox 1312 2421 1716 2493; baseline -0.002 -16"><span class='ocrx_word' id='word_1_162' title='bbox 1312 2421 1558 2493; x_wconf 82' lang='lat' dir='ltr'><strong>ejecerit,</strong></span> <span class='ocrx_word' id='word_1_163' title='bbox 1590 2429 1716 2493; x_wconf 86' lang='lat' dir='ltr'><strong>ante</strong></span> 
     </span>
    </p>
   </div>
   <div class='ocr_carea' id='block_1_49' title="bbox 883 1641 1244 1702">
    <p class='ocr_par' dir='ltr' id='par_1_49' title="bbox 883 1641 1244 1702">
     <span class='ocr_line' id='line_1_51' title="bbox 883 1641 1244 1702; baseline -0.014 0"><span class='ocrx_word' id='word_1_164' title='bbox 883 1681 900 1702; x_wconf 93' lang='lat'><strong>.</strong></span> <span class='ocrx_word' id='word_1_165' title='bbox 932 1641 1244 1700; x_wconf 78' lang='lat' dir='ltr'><strong>iJesuszEt</strong></span> 
     </span>
    </p>
   </div>
   <div class='ocr_carea' id='block_1_50' title="bbox 471 2492 1795 2572">
    <p class='ocr_par' dir='ltr' id='par_1_50' title="bbox 471 2492 1795 2572">
     <span class='ocr_line' id='line_1_52' title="bbox 471 2492 1795 2572; baseline -0.006 -16"><span class='ocrx_word' id='word_1_166' title='bbox 471 2509 532 2556; x_wconf 87' lang='lat' dir='ltr'><strong>ut</strong></span> <span class='ocrx_word' id='word_1_167' title='bbox 558 2502 652 2572; x_wconf 90' lang='lat' dir='ltr'><strong>qui</strong></span> <span class='ocrx_word' id='word_1_168' title='bbox 678 2517 786 2558; x_wconf 93' lang='lat' dir='ltr'><strong>non</strong></span> <span class='ocrx_word' id='word_1_169' title='bbox 1316 2492 1353 2549; x_wconf 33' lang='lat'><strong>.’</strong></span> <span class='ocrx_word' id='word_1_170' title='bbox 1377 2530 1392 2547; x_wconf 94' lang='lat'><strong>.</strong></span> <span class='ocrx_word' id='word_1_171' title='bbox 1433 2493 1533 2548; x_wconf 91' lang='lat' dir='ltr'><strong>llas</strong></span> <span class='ocrx_word' id='word_1_172' title='bbox 1556 2492 1720 2558; x_wconf 84' lang='lat' dir='ltr'><strong>vadit,</strong></span> <span class='ocrx_word' id='word_1_173' title='bbox 1738 2499 1795 2548; x_wconf 91' lang='lat' dir='ltr'><strong>et</strong></span> 
     </span>
    </p>
   </div>
   <div class='ocr_carea' id='block_1_51' title="bbox 473 2573 1757 2630">
    <p class='ocr_par' dir='ltr' id='par_1_51' title="bbox 473 2573 1757 2630">
     <span class='ocr_line' id='line_1_53' title="bbox 473 2573 1757 2630; baseline -0.009 -2"><span class='ocrx_word' id='word_1_174' title='bbox 473 2573 989 2630; x_wconf 87' lang='lat' dir='ltr'><strong>viden.....-</strong></span> <span class='ocrx_word' id='word_1_175' title='bbox 1318 2579 1757 2620; x_wconf 86' lang='lat' dir='ltr'><strong>..eseumse-</strong></span> 
     </span>
    </p>
   </div>
   <div class='ocr_carea' id='block_1_52' title="bbox 471 2636 1790 2704">
    <p class='ocr_par' dir='ltr' id='par_1_52' title="bbox 471 2636 1790 2704">
     <span class='ocr_line' id='line_1_54' title="bbox 471 2636 1790 2704; baseline -0.008 -4"><span class='ocrx_word' id='word_1_176' title='bbox 471 2651 1037 2701; x_wconf 88' lang='lat' dir='ltr'><strong>ant.......-</strong></span> <span class='ocrx_word' id='word_1_177' title='bbox 1315 2636 1790 2704; x_wconf 90' lang='lat' dir='ltr'><strong>....ur,quia</strong></span> 
     </span>
    </p>
   </div>
   <div class='ocr_carea' id='block_1_53' title="bbox 469 2715 1746 2774">
    <p class='ocr_par' dir='ltr' id='par_1_53' title="bbox 469 2715 1746 2774">
     <span class='ocr_line' id='line_1_55' title="bbox 469 2715 1746 2774; baseline -0.008 -2"><span class='ocrx_word' id='word_1_178' title='bbox 469 2715 600 2772; x_wconf 90' lang='lat' dir='ltr'><strong>dent</strong></span> <span class='ocrx_word' id='word_1_179' title='bbox 627 2717 777 2774; x_wconf 86' lang='lat' dir='ltr'><strong>caeci</strong></span> <span class='ocrx_word' id='word_1_180' title='bbox 1315 2749 1329 2765; x_wconf 92' lang='lat'><strong>.</strong></span> <span class='ocrx_word' id='word_1_181' title='bbox 1372 2747 1390 2764; x_wconf 97' lang='lat'><strong>.</strong></span> <span class='ocrx_word' id='word_1_182' title='bbox 1434 2748 1448 2763; x_wconf 96' lang='lat'><strong>.</strong></span> <span class='ocrx_word' id='word_1_183' title='bbox 1497 2746 1513 2762; x_wconf 98' lang='lat'><strong>.</strong></span> <span class='ocrx_word' id='word_1_184' title='bbox 1560 2749 1575 2762; x_wconf 92' lang='lat'><strong>.</strong></span> <span class='ocrx_word' id='word_1_185' title='bbox 1614 2716 1746 2762; x_wconf 90' lang='lat' dir='ltr'><strong>runt</strong></span> 
     </span>
    </p>
   </div>
   <div class='ocr_carea' id='block_1_54' title="bbox 466 2780 1750 2850">
    <p class='ocr_par' dir='ltr' id='par_1_54' title="bbox 466 2780 1750 2850">
     <span class='ocr_line' id='line_1_56' title="bbox 466 2780 1750 2850; baseline -0.008 -8"><span class='ocrx_word' id='word_1_186' title='bbox 466 2786 621 2844; x_wconf 80' lang='lat' dir='ltr'><strong>ﬁant.</strong></span> <span class='ocrx_word' id='word_1_187' title='bbox 1312 2819 1326 2835; x_wconf 95' lang='lat'><strong>.</strong></span> <span class='ocrx_word' id='word_1_188' title='bbox 1374 2822 1389 2838; x_wconf 94' lang='lat'><strong>.</strong></span> <span class='ocrx_word' id='word_1_189' title='bbox 1431 2793 1584 2835; x_wconf 90' lang='lat' dir='ltr'><strong>ocem</strong></span> <span class='ocrx_word' id='word_1_190' title='bbox 1611 2780 1750 2850; x_wconf 85' lang='lat' dir='ltr'><strong>ejus.</strong></span> 
     </span>
    </p>
   </div>
   <div class='ocr_carea' id='block_1_55' title="bbox 1309 2850 1861 2908">
    <p class='ocr_par' dir='ltr' id='par_1_55' title="bbox 1309 2850 1861 2908">
     <span class='ocr_line' id='line_1_57' title="bbox 1309 2850 1861 2908; baseline -0.005 -1"><span class='ocrx_word' id='word_1_191' title='bbox 1309 2854 1364 2908; x_wconf 86' lang='lat'><strong>5.</strong></span> <span class='ocrx_word' id='word_1_192' title='bbox 1410 2896 1421 2906; x_wconf 92' lang='lat'><strong>.</strong></span> <span class='ocrx_word' id='word_1_193' title='bbox 1469 2889 1484 2905; x_wconf 95' lang='lat'><strong>.</strong></span> <span class='ocrx_word' id='word_1_194' title='bbox 1527 2850 1726 2906; x_wconf 91' lang='lat' dir='ltr'><strong>lterum</strong></span> <span class='ocrx_word' id='word_1_195' title='bbox 1753 2864 1861 2905; x_wconf 88' lang='lat' dir='ltr'><strong>non</strong></span> 
     </span>
    </p>
   </div>
   <div class='ocr_carea' id='block_1_56' title="bbox 1313 2921 1799 2988">
    <p class='ocr_par' dir='ltr' id='par_1_56' title="bbox 1313 2921 1799 2988">
     <span class='ocr_line' id='line_1_58' title="bbox 1313 2921 1799 2988; baseline -0.002 -11"><span class='ocrx_word' id='word_1_196' title='bbox 1313 2963 1325 2977; x_wconf 95' lang='lat'><strong>.</strong></span> <span class='ocrx_word' id='word_1_197' title='bbox 1373 2963 1387 2977; x_wconf 94' lang='lat'><strong>.</strong></span> <span class='ocrx_word' id='word_1_198' title='bbox 1433 2963 1446 2977; x_wconf 93' lang='lat'><strong>.</strong></span> <span class='ocrx_word' id='word_1_199' title='bbox 1490 2932 1674 2988; x_wconf 91' lang='lat' dir='ltr'><strong>untur,</strong></span> <span class='ocrx_word' id='word_1_200' title='bbox 1701 2921 1799 2977; x_wconf 90' lang='lat' dir='ltr'><strong>sed</strong></span> 
     </span>
    </p>
   </div>
   <div class='ocr_carea' id='block_1_57' title="bbox 1308 2994 1701 3067">
    <p class='ocr_par' dir='ltr' id='par_1_57' title="bbox 1308 2994 1701 3067">
     <span class='ocr_line' id='line_1_59' title="bbox 1308 2994 1701 3067; baseline -0.008 -17"><span class='ocrx_word' id='word_1_201' title='bbox 1308 2994 1520 3067; x_wconf 69' lang='lat' dir='ltr'><strong>fugiunt</strong></span> <span class='ocrx_word' id='word_1_202' title='bbox 1543 2997 1610 3048; x_wconf 83' lang='lat' dir='ltr'><strong>ab</strong></span> <span class='ocrx_word' id='word_1_203' title='bbox 1639 2995 1701 3048; x_wconf 92' lang='lat' dir='ltr'><strong>il-</strong></span> 
     </span>
    </p>
   </div>
   <div class='ocr_carea' id='block_1_58' title="bbox 1308 3065 1773 3134">
    <p class='ocr_par' dir='ltr' id='par_1_58' title="bbox 1308 3065 1773 3134">
     <span class='ocr_line' id='line_1_60' title="bbox 1308 3065 1773 3134; baseline -0.002 -13"><span class='ocrx_word' id='word_1_204' title='bbox 1308 3065 1406 3121; x_wconf 45' lang='lat' dir='ltr'><strong>lo&#39;:</strong></span> <span class='ocrx_word' id='word_1_205' title='bbox 1439 3068 1566 3134; x_wconf 82' lang='lat' dir='ltr'><strong>quia</strong></span> <span class='ocrx_word' id='word_1_206' title='bbox 1597 3065 1773 3120; x_wconf 86' lang='lat' dir='ltr'><strong>nesci-</strong></span> 
     </span>
    </p>
   </div>
   <div class='ocr_carea' id='block_1_59' title="bbox 1308 3139 1696 3193">
    <p class='ocr_par' dir='ltr' id='par_1_59' title="bbox 1308 3139 1696 3193">
     <span class='ocr_line' id='line_1_61' title="bbox 1308 3139 1696 3193; baseline -0.005 0"><span class='ocrx_word' id='word_1_207' title='bbox 1308 3148 1406 3193; x_wconf 91' lang='lat' dir='ltr'><strong>unt</strong></span> <span class='ocrx_word' id='word_1_208' title='bbox 1431 3139 1577 3193; x_wconf 87' lang='lat' dir='ltr'><strong>illius</strong></span> <span class='ocrx_word' id='word_1_209' title='bbox 1600 3151 1696 3191; x_wconf 87' lang='lat' dir='ltr'><strong>vo-</strong></span> 
     </span>
    </p>
   </div>
   <div class='ocr_carea' id='block_1_60' title="bbox 466 2857 1041 2917">
    <p class='ocr_par' dir='ltr' id='par_1_60' title="bbox 466 2857 1041 2917">
     <span class='ocr_line' id='line_1_62' title="bbox 466 2857 1041 2917; baseline 0 -4"><span class='ocrx_word' id='word_1_210' title='bbox 466 2857 560 2916; x_wconf 75' lang='lat'><strong>40.</strong></span> <span class='ocrx_word' id='word_1_211' title='bbox 603 2861 621 2892; x_wconf 76' lang='grc' dir='ltr'>ί</span> <span class='ocrx_word' id='word_1_212' title='bbox 655 2861 721 2916; x_wconf 88' lang='lat' dir='ltr'><strong>Et</strong></span> <span class='ocrx_word' id='word_1_213' title='bbox 748 2859 1041 2917; x_wconf 88' lang='lat' dir='ltr'><strong>audierunt</strong></span> 
     </span>
    </p>
   </div>
   <div class='ocr_carea' id='block_1_61' title="bbox 466 2930 798 3000">
    <p class='ocr_par' dir='ltr' id='par_1_61' title="bbox 466 2930 798 3000">
     <span class='ocr_line' id='line_1_63' title="bbox 466 2930 798 3000; baseline 0.009 -14"><span class='ocrx_word' id='word_1_214' title='bbox 466 2930 632 3000; x_wconf 76' lang='lat' dir='ltr'><strong>igitur</strong></span> <span class='ocrx_word' id='word_1_215' title='bbox 663 2935 798 2988; x_wconf 80' lang='lat' dir='ltr'><strong>haec</strong></span> 
     </span>
    </p>
   </div>
   <div class='ocr_carea' id='block_1_62' title="bbox 467 3001 1066 3073">
    <p class='ocr_par' dir='ltr' id='par_1_62' title="bbox 467 3001 1066 3073">
     <span class='ocr_line' id='line_1_64' title="bbox 467 3001 1066 3073; baseline 0.007 -18"><span class='ocrx_word' id='word_1_216' title='bbox 467 3001 549 3073; x_wconf 76' lang='grc' dir='ltr'><strong>(ὁ)</strong></span> <span class='ocrx_word' id='word_1_217' title='bbox 574 3018 641 3057; x_wconf 89' lang='lat' dir='ltr'><strong>ex</strong></span> <span class='ocrx_word' id='word_1_218' title='bbox 670 3002 980 3059; x_wconf 85' lang='lat' dir='ltr'><strong>Pbarisaeis</strong></span> <span class='ocrx_word' id='word_1_219' title='bbox 1003 3001 1066 3072; x_wconf 66' lang='lat'><strong>1-,</strong></span> 
     </span>
    </p>
   </div>
   <div class='ocr_carea' id='block_1_63' title="bbox 467 3075 828 3143">
    <p class='ocr_par' dir='ltr' id='par_1_63' title="bbox 467 3075 828 3143">
     <span class='ocr_line' id='line_1_65' title="bbox 467 3075 828 3143; baseline 0 -15"><span class='ocrx_word' id='word_1_220' title='bbox 467 3075 558 3143; x_wconf 90' lang='lat' dir='ltr'><strong>qui</strong></span> <span class='ocrx_word' id='word_1_221' title='bbox 581 3089 708 3129; x_wconf 91' lang='lat' dir='ltr'><strong>cum</strong></span> <span class='ocrx_word' id='word_1_222' title='bbox 737 3076 828 3128; x_wconf 90' lang='lat' dir='ltr'><strong>illo</strong></span> 
     </span>
    </p>
   </div>
   <div class='ocr_carea' id='block_1_64' title="bbox 467 3145 905 3210">
    <p class='ocr_par' dir='ltr' id='par_1_64' title="bbox 467 3145 905 3210">
     <span class='ocr_line' id='line_1_66' title="bbox 467 3145 905 3210; baseline 0.002 -11"><span class='ocrx_word' id='word_1_223' title='bbox 467 3154 646 3210; x_wconf 89' lang='lat' dir='ltr'><strong>erant,</strong></span> <span class='ocrx_word' id='word_1_224' title='bbox 675 3154 732 3202; x_wconf 90' lang='lat' dir='ltr'><strong>et</strong></span> <span class='ocrx_word' id='word_1_225' title='bbox 752 3145 905 3200; x_wconf 92' lang='lat' dir='ltr'><strong>dixe-</strong></span> 
     </span>
    </p>
   </div>
   <div class='ocr_carea' id='block_1_65' title="bbox 469 3215 930 3271">
    <p class='ocr_par' dir='ltr' id='par_1_65' title="bbox 469 3215 930 3271">
     <span class='ocr_line' id='line_1_67' title="bbox 469 3215 930 3271; baseline 0.002 -1"><span class='ocrx_word' id='word_1_226' title='bbox 469 3225 596 3270; x_wconf 83' lang='lat' dir='ltr'><strong>runt</strong></span> <span class='ocrx_word' id='word_1_227' title='bbox 617 3217 692 3271; x_wconf 91' lang='lat' dir='ltr'><strong>illi</strong></span> <span class='ocrx_word' id='word_1_228' title='bbox 725 3235 738 3270; x_wconf 86' lang='lat'><strong>:</strong></span> <span class='ocrx_word' id='word_1_229' title='bbox 769 3215 930 3271; x_wconf 85' lang='lat' dir='ltr'><strong>Num-</strong></span> 
     </span>
    </p>
   </div>
   <div class='ocr_carea' id='block_1_66' title="bbox 466 3287 810 3357">
    <p class='ocr_par' dir='ltr' id='par_1_66' title="bbox 466 3287 810 3357">
     <span class='ocr_line' id='line_1_68' title="bbox 466 3287 810 3357; baseline 0.003 -16"><span class='ocrx_word' id='word_1_230' title='bbox 466 3287 597 3357; x_wconf 90' lang='lat' dir='ltr'><strong>quid</strong></span> <span class='ocrx_word' id='word_1_231' title='bbox 624 3300 677 3342; x_wconf 88' lang='lat' dir='ltr'><strong>et</strong></span> <span class='ocrx_word' id='word_1_232' title='bbox 709 3302 810 3342; x_wconf 89' lang='lat' dir='ltr'><strong>nos</strong></span> 
     </span>
    </p>
   </div>
   <div class='ocr_carea' id='block_1_67' title="bbox 471 3358 875 3414">
    <p class='ocr_par' dir='ltr' id='par_1_67' title="bbox 471 3358 875 3414">
     <span class='ocr_line' id='line_1_69' title="bbox 471 3358 875 3414; baseline -0.002 -1"><span class='ocrx_word' id='word_1_233' title='bbox 471 3359 620 3414; x_wconf 90' lang='lat' dir='ltr'><strong>caeci</strong></span> <span class='ocrx_word' id='word_1_234' title='bbox 649 3358 875 3414; x_wconf 82' lang='lat' dir='ltr'><strong>sumus?</strong></span> 
     </span>
    </p>
   </div>
   <div class='ocr_carea' id='block_1_68' title="bbox 467 3427 1143 3486">
    <p class='ocr_par' dir='ltr' id='par_1_68' title="bbox 467 3427 1143 3486">
     <span class='ocr_line' id='line_1_70' title="bbox 467 3427 1143 3486; baseline -0.001 -2"><span class='ocrx_word' id='word_1_235' title='bbox 467 3427 558 3485; x_wconf 71' lang='grc'><strong>41.</strong></span> <span class='ocrx_word' id='word_1_236' title='bbox 603 3432 692 3485; x_wconf 81' lang='lat' dir='ltr'><strong>Ait</strong></span> <span class='ocrx_word' id='word_1_237' title='bbox 718 3429 828 3485; x_wconf 88' lang='lat' dir='ltr'><strong>illis</strong></span> <span class='ocrx_word' id='word_1_238' title='bbox 854 3427 1014 3486; x_wconf 82' lang='lat' dir='ltr'><strong>Jesus</strong></span> <span class='ocrx_word' id='word_1_239' title='bbox 1043 3444 1058 3484; x_wconf 86' lang='lat'><strong>:</strong></span> <span class='ocrx_word' id='word_1_240' title='bbox 1087 3428 1143 3484; x_wconf 90' lang='lat' dir='ltr'><strong>Si</strong></span> 
     </span>
    </p>
   </div>
   <div class='ocr_carea' id='block_1_69' title="bbox 467 3502 861 3569">
    <p class='ocr_par' dir='ltr' id='par_1_69' title="bbox 467 3502 861 3569">
     <span class='ocr_line' id='line_1_71' title="bbox 467 3502 861 3569; baseline 0 -13"><span class='ocrx_word' id='word_1_241' title='bbox 467 3502 615 3557; x_wconf 90' lang='lat' dir='ltr'><strong>caeci</strong></span> <span class='ocrx_word' id='word_1_242' title='bbox 642 3505 861 3569; x_wconf 86' lang='lat' dir='ltr'><strong>essetis,</strong></span> 
     </span>
    </p>
   </div>
   <div class='ocr_carea' id='block_1_70' title="bbox 471 3571 829 3628">
    <p class='ocr_par' dir='ltr' id='par_1_70' title="bbox 471 3571 829 3628">
     <span class='ocr_line' id='line_1_72' title="bbox 471 3571 829 3628; baseline 0.006 -2"><span class='ocrx_word' id='word_1_243' title='bbox 471 3587 579 3628; x_wconf 92' lang='lat' dir='ltr'><strong>non</strong></span> <span class='ocrx_word' id='word_1_244' title='bbox 612 3571 829 3628; x_wconf 81' lang='lat' dir='ltr'><strong>haberi-</strong></span> 
     </span>
    </p>
   </div>
   <div class='ocr_carea' id='block_1_71' title="bbox 467 3643 870 3714">
    <p class='ocr_par' dir='ltr' id='par_1_71' title="bbox 467 3643 870 3714">
     <span class='ocr_line' id='line_1_73' title="bbox 467 3643 870 3714; baseline 0.005 -16"><span class='ocrx_word' id='word_1_245' title='bbox 467 3643 540 3699; x_wconf 85' lang='lat' dir='ltr'><strong>tis</strong></span> <span class='ocrx_word' id='word_1_246' title='bbox 569 3655 870 3714; x_wconf 88' lang='lat' dir='ltr'><strong>peccatum,</strong></span> 
     </span>
    </p>
   </div>
   <div class='ocr_carea' id='block_1_72' title="bbox 467 3716 816 3772">
    <p class='ocr_par' dir='ltr' id='par_1_72' title="bbox 467 3716 816 3772">
     <span class='ocr_line' id='line_1_74' title="bbox 467 3716 816 3772; baseline -0.003 0"><span class='ocrx_word' id='word_1_247' title='bbox 467 3716 566 3772; x_wconf 87' lang='lat' dir='ltr'><strong>sed</strong></span> <span class='ocrx_word' id='word_1_248' title='bbox 592 3716 772 3772; x_wconf 90' lang='lat' dir='ltr'><strong>dicitis</strong></span> <span class='ocrx_word' id='word_1_249' title='bbox 801 3733 816 3771; x_wconf 90' lang='lat'><strong>:</strong></span> 
     </span>
    </p>
   </div>
   <div class='ocr_carea' id='block_1_73' title="bbox 1308 3225 1448 3265">
    <p class='ocr_par' dir='ltr' id='par_1_73' title="bbox 1308 3225 1448 3265">
     <span class='ocr_line' id='line_1_75' title="bbox 1308 3225 1448 3265; baseline -0.007 -1"><span class='ocrx_word' id='word_1_250' title='bbox 1308 3225 1448 3265; x_wconf 91' lang='lat' dir='ltr'><strong>cem.</strong></span> 
     </span>
    </p>
   </div>
   <div class='ocr_carea' id='block_1_74' title="bbox 1307 3277 1826 3349">
    <p class='ocr_par' dir='ltr' id='par_1_74' title="bbox 1307 3277 1826 3349">
     <span class='ocr_line' id='line_1_76' title="bbox 1307 3277 1826 3349; baseline -0.002 -14"><span class='ocrx_word' id='word_1_251' title='bbox 1307 3280 1362 3336; x_wconf 88' lang='lat'><strong>6.</strong></span> <span class='ocrx_word' id='word_1_252' title='bbox 1404 3280 1518 3335; x_wconf 86' lang='lat' dir='ltr'><strong>Hoc</strong></span> <span class='ocrx_word' id='word_1_253' title='bbox 1546 3277 1826 3349; x_wconf 87' lang='lat' dir='ltr'><strong>proverbi-</strong></span> 
     </span>
    </p>
   </div>
   <div class='ocr_carea' id='block_1_75' title="bbox 1309 3350 1699 3407">
    <p class='ocr_par' dir='ltr' id='par_1_75' title="bbox 1309 3350 1699 3407">
     <span class='ocr_line' id='line_1_77' title="bbox 1309 3350 1699 3407; baseline -0.003 0"><span class='ocrx_word' id='word_1_254' title='bbox 1309 3368 1398 3407; x_wconf 91' lang='lat' dir='ltr'><strong>um</strong></span> <span class='ocrx_word' id='word_1_255' title='bbox 1425 3352 1561 3406; x_wconf 87' lang='lat' dir='ltr'><strong>dixit</strong></span> <span class='ocrx_word' id='word_1_256' title='bbox 1591 3350 1699 3406; x_wconf 88' lang='lat' dir='ltr'><strong>illis</strong></span> 
     </span>
    </p>
   </div>
   <div class='ocr_carea' id='block_1_76' title="bbox 1306 3422 1805 3480">
    <p class='ocr_par' dir='ltr' id='par_1_76' title="bbox 1306 3422 1805 3480">
     <span class='ocr_line' id='line_1_78' title="bbox 1306 3422 1805 3480; baseline -0.006 0"><span class='ocrx_word' id='word_1_257' title='bbox 1306 3422 1486 3480; x_wconf 85' lang='lat' dir='ltr'><strong>Jesus.</strong></span> <span class='ocrx_word' id='word_1_258' title='bbox 1512 3423 1592 3478; x_wconf 89' lang='lat' dir='ltr'><strong>Illi</strong></span> <span class='ocrx_word' id='word_1_259' title='bbox 1621 3430 1805 3478; x_wconf 82' lang='lat' dir='ltr'><strong>autem</strong></span> 
     </span>
    </p>
   </div>
   <div class='ocr_carea' id='block_1_77' title="bbox 1306 3508 1647 3566">
    <p class='ocr_par' dir='ltr' id='par_1_77' title="bbox 1306 3508 1647 3566">
     <span class='ocr_line' id='line_1_79' title="bbox 1306 3508 1647 3566; baseline -0.012 -15"><span class='ocrx_word' id='word_1_260' title='bbox 1306 3511 1415 3551; x_wconf 90' lang='lat' dir='ltr'><strong>non</strong></span> <span class='ocrx_word' id='word_1_261' title='bbox 1445 3508 1647 3566; x_wconf 80' lang='lat' dir='ltr'><strong>cogno-</strong></span> 
     </span>
    </p>
   </div>
   <div class='ocr_carea' id='block_1_78' title="bbox 1307 3565 1674 3637">
    <p class='ocr_par' dir='ltr' id='par_1_78' title="bbox 1307 3565 1674 3637">
     <span class='ocr_line' id='line_1_80' title="bbox 1307 3565 1674 3637; baseline -0.003 -16"><span class='ocrx_word' id='word_1_262' title='bbox 1307 3578 1506 3622; x_wconf 90' lang='lat' dir='ltr'><strong>verunt</strong></span> <span class='ocrx_word' id='word_1_263' title='bbox 1522 3565 1674 3637; x_wconf 84' lang='lat' dir='ltr'><strong>quod</strong></span> 
     </span>
    </p>
   </div>
   <div class='ocr_carea' id='block_1_79' title="bbox 1307 3636 1716 3694">
    <p class='ocr_par' dir='ltr' id='par_1_79' title="bbox 1307 3636 1716 3694">
     <span class='ocr_line' id='line_1_81' title="bbox 1307 3636 1716 3694; baseline -0.01 0"><span class='ocrx_word' id='word_1_264' title='bbox 1307 3639 1520 3694; x_wconf 89' lang='lat' dir='ltr'><strong>locutus</strong></span> <span class='ocrx_word' id='word_1_265' title='bbox 1543 3636 1626 3691; x_wconf 86' lang='lat' dir='ltr'><strong>est</strong></span> <span class='ocrx_word' id='word_1_266' title='bbox 1648 3636 1716 3691; x_wconf 92' lang='lat' dir='ltr'><strong>il-</strong></span> 
     </span>
    </p>
   </div>
   <div class='ocr_carea' id='block_1_80' title="bbox 1307 3708 1893 3780">
    <p class='ocr_par' dir='ltr' id='par_1_80' title="bbox 1307 3708 1893 3780">
     <span class='ocr_line' id='line_1_82' title="bbox 1307 3708 1893 3780; baseline 0 -16"><span class='ocrx_word' id='word_1_267' title='bbox 1307 3711 1361 3766; x_wconf 91' lang='lat'><strong>7.</strong></span> <span class='ocrx_word' id='word_1_268' title='bbox 1402 3709 1489 3765; x_wconf 87' lang='lat' dir='ltr'><strong>lis.</strong></span> <span class='ocrx_word' id='word_1_269' title='bbox 1523 3708 1614 3766; x_wconf 83' lang='lat' dir='ltr'><strong>Ait</strong></span> <span class='ocrx_word' id='word_1_270' title='bbox 1639 3722 1768 3780; x_wconf 79' lang='lat' dir='ltr'><strong>ergo</strong></span> <span class='ocrx_word' id='word_1_271' title='bbox 1794 3709 1893 3764; x_wconf 84' lang='lat' dir='ltr'><strong>ite-</strong></span> 
     </span>
    </p>
   </div>
   <div class='ocr_carea' id='block_1_81' title="bbox 2137 2064 2478 2136">
    <p class='ocr_par' dir='ltr' id='par_1_81' title="bbox 2137 2064 2478 2136">
     <span class='ocr_line' id='line_1_83' title="bbox 2137 2064 2478 2136; baseline 0 -16"><span class='ocrx_word' id='word_1_272' title='bbox 2137 2064 2147 2076; x_wconf 81' lang='grc'><strong>⁴</strong></span> <span class='ocrx_word' id='word_1_273' title='bbox 2183 2066 2275 2136; x_wconf 90' lang='lat' dir='ltr'><strong>qui</strong></span> <span class='ocrx_word' id='word_1_274' title='bbox 2306 2065 2478 2135; x_wconf 89' lang='lat' dir='ltr'><strong>loqui-</strong></span> 
     </span>
    </p>
   </div>
   <div class='ocr_carea' id='block_1_82' title="bbox 1016 279 3747 346">
    <p class='ocr_par' dir='ltr' id='par_1_82' title="bbox 1016 279 3747 346">
     <span class='ocr_line' id='line_1_84' title="bbox 1016 279 3747 346; baseline -0 0"><span class='ocrx_word' id='word_1_275' title='bbox 1016 283 1292 346; x_wconf 83' lang='lat' dir='ltr'><strong>EUSEBII</strong></span> <span class='ocrx_word' id='word_1_276' title='bbox 1331 281 1672 341; x_wconf 79' lang='lat' dir='ltr'><strong>VERCELL.</strong></span> <span class='ocrx_word' id='word_1_277' title='bbox 1714 280 2173 341; x_wconf 77' lang='lat' dir='ltr'><strong>EVANGELIUM</strong></span> <span class='ocrx_word' id='word_1_278' title='bbox 2211 279 2352 341; x_wconf 84' lang='lat' dir='ltr'><strong>CUM</strong></span> <span class='ocrx_word' id='word_1_279' title='bbox 2391 281 2624 344; x_wconf 78' lang='lat' dir='ltr'><strong>VARIIS</strong></span> <span class='ocrx_word' id='word_1_280' title='bbox 2657 282 2815 343; x_wconf 90' lang='lat' dir='ltr'><strong>COD.</strong></span> <span class='ocrx_word' id='word_1_281' title='bbox 2855 284 3250 346; x_wconf 79' lang='lat' dir='ltr'><strong>COLLATUM.</strong></span> <span class='ocrx_word' id='word_1_282' title='bbox 3666 286 3747 346; x_wconf 68' lang='lat' dir='ltr'><strong>lii</strong></span> 
     </span>
    </p>
   </div>
   <div class='ocr_carea' id='block_1_83' title="bbox 2615 399 3345 459">
    <p class='ocr_par' dir='ltr' id='par_1_83' title="bbox 2615 399 3345 459">
     <span class='ocr_line' id='line_1_85' title="bbox 2615 399 3345 459; baseline -0.001 -2"><span class='ocrx_word' id='word_1_283' title='bbox 2615 399 2855 458; x_wconf 81' lang='lat' dir='ltr'><strong>CODEX</strong></span> <span class='ocrx_word' id='word_1_284' title='bbox 2894 399 3345 459; x_wconf 81' lang='lat' dir='ltr'><strong>VERONENSIS.</strong></span> 
     </span>
    </p>
   </div>
   <div class='ocr_carea' id='block_1_84' title="bbox 3021 496 3356 558">
    <p class='ocr_par' dir='ltr' id='par_1_84' title="bbox 3021 496 3356 558">
     <span class='ocr_line' id='line_1_86' title="bbox 3021 496 3356 558; baseline -0.006 -3"><span class='ocrx_word' id='word_1_285' title='bbox 3021 498 3117 555; x_wconf 88' lang='lat' dir='ltr'><strong>sed</strong></span> <span class='ocrx_word' id='word_1_286' title='bbox 3137 496 3317 558; x_wconf 87' lang='lat' dir='ltr'><strong>dicitis</strong></span> <span class='ocrx_word' id='word_1_287' title='bbox 3341 513 3356 553; x_wconf 88' lang='lat'><strong>:</strong></span> 
     </span>
    </p>
   </div>
   <div class='ocr_carea' id='block_1_85' title="bbox 3023 569 3451 638">
    <p class='ocr_par' dir='ltr' id='par_1_85' title="bbox 3023 569 3451 638">
     <span class='ocr_line' id='line_1_87' title="bbox 3023 569 3451 638; baseline 0 -13"><span class='ocrx_word' id='word_1_288' title='bbox 3023 571 3156 638; x_wconf 83' lang='lat' dir='ltr'><strong>Quia</strong></span> <span class='ocrx_word' id='word_1_289' title='bbox 3184 569 3451 625; x_wconf 87' lang='lat' dir='ltr'><strong>videmus.</strong></span> 
     </span>
    </p>
   </div>
   <div class='ocr_carea' id='block_1_86' title="bbox 3022 641 3432 697">
    <p class='ocr_par' dir='ltr' id='par_1_86' title="bbox 3022 641 3432 697">
     <span class='ocr_line' id='line_1_88' title="bbox 3022 641 3432 697; baseline -0.002 0"><span class='ocrx_word' id='word_1_290' title='bbox 3022 641 3310 697; x_wconf 85' lang='lat' dir='ltr'><strong>Peccatu&#39;m</strong></span> <span class='ocrx_word' id='word_1_291' title='bbox 3339 656 3432 696; x_wconf 89' lang='lat' dir='ltr'><strong>ve-</strong></span> 
     </span>
    </p>
   </div>
   <div class='ocr_carea' id='block_1_87' title="bbox 2186 495 2510 552">
    <p class='ocr_par' dir='ltr' id='par_1_87' title="bbox 2186 495 2510 552">
     <span class='ocr_line' id='line_1_89' title="bbox 2186 495 2510 552; baseline 0.009 -2"><span class='ocrx_word' id='word_1_292' title='bbox 2186 502 2238 550; x_wconf 93' lang='lat' dir='ltr'><strong>et</strong></span> <span class='ocrx_word' id='word_1_293' title='bbox 2268 504 2321 550; x_wconf 91' lang='lat' dir='ltr'><strong>tu</strong></span> <span class='ocrx_word' id='word_1_294' title='bbox 2347 495 2510 552; x_wconf 90' lang='lat' dir='ltr'><strong>doces</strong></span> 
     </span>
    </p>
   </div>
   <div class='ocr_carea' id='block_1_88' title="bbox 2186 567 2556 638">
    <p class='ocr_par' dir='ltr' id='par_1_88' title="bbox 2186 567 2556 638">
     <span class='ocr_line' id='line_1_90' title="bbox 2186 567 2556 638; baseline 0.008 -17"><span class='ocrx_word' id='word_1_295' title='bbox 2186 569 2319 624; x_wconf 86' lang='lat' dir='ltr'><strong>nos?</strong></span> <span class='ocrx_word' id='word_1_296' title='bbox 2350 567 2418 622; x_wconf 86' lang='lat' dir='ltr'><strong>Et</strong></span> <span class='ocrx_word' id='word_1_297' title='bbox 2443 568 2556 638; x_wconf 91' lang='lat' dir='ltr'><strong>eje-</strong></span> 
     </span>
    </p>
   </div>
   <div class='ocr_carea' id='block_1_89' title="bbox 2185 648 2638 695">
    <p class='ocr_par' dir='ltr' id='par_1_89' title="bbox 2185 648 2638 695">
     <span class='ocr_line' id='line_1_91' title="bbox 2185 648 2638 695; baseline 0.007 -2"><span class='ocrx_word' id='word_1_298' title='bbox 2185 648 2374 694; x_wconf 88' lang='lat' dir='ltr'><strong>cerunt</strong></span> <span class='ocrx_word' id='word_1_299' title='bbox 2395 655 2519 695; x_wconf 91' lang='lat' dir='ltr'><strong>eum</strong></span> <span class='ocrx_word' id='word_1_300' title='bbox 2633 648 2638 654; x_wconf 88' lang='lat'>&#39;</span> 
     </span>
    </p>
   </div>
   <div class='ocr_carea' id='block_1_90' title="bbox 2183 708 3675 770">
    <p class='ocr_par' dir='ltr' id='par_1_90' title="bbox 2183 708 3675 770">
     <span class='ocr_line' id='line_1_92' title="bbox 2183 708 3675 770; baseline 0.003 -7"><span class='ocrx_word' id='word_1_301' title='bbox 2183 708 2350 765; x_wconf 79' lang='lat' dir='ltr'><strong>foras.</strong></span> <span class='ocrx_word' id='word_1_302' title='bbox 3023 722 3196 769; x_wconf 90' lang='lat' dir='ltr'><strong>strum</strong></span> <span class='ocrx_word' id='word_1_303' title='bbox 3227 722 3410 768; x_wconf 88' lang='lat' dir='ltr'><strong>manet</strong></span> <span class='ocrx_word' id='word_1_304' title='bbox 3429 713 3484 768; x_wconf 87' lang='lat' dir='ltr'><strong>in</strong></span> <span class='ocrx_word' id='word_1_305' title='bbox 3514 713 3675 770; x_wconf 82' lang='lat' dir='ltr'><strong>vobis.</strong></span> 
     </span>
    </p>
   </div>
   <div class='ocr_carea' id='block_1_91' title="bbox 2183 780 3432 846">
    <p class='ocr_par' dir='ltr' id='par_1_91' title="bbox 2183 780 3432 846">
     <span class='ocr_line' id='line_1_93' title="bbox 2183 780 3432 846; baseline 0.009 -11"><span class='ocrx_word' id='word_1_306' title='bbox 2183 781 2274 836; x_wconf 75' lang='lat'><strong>35.</strong></span> <span class='ocrx_word' id='word_1_307' title='bbox 2317 780 2502 838; x_wconf 88' lang='lat' dir='ltr'><strong>Audiit</strong></span> <span class='ocrx_word' id='word_1_308' title='bbox 2525 789 2708 840; x_wconf 89' lang='lat' dir='ltr'><strong>autem</strong></span> <span class='ocrx_word' id='word_1_309' title='bbox 3239 828 3278 846; x_wconf 70' lang='grc' dir='ltr'>η</span> <span class='ocrx_word' id='word_1_310' title='bbox 3293 829 3310 846; x_wconf 81' lang='lat'><strong>.</strong></span> <span class='ocrx_word' id='word_1_311' title='bbox 3329 827 3432 846; x_wconf 67' lang='grc' dir='ltr'><strong>...η</strong></span> 
     </span>
    </p>
   </div>
   <div class='ocr_carea' id='block_1_92' title="bbox 2183 827 3569 924">
    <p class='ocr_par' dir='ltr' id='par_1_92' title="bbox 2183 827 3569 924">
     <span class='ocr_line' id='line_1_94' title="bbox 2183 827 3569 924; baseline 0 -16"><span class='ocrx_word' id='word_1_312' title='bbox 2183 827 2708 924; x_wconf 63' lang='grc' dir='ltr'><strong>Ῑὲέυῖ,“‹ἶὶἱίὶι““”“’</strong></span> <span class='ocrx_word' id='word_1_313' title='bbox 3237 827 3463 887; x_wconf 75' lang='lat' dir='ltr'><strong>CAPUT</strong></span> <span class='ocrx_word' id='word_1_314' title='bbox 3501 828 3569 884; x_wconf 56' lang='lat' dir='ltr'><strong>x.</strong></span> 
     </span>
    </p>
   </div>
   <div class='ocr_carea' id='block_1_93' title="bbox 2184 923 3568 994">
    <p class='ocr_par' dir='ltr' id='par_1_93' title="bbox 2184 923 3568 994">
     <span class='ocr_line' id='line_1_95' title="bbox 2184 923 3568 994; baseline 0.001 -16"><span class='ocrx_word' id='word_1_315' title='bbox 2184 923 2464 994; x_wconf 88' lang='lat' dir='ltr'><strong>ejecerunt</strong></span> <span class='ocrx_word' id='word_1_316' title='bbox 3097 924 3148 979; x_wconf 84' lang='grc'><strong>1.</strong></span> <span class='ocrx_word' id='word_1_317' title='bbox 3189 923 3385 990; x_wconf 79' lang='lat' dir='ltr'><strong>Amen,</strong></span> <span class='ocrx_word' id='word_1_318' title='bbox 3409 937 3568 979; x_wconf 88' lang='lat' dir='ltr'><strong>amen</strong></span> 
     </span>
    </p>
   </div>
   <div class='ocr_carea' id='block_1_94' title="bbox 3018 994 3477 1064">
    <p class='ocr_par' dir='ltr' id='par_1_94' title="bbox 3018 994 3477 1064">
     <span class='ocr_line' id='line_1_96' title="bbox 3018 994 3477 1064; baseline -0.002 -13"><span class='ocrx_word' id='word_1_319' title='bbox 3018 994 3141 1051; x_wconf 90' lang='lat' dir='ltr'><strong>dico</strong></span> <span class='ocrx_word' id='word_1_320' title='bbox 3166 995 3356 1051; x_wconf 81' lang='lat' dir='ltr'><strong>vobis:</strong></span> <span class='ocrx_word' id='word_1_321' title='bbox 3388 995 3477 1064; x_wconf 86' lang='lat' dir='ltr'><strong>qui</strong></span> 
     </span>
    </p>
   </div>
   <div class='ocr_carea' id='block_1_95' title="bbox 2940 1067 3475 1136">
    <p class='ocr_par' dir='ltr' id='par_1_95' title="bbox 2940 1067 3475 1136">
     <span class='ocr_line' id='line_1_97' title="bbox 2940 1067 3475 1136; baseline -0.002 -14"><span class='ocrx_word' id='word_1_322' title='bbox 2940 1104 2948 1111; x_wconf 82' lang='grc'><strong>-</strong></span> <span class='ocrx_word' id='word_1_323' title='bbox 3021 1083 3126 1122; x_wconf 91' lang='lat' dir='ltr'><strong>non</strong></span> <span class='ocrx_word' id='word_1_324' title='bbox 3155 1067 3345 1121; x_wconf 89' lang='lat' dir='ltr'><strong>introit</strong></span> <span class='ocrx_word' id='word_1_325' title='bbox 3377 1081 3475 1136; x_wconf 87' lang='lat' dir='ltr'><strong>per</strong></span> 
     </span>
    </p>
   </div>
   <div class='ocr_carea' id='block_1_96' title="bbox 2957 1137 3550 1224">
    <p class='ocr_par' dir='ltr' id='par_1_96' title="bbox 2957 1137 3550 1224">
     <span class='ocr_line' id='line_1_98' title="bbox 2957 1137 3550 1224; baseline -0.002 -30"><span class='ocrx_word' id='word_1_326' title='bbox 2957 1187 2984 1224; x_wconf 44' lang='grc' dir='ltr'><strong><em>θ</em></strong></span> <span class='ocrx_word' id='word_1_327' title='bbox 3015 1138 3236 1221; x_wconf 79' lang='lat' dir='ltr'><strong>januam</strong></span> <span class='ocrx_word' id='word_1_328' title='bbox 3265 1137 3318 1192; x_wconf 92' lang='lat' dir='ltr'><strong>in</strong></span> <span class='ocrx_word' id='word_1_329' title='bbox 3349 1137 3550 1224; x_wconf 76' lang='lat' dir='ltr'><strong>cohor-</strong></span> 
     </span>
    </p>
   </div>
   <div class='ocr_carea' id='block_1_97' title="bbox 2947 1208 3484 1272">
    <p class='ocr_par' dir='ltr' id='par_1_97' title="bbox 2947 1208 3484 1272">
     <span class='ocr_line' id='line_1_99' title="bbox 2947 1208 3484 1272; baseline 0 -7"><span class='ocrx_word' id='word_1_330' title='bbox 3017 1208 3128 1265; x_wconf 75' lang='lat' dir='ltr'><strong>iem</strong></span> <span class='ocrx_word' id='word_1_331' title='bbox 3154 1211 3357 1272; x_wconf 89' lang='lat' dir='ltr'><strong>ovium,</strong></span> <span class='ocrx_word' id='word_1_332' title='bbox 3387 1208 3484 1265; x_wconf 90' lang='lat' dir='ltr'><strong>sed</strong></span> 
     </span>
    </p>
   </div>
   <div class='ocr_carea' id='block_1_98' title="bbox 3019 1279 3460 1337">
    <p class='ocr_par' dir='ltr' id='par_1_98' title="bbox 3019 1279 3460 1337">
     <span class='ocr_line' id='line_1_100' title="bbox 3019 1279 3460 1337; baseline 0 -1"><span class='ocrx_word' id='word_1_333' title='bbox 3019 1279 3266 1337; x_wconf 86' lang='lat' dir='ltr'><strong>ascendit</strong></span> <span class='ocrx_word' id='word_1_334' title='bbox 3283 1283 3460 1337; x_wconf 87' lang='lat' dir='ltr'><strong>aliun-</strong></span> 
     </span>
    </p>
   </div>
   <div class='ocr_carea' id='block_1_99' title="bbox 3020 1352 3334 1416">
    <p class='ocr_par' dir='ltr' id='par_1_99' title="bbox 3020 1352 3334 1416">
     <span class='ocr_line' id='line_1_101' title="bbox 3020 1352 3334 1416; baseline 0.003 -9"><span class='ocrx_word' id='word_1_335' title='bbox 3020 1352 3223 1416; x_wconf 76' lang='lat' dir='ltr'><strong>de,‘ille</strong></span> <span class='ocrx_word' id='word_1_336' title='bbox 3247 1355 3334 1408; x_wconf 81' lang='lat' dir='ltr'><strong>fur</strong></span> 
     </span>
    </p>
   </div>
   <div class='ocr_carea' id='block_1_100' title="bbox 3020 1424 3396 1486">
    <p class='ocr_par' dir='ltr' id='par_1_100' title="bbox 3020 1424 3396 1486">
     <span class='ocr_line' id='line_1_102' title="bbox 3020 1424 3396 1486; baseline -0.005 -6"><span class='ocrx_word' id='word_1_337' title='bbox 3020 1434 3126 1486; x_wconf 90' lang='lat' dir='ltr'><strong>est,</strong></span> <span class='ocrx_word' id='word_1_338' title='bbox 3152 1433 3204 1479; x_wconf 92' lang='lat' dir='ltr'><strong>et</strong></span> <span class='ocrx_word' id='word_1_339' title='bbox 3235 1424 3396 1479; x_wconf 89' lang='lat' dir='ltr'><strong>latro.</strong></span> 
     </span>
    </p>
   </div>
   <div class='ocr_carea' id='block_1_101' title="bbox 3019 1494 3651 1564">
    <p class='ocr_par' dir='ltr' id='par_1_101' title="bbox 3019 1494 3651 1564">
     <span class='ocr_line' id='line_1_103' title="bbox 3019 1494 3651 1564; baseline 0.003 -14"><span class='ocrx_word' id='word_1_340' title='bbox 3019 1495 3074 1550; x_wconf 78' lang='lat'><strong>2.</strong></span> <span class='ocrx_word' id='word_1_341' title='bbox 3116 1494 3218 1564; x_wconf 88' lang='lat' dir='ltr'><strong>Qui</strong></span> <span class='ocrx_word' id='word_1_342' title='bbox 3249 1505 3432 1552; x_wconf 89' lang='lat' dir='ltr'><strong>autem</strong></span> <span class='ocrx_word' id='word_1_343' title='bbox 3461 1497 3651 1554; x_wconf 91' lang='lat' dir='ltr'><strong>introit</strong></span> 
     </span>
    </p>
   </div>
   <div class='ocr_carea' id='block_1_102' title="bbox 3022 1569 3501 1636">
    <p class='ocr_par' dir='ltr' id='par_1_102' title="bbox 3022 1569 3501 1636">
     <span class='ocr_line' id='line_1_104' title="bbox 3022 1569 3501 1636; baseline 0.002 -14"><span class='ocrx_word' id='word_1_344' title='bbox 3022 1582 3120 1636; x_wconf 89' lang='lat' dir='ltr'><strong>per</strong></span> <span class='ocrx_word' id='word_1_345' title='bbox 3139 1569 3381 1636; x_wconf 89' lang='lat' dir='ltr'><strong>jauuam,</strong></span> <span class='ocrx_word' id='word_1_346' title='bbox 3412 1569 3501 1624; x_wconf 90' lang='lat' dir='ltr'><strong>hic</strong></span> 
     </span>
    </p>
   </div>
   <div class='ocr_carea' id='block_1_103' title="bbox 3023 1643 3548 1706">
    <p class='ocr_par' dir='ltr' id='par_1_103' title="bbox 3023 1643 3548 1706">
     <span class='ocr_line' id='line_1_105' title="bbox 3023 1643 3548 1706; baseline 0.006 -15"><span class='ocrx_word' id='word_1_347' title='bbox 3023 1650 3208 1706; x_wconf 87' lang='lat' dir='ltr'><strong>pastor</strong></span> <span class='ocrx_word' id='word_1_348' title='bbox 3233 1649 3318 1694; x_wconf 89' lang='lat' dir='ltr'><strong>est</strong></span> <span class='ocrx_word' id='word_1_349' title='bbox 3343 1643 3548 1694; x_wconf 83' lang='lat' dir='ltr'><strong>ovium.</strong></span> 
     </span>
    </p>
   </div>
   <div class='ocr_carea' id='block_1_104' title="bbox 3019 1710 3543 1768">
    <p class='ocr_par' dir='ltr' id='par_1_104' title="bbox 3019 1710 3543 1768">
     <span class='ocr_line' id='line_1_106' title="bbox 3019 1710 3543 1768; baseline 0.002 -1"><span class='ocrx_word' id='word_1_350' title='bbox 3019 1711 3074 1767; x_wconf 77' lang='lat'><strong>5.</strong></span> <span class='ocrx_word' id='word_1_351' title='bbox 3118 1710 3253 1765; x_wconf 87' lang='lat' dir='ltr'><strong>Huic</strong></span> <span class='ocrx_word' id='word_1_352' title='bbox 3281 1712 3543 1768; x_wconf 82' lang='lat' dir='ltr'><strong>ostiarius</strong></span> 
     </span>
    </p>
   </div>
   <div class='ocr_carea' id='block_1_105' title="bbox 3019 1781 3467 1852">
    <p class='ocr_par' dir='ltr' id='par_1_105' title="bbox 3019 1781 3467 1852">
     <span class='ocr_line' id='line_1_107' title="bbox 3019 1781 3467 1852; baseline 0.009 -17"><span class='ocrx_word' id='word_1_353' title='bbox 3019 1781 3228 1852; x_wconf 87' lang='lat' dir='ltr'><strong>aperit,</strong></span> <span class='ocrx_word' id='word_1_354' title='bbox 3253 1792 3308 1837; x_wconf 93' lang='lat' dir='ltr'><strong>et</strong></span> <span class='ocrx_word' id='word_1_355' title='bbox 3336 1797 3467 1839; x_wconf 87' lang='lat' dir='ltr'><strong>oves</strong></span> 
     </span>
    </p>
   </div>
   <div class='ocr_carea' id='block_1_106' title="bbox 3021 1853 3356 1923">
    <p class='ocr_par' dir='ltr' id='par_1_106' title="bbox 3021 1853 3356 1923">
     <span class='ocr_line' id='line_1_108' title="bbox 3021 1853 3356 1923; baseline 0.006 -17"><span class='ocrx_word' id='word_1_356' title='bbox 3021 1869 3208 1908; x_wconf 84' lang='lat' dir='ltr'><strong>vocem</strong></span> <span class='ocrx_word' id='word_1_357' title='bbox 3237 1853 3356 1923; x_wconf 77' lang='lat' dir='ltr'><strong>ejus</strong></span> 
     </span>
    </p>
   </div>
   <div class='ocr_carea' id='block_1_107' title="bbox 3020 1924 3348 1989">
    <p class='ocr_par' dir='ltr' id='par_1_107' title="bbox 3020 1924 3348 1989">
     <span class='ocr_line' id='line_1_109' title="bbox 3020 1924 3348 1989; baseline 0 -10"><span class='ocrx_word' id='word_1_358' title='bbox 3020 1924 3264 1989; x_wconf 89' lang='lat' dir='ltr'><strong>audiunt,</strong></span> <span class='ocrx_word' id='word_1_359' title='bbox 3291 1934 3348 1979; x_wconf 91' lang='lat' dir='ltr'><strong>et</strong></span> 
     </span>
    </p>
   </div>
   <div class='ocr_carea' id='block_1_108' title="bbox 3021 1997 3407 2052">
    <p class='ocr_par' dir='ltr' id='par_1_108' title="bbox 3021 1997 3407 2052">
     <span class='ocr_line' id='line_1_110' title="bbox 3021 1997 3407 2052; baseline -0.003 0"><span class='ocrx_word' id='word_1_360' title='bbox 3021 2011 3146 2052; x_wconf 90' lang='lat' dir='ltr'><strong>suas</strong></span> <span class='ocrx_word' id='word_1_361' title='bbox 3167 1997 3407 2051; x_wconf 88' lang='lat' dir='ltr'><strong>oviculas</strong></span> 
     </span>
    </p>
   </div>
   <div class='ocr_carea' id='block_1_109' title="bbox 3021 2067 3454 2124">
    <p class='ocr_par' dir='ltr' id='par_1_109' title="bbox 3021 2067 3454 2124">
     <span class='ocr_line' id='line_1_111' title="bbox 3021 2067 3454 2124; baseline 0 -3"><span class='ocrx_word' id='word_1_362' title='bbox 3021 2077 3177 2124; x_wconf 77' lang='lat' dir='ltr'><strong>vocat</strong></span> <span class='ocrx_word' id='word_1_363' title='bbox 3205 2067 3454 2123; x_wconf 90' lang='lat' dir='ltr'><strong>nomina-</strong></span> 
     </span>
    </p>
   </div>
   <div class='ocr_carea' id='block_1_110' title="bbox 3025 2139 3444 2209">
    <p class='ocr_par' dir='ltr' id='par_1_110' title="bbox 3025 2139 3444 2209">
     <span class='ocr_line' id='line_1_112' title="bbox 3025 2139 3444 2209; baseline 0 -15"><span class='ocrx_word' id='word_1_364' title='bbox 3025 2140 3138 2204; x_wconf 91' lang='lat' dir='ltr'><strong>tim,</strong></span> <span class='ocrx_word' id='word_1_365' title='bbox 3165 2152 3218 2194; x_wconf 93' lang='lat' dir='ltr'><strong>et</strong></span> <span class='ocrx_word' id='word_1_366' title='bbox 3241 2139 3444 2209; x_wconf 82' lang='lat' dir='ltr'><strong>produ-</strong></span> 
     </span>
    </p>
   </div>
   <div class='ocr_carea' id='block_1_111' title="bbox 3023 2209 3524 2266">
    <p class='ocr_par' dir='ltr' id='par_1_111' title="bbox 3023 2209 3524 2266">
     <span class='ocr_line' id='line_1_113' title="bbox 3023 2209 3524 2266; baseline 0.006 -2"><span class='ocrx_word' id='word_1_367' title='bbox 3023 2209 3078 2265; x_wconf 80' lang='grc'><strong>4.</strong></span> <span class='ocrx_word' id='word_1_368' title='bbox 3119 2211 3192 2265; x_wconf 92' lang='lat' dir='ltr'><strong>cit</strong></span> <span class='ocrx_word' id='word_1_369' title='bbox 3211 2211 3352 2265; x_wconf 85' lang='lat' dir='ltr'><strong>illas.</strong></span> <span class='ocrx_word' id='word_1_370' title='bbox 3387 2210 3524 2266; x_wconf 89' lang='lat' dir='ltr'><strong>Cum</strong></span> 
     </span>
    </p>
   </div>
   <div class='ocr_carea' id='block_1_112' title="bbox 3021 2291 3362 2338">
    <p class='ocr_par' dir='ltr' id='par_1_112' title="bbox 3021 2291 3362 2338">
     <span class='ocr_line' id='line_1_114' title="bbox 3021 2291 3362 2338; baseline 0 -2"><span class='ocrx_word' id='word_1_371' title='bbox 3021 2291 3202 2338; x_wconf 88' lang='lat' dir='ltr'><strong>autem</strong></span> <span class='ocrx_word' id='word_1_372' title='bbox 3233 2296 3362 2337; x_wconf 84' lang='lat' dir='ltr'><strong>oves</strong></span> 
     </span>
    </p>
   </div>
   <div class='ocr_carea' id='block_1_113' title="bbox 2975 2352 3544 2436">
    <p class='ocr_par' dir='ltr' id='par_1_113' title="bbox 2975 2352 3544 2436">
     <span class='ocr_line' id='line_1_115' title="bbox 2975 2352 3544 2436; baseline 0.004 -28"><span class='ocrx_word' id='word_1_373' title='bbox 2975 2411 2978 2414; x_wconf 62' lang='grc'>,</span> <span class='ocrx_word' id='word_1_374' title='bbox 3021 2368 3150 2436; x_wconf 76' lang='lat' dir='ltr'><strong>suas</strong></span> <span class='ocrx_word' id='word_1_375' title='bbox 3178 2352 3259 2436; x_wconf 79' lang='lat' dir='ltr'><strong>(r)_</strong></span> <span class='ocrx_word' id='word_1_376' title='bbox 3282 2369 3475 2436; x_wconf 82' lang='lat' dir='ltr'><strong>omnes</strong></span> <span class='ocrx_word' id='word_1_377' title='bbox 3502 2352 3544 2424; x_wconf 67' lang='grc' dir='ltr'><strong>-ι-</strong></span> 
     </span>
    </p>
   </div>
   <div class='ocr_carea' id='block_1_114' title="bbox 3019 2426 3442 2490">
    <p class='ocr_par' dir='ltr' id='par_1_114' title="bbox 3019 2426 3442 2490">
     <span class='ocr_line' id='line_1_116' title="bbox 3019 2426 3442 2490; baseline 0.002 -10"><span class='ocrx_word' id='word_1_378' title='bbox 3019 2426 3286 2490; x_wconf 83' lang='lat' dir='ltr'><strong>emiserit,</strong></span> <span class='ocrx_word' id='word_1_379' title='bbox 3315 2433 3442 2481; x_wconf 87' lang='lat' dir='ltr'><strong>ante</strong></span> 
     </span>
    </p>
   </div>
   <div class='ocr_carea' id='block_1_115' title="bbox 3018 2495 3570 2566">
    <p class='ocr_par' dir='ltr' id='par_1_115' title="bbox 3018 2495 3570 2566">
     <span class='ocr_line' id='line_1_117' title="bbox 3018 2495 3570 2566; baseline -0.004 -15"><span class='ocrx_word' id='word_1_380' title='bbox 3018 2496 3162 2566; x_wconf 88' lang='lat' dir='ltr'><strong>ipsas</strong></span> <span class='ocrx_word' id='word_1_381' title='bbox 3183 2495 3351 2561; x_wconf 82' lang='lat' dir='ltr'><strong>vadit,</strong></span> <span class='ocrx_word' id='word_1_382' title='bbox 3377 2505 3432 2552; x_wconf 87' lang='lat' dir='ltr'><strong>ct</strong></span> <span class='ocrx_word' id='word_1_383' title='bbox 3455 2496 3570 2551; x_wconf 85' lang='lat' dir='ltr'><strong>ovi-</strong></span> 
     </span>
    </p>
   </div>
   <div class='ocr_carea' id='block_1_116' title="bbox 3017 2566 3570 2624">
    <p class='ocr_par' dir='ltr' id='par_1_116' title="bbox 3017 2566 3570 2624">
     <span class='ocr_line' id='line_1_118' title="bbox 3017 2566 3570 2624; baseline -0.005 0"><span class='ocrx_word' id='word_1_384' title='bbox 3017 2569 3172 2624; x_wconf 84' lang='lat' dir='ltr'><strong>cuiae</strong></span> <span class='ocrx_word' id='word_1_385' title='bbox 3201 2566 3350 2623; x_wconf 90' lang='lat' dir='ltr'><strong>illum</strong></span> <span class='ocrx_word' id='word_1_386' title='bbox 3375 2583 3570 2623; x_wconf 88' lang='lat' dir='ltr'><strong>secun-</strong></span> 
     </span>
    </p>
   </div>
   <div class='ocr_carea' id='block_1_117' title="bbox 3021 2639 3499 2709">
    <p class='ocr_par' dir='ltr' id='par_1_117' title="bbox 3021 2639 3499 2709">
     <span class='ocr_line' id='line_1_119' title="bbox 3021 2639 3499 2709; baseline 0 -15"><span class='ocrx_word' id='word_1_387' title='bbox 3021 2647 3129 2706; x_wconf 90' lang='lat' dir='ltr'><strong>tur,</strong></span> <span class='ocrx_word' id='word_1_388' title='bbox 3161 2639 3284 2709; x_wconf 86' lang='lat' dir='ltr'><strong>quia</strong></span> <span class='ocrx_word' id='word_1_389' title='bbox 3318 2642 3499 2695; x_wconf 90' lang='lat' dir='ltr'><strong>sciunt</strong></span> 
     </span>
    </p>
   </div>
   <div class='ocr_carea' id='block_1_118' title="bbox 3019 2711 3374 2781">
    <p class='ocr_par' dir='ltr' id='par_1_118' title="bbox 3019 2711 3374 2781">
     <span class='ocr_line' id='line_1_120' title="bbox 3019 2711 3374 2781; baseline -0.006 -15"><span class='ocrx_word' id='word_1_390' title='bbox 3019 2711 3138 2781; x_wconf 90' lang='lat' dir='ltr'><strong>ejus</strong></span> <span class='ocrx_word' id='word_1_391' title='bbox 3163 2726 3374 2767; x_wconf 89' lang='lat' dir='ltr'><strong>vocem.</strong></span> 
     </span>
    </p>
   </div>
   <div class='ocr_carea' id='block_1_119' title="bbox 3017 2782 3572 2840">
    <p class='ocr_par' dir='ltr' id='par_1_119' title="bbox 3017 2782 3572 2840">
     <span class='ocr_line' id='line_1_121' title="bbox 3017 2782 3572 2840; baseline -0.002 -2"><span class='ocrx_word' id='word_1_392' title='bbox 3017 2782 3075 2839; x_wconf 81' lang='lat'><strong>5.</strong></span> <span class='ocrx_word' id='word_1_393' title='bbox 3114 2783 3364 2840; x_wconf 81' lang='lat' dir='ltr'><strong>Aliettum</strong></span> <span class='ocrx_word' id='word_1_394' title='bbox 3393 2791 3572 2838; x_wconf 87' lang='lat' dir='ltr'><strong>autem</strong></span> 
     </span>
    </p>
   </div>
   <div class='ocr_carea' id='block_1_120' title="bbox 3017 2865 3432 2920">
    <p class='ocr_par' dir='ltr' id='par_1_120' title="bbox 3017 2865 3432 2920">
     <span class='ocr_line' id='line_1_122' title="bbox 3017 2865 3432 2920; baseline 0.002 -12"><span class='ocrx_word' id='word_1_395' title='bbox 3017 2869 3124 2910; x_wconf 87' lang='lat' dir='ltr'><strong>non</strong></span> <span class='ocrx_word' id='word_1_396' title='bbox 3151 2865 3432 2920; x_wconf 86' lang='lat' dir='ltr'><strong>secuntur,</strong></span> 
     </span>
    </p>
   </div>
   <div class='ocr_carea' id='block_1_121' title="bbox 3016 2925 3354 2996">
    <p class='ocr_par' dir='ltr' id='par_1_121' title="bbox 3016 2925 3354 2996">
     <span class='ocr_line' id='line_1_123' title="bbox 3016 2925 3354 2996; baseline 0 -16"><span class='ocrx_word' id='word_1_397' title='bbox 3016 2925 3112 2981; x_wconf 89' lang='lat' dir='ltr'><strong>sed</strong></span> <span class='ocrx_word' id='word_1_398' title='bbox 3145 2926 3354 2996; x_wconf 79' lang='lat' dir='ltr'><strong>fugiunt</strong></span> 
     </span>
    </p>
   </div>
   <div class='ocr_carea' id='block_1_122' title="bbox 3017 2997 3375 3068">
    <p class='ocr_par' dir='ltr' id='par_1_122' title="bbox 3017 2997 3375 3068">
     <span class='ocr_line' id='line_1_124' title="bbox 3017 2997 3375 3068; baseline -0.006 -16"><span class='ocrx_word' id='word_1_399' title='bbox 3017 2997 3084 3053; x_wconf 88' lang='lat' dir='ltr'><strong>ab</strong></span> <span class='ocrx_word' id='word_1_400' title='bbox 3105 3012 3172 3054; x_wconf 93' lang='lat' dir='ltr'><strong>eo</strong></span> <span class='ocrx_word' id='word_1_401' title='bbox 3204 3014 3220 3054; x_wconf 89' lang='lat'><strong>:</strong></span> <span class='ocrx_word' id='word_1_402' title='bbox 3250 2998 3375 3068; x_wconf 84' lang='lat' dir='ltr'><strong>quia</strong></span> 
     </span>
    </p>
   </div>
   <div class='ocr_carea' id='block_1_123' title="bbox 2183 995 2532 1052">
    <p class='ocr_par' dir='ltr' id='par_1_123' title="bbox 2183 995 2532 1052">
     <span class='ocr_line' id='line_1_125' title="bbox 2183 995 2532 1052; baseline 0.009 -3"><span class='ocrx_word' id='word_1_403' title='bbox 2183 1009 2306 1050; x_wconf 91' lang='lat' dir='ltr'><strong>eum</strong></span> <span class='ocrx_word' id='word_1_404' title='bbox 2340 995 2485 1051; x_wconf 82' lang='lat' dir='ltr'><strong>foras</strong></span> <span class='ocrx_word' id='word_1_405' title='bbox 2518 1014 2532 1052; x_wconf 92' lang='lat'>:</span> 
     </span>
    </p>
   </div>
   <div class='ocr_carea' id='block_1_124' title="bbox 2184 1065 2524 1140">
    <p class='ocr_par' dir='ltr' id='par_1_124' title="bbox 2184 1065 2524 1140">
     <span class='ocr_line' id='line_1_126' title="bbox 2184 1065 2524 1140; baseline -0.012 1"><span class='ocrx_word' id='word_1_406' title='bbox 2184 1065 2262 1140; x_wconf 57' lang='grc' dir='ltr'><strong>(ιζ)</strong></span> <span class='ocrx_word' id='word_1_407' title='bbox 2294 1076 2348 1122; x_wconf 77' lang='grc' dir='ltr'><strong>ει</strong></span> <span class='ocrx_word' id='word_1_408' title='bbox 2373 1067 2524 1123; x_wconf 79' lang='lat' dir='ltr'><strong>inve-</strong></span> 
     </span>
    </p>
   </div>
   <div class='ocr_carea' id='block_1_125' title="bbox 2184 1137 2522 1206">
    <p class='ocr_par' dir='ltr' id='par_1_125' title="bbox 2184 1137 2522 1206">
     <span class='ocr_line' id='line_1_127' title="bbox 2184 1137 2522 1206; baseline 0.006 -15"><span class='ocrx_word' id='word_1_409' title='bbox 2184 1137 2260 1192; x_wconf 82' lang='lat' dir='ltr'><strong>nit</strong></span> <span class='ocrx_word' id='word_1_410' title='bbox 2287 1153 2434 1206; x_wconf 91' lang='lat' dir='ltr'><strong>eum,</strong></span> <span class='ocrx_word' id='word_1_411' title='bbox 2467 1149 2522 1195; x_wconf 90' lang='lat' dir='ltr'><strong>et</strong></span> 
     </span>
    </p>
   </div>
   <div class='ocr_carea' id='block_1_126' title="bbox 2183 1208 2502 1280">
    <p class='ocr_par' dir='ltr' id='par_1_126' title="bbox 2183 1208 2502 1280">
     <span class='ocr_line' id='line_1_128' title="bbox 2183 1208 2502 1280; baseline 0.006 -18"><span class='ocrx_word' id='word_1_412' title='bbox 2183 1208 2320 1280; x_wconf 82' lang='lat' dir='ltr'><strong>dixit</strong></span> <span class='ocrx_word' id='word_1_413' title='bbox 2348 1210 2388 1280; x_wconf 77' lang='grc' dir='ltr'><strong>ἰ·</strong></span> <span class='ocrx_word' id='word_1_414' title='bbox 2405 1211 2458 1266; x_wconf 93' lang='lat' dir='ltr'><strong>ei</strong></span> <span class='ocrx_word' id='word_1_415' title='bbox 2488 1229 2502 1264; x_wconf 76' lang='grc' dir='ltr'>ε</span> 
     </span>
    </p>
   </div>
   <div class='ocr_carea' id='block_1_127' title="bbox 2183 1279 2553 1337">
    <p class='ocr_par' dir='ltr' id='par_1_127' title="bbox 2183 1279 2553 1337">
     <span class='ocr_line' id='line_1_129' title="bbox 2183 1279 2553 1337; baseline 0.003 -1"><span class='ocrx_word' id='word_1_416' title='bbox 2183 1279 2264 1336; x_wconf 91' lang='lat' dir='ltr'><strong>Tu</strong></span> <span class='ocrx_word' id='word_1_417' title='bbox 2292 1279 2471 1337; x_wconf 78' lang='lat' dir='ltr'><strong>credis</strong></span> <span class='ocrx_word' id='word_1_418' title='bbox 2500 1284 2553 1337; x_wconf 92' lang='lat' dir='ltr'><strong>in</strong></span> 
     </span>
    </p>
   </div>
   <div class='ocr_carea' id='block_1_128' title="bbox 2183 1351 2539 1408">
    <p class='ocr_par' dir='ltr' id='par_1_128' title="bbox 2183 1351 2539 1408">
     <span class='ocr_line' id='line_1_130' title="bbox 2183 1351 2539 1408; baseline -0.003 -1"><span class='ocrx_word' id='word_1_419' title='bbox 2183 1351 2381 1407; x_wconf 83' lang='lat' dir='ltr'><strong>Filium</strong></span> <span class='ocrx_word' id='word_1_420' title='bbox 2408 1353 2539 1408; x_wconf 81' lang='lat' dir='ltr'><strong>Dei?</strong></span> 
     </span>
    </p>
   </div>
   <div class='ocr_carea' id='block_1_129' title="bbox 2183 1421 2620 1494">
    <p class='ocr_par' dir='ltr' id='par_1_129' title="bbox 2183 1421 2620 1494">
     <span class='ocr_line' id='line_1_131' title="bbox 2183 1421 2620 1494; baseline 0.005 -16"><span class='ocrx_word' id='word_1_421' title='bbox 2183 1421 2274 1478; x_wconf 77' lang='grc'><strong>56.</strong></span> <span class='ocrx_word' id='word_1_422' title='bbox 2316 1423 2620 1494; x_wconf 82' lang='lat' dir='ltr'><strong>Respondit</strong></span> 
     </span>
    </p>
   </div>
   <div class='ocr_carea' id='block_1_130' title="bbox 2183 1495 2500 1560">
    <p class='ocr_par' dir='ltr' id='par_1_130' title="bbox 2183 1495 2500 1560">
     <span class='ocr_line' id='line_1_132' title="bbox 2183 1495 2500 1560; baseline 0.003 -11"><span class='ocrx_word' id='word_1_423' title='bbox 2183 1495 2298 1560; x_wconf 92' lang='lat' dir='ltr'><strong>ille,</strong></span> <span class='ocrx_word' id='word_1_424' title='bbox 2331 1507 2386 1550; x_wconf 92' lang='lat' dir='ltr'><strong>et</strong></span> <span class='ocrx_word' id='word_1_425' title='bbox 2416 1495 2500 1550; x_wconf 90' lang='lat' dir='ltr'><strong>di-</strong></span> 
     </span>
    </p>
   </div>
   <div class='ocr_carea' id='block_1_131' title="bbox 2183 1567 2591 1634">
    <p class='ocr_par' dir='ltr' id='par_1_131' title="bbox 2183 1567 2591 1634">
     <span class='ocr_line' id='line_1_133' title="bbox 2183 1567 2591 1634; baseline 0.01 -14"><span class='ocrx_word' id='word_1_426' title='bbox 2183 1567 2262 1620; x_wconf 92' lang='lat' dir='ltr'><strong>xit</strong></span> <span class='ocrx_word' id='word_1_427' title='bbox 2287 1584 2300 1620; x_wconf 93' lang='lat'><strong>:</strong></span> <span class='ocrx_word' id='word_1_428' title='bbox 2331 1567 2463 1634; x_wconf 85' lang='lat' dir='ltr'><strong>Quis</strong></span> <span class='ocrx_word' id='word_1_429' title='bbox 2485 1576 2591 1632; x_wconf 84' lang='lat' dir='ltr'><strong>est,</strong></span> 
     </span>
    </p>
   </div>
   <div class='ocr_carea' id='block_1_132' title="bbox 2185 1636 2446 1706">
    <p class='ocr_par' dir='ltr' id='par_1_132' title="bbox 2185 1636 2446 1706">
     <span class='ocr_line' id='line_1_134' title="bbox 2185 1636 2446 1706; baseline 0.004 -14"><span class='ocrx_word' id='word_1_430' title='bbox 2185 1636 2414 1693; x_wconf 91' lang='lat' dir='ltr'><strong>Domine</strong></span> <span class='ocrx_word' id='word_1_431' title='bbox 2430 1679 2446 1706; x_wconf 87' lang='lat'><strong>,</strong></span> 
     </span>
    </p>
   </div>
   <div class='ocr_carea' id='block_1_133' title="bbox 2185 1709 2481 1764">
    <p class='ocr_par' dir='ltr' id='par_1_133' title="bbox 2185 1709 2481 1764">
     <span class='ocr_line' id='line_1_135' title="bbox 2185 1709 2481 1764; baseline 0 0"><span class='ocrx_word' id='word_1_432' title='bbox 2185 1720 2241 1764; x_wconf 91' lang='lat' dir='ltr'><strong>ut</strong></span> <span class='ocrx_word' id='word_1_433' title='bbox 2264 1709 2481 1764; x_wconf 88' lang='lat' dir='ltr'><strong>credam</strong></span> 
     </span>
    </p>
   </div>
   <div class='ocr_carea' id='block_1_134' title="bbox 2182 1779 2457 1835">
    <p class='ocr_par' dir='ltr' id='par_1_134' title="bbox 2182 1779 2457 1835">
     <span class='ocr_line' id='line_1_136' title="bbox 2182 1779 2457 1835; baseline 0.004 -1"><span class='ocrx_word' id='word_1_434' title='bbox 2182 1779 2237 1834; x_wconf 90' lang='lat' dir='ltr'><strong>in</strong></span> <span class='ocrx_word' id='word_1_435' title='bbox 2268 1781 2457 1835; x_wconf 85' lang='lat' dir='ltr'><strong>illum?</strong></span> 
     </span>
    </p>
   </div>
   <div class='ocr_carea' id='block_1_135' title="bbox 2181 1851 2652 1909">
    <p class='ocr_par' dir='ltr' id='par_1_135' title="bbox 2181 1851 2652 1909">
     <span class='ocr_line' id='line_1_137' title="bbox 2181 1851 2652 1909; baseline 0.011 -5"><span class='ocrx_word' id='word_1_436' title='bbox 2181 1851 2272 1905; x_wconf 77' lang='lat'><strong>37.</strong></span> <span class='ocrx_word' id='word_1_437' title='bbox 2317 1852 2458 1907; x_wconf 92' lang='lat' dir='ltr'><strong>Dixit</strong></span> <span class='ocrx_word' id='word_1_438' title='bbox 2484 1852 2534 1909; x_wconf 90' lang='lat' dir='ltr'><strong>ei</strong></span> <span class='ocrx_word' id='word_1_439' title='bbox 2563 1851 2652 1909; x_wconf 86' lang='lat' dir='ltr'><strong>Je-</strong></span> 
     </span>
    </p>
   </div>
   <div class='ocr_carea' id='block_1_136' title="bbox 2181 1921 2527 1978">
    <p class='ocr_par' dir='ltr' id='par_1_136' title="bbox 2181 1921 2527 1978">
     <span class='ocr_line' id='line_1_138' title="bbox 2181 1921 2527 1978; baseline 0.003 -2"><span class='ocrx_word' id='word_1_440' title='bbox 2181 1937 2276 1978; x_wconf 88' lang='lat' dir='ltr'><strong>sus</strong></span> <span class='ocrx_word' id='word_1_441' title='bbox 2303 1941 2316 1975; x_wconf 88' lang='lat'><strong>:</strong></span> <span class='ocrx_word' id='word_1_442' title='bbox 2351 1921 2421 1977; x_wconf 88' lang='lat' dir='ltr'><strong>Et</strong></span> <span class='ocrx_word' id='word_1_443' title='bbox 2447 1922 2527 1978; x_wconf 83' lang='lat' dir='ltr'><strong>vi-</strong></span> 
     </span>
    </p>
   </div>
   <div class='ocr_carea' id='block_1_137' title="bbox 2183 1993 2415 2060">
    <p class='ocr_par' dir='ltr' id='par_1_137' title="bbox 2183 1993 2415 2060">
     <span class='ocr_line' id='line_1_139' title="bbox 2183 1993 2415 2060; baseline 0 -12"><span class='ocrx_word' id='word_1_444' title='bbox 2183 1993 2331 2060; x_wconf 89' lang='lat' dir='ltr'><strong>disti,</strong></span> <span class='ocrx_word' id='word_1_445' title='bbox 2360 2004 2415 2049; x_wconf 91' lang='lat' dir='ltr'><strong>et</strong></span> 
     </span>
    </p>
   </div>
   <div class='ocr_carea' id='block_1_138' title="bbox 2183 2145 2504 2203">
    <p class='ocr_par' dir='ltr' id='par_1_138' title="bbox 2183 2145 2504 2203">
     <span class='ocr_line' id='line_1_140' title="bbox 2183 2145 2504 2203; baseline 0 -13"><span class='ocrx_word' id='word_1_446' title='bbox 2183 2145 2272 2191; x_wconf 91' lang='lat' dir='ltr'><strong>tur</strong></span> <span class='ocrx_word' id='word_1_447' title='bbox 2304 2145 2504 2203; x_wconf 90' lang='lat' dir='ltr'><strong>tecum,</strong></span> 
     </span>
    </p>
   </div>
   <div class='ocr_carea' id='block_1_139' title="bbox 2185 2208 2662 2279">
    <p class='ocr_par' dir='ltr' id='par_1_139' title="bbox 2185 2208 2662 2279">
     <span class='ocr_line' id='line_1_141' title="bbox 2185 2208 2662 2279; baseline 0.004 -17"><span class='ocrx_word' id='word_1_448' title='bbox 2185 2208 2274 2263; x_wconf 78' lang='lat'><strong>39.</strong></span> <span class='ocrx_word' id='word_1_449' title='bbox 2321 2210 2436 2279; x_wconf 91' lang='lat' dir='ltr'><strong>ipse</strong></span> <span class='ocrx_word' id='word_1_450' title='bbox 2465 2216 2569 2263; x_wconf 87' lang='lat' dir='ltr'><strong>est.</strong></span> <span class='ocrx_word' id='word_1_451' title='bbox 2604 2209 2662 2264; x_wconf 85' lang='lat' dir='ltr'><strong>In</strong></span> 
     </span>
    </p>
   </div>
   <div class='ocr_carea' id='block_1_140' title="bbox 2177 2279 2568 2351">
    <p class='ocr_par' dir='ltr' id='par_1_140' title="bbox 2177 2279 2568 2351">
     <span class='ocr_line' id='line_1_142' title="bbox 2177 2279 2568 2351; baseline 0.008 -18"><span class='ocrx_word' id='word_1_452' title='bbox 2177 2279 2438 2349; x_wconf 88' lang='lat' dir='ltr'><strong>judicium</strong></span> <span class='ocrx_word' id='word_1_453' title='bbox 2466 2295 2568 2351; x_wconf 72' lang='lat' dir='ltr'><strong>ego</strong></span> 
     </span>
    </p>
   </div>
   <div class='ocr_carea' id='block_1_141' title="bbox 2182 2351 2568 2407">
    <p class='ocr_par' dir='ltr' id='par_1_141' title="bbox 2182 2351 2568 2407">
     <span class='ocr_line' id='line_1_143' title="bbox 2182 2351 2568 2407; baseline 0.008 -3"><span class='ocrx_word' id='word_1_454' title='bbox 2182 2353 2304 2405; x_wconf 80' lang='lat' dir='ltr'><strong>Vetti</strong></span> <span class='ocrx_word' id='word_1_455' title='bbox 2335 2351 2390 2405; x_wconf 91' lang='lat' dir='ltr'><strong>in</strong></span> <span class='ocrx_word' id='word_1_456' title='bbox 2423 2351 2568 2407; x_wconf 85' lang='lat' dir='ltr'><strong>hunc</strong></span> 
     </span>
    </p>
   </div>
   <div class='ocr_carea' id='block_1_142' title="bbox 2184 2423 2581 2478">
    <p class='ocr_par' dir='ltr' id='par_1_142' title="bbox 2184 2423 2581 2478">
     <span class='ocr_line' id='line_1_144' title="bbox 2184 2423 2581 2478; baseline 0.003 -1"><span class='ocrx_word' id='word_1_457' title='bbox 2184 2423 2444 2477; x_wconf 89' lang='lat' dir='ltr'><strong>mundum</strong></span> <span class='ocrx_word' id='word_1_458' title='bbox 2477 2440 2489 2476; x_wconf 83' lang='lat'>;</span> <span class='ocrx_word' id='word_1_459' title='bbox 2520 2432 2581 2478; x_wconf 93' lang='lat' dir='ltr'><strong>ut</strong></span> 
     </span>
    </p>
   </div>
   <div class='ocr_carea' id='block_1_143' title="bbox 2181 2494 2627 2565">
    <p class='ocr_par' dir='ltr' id='par_1_143' title="bbox 2181 2494 2627 2565">
     <span class='ocr_line' id='line_1_145' title="bbox 2181 2494 2627 2565; baseline 0.004 -17"><span class='ocrx_word' id='word_1_460' title='bbox 2181 2495 2273 2565; x_wconf 89' lang='lat' dir='ltr'><strong>qui</strong></span> <span class='ocrx_word' id='word_1_461' title='bbox 2304 2509 2412 2548; x_wconf 90' lang='lat' dir='ltr'><strong>non</strong></span> <span class='ocrx_word' id='word_1_462' title='bbox 2435 2494 2627 2550; x_wconf 89' lang='lat' dir='ltr'><strong>vident</strong></span> 
     </span>
    </p>
   </div>
   <div class='ocr_carea' id='block_1_144' title="bbox 2179 2568 2523 2630">
    <p class='ocr_par' dir='ltr' id='par_1_144' title="bbox 2179 2568 2523 2630">
     <span class='ocr_line' id='line_1_146' title="bbox 2179 2568 2523 2630; baseline 0.006 -10"><span class='ocrx_word' id='word_1_463' title='bbox 2179 2568 2404 2621; x_wconf 81' lang='lat' dir='ltr'><strong>videant</strong></span> <span class='ocrx_word' id='word_1_464' title='bbox 2420 2607 2434 2630; x_wconf 93' lang='lat'><strong>,</strong></span> <span class='ocrx_word' id='word_1_465' title='bbox 2468 2575 2523 2622; x_wconf 93' lang='lat' dir='ltr'><strong>et</strong></span> 
     </span>
    </p>
   </div>
   <div class='ocr_carea' id='block_1_145' title="bbox 2179 2637 2484 2708">
    <p class='ocr_par' dir='ltr' id='par_1_145' title="bbox 2179 2637 2484 2708">
     <span class='ocr_line' id='line_1_147' title="bbox 2179 2637 2484 2708; baseline 0.003 -17"><span class='ocrx_word' id='word_1_466' title='bbox 2179 2637 2268 2708; x_wconf 92' lang='lat' dir='ltr'><strong>qui</strong></span> <span class='ocrx_word' id='word_1_467' title='bbox 2295 2639 2484 2692; x_wconf 87' lang='lat' dir='ltr'><strong>vident</strong></span> 
     </span>
    </p>
   </div>
   <div class='ocr_carea' id='block_1_146' title="bbox 2179 2708 2502 2764">
    <p class='ocr_par' dir='ltr' id='par_1_146' title="bbox 2179 2708 2502 2764">
     <span class='ocr_line' id='line_1_148' title="bbox 2179 2708 2502 2764; baseline -0.003 -1"><span class='ocrx_word' id='word_1_468' title='bbox 2179 2708 2325 2764; x_wconf 91' lang='lat' dir='ltr'><strong>caeci</strong></span> <span class='ocrx_word' id='word_1_469' title='bbox 2352 2714 2502 2763; x_wconf 85' lang='lat' dir='ltr'><strong>tiant.</strong></span> 
     </span>
    </p>
   </div>
   <div class='ocr_carea' id='block_1_147' title="bbox 2178 2779 2700 2837">
    <p class='ocr_par' dir='ltr' id='par_1_147' title="bbox 2178 2779 2700 2837">
     <span class='ocr_line' id='line_1_149' title="bbox 2178 2779 2700 2837; baseline 0.004 -3"><span class='ocrx_word' id='word_1_470' title='bbox 2178 2780 2267 2834; x_wconf 77' lang='grc'><strong>40.</strong></span> <span class='ocrx_word' id='word_1_471' title='bbox 2311 2779 2380 2835; x_wconf 84' lang='grc' dir='ltr'><strong>Ει</strong></span> <span class='ocrx_word' id='word_1_472' title='bbox 2409 2779 2700 2837; x_wconf 84' lang='lat' dir='ltr'><strong>audierunt</strong></span> 
     </span>
    </p>
   </div>
   <div class='ocr_carea' id='block_1_148' title="bbox 2180 2849 2568 2921">
    <p class='ocr_par' dir='ltr' id='par_1_148' title="bbox 2180 2849 2568 2921">
     <span class='ocr_line' id='line_1_150' title="bbox 2180 2849 2568 2921; baseline 0.005 -17"><span class='ocrx_word' id='word_1_473' title='bbox 2180 2849 2253 2921; x_wconf 76' lang='grc' dir='ltr'><strong>(ὁ)</strong></span> <span class='ocrx_word' id='word_1_474' title='bbox 2287 2865 2352 2906; x_wconf 83' lang='lat' dir='ltr'><strong>ex</strong></span> <span class='ocrx_word' id='word_1_475' title='bbox 2377 2851 2568 2906; x_wconf 87' lang='lat' dir='ltr'><strong>Phari-</strong></span> 
     </span>
    </p>
   </div>
   <div class='ocr_carea' id='block_1_149' title="bbox 2177 2922 2528 2994">
    <p class='ocr_par' dir='ltr' id='par_1_149' title="bbox 2177 2922 2528 2994">
     <span class='ocr_line' id='line_1_151' title="bbox 2177 2922 2528 2994; baseline 0.006 -18"><span class='ocrx_word' id='word_1_476' title='bbox 2177 2925 2322 2976; x_wconf 87' lang='lat' dir='ltr'><strong>saeis</strong></span> <span class='ocrx_word' id='word_1_477' title='bbox 2345 2922 2406 2994; x_wconf 46' lang='grc' dir='ltr'><strong>ᾧ,</strong></span> <span class='ocrx_word' id='word_1_478' title='bbox 2436 2924 2528 2994; x_wconf 91' lang='lat' dir='ltr'><strong>qui</strong></span> 
     </span>
    </p>
   </div>
   <div class='ocr_carea' id='block_1_150' title="bbox 2177 2995 2446 3064">
    <p class='ocr_par' dir='ltr' id='par_1_150' title="bbox 2177 2995 2446 3064">
     <span class='ocr_line' id='line_1_152' title="bbox 2177 2995 2446 3064; baseline -0.004 -15"><span class='ocrx_word' id='word_1_479' title='bbox 2177 3008 2300 3049; x_wconf 90' lang='lat' dir='ltr'><strong>cum</strong></span> <span class='ocrx_word' id='word_1_480' title='bbox 2329 2995 2446 3064; x_wconf 81' lang='lat' dir='ltr'><strong>ipso</strong></span> 
     </span>
    </p>
   </div>
   <div class='ocr_carea' id='block_1_151' title="bbox 2177 3065 3428 3130">
    <p class='ocr_par' dir='ltr' id='par_1_151' title="bbox 2177 3065 3428 3130">
     <span class='ocr_line' id='line_1_153' title="bbox 2177 3065 3428 3130; baseline 0.004 -12"><span class='ocrx_word' id='word_1_481' title='bbox 2177 3077 2356 3130; x_wconf 84' lang='lat' dir='ltr'><strong>erant,</strong></span> <span class='ocrx_word' id='word_1_482' title='bbox 2389 3075 2446 3120; x_wconf 89' lang='lat' dir='ltr'><strong>et</strong></span> <span class='ocrx_word' id='word_1_483' title='bbox 2473 3065 2558 3121; x_wconf 87' lang='lat' dir='ltr'><strong>di—</strong></span> <span class='ocrx_word' id='word_1_484' title='bbox 3016 3084 3125 3124; x_wconf 93' lang='lat' dir='ltr'><strong>non</strong></span> <span class='ocrx_word' id='word_1_485' title='bbox 3157 3065 3428 3125; x_wconf 85' lang='lat' dir='ltr'><strong>noverunt</strong></span> 
     </span>
    </p>
   </div>
   <div class='ocr_carea' id='block_1_152' title="bbox 2176 3139 3364 3210">
    <p class='ocr_par' dir='ltr' id='par_1_152' title="bbox 2176 3139 3364 3210">
     <span class='ocr_line' id='line_1_154' title="bbox 2176 3139 3364 3210; baseline 0.002 -18"><span class='ocrx_word' id='word_1_486' title='bbox 2176 3147 2377 3210; x_wconf 62' lang='lat' dir='ltr'><strong>xerunt</strong></span> <span class='ocrx_word' id='word_1_487' title='bbox 2402 3139 2450 3210; x_wconf 86' lang='lat' dir='ltr'><strong>ei</strong></span> <span class='ocrx_word' id='word_1_488' title='bbox 2487 3157 2501 3192; x_wconf 87' lang='lat'><strong>:</strong></span> <span class='ocrx_word' id='word_1_489' title='bbox 3015 3140 3134 3210; x_wconf 89' lang='lat' dir='ltr'><strong>ejus</strong></span> <span class='ocrx_word' id='word_1_490' title='bbox 3153 3155 3364 3196; x_wconf 84' lang='lat' dir='ltr'><strong>vocem.</strong></span> 
     </span>
    </p>
   </div>
   <div class='ocr_carea' id='block_1_153' title="bbox 2176 3206 3482 3280">
    <p class='ocr_par' dir='ltr' id='par_1_153' title="bbox 2176 3206 3482 3280">
     <span class='ocr_line' id='line_1_155' title="bbox 2176 3206 3482 3280; baseline 0.006 -18"><span class='ocrx_word' id='word_1_491' title='bbox 2176 3206 2447 3279; x_wconf 86' lang='lat' dir='ltr'><strong>Numquid</strong></span> <span class='ocrx_word' id='word_1_492' title='bbox 2476 3218 2534 3266; x_wconf 91' lang='lat' dir='ltr'><strong>et</strong></span> <span class='ocrx_word' id='word_1_493' title='bbox 3014 3206 3070 3267; x_wconf 56' lang='grc'><strong>6⁷.</strong></span> <span class='ocrx_word' id='word_1_494' title='bbox 3116 3212 3228 3268; x_wconf 92' lang='lat' dir='ltr'><strong>lloc</strong></span> <span class='ocrx_word' id='word_1_495' title='bbox 3258 3227 3482 3280; x_wconf 86' lang='lat' dir='ltr'><strong>prover-</strong></span> 
     </span>
    </p>
   </div>
   <div class='ocr_carea' id='block_1_154' title="bbox 2176 3282 3337 3338">
    <p class='ocr_par' dir='ltr' id='par_1_154' title="bbox 2176 3282 3337 3338">
     <span class='ocr_line' id='line_1_156' title="bbox 2176 3282 3337 3338; baseline 0.004 -5"><span class='ocrx_word' id='word_1_496' title='bbox 2176 3295 2277 3335; x_wconf 91' lang='lat' dir='ltr'><strong>nos</strong></span> <span class='ocrx_word' id='word_1_497' title='bbox 2305 3283 2451 3336; x_wconf 81' lang='lat' dir='ltr'><strong>caeci</strong></span> <span class='ocrx_word' id='word_1_498' title='bbox 3017 3282 3169 3338; x_wconf 87' lang='lat' dir='ltr'><strong>bium</strong></span> <span class='ocrx_word' id='word_1_499' title='bbox 3201 3283 3337 3338; x_wconf 81' lang='lat' dir='ltr'><strong>dixit</strong></span> 
     </span>
    </p>
   </div>
   <div class='ocr_carea' id='block_1_155' title="bbox 2174 3352 3326 3411">
    <p class='ocr_par' dir='ltr' id='par_1_155' title="bbox 2174 3352 3326 3411">
     <span class='ocr_line' id='line_1_157' title="bbox 2174 3352 3326 3411; baseline 0.003 -5"><span class='ocrx_word' id='word_1_500' title='bbox 2174 3352 2406 3406; x_wconf 84' lang='lat' dir='ltr'><strong>sumus?</strong></span> <span class='ocrx_word' id='word_1_501' title='bbox 3016 3353 3125 3410; x_wconf 77' lang='lat' dir='ltr'><strong>illis</strong></span> <span class='ocrx_word' id='word_1_502' title='bbox 3147 3354 3326 3411; x_wconf 80' lang='lat' dir='ltr'><strong>Jesus.</strong></span> 
     </span>
    </p>
   </div>
   <div class='ocr_carea' id='block_1_156' title="bbox 3018 3425 3304 3482">
    <p class='ocr_par' dir='ltr' id='par_1_156' title="bbox 3018 3425 3304 3482">
     <span class='ocr_line' id='line_1_158' title="bbox 3018 3425 3304 3482; baseline 0 -1"><span class='ocrx_word' id='word_1_503' title='bbox 3018 3425 3102 3482; x_wconf 89' lang='lat' dir='ltr'><strong>Illi</strong></span> <span class='ocrx_word' id='word_1_504' title='bbox 3123 3437 3304 3481; x_wconf 89' lang='lat' dir='ltr'><strong>autem</strong></span> 
     </span>
    </p>
   </div>
   <div class='ocr_carea' id='block_1_157' title="bbox 3019 3512 3421 3568">
    <p class='ocr_par' dir='ltr' id='par_1_157' title="bbox 3019 3512 3421 3568">
     <span class='ocr_line' id='line_1_159' title="bbox 3019 3512 3421 3568; baseline 0.007 -16"><span class='ocrx_word' id='word_1_505' title='bbox 3019 3513 3126 3552; x_wconf 92' lang='lat' dir='ltr'><strong>non</strong></span> <span class='ocrx_word' id='word_1_506' title='bbox 3149 3512 3421 3568; x_wconf 77' lang='lat' dir='ltr'><strong>cognove-</strong></span> 
     </span>
    </p>
   </div>
   <div class='ocr_carea' id='block_1_158' title="bbox 3017 3569 3312 3640">
    <p class='ocr_par' dir='ltr' id='par_1_158' title="bbox 3017 3569 3312 3640">
     <span class='ocr_line' id='line_1_160' title="bbox 3017 3569 3312 3640; baseline 0 -16"><span class='ocrx_word' id='word_1_507' title='bbox 3017 3578 3151 3624; x_wconf 89' lang='lat' dir='ltr'><strong>runt</strong></span> <span class='ocrx_word' id='word_1_508' title='bbox 3170 3569 3312 3640; x_wconf 91' lang='lat' dir='ltr'><strong>quod</strong></span> 
     </span>
    </p>
   </div>
   <div class='ocr_carea' id='block_1_159' title="bbox 3019 3641 3466 3714">
    <p class='ocr_par' dir='ltr' id='par_1_159' title="bbox 3019 3641 3466 3714">
     <span class='ocr_line' id='line_1_161' title="bbox 3019 3641 3466 3714; baseline -0.002 -18"><span class='ocrx_word' id='word_1_509' title='bbox 3019 3641 3345 3714; x_wconf 83' lang='lat' dir='ltr'><strong>loquebatur</strong></span> <span class='ocrx_word' id='word_1_510' title='bbox 3367 3641 3466 3696; x_wconf 90' lang='lat' dir='ltr'><strong>eis.</strong></span> 
     </span>
    </p>
   </div>
   <div class='ocr_carea' id='block_1_160' title="bbox 3019 3712 3513 3785">
    <p class='ocr_par' dir='ltr' id='par_1_160' title="bbox 3019 3712 3513 3785">
     <span class='ocr_line' id='line_1_162' title="bbox 3019 3712 3513 3785; baseline -0.002 -17"><span class='ocrx_word' id='word_1_511' title='bbox 3019 3713 3073 3768; x_wconf 88' lang='lat'><strong>7.</strong></span> <span class='ocrx_word' id='word_1_512' title='bbox 3099 3712 3259 3769; x_wconf 56' lang='lat' dir='ltr'><strong>&#39;Dixit</strong></span> <span class='ocrx_word' id='word_1_513' title='bbox 3281 3727 3413 3785; x_wconf 72' lang='lat' dir='ltr'><strong>ergo</strong></span> <span class='ocrx_word' id='word_1_514' title='bbox 3431 3712 3513 3769; x_wconf 89' lang='lat' dir='ltr'><strong>eis</strong></span> 
     </span>
    </p>
   </div>
   <div class='ocr_carea' id='block_1_161' title="bbox 2174 3422 2568 3480">
    <p class='ocr_par' dir='ltr' id='par_1_161' title="bbox 2174 3422 2568 3480">
     <span class='ocr_line' id='line_1_163' title="bbox 2174 3422 2568 3480; baseline 0.01 -4"><span class='ocrx_word' id='word_1_515' title='bbox 2174 3422 2268 3477; x_wconf 76' lang='grc'><strong>41.</strong></span> <span class='ocrx_word' id='word_1_516' title='bbox 2310 3422 2454 3478; x_wconf 85' lang='lat' dir='ltr'><strong>Dixit</strong></span> <span class='ocrx_word' id='word_1_517' title='bbox 2486 3423 2568 3480; x_wconf 88' lang='lat' dir='ltr'><strong>eis</strong></span> 
     </span>
    </p>
   </div>
   <div class='ocr_carea' id='block_1_162' title="bbox 2175 3493 2650 3552">
    <p class='ocr_par' dir='ltr' id='par_1_162' title="bbox 2175 3493 2650 3552">
     <span class='ocr_line' id='line_1_164' title="bbox 2175 3493 2650 3552; baseline 0.004 -4"><span class='ocrx_word' id='word_1_518' title='bbox 2175 3493 2334 3550; x_wconf 89' lang='lat' dir='ltr'><strong>Jesus</strong></span> <span class='ocrx_word' id='word_1_519' title='bbox 2366 3511 2381 3548; x_wconf 89' lang='lat'><strong>:</strong></span> <span class='ocrx_word' id='word_1_520' title='bbox 2414 3497 2472 3552; x_wconf 88' lang='lat' dir='ltr'><strong>Si</strong></span> <span class='ocrx_word' id='word_1_521' title='bbox 2500 3495 2650 3552; x_wconf 90' lang='lat' dir='ltr'><strong>caeci</strong></span> 
     </span>
    </p>
   </div>
   <div class='ocr_carea' id='block_1_163' title="bbox 2174 3567 2542 3628">
    <p class='ocr_par' dir='ltr' id='par_1_163' title="bbox 2174 3567 2542 3628">
     <span class='ocr_line' id='line_1_165' title="bbox 2174 3567 2542 3628; baseline 0.011 -8"><span class='ocrx_word' id='word_1_522' title='bbox 2174 3567 2396 3628; x_wconf 88' lang='lat' dir='ltr'><strong>essetis,</strong></span> <span class='ocrx_word' id='word_1_523' title='bbox 2432 3581 2542 3624; x_wconf 90' lang='lat' dir='ltr'><strong>non</strong></span> 
     </span>
    </p>
   </div>
   <div class='ocr_carea' id='block_1_164' title="bbox 2176 3637 2456 3693">
    <p class='ocr_par' dir='ltr' id='par_1_164' title="bbox 2176 3637 2456 3693">
     <span class='ocr_line' id='line_1_166' title="bbox 2176 3637 2456 3693; baseline 0.014 -4"><span class='ocrx_word' id='word_1_524' title='bbox 2176 3637 2456 3693; x_wconf 77' lang='lat' dir='ltr'><strong>babereUs</strong></span> 
     </span>
    </p>
   </div>
   <div class='ocr_carea' id='block_1_165' title="bbox 2177 3721 2484 3779">
    <p class='ocr_par' dir='ltr' id='par_1_165' title="bbox 2177 3721 2484 3779">
     <span class='ocr_line' id='line_1_167' title="bbox 2177 3721 2484 3779; baseline 0 -14"><span class='ocrx_word' id='word_1_525' title='bbox 2177 3721 2484 3779; x_wconf 86' lang='lat' dir='ltr'><strong>peccatum,</strong></span> 
     </span>
    </p>
   </div>
   <div class='ocr_carea' id='block_1_166' title="bbox 1791 3821 2459 3882">
    <p class='ocr_par' dir='ltr' id='par_1_166' title="bbox 1791 3821 2459 3882">
     <span class='ocr_line' id='line_1_168' title="bbox 1791 3821 2459 3882; baseline 0 -2"><span class='ocrx_word' id='word_1_526' title='bbox 1791 3821 2024 3880; x_wconf 80' lang='lat' dir='ltr'><strong>CODEX</strong></span> <span class='ocrx_word' id='word_1_527' title='bbox 2060 3822 2459 3882; x_wconf 76' lang='lat' dir='ltr'><strong>BRIXIANUS.</strong></span> 
     </span>
    </p>
   </div>
   <div class='ocr_carea' id='block_1_167' title="bbox 467 3918 2062 3996">
    <p class='ocr_par' dir='ltr' id='par_1_167' title="bbox 467 3918 2062 3996">
     <span class='ocr_line' id='line_1_169' title="bbox 467 3918 2062 3996; baseline -0.008 -11"><span class='ocrx_word' id='word_1_528' title='bbox 467 3937 522 3985; x_wconf 93' lang='lat' dir='ltr'><strong>et</strong></span> <span class='ocrx_word' id='word_1_529' title='bbox 543 3937 598 3984; x_wconf 93' lang='lat' dir='ltr'><strong>tu</strong></span> <span class='ocrx_word' id='word_1_530' title='bbox 625 3927 790 3984; x_wconf 88' lang='lat' dir='ltr'><strong>doces</strong></span> <span class='ocrx_word' id='word_1_531' title='bbox 812 3941 931 3982; x_wconf 88' lang='lat' dir='ltr'><strong>nos.</strong></span> <span class='ocrx_word' id='word_1_532' title='bbox 958 3924 1457 3996; x_wconf 78' lang='lat' dir='ltr'><strong>Etejeceruuteum</strong></span> <span class='ocrx_word' id='word_1_533' title='bbox 1472 3918 1851 3996; x_wconf 77' lang='lat' dir='ltr'><strong>loris.Audi_vit</strong></span> <span class='ocrx_word' id='word_1_534' title='bbox 1880 3926 2062 3996; x_wconf 89' lang='lat' dir='ltr'><strong>autem</strong></span> 
     </span>
    </p>
   </div>
   <div class='ocr_carea' id='block_1_168' title="bbox 465 3992 2068 4071">
    <p class='ocr_par' dir='ltr' id='par_1_168' title="bbox 465 3992 2068 4071">
     <span class='ocr_line' id='line_1_170' title="bbox 465 3992 2068 4071; baseline -0.006 -15"><span class='ocrx_word' id='word_1_535' title='bbox 465 3999 647 4056; x_wconf 75' lang='lat' dir='ltr'><strong>Jesus.</strong></span> <span class='ocrx_word' id='word_1_536' title='bbox 692 4002 816 4071; x_wconf 85' lang='lat' dir='ltr'><strong>quia</strong></span> <span class='ocrx_word' id='word_1_537' title='bbox 856 3992 1134 4068; x_wconf 79' lang='lat' dir='ltr'><strong>ejcceruut</strong></span> <span class='ocrx_word' id='word_1_538' title='bbox 1172 3994 1725 4071; x_wconf 75' lang='lat' dir='ltr'><strong>eum_foras._et_cum</strong></span> <span class='ocrx_word' id='word_1_539' title='bbox 1768 3992 2068 4071; x_wconf 74' lang='lat' dir='ltr'><strong>invenisset</strong></span> 
     </span>
    </p>
   </div>
   <div class='ocr_carea' id='block_1_169' title="bbox 465 4062 2068 4131">
    <p class='ocr_par' dir='ltr' id='par_1_169' title="bbox 465 4062 2068 4131">
     <span class='ocr_line' id='line_1_171' title="bbox 465 4062 2068 4131; baseline -0.006 -3"><span class='ocrx_word' id='word_1_540' title='bbox 465 4087 590 4128; x_wconf 87' lang='lat' dir='ltr'><strong>eum</strong></span> <span class='ocrx_word' id='word_1_541' title='bbox 617 4062 755 4127; x_wconf 82' lang='lat' dir='ltr'><strong>dixit</strong></span> <span class='ocrx_word' id='word_1_542' title='bbox 784 4071 854 4125; x_wconf 92' lang='lat' dir='ltr'><strong>ei.</strong></span> <span class='ocrx_word' id='word_1_543' title='bbox 880 4062 960 4124; x_wconf 74' lang='lat' dir='ltr'><strong>&#39;i‘u</strong></span> <span class='ocrx_word' id='word_1_544' title='bbox 984 4070 1164 4124; x_wconf 83' lang='lat' dir='ltr'><strong>credis</strong></span> <span class='ocrx_word' id='word_1_545' title='bbox 1191 4070 1242 4122; x_wconf 89' lang='lat' dir='ltr'><strong>iu</strong></span> <span class='ocrx_word' id='word_1_546' title='bbox 1275 4065 1469 4119; x_wconf 86' lang='lat' dir='ltr'><strong>Filium</strong></span> <span class='ocrx_word' id='word_1_547' title='bbox 1499 4064 1615 4118; x_wconf 85' lang='lat' dir='ltr'><strong>Dei.</strong></span> <span class='ocrx_word' id='word_1_548' title='bbox 1648 4062 1946 4131; x_wconf 78' lang='lat' dir='ltr'><strong>Respondit</strong></span> <span class='ocrx_word' id='word_1_549' title='bbox 1978 4064 2068 4118; x_wconf 88' lang='lat' dir='ltr'><strong>ille</strong></span> 
     </span>
    </p>
   </div>
   <div class='ocr_carea' id='block_1_170' title="bbox 469 4133 2070 4209">
    <p class='ocr_par' dir='ltr' id='par_1_170' title="bbox 469 4133 2070 4209">
     <span class='ocr_line' id='line_1_172' title="bbox 469 4133 2070 4209; baseline -0.006 -12"><span class='ocrx_word' id='word_1_550' title='bbox 469 4154 525 4199; x_wconf 89' lang='lat' dir='ltr'><strong>et</strong></span> <span class='ocrx_word' id='word_1_551' title='bbox 550 4143 689 4197; x_wconf 84' lang='lat' dir='ltr'><strong>dixit</strong></span> <span class='ocrx_word' id='word_1_552' title='bbox 710 4144 842 4209; x_wconf 85' lang='lat' dir='ltr'><strong>Quis</strong></span> <span class='ocrx_word' id='word_1_553' title='bbox 866 4151 948 4196; x_wconf 91' lang='lat' dir='ltr'><strong>est</strong></span> <span class='ocrx_word' id='word_1_554' title='bbox 976 4141 1222 4205; x_wconf 69' lang='lat' dir='ltr'><strong>Domine.</strong></span> <span class='ocrx_word' id='word_1_555' title='bbox 1255 4149 1310 4191; x_wconf 90' lang='lat' dir='ltr'><strong>ut</strong></span> <span class='ocrx_word' id='word_1_556' title='bbox 1335 4136 1551 4190; x_wconf 80' lang='lat' dir='ltr'><strong>credam</strong></span> <span class='ocrx_word' id='word_1_557' title='bbox 1584 4137 1637 4187; x_wconf 88' lang='lat' dir='ltr'><strong>in</strong></span> <span class='ocrx_word' id='word_1_558' title='bbox 1663 4148 1809 4187; x_wconf 83' lang='lat' dir='ltr'><strong>enin.</strong></span> <span class='ocrx_word' id='word_1_559' title='bbox 1830 4134 1905 4209; x_wconf 7' lang='lat' dir='ltr'><strong>jEt</strong></span> <span class='ocrx_word' id='word_1_560' title='bbox 1933 4133 2070 4188; x_wconf 69' lang='lat' dir='ltr'><strong>dixit</strong></span> 
     </span>
    </p>
   </div>
   <div class='ocr_carea' id='block_1_171' title="bbox 469 4207 2064 4278">
    <p class='ocr_par' dir='ltr' id='par_1_171' title="bbox 469 4207 2064 4278">
     <span class='ocr_line' id='line_1_173' title="bbox 469 4207 2064 4278; baseline -0.006 -9"><span class='ocrx_word' id='word_1_561' title='bbox 469 4213 520 4269; x_wconf 88' lang='lat' dir='ltr'><strong>ei</strong></span> <span class='ocrx_word' id='word_1_562' title='bbox 542 4215 700 4269; x_wconf 78' lang='lat' dir='ltr'><strong>Jesus</strong></span> <span class='ocrx_word' id='word_1_563' title='bbox 722 4207 779 4268; x_wconf 73' lang='lat' dir='ltr'><strong>et</strong></span> <span class='ocrx_word' id='word_1_564' title='bbox 808 4212 985 4267; x_wconf 86' lang='lat' dir='ltr'><strong>vidisti</strong></span> <span class='ocrx_word' id='word_1_565' title='bbox 1010 4227 1134 4266; x_wconf 90' lang='lat' dir='ltr'><strong>eum</strong></span> <span class='ocrx_word' id='word_1_566' title='bbox 1161 4221 1217 4265; x_wconf 89' lang='lat' dir='ltr'><strong>et</strong></span> <span class='ocrx_word' id='word_1_567' title='bbox 1236 4211 1326 4278; x_wconf 91' lang='lat' dir='ltr'><strong>qui</strong></span> <span class='ocrx_word' id='word_1_568' title='bbox 1358 4208 1594 4276; x_wconf 84' lang='lat' dir='ltr'><strong>loquitur</strong></span> <span class='ocrx_word' id='word_1_569' title='bbox 1622 4218 1794 4259; x_wconf 86' lang='lat' dir='ltr'><strong>tecum</strong></span> <span class='ocrx_word' id='word_1_570' title='bbox 1829 4207 1943 4278; x_wconf 89' lang='lat' dir='ltr'><strong>ipse</strong></span> <span class='ocrx_word' id='word_1_571' title='bbox 1963 4214 2064 4259; x_wconf 84' lang='lat' dir='ltr'><strong>est.</strong></span> 
     </span>
    </p>
   </div>
   <div class='ocr_carea' id='block_1_172' title="bbox 467 4276 2069 4344">
    <p class='ocr_par' dir='ltr' id='par_1_172' title="bbox 467 4276 2069 4344">
     <span class='ocr_line' id='line_1_174' title="bbox 467 4276 2069 4344; baseline -0.007 -3"><span class='ocrx_word' id='word_1_572' title='bbox 467 4283 566 4341; x_wconf 86' lang='lat' dir='ltr'><strong>Ille</strong></span> <span class='ocrx_word' id='word_1_573' title='bbox 595 4297 772 4340; x_wconf 89' lang='lat' dir='ltr'><strong>autem</strong></span> <span class='ocrx_word' id='word_1_574' title='bbox 810 4285 964 4340; x_wconf 86' lang='lat' dir='ltr'><strong>dixit.</strong></span> <span class='ocrx_word' id='word_1_575' title='bbox 999 4283 1177 4338; x_wconf 82' lang='lat' dir='ltr'><strong>Credo</strong></span> <span class='ocrx_word' id='word_1_576' title='bbox 1205 4276 1432 4335; x_wconf 80' lang='lat' dir='ltr'><strong>Domine</strong></span> <span class='ocrx_word' id='word_1_577' title='bbox 1463 4278 1530 4331; x_wconf 76' lang='lat' dir='ltr'><strong>Et</strong></span> <span class='ocrx_word' id='word_1_578' title='bbox 1561 4279 1847 4344; x_wconf 85' lang='lat' dir='ltr'><strong>procideus</strong></span> <span class='ocrx_word' id='word_1_579' title='bbox 1875 4276 2069 4330; x_wconf 85' lang='lat' dir='ltr'><strong>adOra-</strong></span> 
     </span>
    </p>
   </div>
   <div class='ocr_carea' id='block_1_173' title="bbox 469 4345 2067 4418">
    <p class='ocr_par' dir='ltr' id='par_1_173' title="bbox 469 4345 2067 4418">
     <span class='ocr_line' id='line_1_175' title="bbox 469 4345 2067 4418; baseline -0.007 -6"><span class='ocrx_word' id='word_1_580' title='bbox 469 4359 546 4412; x_wconf 88' lang='lat' dir='ltr'><strong>vit</strong></span> <span class='ocrx_word' id='word_1_581' title='bbox 583 4372 729 4413; x_wconf 91' lang='lat' dir='ltr'><strong>eum.</strong></span> <span class='ocrx_word' id='word_1_582' title='bbox 775 4357 840 4412; x_wconf 87' lang='lat' dir='ltr'><strong>Et</strong></span> <span class='ocrx_word' id='word_1_583' title='bbox 870 4355 1006 4411; x_wconf 81' lang='lat' dir='ltr'><strong>dixit</strong></span> <span class='ocrx_word' id='word_1_584' title='bbox 1035 4358 1083 4408; x_wconf 88' lang='lat' dir='ltr'><strong>ei</strong></span> <span class='ocrx_word' id='word_1_585' title='bbox 1123 4353 1302 4408; x_wconf 76' lang='lat' dir='ltr'><strong>Jesus.</strong></span> <span class='ocrx_word' id='word_1_586' title='bbox 1338 4350 1394 4403; x_wconf 93' lang='lat' dir='ltr'><strong>lu</strong></span> <span class='ocrx_word' id='word_1_587' title='bbox 1421 4347 1687 4418; x_wconf 89' lang='lat' dir='ltr'><strong>judicium</strong></span> <span class='ocrx_word' id='word_1_588' title='bbox 1719 4361 1819 4416; x_wconf 76' lang='lat' dir='ltr'><strong>ego</strong></span> <span class='ocrx_word' id='word_1_589' title='bbox 1858 4347 1982 4401; x_wconf 86' lang='lat' dir='ltr'><strong>veni</strong></span> <span class='ocrx_word' id='word_1_590' title='bbox 2016 4345 2067 4402; x_wconf 90' lang='lat' dir='ltr'><strong>in</strong></span> 
     </span>
    </p>
   </div>
   <div class='ocr_carea' id='block_1_174' title="bbox 469 4419 2070 4500">
    <p class='ocr_par' dir='ltr' id='par_1_174' title="bbox 469 4419 2070 4500">
     <span class='ocr_line' id='line_1_176' title="bbox 469 4419 2070 4500; baseline -0.008 -16"><span class='ocrx_word' id='word_1_591' title='bbox 469 4427 616 4484; x_wconf 81' lang='lat' dir='ltr'><strong>hunc</strong></span> <span class='ocrx_word' id='word_1_592' title='bbox 653 4431 932 4484; x_wconf 88' lang='lat' dir='ltr'><strong>tnundum.</strong></span> <span class='ocrx_word' id='word_1_593' title='bbox 968 4427 1154 4500; x_wconf 37' lang='lat' dir='ltr'><strong>utuqui</strong></span> <span class='ocrx_word' id='word_1_594' title='bbox 1181 4438 1288 4500; x_wconf 78' lang='lat' dir='ltr'><strong>non</strong></span> <span class='ocrx_word' id='word_1_595' title='bbox 1328 4419 1776 4500; x_wconf 52' lang='lat' dir='ltr'><strong>Videntvideaot.</strong></span> <span class='ocrx_word' id='word_1_596' title='bbox 1802 4420 1968 4500; x_wconf 77' lang='lat' dir='ltr'><strong>etqui</strong></span> <span class='ocrx_word' id='word_1_597' title='bbox 1994 4422 2070 4500; x_wconf 74' lang='lat' dir='ltr'><strong>vi-</strong></span> 
     </span>
    </p>
   </div>
   <div class='ocr_carea' id='block_1_175' title="bbox 467 4489 2065 4564">
    <p class='ocr_par' dir='ltr' id='par_1_175' title="bbox 467 4489 2065 4564">
     <span class='ocr_line' id='line_1_177' title="bbox 467 4489 2065 4564; baseline -0.009 -6"><span class='ocrx_word' id='word_1_598' title='bbox 467 4501 596 4558; x_wconf 86' lang='lat' dir='ltr'><strong>dent</strong></span> <span class='ocrx_word' id='word_1_599' title='bbox 635 4500 783 4557; x_wconf 84' lang='lat' dir='ltr'><strong>caeci</strong></span> <span class='ocrx_word' id='word_1_600' title='bbox 828 4503 974 4554; x_wconf 84' lang='lat' dir='ltr'><strong>liant.</strong></span> <span class='ocrx_word' id='word_1_601' title='bbox 1026 4489 1095 4551; x_wconf 77' lang='lat' dir='ltr'><strong>Et</strong></span> <span class='ocrx_word' id='word_1_602' title='bbox 1131 4495 1419 4548; x_wconf 84' lang='lat' dir='ltr'><strong>audierunt</strong></span> <span class='ocrx_word' id='word_1_603' title='bbox 1461 4489 1536 4564; x_wconf 75' lang='grc' dir='ltr'><strong>(ὁ)</strong></span> <span class='ocrx_word' id='word_1_604' title='bbox 1571 4504 1634 4564; x_wconf 72' lang='lat' dir='ltr'><strong>ex</strong></span> <span class='ocrx_word' id='word_1_605' title='bbox 1668 4489 1975 4564; x_wconf 70' lang='lat' dir='ltr'><strong>Pliarisaeis</strong></span> <span class='ocrx_word' id='word_1_606' title='bbox 2003 4489 2065 4560; x_wconf 76' lang='lat' dir='ltr'><strong>-j-.</strong></span> 
     </span>
    </p>
   </div>
   <div class='ocr_carea' id='block_1_176' title="bbox 467 4561 2068 4645">
    <p class='ocr_par' dir='ltr' id='par_1_176' title="bbox 467 4561 2068 4645">
     <span class='ocr_line' id='line_1_178' title="bbox 467 4561 2068 4645; baseline -0.006 -20"><span class='ocrx_word' id='word_1_607' title='bbox 467 4575 704 4645; x_wconf 90' lang='lat' dir='ltr'><strong>quicum</strong></span> <span class='ocrx_word' id='word_1_608' title='bbox 732 4573 851 4643; x_wconf 76' lang='lat' dir='ltr'><strong>ipso</strong></span> <span class='ocrx_word' id='word_1_609' title='bbox 879 4581 1053 4645; x_wconf 74' lang='lat' dir='ltr'><strong>erant.</strong></span> <span class='ocrx_word' id='word_1_610' title='bbox 1080 4566 1419 4645; x_wconf 48' lang='lat' dir='ltr'><strong>etdixet&#39;ut‘tt</strong></span> <span class='ocrx_word' id='word_1_611' title='bbox 1463 4561 1532 4618; x_wconf 84' lang='lat' dir='ltr'><strong>ei.</strong></span> <span class='ocrx_word' id='word_1_612' title='bbox 1567 4561 1837 4645; x_wconf 56' lang='lat' dir='ltr'><strong>Nutiiquid</strong></span> <span class='ocrx_word' id='word_1_613' title='bbox 1876 4573 1928 4615; x_wconf 87' lang='lat' dir='ltr'><strong>et</strong></span> <span class='ocrx_word' id='word_1_614' title='bbox 1969 4578 2068 4645; x_wconf 83' lang='lat' dir='ltr'><strong>nos</strong></span> 
     </span>
    </p>
   </div>
   <div class='ocr_carea' id='block_1_177' title="bbox 465 4634 2070 4701">
    <p class='ocr_par' dir='ltr' id='par_1_177' title="bbox 465 4634 2070 4701">
     <span class='ocr_line' id='line_1_179' title="bbox 465 4634 2070 4701; baseline -0.007 -2"><span class='ocrx_word' id='word_1_615' title='bbox 465 4634 616 4701; x_wconf 73' lang='lat' dir='ltr'><strong>caeci</strong></span> <span class='ocrx_word' id='word_1_616' title='bbox 641 4634 850 4698; x_wconf 63' lang='lat' dir='ltr'><strong>sum&#39;us.</strong></span> <span class='ocrx_word' id='word_1_617' title='bbox 880 4640 1026 4696; x_wconf 84' lang='lat' dir='ltr'><strong>Dixit</strong></span> <span class='ocrx_word' id='word_1_618' title='bbox 1045 4639 1123 4694; x_wconf 87' lang='lat' dir='ltr'><strong>eis</strong></span> <span class='ocrx_word' id='word_1_619' title='bbox 1146 4639 1325 4693; x_wconf 82' lang='lat' dir='ltr'><strong>Jesus.</strong></span> <span class='ocrx_word' id='word_1_620' title='bbox 1351 4634 1409 4690; x_wconf 90' lang='lat' dir='ltr'><strong>Si</strong></span> <span class='ocrx_word' id='word_1_621' title='bbox 1437 4635 1583 4689; x_wconf 76' lang='lat' dir='ltr'><strong>eueci</strong></span> <span class='ocrx_word' id='word_1_622' title='bbox 1615 4634 1814 4688; x_wconf 86' lang='lat' dir='ltr'><strong>essetis</strong></span> <span class='ocrx_word' id='word_1_623' title='bbox 1839 4649 1946 4688; x_wconf 91' lang='lat' dir='ltr'><strong>non</strong></span> <span class='ocrx_word' id='word_1_624' title='bbox 1975 4634 2070 4687; x_wconf 87' lang='lat' dir='ltr'><strong>ba-</strong></span> 
     </span>
    </p>
   </div>
   <div class='ocr_carea' id='block_1_178' title="bbox 465 4704 2095 4786">
    <p class='ocr_par' dir='ltr' id='par_1_178' title="bbox 465 4704 2095 4786">
     <span class='ocr_line' id='line_1_180' title="bbox 465 4704 2095 4786; baseline -0.009 -11"><span class='ocrx_word' id='word_1_625' title='bbox 465 4715 668 4775; x_wconf 84' lang='lat' dir='ltr'><strong>beretis</strong></span> <span class='ocrx_word' id='word_1_626' title='bbox 714 4724 1017 4786; x_wconf 85' lang='lat' dir='ltr'><strong>peccatum.</strong></span> <span class='ocrx_word' id='word_1_627' title='bbox 1065 4723 1212 4767; x_wconf 90' lang='lat' dir='ltr'><strong>nunc</strong></span> <span class='ocrx_word' id='word_1_628' title='bbox 1256 4721 1392 4764; x_wconf 88' lang='lat' dir='ltr'><strong>vero</strong></span> <span class='ocrx_word' id='word_1_629' title='bbox 1439 4704 1619 4761; x_wconf 88' lang='lat' dir='ltr'><strong>dicitis</strong></span> <span class='ocrx_word' id='word_1_630' title='bbox 1663 4705 1791 4775; x_wconf 87' lang='lat' dir='ltr'><strong>quia</strong></span> <span class='ocrx_word' id='word_1_631' title='bbox 1821 4706 2095 4766; x_wconf 88' lang='lat' dir='ltr'><strong>videmus,</strong></span> 
     </span>
    </p>
   </div>
   <div class='ocr_carea' id='block_1_179' title="bbox 2173 3919 3746 3979">
    <p class='ocr_par' dir='ltr' id='par_1_179' title="bbox 2173 3919 3746 3979">
     <span class='ocr_line' id='line_1_181' title="bbox 2173 3919 3746 3979; baseline -0.001 -5"><span class='ocrx_word' id='word_1_632' title='bbox 2173 3919 2462 3975; x_wconf 81' lang='lat' dir='ltr'><strong>Peccatum</strong></span> <span class='ocrx_word' id='word_1_633' title='bbox 2507 3928 2748 3976; x_wconf 80' lang='lat' dir='ltr'><strong>vestrum</strong></span> <span class='ocrx_word' id='word_1_634' title='bbox 2800 3932 3004 3978; x_wconf 90' lang='lat' dir='ltr'><strong>manet.</strong></span> <span class='ocrx_word' id='word_1_635' title='bbox 3065 3921 3237 3979; x_wconf 80' lang='lat' dir='ltr'><strong>Amen</strong></span> <span class='ocrx_word' id='word_1_636' title='bbox 3294 3937 3455 3978; x_wconf 85' lang='lat' dir='ltr'><strong>amen</strong></span> <span class='ocrx_word' id='word_1_637' title='bbox 3505 3921 3620 3978; x_wconf 90' lang='lat' dir='ltr'><strong>dico</strong></span> <span class='ocrx_word' id='word_1_638' title='bbox 3661 3933 3746 3973; x_wconf 78' lang='lat' dir='ltr'><strong>ro-</strong></span> 
     </span>
    </p>
   </div>
   <div class='ocr_carea' id='block_1_180' title="bbox 2177 3991 3742 4062">
    <p class='ocr_par' dir='ltr' id='par_1_180' title="bbox 2177 3991 3742 4062">
     <span class='ocr_line' id='line_1_182' title="bbox 2177 3991 3742 4062; baseline -0.002 -17"><span class='ocrx_word' id='word_1_639' title='bbox 2177 3991 2283 4046; x_wconf 89' lang='lat' dir='ltr'><strong>bis.</strong></span> <span class='ocrx_word' id='word_1_640' title='bbox 2345 3996 2435 4062; x_wconf 86' lang='lat' dir='ltr'><strong>qui</strong></span> <span class='ocrx_word' id='word_1_641' title='bbox 2488 4009 2596 4047; x_wconf 91' lang='lat' dir='ltr'><strong>non</strong></span> <span class='ocrx_word' id='word_1_642' title='bbox 2657 3997 2821 4048; x_wconf 86' lang='lat' dir='ltr'><strong>intrat</strong></span> <span class='ocrx_word' id='word_1_643' title='bbox 2871 4010 2966 4062; x_wconf 87' lang='lat' dir='ltr'><strong>per</strong></span> <span class='ocrx_word' id='word_1_644' title='bbox 3034 3995 3237 4050; x_wconf 93' lang='lat' dir='ltr'><strong>ostium</strong></span> <span class='ocrx_word' id='word_1_645' title='bbox 3285 3995 3339 4049; x_wconf 89' lang='lat' dir='ltr'><strong>in</strong></span> <span class='ocrx_word' id='word_1_646' title='bbox 3388 3994 3530 4050; x_wconf 86' lang='lat' dir='ltr'><strong>ovile</strong></span> <span class='ocrx_word' id='word_1_647' title='bbox 3566 3994 3742 4049; x_wconf 86' lang='lat' dir='ltr'><strong>ovium.</strong></span> 
     </span>
    </p>
   </div>
   <div class='ocr_carea' id='block_1_181' title="bbox 2173 4063 3747 4133">
    <p class='ocr_par' dir='ltr' id='par_1_181' title="bbox 2173 4063 3747 4133">
     <span class='ocr_line' id='line_1_183' title="bbox 2173 4063 3747 4133; baseline -0.001 -17"><span class='ocrx_word' id='word_1_648' title='bbox 2173 4063 2267 4116; x_wconf 85' lang='lat' dir='ltr'><strong>sed</strong></span> <span class='ocrx_word' id='word_1_649' title='bbox 2293 4064 2540 4118; x_wconf 80' lang='lat' dir='ltr'><strong>ascendit</strong></span> <span class='ocrx_word' id='word_1_650' title='bbox 2567 4063 2804 4120; x_wconf 83' lang='lat' dir='ltr'><strong>aliunde.</strong></span> <span class='ocrx_word' id='word_1_651' title='bbox 2834 4065 2929 4120; x_wconf 90' lang='lat' dir='ltr'><strong>ille</strong></span> <span class='ocrx_word' id='word_1_652' title='bbox 2957 4065 3045 4120; x_wconf 80' lang='lat' dir='ltr'><strong>fur</strong></span> <span class='ocrx_word' id='word_1_653' title='bbox 3071 4077 3155 4120; x_wconf 88' lang='lat' dir='ltr'><strong>est</strong></span> <span class='ocrx_word' id='word_1_654' title='bbox 3185 4076 3240 4122; x_wconf 91' lang='lat' dir='ltr'><strong>et</strong></span> <span class='ocrx_word' id='word_1_655' title='bbox 3264 4068 3428 4122; x_wconf 85' lang='lat' dir='ltr'><strong>latro.</strong></span> <span class='ocrx_word' id='word_1_656' title='bbox 3459 4065 3562 4133; x_wconf 77' lang='lat' dir='ltr'><strong>Qui</strong></span> <span class='ocrx_word' id='word_1_657' title='bbox 3592 4076 3747 4119; x_wconf 85' lang='lat' dir='ltr'><strong>autem</strong></span> 
     </span>
    </p>
   </div>
   <div class='ocr_carea' id='block_1_182' title="bbox 2171 4133 3748 4207">
    <p class='ocr_par' dir='ltr' id='par_1_182' title="bbox 2171 4133 3748 4207">
     <span class='ocr_line' id='line_1_184' title="bbox 2171 4133 3748 4207; baseline 0.003 -19"><span class='ocrx_word' id='word_1_658' title='bbox 2171 4133 2342 4189; x_wconf 83' lang='lat' dir='ltr'><strong>intrat</strong></span> <span class='ocrx_word' id='word_1_659' title='bbox 2371 4151 2465 4205; x_wconf 89' lang='lat' dir='ltr'><strong>per</strong></span> <span class='ocrx_word' id='word_1_660' title='bbox 2489 4136 2714 4190; x_wconf 85' lang='lat' dir='ltr'><strong>ostium.</strong></span> <span class='ocrx_word' id='word_1_661' title='bbox 2758 4137 2845 4192; x_wconf 86' lang='lat' dir='ltr'><strong>hic</strong></span> <span class='ocrx_word' id='word_1_662' title='bbox 2870 4148 3056 4207; x_wconf 82' lang='lat' dir='ltr'><strong>pastor</strong></span> <span class='ocrx_word' id='word_1_663' title='bbox 3085 4151 3169 4193; x_wconf 87' lang='lat' dir='ltr'><strong>est</strong></span> <span class='ocrx_word' id='word_1_664' title='bbox 3203 4141 3410 4193; x_wconf 86' lang='lat' dir='ltr'><strong>ovium.</strong></span> <span class='ocrx_word' id='word_1_665' title='bbox 3448 4138 3580 4192; x_wconf 87' lang='lat' dir='ltr'><strong>lluic</strong></span> <span class='ocrx_word' id='word_1_666' title='bbox 3605 4136 3748 4188; x_wconf 55' lang='lat' dir='ltr'><strong>ostia‘</strong></span> 
     </span>
    </p>
   </div>
   <div class='ocr_carea' id='block_1_183' title="bbox 2173 4207 3746 4279">
    <p class='ocr_par' dir='ltr' id='par_1_183' title="bbox 2173 4207 3746 4279">
     <span class='ocr_line' id='line_1_185' title="bbox 2173 4207 3746 4279; baseline 0.001 -19"><span class='ocrx_word' id='word_1_667' title='bbox 2173 4207 2285 4261; x_wconf 85' lang='lat' dir='ltr'><strong>rius</strong></span> <span class='ocrx_word' id='word_1_668' title='bbox 2313 4210 2510 4277; x_wconf 87' lang='lat' dir='ltr'><strong>aperit.</strong></span> <span class='ocrx_word' id='word_1_669' title='bbox 2541 4220 2595 4262; x_wconf 91' lang='lat' dir='ltr'><strong>et</strong></span> <span class='ocrx_word' id='word_1_670' title='bbox 2628 4223 2761 4263; x_wconf 84' lang='lat' dir='ltr'><strong>oves</strong></span> <span class='ocrx_word' id='word_1_671' title='bbox 2787 4223 2974 4264; x_wconf 88' lang='lat' dir='ltr'><strong>vocem</strong></span> <span class='ocrx_word' id='word_1_672' title='bbox 3016 4208 3134 4279; x_wconf 89' lang='lat' dir='ltr'><strong>ejus</strong></span> <span class='ocrx_word' id='word_1_673' title='bbox 3166 4213 3414 4266; x_wconf 86' lang='lat' dir='ltr'><strong>audiunt.</strong></span> <span class='ocrx_word' id='word_1_674' title='bbox 3448 4219 3506 4266; x_wconf 89' lang='lat' dir='ltr'><strong>et</strong></span> <span class='ocrx_word' id='word_1_675' title='bbox 3531 4207 3746 4279; x_wconf 77' lang='lat' dir='ltr'><strong>proprias</strong></span> 
     </span>
    </p>
   </div>
   <div class='ocr_carea' id='block_1_184' title="bbox 2172 4279 3748 4347">
    <p class='ocr_par' dir='ltr' id='par_1_184' title="bbox 2172 4279 3748 4347">
     <span class='ocr_line' id='line_1_186' title="bbox 2172 4279 3748 4347; baseline -0.001 -16"><span class='ocrx_word' id='word_1_676' title='bbox 2172 4292 2304 4332; x_wconf 83' lang='lat' dir='ltr'><strong>oves</strong></span> <span class='ocrx_word' id='word_1_677' title='bbox 2353 4291 2508 4334; x_wconf 81' lang='lat' dir='ltr'><strong>vocat</strong></span> <span class='ocrx_word' id='word_1_678' title='bbox 2537 4279 2876 4335; x_wconf 89' lang='lat' dir='ltr'><strong>uomiuatim.</strong></span> <span class='ocrx_word' id='word_1_679' title='bbox 2926 4290 2982 4335; x_wconf 89' lang='lat' dir='ltr'><strong>et</strong></span> <span class='ocrx_word' id='word_1_680' title='bbox 3006 4281 3190 4336; x_wconf 89' lang='lat' dir='ltr'><strong>educit</strong></span> <span class='ocrx_word' id='word_1_681' title='bbox 3219 4298 3334 4337; x_wconf 86' lang='lat' dir='ltr'><strong>eas.</strong></span> <span class='ocrx_word' id='word_1_682' title='bbox 3381 4281 3593 4337; x_wconf 85' lang='lat' dir='ltr'><strong>Etcum</strong></span> <span class='ocrx_word' id='word_1_683' title='bbox 3638 4291 3748 4347; x_wconf 88' lang='lat' dir='ltr'><strong>pro-</strong></span> 
     </span>
    </p>
   </div>
   <div class='ocr_carea' id='block_1_185' title="bbox 2177 4350 3744 4417">
    <p class='ocr_par' dir='ltr' id='par_1_185' title="bbox 2177 4350 3744 4417">
     <span class='ocr_line' id='line_1_187' title="bbox 2177 4350 3744 4417; baseline -0.003 -14"><span class='ocrx_word' id='word_1_684' title='bbox 2177 4350 2322 4417; x_wconf 86' lang='lat' dir='ltr'><strong>prias</strong></span> <span class='ocrx_word' id='word_1_685' title='bbox 2351 4366 2480 4404; x_wconf 86' lang='lat' dir='ltr'><strong>oves</strong></span> <span class='ocrx_word' id='word_1_686' title='bbox 2497 4351 2768 4408; x_wconf 89' lang='lat' dir='ltr'><strong>eduxerit.</strong></span> <span class='ocrx_word' id='word_1_687' title='bbox 2805 4363 2930 4408; x_wconf 83' lang='lat' dir='ltr'><strong>ante</strong></span> <span class='ocrx_word' id='word_1_688' title='bbox 2952 4367 3046 4407; x_wconf 90' lang='lat' dir='ltr'><strong>eas</strong></span> <span class='ocrx_word' id='word_1_689' title='bbox 3077 4353 3243 4417; x_wconf 89' lang='lat' dir='ltr'><strong>vadit,</strong></span> <span class='ocrx_word' id='word_1_690' title='bbox 3276 4363 3329 4409; x_wconf 88' lang='lat' dir='ltr'><strong>et</strong></span> <span class='ocrx_word' id='word_1_691' title='bbox 3356 4368 3488 4406; x_wconf 82' lang='lat' dir='ltr'><strong>oves</strong></span> <span class='ocrx_word' id='word_1_692' title='bbox 3510 4354 3640 4406; x_wconf 86' lang='lat' dir='ltr'><strong>illum</strong></span> <span class='ocrx_word' id='word_1_693' title='bbox 3663 4363 3744 4400; x_wconf 87' lang='lat' dir='ltr'><strong>se-</strong></span> 
     </span>
    </p>
   </div>
   <div class='ocr_carea' id='block_1_186' title="bbox 2175 4424 3743 4493">
    <p class='ocr_par' dir='ltr' id='par_1_186' title="bbox 2175 4424 3743 4493">
     <span class='ocr_line' id='line_1_188' title="bbox 2175 4424 3743 4493; baseline -0.001 -20"><span class='ocrx_word' id='word_1_694' title='bbox 2175 4432 2435 4489; x_wconf 90' lang='lat' dir='ltr'><strong>quuntur.</strong></span> <span class='ocrx_word' id='word_1_695' title='bbox 2469 4424 2597 4493; x_wconf 87' lang='lat' dir='ltr'><strong>quia</strong></span> <span class='ocrx_word' id='word_1_696' title='bbox 2643 4426 2822 4478; x_wconf 88' lang='lat' dir='ltr'><strong>sciunt</strong></span> <span class='ocrx_word' id='word_1_697' title='bbox 2869 4439 3056 4479; x_wconf 80' lang='lat' dir='ltr'><strong>vocent</strong></span> <span class='ocrx_word' id='word_1_698' title='bbox 3085 4431 3226 4493; x_wconf 89' lang='lat' dir='ltr'><strong>ejus.</strong></span> <span class='ocrx_word' id='word_1_699' title='bbox 3275 4425 3531 4479; x_wconf 86' lang='lat' dir='ltr'><strong>Alienum</strong></span> <span class='ocrx_word' id='word_1_700' title='bbox 3564 4433 3743 4474; x_wconf 80' lang='lat' dir='ltr'><strong>autem.</strong></span> 
     </span>
    </p>
   </div>
   <div class='ocr_carea' id='block_1_187' title="bbox 2176 4495 3746 4566">
    <p class='ocr_par' dir='ltr' id='par_1_187' title="bbox 2176 4495 3746 4566">
     <span class='ocr_line' id='line_1_189' title="bbox 2176 4495 3746 4566; baseline 0.001 -21"><span class='ocrx_word' id='word_1_701' title='bbox 2176 4507 2285 4547; x_wconf 90' lang='lat' dir='ltr'><strong>non</strong></span> <span class='ocrx_word' id='word_1_702' title='bbox 2313 4501 2636 4565; x_wconf 86' lang='lat' dir='ltr'><strong>sequuntur.</strong></span> <span class='ocrx_word' id='word_1_703' title='bbox 2663 4495 2759 4551; x_wconf 88' lang='lat' dir='ltr'><strong>sed</strong></span> <span class='ocrx_word' id='word_1_704' title='bbox 2782 4497 2988 4566; x_wconf 79' lang='lat' dir='ltr'><strong>fugiunt</strong></span> <span class='ocrx_word' id='word_1_705' title='bbox 3014 4496 3083 4550; x_wconf 90' lang='lat' dir='ltr'><strong>ab</strong></span> <span class='ocrx_word' id='word_1_706' title='bbox 3103 4511 3191 4550; x_wconf 91' lang='lat' dir='ltr'><strong>eo.</strong></span> <span class='ocrx_word' id='word_1_707' title='bbox 3224 4496 3347 4566; x_wconf 88' lang='lat' dir='ltr'><strong>quia</strong></span> <span class='ocrx_word' id='word_1_708' title='bbox 3378 4511 3486 4551; x_wconf 92' lang='lat' dir='ltr'><strong>non</strong></span> <span class='ocrx_word' id='word_1_709' title='bbox 3509 4496 3746 4566; x_wconf 75' lang='lat' dir='ltr'><strong>noverunt</strong></span> 
     </span>
    </p>
   </div>
   <div class='ocr_carea' id='block_1_188' title="bbox 2172 4565 3738 4636">
    <p class='ocr_par' dir='ltr' id='par_1_188' title="bbox 2172 4565 3738 4636">
     <span class='ocr_line' id='line_1_190' title="bbox 2172 4565 3738 4636; baseline 0.001 -18"><span class='ocrx_word' id='word_1_710' title='bbox 2172 4577 2362 4636; x_wconf 70' lang='lat' dir='ltr'><strong>vocem</strong></span> <span class='ocrx_word' id='word_1_711' title='bbox 2390 4569 2716 4622; x_wconf 89' lang='lat' dir='ltr'><strong>alienorum.</strong></span> <span class='ocrx_word' id='word_1_712' title='bbox 2766 4565 2876 4621; x_wconf 82' lang='lat' dir='ltr'><strong>Hoc</strong></span> <span class='ocrx_word' id='word_1_713' title='bbox 2907 4565 3256 4636; x_wconf 88' lang='lat' dir='ltr'><strong>proverbium</strong></span> <span class='ocrx_word' id='word_1_714' title='bbox 3287 4569 3430 4624; x_wconf 89' lang='lat' dir='ltr'><strong>dixit</strong></span> <span class='ocrx_word' id='word_1_715' title='bbox 3459 4569 3536 4623; x_wconf 88' lang='lat' dir='ltr'><strong>eis</strong></span> <span class='ocrx_word' id='word_1_716' title='bbox 3585 4565 3738 4636; x_wconf 77' lang='lat' dir='ltr'><strong>JesuS-</strong></span> 
     </span>
    </p>
   </div>
   <div class='ocr_carea' id='block_1_189' title="bbox 2173 4633 3739 4712">
    <p class='ocr_par' dir='ltr' id='par_1_189' title="bbox 2173 4633 3739 4712">
     <span class='ocr_line' id='line_1_191' title="bbox 2173 4633 3739 4712; baseline -0.001 -22"><span class='ocrx_word' id='word_1_717' title='bbox 2173 4633 2255 4712; x_wconf 80' lang='lat' dir='ltr'><strong>l_lli</strong></span> <span class='ocrx_word' id='word_1_718' title='bbox 2286 4649 2480 4712; x_wconf 79' lang='lat' dir='ltr'><strong>autem</strong></span> <span class='ocrx_word' id='word_1_719' title='bbox 2532 4654 2639 4712; x_wconf 83' lang='lat' dir='ltr'><strong>non</strong></span> <span class='ocrx_word' id='word_1_720' title='bbox 2690 4633 3103 4695; x_wconf 72' lang='lat' dir='ltr'><strong>intellexerunt.</strong></span> <span class='ocrx_word' id='word_1_721' title='bbox 3137 4639 3269 4712; x_wconf 87' lang='lat' dir='ltr'><strong>quid</strong></span> <span class='ocrx_word' id='word_1_722' title='bbox 3315 4640 3617 4711; x_wconf 88' lang='lat' dir='ltr'><strong>loqueretur</strong></span> <span class='ocrx_word' id='word_1_723' title='bbox 3649 4634 3739 4689; x_wconf 79' lang='lat' dir='ltr'><strong>eis.</strong></span> 
     </span>
    </p>
   </div>
   <div class='ocr_carea' id='block_1_190' title="bbox 2175 4707 2722 4780">
    <p class='ocr_par' dir='ltr' id='par_1_190' title="bbox 2175 4707 2722 4780">
     <span class='ocr_line' id='line_1_192' title="bbox 2175 4707 2722 4780; baseline 0.013 -19"><span class='ocrx_word' id='word_1_724' title='bbox 2175 4707 2325 4764; x_wconf 83' lang='lat' dir='ltr'><strong>Dixit</strong></span> <span class='ocrx_word' id='word_1_725' title='bbox 2356 4724 2486 4780; x_wconf 76' lang='lat' dir='ltr'><strong>ergo</strong></span> <span class='ocrx_word' id='word_1_726' title='bbox 2513 4711 2594 4768; x_wconf 86' lang='lat' dir='ltr'><strong>eis</strong></span> <span class='ocrx_word' id='word_1_727' title='bbox 2622 4710 2722 4768; x_wconf 86' lang='lat' dir='ltr'><strong>ite-</strong></span> 
     </span>
    </p>
   </div>
   <div class='ocr_carea' id='block_1_191' title="bbox 1758 4818 2498 4879">
    <p class='ocr_par' dir='ltr' id='par_1_191' title="bbox 1758 4818 2498 4879">
     <span class='ocr_line' id='line_1_193' title="bbox 1758 4818 2498 4879; baseline 0.001 -3"><span class='ocrx_word' id='word_1_728' title='bbox 1758 4818 1990 4876; x_wconf 84' lang='lat' dir='ltr'><strong>CODEX</strong></span> <span class='ocrx_word' id='word_1_729' title='bbox 2027 4819 2498 4879; x_wconf 84' lang='lat' dir='ltr'><strong>COBBEIENSIS.</strong></span> 
     </span>
    </p>
   </div>
   <div class='ocr_carea' id='block_1_192' title="bbox 538 4917 1849 5000">
    <p class='ocr_par' dir='ltr' id='par_1_192' title="bbox 538 4917 1849 5000">
     <span class='ocr_line' id='line_1_194' title="bbox 538 4917 1849 5000; baseline -0.001 -15"><span class='ocrx_word' id='word_1_730' title='bbox 538 4930 630 4986; x_wconf 76' lang='lat'><strong>39.</strong></span> <span class='ocrx_word' id='word_1_731' title='bbox 668 4935 729 5000; x_wconf 89' lang='lat' dir='ltr'><strong>ut</strong></span> <span class='ocrx_word' id='word_1_732' title='bbox 748 4924 841 4999; x_wconf 89' lang='lat' dir='ltr'><strong>qui</strong></span> <span class='ocrx_word' id='word_1_733' title='bbox 861 4937 969 5000; x_wconf 81' lang='lat' dir='ltr'><strong>non</strong></span> <span class='ocrx_word' id='word_1_734' title='bbox 995 4920 1164 5000; x_wconf 85' lang='lat' dir='ltr'><strong>videt,</strong></span> <span class='ocrx_word' id='word_1_735' title='bbox 1192 4917 1425 5000; x_wconf 32' lang='lat' dir='ltr'><strong>videat.‘</strong></span> <span class='ocrx_word' id='word_1_736' title='bbox 1589 4990 1599 5000; x_wconf 43' lang='lat'><strong><em>.</em></strong></span> <span class='ocrx_word' id='word_1_737' title='bbox 1836 4987 1849 5000; x_wconf 63' lang='grc'><em>,</em></span> 
     </span>
    </p>
   </div>
   <div class='ocr_carea' id='block_1_193' title="bbox 533 4988 2064 5067">
    <p class='ocr_par' dir='ltr' id='par_1_193' title="bbox 533 4988 2064 5067">
     <span class='ocr_line' id='line_1_195' title="bbox 533 4988 2064 5067; baseline -0.008 -10"><span class='ocrx_word' id='word_1_738' title='bbox 533 5001 665 5056; x_wconf 66' lang='lat' dir='ltr'><strong>Car.</strong></span> <span class='ocrx_word' id='word_1_739' title='bbox 696 4988 860 5056; x_wconf 76' lang='grc' dir='ltr'><strong>Χ.’--</strong></span> <span class='ocrx_word' id='word_1_740' title='bbox 887 4996 938 5051; x_wconf 77' lang='grc'><strong>1.</strong></span> <span class='ocrx_word' id='word_1_741' title='bbox 970 4999 1061 5067; x_wconf 90' lang='lat' dir='ltr'><strong>qui</strong></span> <span class='ocrx_word' id='word_1_742' title='bbox 1089 5009 1196 5049; x_wconf 93' lang='lat' dir='ltr'><strong>non</strong></span> <span class='ocrx_word' id='word_1_743' title='bbox 1225 4992 1392 5048; x_wconf 89' lang='lat' dir='ltr'><strong>intrat</strong></span> <span class='ocrx_word' id='word_1_744' title='bbox 1411 4990 1432 5022; x_wconf 73' lang='grc'><strong>⁸</strong></span> <span class='ocrx_word' id='word_1_745' title='bbox 1464 5004 1559 5062; x_wconf 87' lang='lat' dir='ltr'><strong>per</strong></span> <span class='ocrx_word' id='word_1_746' title='bbox 1579 4990 1804 5060; x_wconf 85' lang='lat' dir='ltr'><strong>januam</strong></span> <span class='ocrx_word' id='word_1_747' title='bbox 1834 4988 1888 5044; x_wconf 89' lang='lat' dir='ltr'><strong>in</strong></span> <span class='ocrx_word' id='word_1_748' title='bbox 1909 4988 1948 5060; x_wconf 66' lang='grc' dir='ltr'><strong>οξυ</strong></span> <span class='ocrx_word' id='word_1_749' title='bbox 1973 5002 2064 5045; x_wconf 89' lang='lat' dir='ltr'><strong>co-</strong></span> 
     </span>
    </p>
   </div>
   <div class='ocr_carea' id='block_1_194' title="bbox 464 5071 912 5127">
    <p class='ocr_par' dir='ltr' id='par_1_194' title="bbox 464 5071 912 5127">
     <span class='ocr_line' id='line_1_196' title="bbox 464 5071 912 5127; baseline -0.011 0"><span class='ocrx_word' id='word_1_750' title='bbox 464 5071 680 5127; x_wconf 88' lang='lat' dir='ltr'><strong>hortem</strong></span> <span class='ocrx_word' id='word_1_751' title='bbox 709 5071 912 5125; x_wconf 91' lang='lat' dir='ltr'><strong>ovium.</strong></span> 
     </span>
    </p>
   </div>
   <div class='ocr_carea' id='block_1_195' title="bbox 536 5130 2064 5203">
    <p class='ocr_par' dir='ltr' id='par_1_195' title="bbox 536 5130 2064 5203">
     <span class='ocr_line' id='line_1_197' title="bbox 536 5130 2064 5203; baseline -0.007 -7"><span class='ocrx_word' id='word_1_752' title='bbox 536 5141 591 5196; x_wconf 79' lang='lat'><strong>3.</strong></span> <span class='ocrx_word' id='word_1_753' title='bbox 633 5153 689 5199; x_wconf 91' lang='lat' dir='ltr'><strong>et</strong></span> <span class='ocrx_word' id='word_1_754' title='bbox 710 5155 837 5198; x_wconf 88' lang='lat' dir='ltr'><strong>suas</strong></span> <span class='ocrx_word' id='word_1_755' title='bbox 877 5141 898 5172; x_wconf 82' lang='grc'>⁸</span> <span class='ocrx_word' id='word_1_756' title='bbox 940 5152 1071 5195; x_wconf 87' lang='lat' dir='ltr'><strong>oves</strong></span> <span class='ocrx_word' id='word_1_757' title='bbox 1109 5143 1267 5193; x_wconf 86' lang='lat' dir='ltr'><strong>vocat</strong></span> <span class='ocrx_word' id='word_1_758' title='bbox 1312 5133 1665 5201; x_wconf 86' lang='lat' dir='ltr'><strong>nominatim,</strong></span> <span class='ocrx_word' id='word_1_759' title='bbox 1715 5141 1771 5189; x_wconf 90' lang='lat' dir='ltr'><strong>et</strong></span> <span class='ocrx_word' id='word_1_760' title='bbox 1814 5130 2064 5203; x_wconf 91' lang='lat' dir='ltr'><strong>producit</strong></span> 
     </span>
    </p>
   </div>
   <div class='ocr_carea' id='block_1_196' title="bbox 2173 4917 3743 5065">
    <p class='ocr_par' dir='ltr' id='par_1_196' title="bbox 2173 4917 3743 5065">
     <span class='ocr_line' id='line_1_198' title="bbox 2173 4917 3743 5065; baseline -0.007 -15"><span class='ocrx_word' id='word_1_761' title='bbox 2173 4917 2318 5065; x_wconf 46' lang='lat' dir='ltr'><strong>milis:</strong></span> <span class='ocrx_word' id='word_1_762' title='bbox 2343 4989 2478 5065; x_wconf 72' lang='lat' dir='ltr'><strong>Cum</strong></span> <span class='ocrx_word' id='word_1_763' title='bbox 2509 4999 2690 5048; x_wconf 92' lang='lat' dir='ltr'><strong>autem</strong></span> <span class='ocrx_word' id='word_1_764' title='bbox 2717 5007 2846 5050; x_wconf 88' lang='lat' dir='ltr'><strong>oves</strong></span> <span class='ocrx_word' id='word_1_765' title='bbox 2872 5006 3000 5050; x_wconf 89' lang='lat' dir='ltr'><strong>suas</strong></span> <span class='ocrx_word' id='word_1_766' title='bbox 3034 5007 3226 5050; x_wconf 88' lang='lat' dir='ltr'><strong>omnes</strong></span> <span class='ocrx_word' id='word_1_767' title='bbox 3254 4991 3656 5065; x_wconf 88' lang='lat' dir='ltr'><strong>produxerit.....</strong></span> <span class='ocrx_word' id='word_1_768' title='bbox 3684 4993 3743 5042; x_wconf 86' lang='lat' dir='ltr'><strong>et</strong></span> 
     </span>
    </p>
   </div>
   <div class='ocr_carea' id='block_1_197' title="bbox 2176 5062 2940 5134">
    <p class='ocr_par' dir='ltr' id='par_1_197' title="bbox 2176 5062 2940 5134">
     <span class='ocr_line' id='line_1_199' title="bbox 2176 5062 2940 5134; baseline 0.004 -17"><span class='ocrx_word' id='word_1_769' title='bbox 2176 5062 2434 5134; x_wconf 84' lang='lat' dir='ltr'><strong>oviculae</strong></span> <span class='ocrx_word' id='word_1_770' title='bbox 2463 5078 2584 5119; x_wconf 90' lang='lat' dir='ltr'><strong>eum</strong></span> <span class='ocrx_word' id='word_1_771' title='bbox 2617 5075 2940 5134; x_wconf 88' lang='lat' dir='ltr'><strong>seqnuutur.</strong></span> 
     </span>
    </p>
   </div>
   <div class='ocr_carea' id='block_1_198' title="bbox 2245 5133 3533 5208">
    <p class='ocr_par' dir='ltr' id='par_1_198' title="bbox 2245 5133 3533 5208">
     <span class='ocr_line' id='line_1_200' title="bbox 2245 5133 3533 5208; baseline 0.001 -20"><span class='ocrx_word' id='word_1_772' title='bbox 2245 5133 2301 5189; x_wconf 90' lang='lat'><strong>6.</strong></span> <span class='ocrx_word' id='word_1_773' title='bbox 2343 5151 2450 5190; x_wconf 92' lang='lat' dir='ltr'><strong>non</strong></span> <span class='ocrx_word' id='word_1_774' title='bbox 2484 5133 2856 5208; x_wconf 77' lang='lat' dir='ltr'><strong>cognoverunt</strong></span> <span class='ocrx_word' id='word_1_775' title='bbox 2883 5136 3028 5208; x_wconf 93' lang='lat' dir='ltr'><strong>quod</strong></span> <span class='ocrx_word' id='word_1_776' title='bbox 3057 5135 3384 5207; x_wconf 85' lang='lat' dir='ltr'><strong>loquebatur</strong></span> <span class='ocrx_word' id='word_1_777' title='bbox 3411 5136 3533 5194; x_wconf 87' lang='lat' dir='ltr'><strong>illis.</strong></span> 
     </span>
    </p>
   </div>
   <div class='ocr_carea' id='block_1_199' title="bbox 1703 5251 2545 5314">
    <p class='ocr_par' dir='ltr' id='par_1_199' title="bbox 1703 5251 2545 5314">
     <span class='ocr_line' id='line_1_201' title="bbox 1703 5251 2545 5314; baseline 0.004 -5"><span class='ocrx_word' id='word_1_778' title='bbox 1703 5251 2098 5312; x_wconf 68' lang='lat' dir='ltr'><strong>VARIANTES</strong></span> <span class='ocrx_word' id='word_1_779' title='bbox 2135 5253 2545 5314; x_wconf 84' lang='lat' dir='ltr'><strong>LECTIONES.</strong></span> 
     </span>
    </p>
   </div>
   <div class='ocr_carea' id='block_1_200' title="bbox 527 5347 2064 5414">
    <p class='ocr_par' dir='ltr' id='par_1_200' title="bbox 527 5347 2064 5414">
     <span class='ocr_line' id='line_1_202' title="bbox 527 5347 2064 5414; baseline -0.007 -6"><span class='ocrx_word' id='word_1_780' title='bbox 527 5357 543 5391; x_wconf 76' lang='grc' dir='ltr'>ί</span> <span class='ocrx_word' id='word_1_781' title='bbox 581 5355 686 5407; x_wconf 72' lang='grc' dir='ltr'><strong>θαι.</strong></span> <span class='ocrx_word' id='word_1_782' title='bbox 704 5354 767 5407; x_wconf 84' lang='lat' dir='ltr'><strong>Et</strong></span> <span class='ocrx_word' id='word_1_783' title='bbox 787 5353 1044 5405; x_wconf 81' lang='lat' dir='ltr'><strong>audierunt</strong></span> <span class='ocrx_word' id='word_1_784' title='bbox 1060 5365 1122 5414; x_wconf 82' lang='lat' dir='ltr'><strong>ex</strong></span> <span class='ocrx_word' id='word_1_785' title='bbox 1145 5351 1441 5411; x_wconf 78' lang='lat' dir='ltr'><strong>Pharisaeis,</strong></span> <span class='ocrx_word' id='word_1_786' title='bbox 1460 5351 1560 5414; x_wconf 92' lang='lat' dir='ltr'><strong>qui.</strong></span> <span class='ocrx_word' id='word_1_787' title='bbox 1585 5351 1700 5414; x_wconf 77' lang='lat' dir='ltr'><strong>Mm.</strong></span> <span class='ocrx_word' id='word_1_788' title='bbox 1728 5347 1791 5399; x_wconf 89' lang='lat' dir='ltr'><strong>Et</strong></span> <span class='ocrx_word' id='word_1_789' title='bbox 1806 5349 2064 5414; x_wconf 83' lang='lat' dir='ltr'><strong>audientes</strong></span> 
     </span>
    </p>
   </div>
   <div class='ocr_carea' id='block_1_201' title="bbox 463 5410 2063 5494">
    <p class='ocr_par' dir='ltr' id='par_1_201' title="bbox 463 5410 2063 5494">
     <span class='ocr_line' id='line_1_203' title="bbox 463 5410 2063 5494; baseline -0.007 -24"><span class='ocrx_word' id='word_1_790' title='bbox 463 5431 526 5470; x_wconf 89' lang='lat' dir='ltr'><strong>ex</strong></span> <span class='ocrx_word' id='word_1_791' title='bbox 552 5417 849 5494; x_wconf 57' lang='lat' dir='ltr'><strong>Pharis-seis,</strong></span> <span class='ocrx_word' id='word_1_792' title='bbox 875 5419 977 5480; x_wconf 89' lang='lat' dir='ltr'><strong>qui.</strong></span> <span class='ocrx_word' id='word_1_793' title='bbox 1013 5413 1161 5480; x_wconf 76' lang='lat' dir='ltr'><strong>Vulg.</strong></span> <span class='ocrx_word' id='word_1_794' title='bbox 1187 5414 1250 5466; x_wconf 88' lang='lat' dir='ltr'><strong>Et</strong></span> <span class='ocrx_word' id='word_1_795' title='bbox 1270 5410 1533 5465; x_wconf 75' lang='lat' dir='ltr'><strong>audierunt</strong></span> <span class='ocrx_word' id='word_1_796' title='bbox 1551 5410 1750 5475; x_wconf 86' lang='lat' dir='ltr'><strong>quidam</strong></span> <span class='ocrx_word' id='word_1_797' title='bbox 1786 5422 1848 5460; x_wconf 87' lang='lat' dir='ltr'><strong>ex</strong></span> <span class='ocrx_word' id='word_1_798' title='bbox 1888 5410 2063 5460; x_wconf 82' lang='lat' dir='ltr'><strong>Phari-</strong></span> 
     </span>
    </p>
   </div>
   <div class='ocr_carea' id='block_1_202' title="bbox 459 5493 2058 5605">
    <p class='ocr_par' dir='ltr' id='par_1_202' title="bbox 459 5493 2058 5605">
     <span class='ocr_line' id='line_1_204' title="bbox 459 5493 2058 5605; baseline -0.006 -11"><span class='ocrx_word' id='word_1_799' title='bbox 459 5493 808 5595; x_wconf 38' lang='lat' dir='ltr'><strong>uilitﬁ&#39;ied</strong></span> <span class='ocrx_word' id='word_1_800' title='bbox 830 5543 1052 5594; x_wconf 87' lang='lat' dir='ltr'><strong>ascendit</strong></span> <span class='ocrx_word' id='word_1_801' title='bbox 1073 5543 1125 5594; x_wconf 84' lang='lat' dir='ltr'><strong>in</strong></span> <span class='ocrx_word' id='word_1_802' title='bbox 1148 5538 1290 5591; x_wconf 86' lang='lat' dir='ltr'><strong>aliam</strong></span> <span class='ocrx_word' id='word_1_803' title='bbox 1314 5545 1522 5605; x_wconf 85' lang='lat' dir='ltr'><strong>partem,</strong></span> <span class='ocrx_word' id='word_1_804' title='bbox 1549 5536 1658 5588; x_wconf 90' lang='lat' dir='ltr'><strong>ille.</strong></span> <span class='ocrx_word' id='word_1_805' title='bbox 1689 5536 1835 5602; x_wconf 71' lang='lat' dir='ltr'><strong>Vulg.</strong></span> <span class='ocrx_word' id='word_1_806' title='bbox 1867 5534 1956 5585; x_wconf 86' lang='lat' dir='ltr'><strong>sed</strong></span> <span class='ocrx_word' id='word_1_807' title='bbox 1981 5549 2058 5584; x_wconf 86' lang='lat' dir='ltr'><strong>as-</strong></span> 
     </span>
    </p>
   </div>
   <div class='ocr_carea' id='block_1_203' title="bbox 2169 5348 2707 5413">
    <p class='ocr_par' dir='ltr' id='par_1_203' title="bbox 2169 5348 2707 5413">
     <span class='ocr_line' id='line_1_205' title="bbox 2169 5348 2707 5413; baseline 0.002 -14"><span class='ocrx_word' id='word_1_808' title='bbox 2169 5348 2337 5413; x_wconf 80' lang='lat' dir='ltr'><strong>cendit</strong></span> <span class='ocrx_word' id='word_1_809' title='bbox 2360 5349 2579 5413; x_wconf 84' lang='lat' dir='ltr'><strong>aliunde,</strong></span> <span class='ocrx_word' id='word_1_810' title='bbox 2606 5349 2707 5401; x_wconf 85' lang='lat' dir='ltr'><strong>ille.</strong></span> 
     </span>
    </p>
   </div>
   <div class='ocr_carea' id='block_1_204' title="bbox 2227 5411 3212 5525">
    <p class='ocr_par' dir='ltr' id='par_1_204' title="bbox 2227 5411 3212 5525">
     <span class='ocr_line' id='line_1_206' title="bbox 2235 5411 3212 5480; baseline 0.007 -21"><span class='ocrx_word' id='word_1_811' title='bbox 2235 5413 2256 5443; x_wconf 81' lang='grc'>³</span> <span class='ocrx_word' id='word_1_812' title='bbox 2291 5411 2397 5460; x_wconf 84' lang='lat' dir='ltr'><strong>Gat.</strong></span> <span class='ocrx_word' id='word_1_813' title='bbox 2424 5411 2651 5464; x_wconf 76' lang='lat' dir='ltr'><strong>ostearis.</strong></span> <span class='ocrx_word' id='word_1_814' title='bbox 2684 5413 2830 5480; x_wconf 73' lang='lat' dir='ltr'><strong>Vulg.</strong></span> <span class='ocrx_word' id='word_1_815' title='bbox 2853 5411 3102 5466; x_wconf 81' lang='lat' dir='ltr'><strong>ostiarius.</strong></span> <span class='ocrx_word' id='word_1_816' title='bbox 3201 5438 3212 5444; x_wconf 90' lang='lat'><strong>-</strong></span> 
     </span>
     <span class='ocr_line' id='line_1_207' title="bbox 2227 5474 2510 5525; baseline 0.014 -4"><span class='ocrx_word' id='word_1_817' title='bbox 2227 5474 2251 5505; x_wconf 67' lang='grc' dir='ltr'>δ</span> <span class='ocrx_word' id='word_1_818' title='bbox 2284 5474 2313 5522; x_wconf 89' lang='grc' dir='ltr'><strong><em>Ι</em></strong></span> <span class='ocrx_word' id='word_1_819' title='bbox 2317 5481 2367 5523; x_wconf 84' lang='grc' dir='ltr'><em>ια</em></span> <span class='ocrx_word' id='word_1_820' title='bbox 2391 5477 2510 5525; x_wconf 78' lang='lat' dir='ltr'><strong>Mm.</strong></span> 
     </span>
    </p>
   </div>
   <div class='ocr_carea' id='block_1_205' title="bbox 2227 5538 2821 5591">
    <p class='ocr_par' dir='ltr' id='par_1_205' title="bbox 2227 5538 2821 5591">
     <span class='ocr_line' id='line_1_208' title="bbox 2227 5538 2821 5591; baseline 0.008 -6"><span class='ocrx_word' id='word_1_821' title='bbox 2227 5538 2250 5569; x_wconf 73' lang='grc'>³</span> <span class='ocrx_word' id='word_1_822' title='bbox 2283 5539 2404 5587; x_wconf 84' lang='lat' dir='ltr'><strong>Mm.</strong></span> <span class='ocrx_word' id='word_1_823' title='bbox 2431 5551 2552 5590; x_wconf 89' lang='lat' dir='ltr'><strong>oves</strong></span> <span class='ocrx_word' id='word_1_824' title='bbox 2576 5538 2821 5591; x_wconf 90' lang='lat' dir='ltr'><strong>educerit.</strong></span> 
     </span>
    </p>
   </div>
   <div class='ocr_carea' id='block_1_206' title="bbox 1789 5639 2424 5699">
    <p class='ocr_par' dir='ltr' id='par_1_206' title="bbox 1789 5639 2424 5699">
     <span class='ocr_line' id='line_1_209' title="bbox 1789 5639 2424 5699; baseline -0.002 -1"><span class='ocrx_word' id='word_1_825' title='bbox 1789 5639 2157 5698; x_wconf 77' lang='lat' dir='ltr'><strong>BLANClllNl</strong></span> <span class='ocrx_word' id='word_1_826' title='bbox 2194 5639 2424 5699; x_wconf 63' lang='lat' dir='ltr'><strong>NOTE.</strong></span> 
     </span>
    </p>
   </div>
   <div class='ocr_carea' id='block_1_207' title="bbox 532 5733 3732 5820">
    <p class='ocr_par' dir='ltr' id='par_1_207' title="bbox 532 5733 3732 5820">
     <span class='ocr_line' id='line_1_210' title="bbox 532 5733 3732 5820; baseline -0.002 -19"><span class='ocrx_word' id='word_1_827' title='bbox 532 5746 612 5820; x_wconf 83' lang='grc' dir='ltr'><strong>(α)</strong></span> <span class='ocrx_word' id='word_1_828' title='bbox 651 5745 725 5820; x_wconf 78' lang='lat' dir='ltr'><strong>ita</strong></span> <span class='ocrx_word' id='word_1_829' title='bbox 753 5753 807 5802; x_wconf 90' lang='lat' dir='ltr'><strong>et</strong></span> <span class='ocrx_word' id='word_1_830' title='bbox 827 5743 950 5803; x_wconf 90' lang='lat' dir='ltr'><strong>cod.</strong></span> <span class='ocrx_word' id='word_1_831' title='bbox 976 5743 1137 5820; x_wconf 68' lang='lat' dir='ltr'><strong>Cant.</strong></span> <span class='ocrx_word' id='word_1_832' title='bbox 1154 5785 1168 5809; x_wconf 92' lang='lat'><strong>,</strong></span> <span class='ocrx_word' id='word_1_833' title='bbox 1211 5745 1299 5800; x_wconf 80' lang='grc' dir='ltr'><strong>καὶ</strong></span> <span class='ocrx_word' id='word_1_834' title='bbox 1333 5739 1489 5820; x_wconf 32' lang='grc' dir='ltr'><strong>εὗρεν.</strong></span> <span class='ocrx_word' id='word_1_835' title='bbox 1510 5742 1666 5798; x_wconf 76' lang='grc' dir='ltr'>αὑτὸν</span> <span class='ocrx_word' id='word_1_836' title='bbox 1696 5743 1782 5820; x_wconf 49' lang='grc' dir='ltr'><strong>καὶ</strong></span> <span class='ocrx_word' id='word_1_837' title='bbox 1808 5733 1964 5796; x_wconf 81' lang='grc' dir='ltr'><strong>εἶπεν.</strong></span> <span class='ocrx_word' id='word_1_838' title='bbox 1989 5738 2144 5813; x_wconf 86' lang='lat' dir='ltr'><strong>--(b)</strong></span> <span class='ocrx_word' id='word_1_839' title='bbox 2167 5740 2310 5796; x_wconf 86' lang='lat' dir='ltr'><strong>Ante</strong></span> <span class='ocrx_word' id='word_1_840' title='bbox 2328 5756 2391 5795; x_wconf 71' lang='lat' dir='ltr'><strong>ex</strong></span> <span class='ocrx_word' id='word_1_841' title='bbox 2409 5739 2730 5810; x_wconf 76' lang='lat' dir='ltr'><strong>Pharisaeis,</strong></span> <span class='ocrx_word' id='word_1_842' title='bbox 2752 5740 2907 5799; x_wconf 90' lang='lat' dir='ltr'><strong>deest</strong></span> <span class='ocrx_word' id='word_1_843' title='bbox 2923 5741 3153 5816; x_wconf 80' lang='lat' dir='ltr'><strong>quidam,</strong></span> <span class='ocrx_word' id='word_1_844' title='bbox 3177 5741 3343 5799; x_wconf 89' lang='lat' dir='ltr'><strong>etiam</strong></span> <span class='ocrx_word' id='word_1_845' title='bbox 3364 5742 3416 5799; x_wconf 90' lang='lat' dir='ltr'><strong>in</strong></span> <span class='ocrx_word' id='word_1_846' title='bbox 3439 5746 3557 5798; x_wconf 87' lang='lat' dir='ltr'><strong>text.</strong></span> <span class='ocrx_word' id='word_1_847' title='bbox 3575 5733 3732 5793; x_wconf 63' lang='lat' dir='ltr'><strong>Gra—</strong></span> 
     </span>
    </p>
   </div>
   <div class='ocr_carea' id='block_1_208' title="bbox 452 5815 1846 5894">
    <p class='ocr_par' dir='ltr' id='par_1_208' title="bbox 452 5815 1846 5894">
     <span class='ocr_line' id='line_1_211' title="bbox 452 5815 1846 5894; baseline -0.004 -20"><span class='ocrx_word' id='word_1_848' title='bbox 452 5815 554 5894; x_wconf 55' lang='lat' dir='ltr'><strong>(c)&#39;</strong></span> <span class='ocrx_word' id='word_1_849' title='bbox 586 5815 770 5894; x_wconf 69' lang='lat' dir='ltr'><strong>Addit</strong></span> <span class='ocrx_word' id='word_1_850' title='bbox 800 5834 970 5875; x_wconf 81' lang='lat' dir='ltr'><strong>omnes</strong></span> <span class='ocrx_word' id='word_1_851' title='bbox 995 5857 1013 5888; x_wconf 89' lang='lat'><strong>,</strong></span> <span class='ocrx_word' id='word_1_852' title='bbox 1067 5817 1231 5874; x_wconf 89' lang='lat' dir='ltr'><strong>etiam</strong></span> <span class='ocrx_word' id='word_1_853' title='bbox 1281 5815 1424 5890; x_wconf 33' lang='lat' dir='ltr'><strong>codl.</strong></span> <span class='ocrx_word' id='word_1_854' title='bbox 1452 5815 1609 5872; x_wconf 74' lang='lat' dir='ltr'><strong>Cant.</strong></span> <span class='ocrx_word' id='word_1_855' title='bbox 1659 5815 1846 5871; x_wconf 78' lang='grc' dir='ltr'><strong>πάντα.</strong></span> 
     </span>
    </p>
   </div>
  </div>
