3874 6326
448 328 558 395 627

844 441 1080 501 CODEX
1120 439 1661 501 VERCELLENSIS.

449 538 632 596 habeo
662 538 857 595 iterum
1288 538 1435 593 mine
1462 536 1639 593 Patris

450 610 700 669 sumendi
728 626 872 669 eam.
1287 610 1416 674 mei,
1449 610 1562 679 ipsa
1590 616 1700 666 tes-

450 682 568 740 Hoc
592 684 735 740 enim
758 699 909 747 manu
1288 681 1574 736 timonium

456 754 642 811 butum
669 756 855 823 accepi

447 827 862 955 isiﬁoligggsld
886 898 985 956 iteo

445 986 567 1025 rum
600 970 735 1026 facta
760 979 845 1027 est

444 1040 592 1098 inter
614 1042 853 1099 Judaeos

445 1124 669 1185 propter
694 1114 795 1179 hos

446 1200 755 1242 sermones.

444 1257 537 1314 20.
581 1258 648 1313 Ει
671 1256 926 1315 dicebant

449 1328 606 1384 multi
634 1345 701 1386 ex
724 1331 831 1386 illis
864 1344 881 1386 :

446 1400 738 1457 Daemoni—
836 1436 837 1439 η

445 1488 539 1528 um
575 1473 758 1539 habet,
785 1479 844 1530 et

445 1543 854 1671 ξίὶῗι³ιξ¹ι⁵ἒιιίἆέ¹¹ί⁶

447 1632 605 1671 tuum
630 1632 789 1672 allﬂl‘

444 1686 537 1743 21.
583 1688 692 1744 tis?
720 1687 828 1744 Alii

445 1759 702 1816 dicebant
729 1777 742 1813 :
780 1759 926 1815 Haec

448 1867 465 1884 .
510 1868 525 1884 .
564 1833 662 1886 rba
694 1845 803 1887 non

445 1912 575 1958 sunt
594 1903 817 1959 daemo-

447 1974 597 2030 nium
624 1975 828 2031 haben-

1285 752 1471 809 dicunt
1495 755 1564 808 de

1284 824 1377 880 26.
1408 840 1496 880 me
1525 843 1536 877 :
1569 822 1666 880 sed
1690 837 1788 896 vos
1810 836 1918 895 non

1285 896 1534 961 creditis,
1563 910 1671 953 non

1285 970 1429 1025 enim
1456 968 1591 1024 estis

1285 1040 1354 1097 de
1383 1040 1575 1096 ovibus
1613 1054 1728 1096 me-

1285 1111 1356 1176 is,
1388 1114 1530 1169 sicut
1551 1111 1662 1174 disi

1283 1183 1375 1238 27.
1418 1184 1593 1240 vobis.
1625 1183 1728 1251 Qui
1752 1197 1855 1240 sua
1892 1221 1907 1238 .
1964 1222 1979 1236 .

1284 1271 1353 1312 ex
1375 1255 1569 1311 ovibus
1594 1271 1706 1311 me-

1287 1327 1353 1396 is,
1385 1343 1575 1383 vocem
1605 1342 1720 1385 me-

1284 1415 1372 1454 am
1404 1400 1627 1454 audiunt
1655 1417 1668 1453 :

1285 1479 1342 1528 et
1365 1487 1465 1542 ego
1485 1486 1719 1542 cognos-

1284 1558 1349 1599 co
1378 1544 1520 1610 illas,
1552 1555 1607 1599 et
1635 1558 1721 1599 se-

1283 1625 1479 1671 011111111⁵
1510 1630 1598 1671 me
1627 1633 1642 1670 ἓ

1281 1685 1374 1742 28.
1416 1694 1474 1743 et
1492 1702 1594 1758 ego
1614 1685 1779 1745 vitam

1282 1767 1564 1815 aeternam

1285 1828 1648 1887 doilliszetn
1682 1869 1697 1883 .
1743 1868 1760 1886 .

1286 1910 1519 1973 pereunt
1547 1903 1599 1956 in
1628 1916 1755 1973 per-

1285 1984 1531 2045 petuum,
1559 1983 1612 2029 et
1643 1990 1737 2031 ne-

445 2055 528 2119 t_es
562 2065 576 2102 :
605 2045 865 2119 numquid
1287 2062 1380 2119 mo
1406 2048 1548 2117 rapit
1570 2045 1689 2101 illas

442 2116 793 2179 daemonium
1282 2119 1301 2149 ί
1322 2117 1392 2173 de
1419 2116 1579 2172 manu
1608 2132 1724 2173 me-

445 2200 624 2260 potest
652 2205 846 2247 caeco«
1280 2188 1373 2245 29.
1415 2206 1466 2244 a.
1498 2190 1659 2245 Pater
1684 2186 1830 2260 quod

419 2275 562 2317 -rum
589 2263 775 2319 oculos
1281 2261 1433 2317 dedit
1464 2261 1618 2327 mihi,

391 2374 399 2381 .
442 2334 699 2404 aperire?
1281 2333 1456 2404 majus
1481 2341 1567 2387 est
1595 2348 1711 2387 om-

1282 2404 1441 2460 nibus
1474 2422 1488 2457 :
1509 2415 1567 2460 et
1589 2420 1684 2459 ne-

1281 2491 1376 2533 mo
1400 2485 1582 2547 potest
1608 2491 1695 2531 ra—

1254 2546 1415 2619 ,pere
1442 2546 1574 2603 illud
1600 2548 1670 2604 de

1279 2636 1442 2675 manu
1465 2619 1642 2675 Patris

1279 2692 1371 2750 '50.
1412 2694 1540 2747 mei.
1575 2690 1712 2762 Ego,
1739 2699 1795 2748 et
1816 2691 1920 2748 Pa-

1280 2772 1364 2819 ter
1392 2779 1560 2819 unum
1599 2778 1695 2818 su-

1279 2836 1371 2893 51.
1413 2852 1552 2891 mus.
1580 2834 1846 2892 'l’ulerunt

1276 2907 1747 3061 Suﬁggii.pu‘itiflum

1277 3050 1601 3106 lauidarent.

442 2402 532 2461 22.
578 2405 743 2462 Facta
764 2416 892 2462 sunt
918 2404 1026 2463 Eu-

441 2477 594 2532 cenia
627 2478 683 2533 in
713 2477 839 2537 Hie-

441 2549 735 2632 rosolymis
759 2566 778 2632 :A
795 2558 856 2607 et

442 2616 641 2676 hiemis
667 2630 806 2678 erat.

439 2689 533 2747 23.
575 2692 642 2749 Et
670 2692 985 2750 ambulabat

437 2761 599 2847 .Jesus
620 2766 674 2847 in
704 2766 929 2838 templo,

436 2837 492 2891 in
524 2837 740 2893 porticu

442 2905 777 2964 Solomonis.

437 2977 530 3034 21.
569 2979 921 3045 Circuientllt

438 3064 571 3177 32%?
590 3050 872 3179 ίὲἵξῖἒοὲῗ

437 3192 571 3249 bant
594 3194 672 3250 illi
707 3212 719 3248 :
753 3194 857 3253 Us-

436 3280 658 3336 quequo
684 3267 802 3325 ani.

438 3352 585 3392 mam
613 3347 856 3395 nostram

441 3408 646 3464 tolles?
674 3411 718 3465 si
749 3422 803 3465 tu
825 3423 886 3466 es

437 3478 714 3549 Christus,
736 3480 824 3541 dic
855 3481 964 3543 nob
1006 3516 1021 3533 .
1066 3517 1081 3534 .

438 3561 1016 3708 ggiriiégppqdnjuis
1398 3552 1691 3708 $5333.}

436 3693 599 3752 Iesus
629 3714 641 3750 :
677 3693 796 3751 Dixi
822 3696 996 3766 uehis,
1277 3694 1370 3767 '55.
1394 3693 1836 3767 Responderunt

435 3776 495 3823 et
513 3782 619 3824 n0n
650 3768 828 3824 credi-
1278 3766 1360 3822 illi
1380 3765 1575 3823 Judaei
1606 3787 1619 3824 :
1648 3768 1724 3825 De

437 3841 508 3895 tis
533 3857 557 3925 Ξ
576 3855 742 3925 opera
764 3855 903 3925 quae
931 3854 989 3897 c-
1280 3839 1430 3925 bono
1453 3855 1620 3925 opere

435 3924 506 3984 go
532 3910 674 3979 facio
705 3913 761 3979 in
780 3910 890 3969 'no-
1282 3927 1392 3971 non
1418 3922 1471 3975 te
1496 3910 1706 3986 lapida-

1277 3121 1370 3178 52.
1416 3122 1717 3187 Βθειιοηὰἱι
1757 3123 1839 3180 eis

1276 3192 1438 3249 Jesus
1462 3210 1477 3249 :
1510 3194 1672 3250 Multa
1695 3210 1756 3250 ομ-

1279 3280 1410 3336 pera
1438 3264 1583 3321 bona

1279 3338 1493 3393 OStendi
1519 3352 1613 3393 vo-

1282 3408 1369 3465 bis
1396 3424 1461 3465 ex
1495 3408 1655 3465 Patre

1283 3519 1297 3533 .
1342 3518 1361 3536 .
1403 3520 1416 3534 .
1462 3491 1686 3551 propter

1495 3567 1931 3608 eoru.....

2062 2358 2066 2361 ‘
2158 2340 2396 2396 Encenia
2422 2339 2545 2395 Hie-

895 272 918 292 .
971 328 1244 390 EUSEBII
1281 328 1627 390 VERCBLL.
1670 322 2126 390 EVANGELIUM
2160 332 2311 392 CUM
2352 329 2583 391 VARIlS
2618 327 2780 388 COD.
2817 320 3216 387 COLLATUM.
3406 340 3409 349 '
3585 348 3592 357 ·
3642 325 3733 385 [ε

2583 441 2818 501 CODEX
2855 439 3319 499 VERUNENSIS.

2993 537 3126 593 haec
3148 536 3396 592 testimo-

2991 611 3140 664 nium
3167 607 3457 677 perhibent

2989 680 3080 736 26.
3120 680 3190 737 de
3219 694 3305 734 me
3336 698 3350 736 :
3381 678 3481 736 sed

2989 766 3087 807 VOS
3115 768 3220 807 llOl‘I
3245 766 3371 809 (31³οφ

2990 825 3141 889 ditis,
3164 824 3289 895 quia

2994 913 3102 952 non
3131 898 3266 952 estis
3294 911 3363 952 ex

2992 969 3181 1026 ovibus
3214 969 3372 1039 meis,

2992 1042 3134 1097 sicut
3162 1041 3275 1096 dixi

2159 539 2335 595 habeo
2363 540 2560 595 iterum

2157 611 2405 668 sumendi
2433 628 2555 668 eam
2585 629 2599 666 :

2159 684 2272 739 Hoc
2302 698 2523 752 praece-

2158 766 2308 826 ptum
2337 755 2521 826 accepi
2553 770 2583 809 a

2159 829 2237 897 (α)
2262 828 2425 883 Patre

2161 899 2249 956 l9.
2293 899 2567 955 Dissensio
2594 900 2793 971 iterum

2158 973 2297 1028 facta
2327 980 2410 1027 est
2441 972 2584 1028 inter

2158 1043 2394 1101 Iudaeos
2425 1052 2646 1117 propter

2159 1110 2442 1189 sermones
2475 1110 2593 1172 hos.
2990 1112 3081 1169 27.
3123 1110 3434 1189 vobis.

2158 1187 2251 1244 20.
2294 1188 2362 1243 Ει
2385 1188 2638 1245 dicebant
2660 1200 2673 1207 ’
2992 1195 3118 1241 sunt
3145 1200 3211 1240 ex
3240 1186 3369 1239 ovi-‘

2160 1260 2315 1315 multi
2343 1277 2407 1315 ex
2438 1260 2545 1318 illis
2572 1277 2588 1316 :
2991 1256 3093 1313 bus
3118 1258 3255 1313 meis
3282 1271 3381 1313 vo-

2159 1330 2517 1388 Daemonium
2994 1342 3111 1384 cem
3142 1344 3319 1384 meam

2161 1403 2349 1471 habet,
2375 1412 2433 1461 et
2995 1401 3218 1456 audiunt
3249 1417 3265 1453 :
3295 1407 3351 1457 et

2161 1473 2365 1531 insanit
2398 1475 2568 1548 ;quid
2996 1487 3098 1544 ego
3124 1485 3400 1545 cognosco

2160 1562 2285 1604 eum
2316 1547 2469 1603 atidié
2663 1556 2674 1566 '
2995 1558 3112 1611 eas,
3142 1553 3200 1600 et
3223 1560 3312 1601 se-

2160 1618 2254 1674 21.
2299 1620 2413 1675 tis?
2443 1619 2547 1676 Alii
2576 1617 2657 1676 dl-

2161 1692 2360 1748 cebant
2386 1710 2399 1746 :
2429 1691 2574 1750 Haec

2158 1765 2321 1819 verba
2354 1779 2462 1829 non

2156 1846 2286 1891 sunt
2314 1836 2536 1893 daemo-

2157 1908 2306 1963 nium
2332 1907 2586 1964 habentis
2615 1924 2630 1963 :

2157 1980 2419 2049 numquid
2443 1979 2573 2034 dae—

2157 2054 2399 2108 monium
2427 2059 2603 2121 potest

2157 2138 2442 2179 caecorum
2467 2139 2597 2179 0011·-

2157 2195 2241 2250 los
2268 2196 2527 2261 aperire?

2155 2266 2244 2322 22.
2291 2267 2455 2323 Facta
2484 2274 2613 2323 sunt

2994 1625 3193 1671 Cllnllll'
3224 1632 3313 1673 me
3342 1632 3356 1669 ε

2992 1685 3086 1745 28.
3126 1700 3181 1746 et
3206 1703 3308 1759 ego
3338 1686 3507 1744 vitam

2992 1771 3271 1817 aeternam
3299 1760 3372 1827 do

2989 1834 3104 1888 eis:
3134 1839 3191 1888 et
3217 1848 3327 1887 non

2991 1905 3251 1974 peribunt
3276 1904 3329 1958 in

2990 1984 3270 2032 aeternum
3289 1983 3398 2044 ,-et

2989 2060 3097 2103 non
3128 2050 3414 2119 quisquam

2989 2121 3165 2189 rapiet
3191 2136 3285 2175 eas
3316 2120 3386 2176 de

2989 2206 3154 2247 manu
3186 2207 3329 2247 mea.

2986 2262 3086 2336 29.
3112 2264 3275 2336 Pater
3290 2260 3446 2336 quod

2989 2334 3137 2391 dedit
3169 2334 3336 2401 mihi,

2154 2412 2247 2469 25.
2286 2412 2623 2483 rosolymis..
2656 2409 2729 2467 Et
2989 2408 3168 2483 majus
3194 2407 3374 2463 omni-

2156 2478 2469 2539 ambulabat
2487 2482 2578 2539 Je-
2990 2478 3094 2535 hus
3121 2488 3244 2535 est:
3274 2488 3333 2534 et

2154 2571 2248 2637 _sus
2275 2556 2328 2611 in
2365 2555 2589 2637 templo,
2989 2566 3148 2607 nemo
3175 2557 3354 2637 potest

2154 2627 2209 2683 in
2238 2627 2451 2697 porticu
2478 2623 2493 2637 '
2988 2623 3281 2697 raperepde

2987 2710 3150 2750 manu
3181 2693 3358 2749 Patris

2984 2766 3077 2823 30.
3119 2766 3247 2823 mei.
3282 2765 3425 2837 Ego,
3458 2772 3515 2820 et

2985 2836 3149 2894 Pater
3178 2836 3345 2893 unum
3397 2849 3608 2892 sumus.

2983 2910 3076 2968 3t.
3118 2910 3471 2967 Sustulerunt

2983 2982 3358 3111 3352321“

2983 3125 3292 3197 lapidarent
3315 3139 3466 3197 eum.

2983 3195 3074 3256 '52.
3119 3198 3185 3253 Et
3225 3195 3510 3270 respondit

2982 3272 3065 3329 eis
3094 3270 3253 3327 Jesus
3279 3288 3295 3325 :
3320 3269 3494 3323 Multa

2983 3357 3150 3414 Opera
3180 3341 3397 3414 ostendi

2984 3412 3140 3471 vobis
3167 3429 3240 3469 ex
3267 3412 3435 3468 Patre

2150 2698 2487 2755 Salomonis.

2148 2770 2241 2825 24.
2284 2769 2668 2829 Circnmdede-

2149 2850 2279 2915 runt
2307 2859 2439 2915 ergo
2462 2859 2590 2900 eum

2149 2914 2363 2983 Judaei,
2380 2914 2450 2971 et

2150 2987 2336 3043 dicunt
2365 2990 2413 3044 ei
2443 3005 2458 3044 :
2488 2985 2590 3044 Us-

2149 3076 2367 3130 quequo
2388 3060 2507 3117 ani-

2149 3146 2295 3187 mam
2318 3144 2559 3189 nostram

2149 3204 2331 3258 tollis?
2360 3206 2405 3260 si
2434 3202 2488 3271 tu

2149 3289 2209 3331 es
2238 3273 2508 3340 Christus,
2536 3274 2626 3332 dic

2150 3347 2309 3418 nobis
2347 3349 2547 3418 palam.

2148 3417 2241 3476 25.
2263 3418 2584 3491 _Respondit

2150 3491 2233 3546 eis
2254 3488 2453 3547 Jesus:
2488 3493 2591 3548 Lo-

2150 3576 2290 3633 quor
2319 3564 2498 3633 vobis,

2149 3642 2207 3688 et
2231 3649 2334 3689 non
2359 3635 2538 3692 credi-

2985 3501 3145 3559 meo,
3173 3492 3399 3559 propter

2984 3558 3132 3632 quod
3167 3558 3360 3632 eorum

2985 3622 3124 3698 opus
3155 3645 3242 3684 me
3273 3622 3570 3699 lapidatio?

2149 3704 2280 3760 ditis
2305 3724 2318 3760 :
2347 3722 2514 3780 opera
2545 3779 2551 3780 γ
2987 3703 3095 3780 ὃβ..
3121 3699 3546 3780 Responderunt

2148 3791 2292 3846 quae
2320 3771 2423 3847 egit
2451 3778 2597 3837 facio
2988 3776 3039 3832 ei
3068 3773 3260 3829 Judaei
3285 3788 3300 3826 :
3337 3771 3414 3826 De

2150 3846 2206 3919 i_n
2238 3846 2460 3919 nomine
2990 3847 3145 3919 bono
3167 3859 3338 3919 opere

2151 3917 2331 3983 Patris
2359 3910 2491 3993 mei,
2992 3910 3452 3995 non'lapida'mus

1784 4048 2019 4113 (IODEX
2055 4052 2457 4119 BRIXIANUS.

434 4145 613 4217 habeo
643 4146 839 4207 lterum
868 4143 1116 4209 sumendi
1146 4158 1267 4205 eam
1294 4143 1408 4217 Hoc
1434 4152 1846 4217 praeceptum:
1880 4145 2038 4203 Patre

433 4213 560 4275 meo
581 4218 765 4291 accepi
792 4218 1068 4291 Dissensio
1092 4214 1453 4291 iteruin__t‘ac_ta
1476 4224 1561 4269 est
1584 4216 1725 4291 inter
1775 4213 2034 4291 Judaeos.

437 4297 660 4357 propter
687 4286 966 4353 sermones
1010 4290 1130 4349 hos.
1164 4287 1228 4343 Et
1266 4286 1527 4357 dicebant
1566 4287 1719 4341 ιιιιιιιί
1765 4302 1829 4357 ex
1881 4287 2035 4356 ipeis.

436 4354 794 4425 Daetnnnium
831 4359 993 4423 habet
1020 4369 1075 4419 et
1121 4359 1339 4417 insanit.
1373 4354 1500 4423 quid
1528 4372 1653 4419 enm
1683 4354 1914 4413 auditis;
1930 4357 2038 4419 Alii

435 4432 712 4489 dicebant.
742 4430 883 4489 llaec
909 4432 1075 4493 verba
1103 4446 1209 4489 non
1235 4438 1358 4493 sunt
1386 4429 1732 4487 daemonium
1761 4427 2031 4487 habentis.

438 4503 700 4576 numquid
716 4502 1057 4576 daemonium
1079 4511 1258 4576 potest
1270 4501 1461 4576 oculos
1488 4515 1773 4576 caecorum
1798 4506 2035 4576 aperire.

435 4571 606 4632 Facta
625 4585 709 4633 est
731 4571 910 4637 autem
943 4572 1222 4639 Dedicatio
1248 4574 1299 4635 in
1329 4571 1744 4643 Hierosolymis.
1774 4582 1828 4626 ct
1860 4573 2031 4635 hiems

435 4659 554 4703 erat
590 4649 658 4702 Et
686 4646 1001 4701 ambulabat
1026 4644 1184 4701 Jesus
1213 4645 1263 4697 in
1295 4643 1498 4712 templo
1526 4644 1575 4705 in
1618 4645 1825 4712 porticu
1871 4645 2029 4701 Soleo

438 4720 615 4775 munis
637 4718 1129 4775 Circunnleilerunt
1156 4731 1285 4785 ergo
1316 4732 1437 4770 eum
1466 4713 1674 4770 Judaei.
1703 4728 1757 4771 et
1779 4716 2036 4785 dicebant

439 4792 511 4847 ei.
544 4794 835 4859 Quousque
875 4792 1111 4845 animum
1156 4798 1395 4841 nostram
1445 4786 1752 4859 suspendis.
1801 4789 1845 4841 si
1887 4799 1939 4842 tu
1973 4804 2034 4844 es

436 4862 710 4923 Christus.
750 4863 839 4917 die
862 4862 1021 4916 nobis
1053 4860 1252 4929 palam.
1288 4860 1589 4924 Respondit.
1626 4858 1706 4913 eis
1729 4859 1889 4914 .lesns
1929 4860 2034 4923 Lp—

437 4950 579 5004 qunr
600 4934 753 4990 vobis
774 4945 829 4991 et
857 4950 964 4991 non
991 4929 1294 4991 crediditis.
1318 4945 1483 5001 opera
1512 4944 1648 5001 quae
1676 4946 1775 5004 ego
1806 4932 1947 4986 facio
1978 4933 2032 4988 in

436 5006 657 5069 notitiae
687 5006 865 5067 Patris
902 5006 1033 5061 mei.
1067 5004 1203 5059 haec
1236 5005 1610 5059 testimonium
1639 5004 1927 5075 perhibent
1966 5005 2035 5061 de

2142 4168 2251 4209 me.
2282 4153 2381 4210 sed
2412 4168 2510 4211 vos
2542 4169 2652 4211 non
2682 4152 2928 4211 creditis.
2958 4150 3086 4224 quis
3129 4165 3239 4211 Ima
3282 4148 3443 4212 estis.
3474 4161 3540 4205 ex
3568 4138 3734 4199 ovibus

2144 4225 2300 4281 meis.
2326 4227 2468 4283 sicut
2493 4226 2605 4283 dixi
2634 4228 2809 4283 vobis.
2844 4224 2988 4281 Oves
3032 4238 3190 4282 meae
3216 4236 3408 4284 vocem
3448 4232 3620 4276 meam
3655 4227 3733 4277 an-

2144 4296 2319 4355 dinnt.
2350 4310 2418 4373 et
2454 4314 2556 4370 ego
2597 4312 2872 4369 cognosco
2905 4312 3021 4373 eu-
3046 4368 3058 4373 _
3084 4305 3142 4353 el
3194 4304 3502 4365 εθιιυιιηιυι·
3528 4302 3640 4373 .m":

2143 4383 2244 4438 ego
2312 4366 2511 4425 vitam'
2544 4366 2829 4428 aeternam
2889 4369 2964 4425 do
3010 4368 3113 4427 eis.
3164 4376 3220 4425 et
3271 4383 3380 4426 non
3425 4366 3651 4434 perieut.
3684 4369 3733 4419 In

2145 4450 2451 4513 aeternum.
2497 4459 2599 4499 nec
2627 4444 2917 4513 quisquam
2950 4442 3129 4509 rapiet
3166 4455 3262 4513 eas
3303 4440 3374 4501 de
3418 4449 3581 4513 manu
3612 4441 3729 4513 mag.

2148 4510 2313 4569 Pater
2364 4530 2515 4571 meus
2565 4506 2712 4584 quod
2763 4506 2913 4570 dedit
2959 4506 3091 4569 mihi
3136 4511 3313 4581 majus
3356 4508 3614 4584 manibus

2149 4594 2204 4638 et
2255 4601 2419 4641 nemo
2478 4575 2657 4653 pateat
2712 4602 2904 4652 rapere
2953 4585 3087 4641 illud
3128 4575 3517 4640 de'manihus
3581 4575 3729 4633 Patris

2148 4657 2277 4712 mei.
2326 4658 2435 4726 Ego
2475 4672 2528 4711 et
2566 4660 2728 4714 Pater
2768 4673 2936 4712 unum
2977 4672 3189 4711 sumus.
3234 4653 3588 4726 Sustulernnt
3619 4654 3730 4726 ergo

2149 4729 2346 4799 iterum
2368 4712 2804 4799 induci—lapides
2823 4739 2893 4798 ut
2929 4730 3235 4796 lapidarent
3262 4740 3417 4799 cum.
3444 4712 3729 4799 _Re.~pgllflif

2148 4789 2229 4854 eis
2260 4789 2442 4856 legas;
2486 4789 2665 4856 Multa'
2690 4795 2854 4871 opera
2887 4789 3029 4857 bona
3073 4797 3288 4871 ostendi
3319 4794 3490 4871 vobis
3529 4810 3555 4845 a
3594 4789 3729 4871 Ιξξιιξε

2148 4887 2293 4949 meo.
2333 4884 2550 4949 prapter
2574 4860 2752 4949 _qu_0d:
2776 4888 2972 4949 eorum
3008 4885 3145 4941 onus
3184 4869 3444 4940 lapidatis
3478 4880 3581 4949 me.
3610 4860 3730 4949 lisf-

2147 4931 2461 5014 ponderun't
2488 4938 2539 5002 ei
2566 4931 2776 5002 Judaei.
2813 4931 3104 5017 Pro—bono
3143 4931 3337 5021 cpe're.
3379 4953 3488 4996 non
3529 4945 3578 4991 te
3610 4931 3729 4999 lapi-

1736 5143 1971 5201 CODEI
2009 5141 2478 5209 CORBEIENSIS.

508 5271 603 5328 22.
643 5272 666 5344 ἓ
695 5269 858 5327 Facta
883 5274 1168 5344 estautem
1193 5266 1466 5344 Dedicatio
1496 5265 1970 5344 in_Jerosolyuii8,

507 5345 601 5402 25.
640 5343 695 5399 in
720 5343 930 5415 porticu
954 5340 1279 5407 Salamonis,
1312 5338 1368 5395 in
1397 5340 1624 5425 templo.

2225 5273 2316 5345 5i.
2358 5276 2712 5345 Sustulerunt
2737 5276 2948 5350 lapides
2972 5275 3191 5335 Judaei.

1685 5477 2082 5543 mammas
2119 5441 2529 5541 moriones.

501 5624 519 5656 ι
554 5624 681 5681 Mm.
706 5621 772 5674 de
794 5631 943 5672 manu
962 5615 1126 5672 Patris
1147 5618 1268 5673 mel.
1295 5614 1446 5686 Vulg.
1468 5618 1532 5677 de
1555 5629 1705 5673 manu
1726 5629 1858 5670 mea.

2211 5622 2233 5652 ³
2268 5621 2375 5673 Gat.
2400 5619 2548 5683 Facta
2569 5627 2737 5689 autem
2764 5626 2883 5689 tum
2901 5625 3020 5683 sint
3037 5618 3313 5687 Encheuia.

1744 5742 2132 5803 ~BLANCHINI
2168 5743 2401 5804 NOTE.

510 5885 586 5961 (α)
626 5886 756 5947 Post
781 5883 971 5956 Patre,
998 5884 1155 5959 deest
1188 5898 1322 5956 meo,
1352 5881 1518 5942 etiam
1552 5882 1608 5942 in
1633 5879 1755 5942 cod.
1780 5882 1941 5941 Cant.
