  <div class='ocr_page' id='page_1' title='image "/cluster/home/n/w/nwhite01/storage/ocr_20150623/12/hvd.32044015471980/230.png"; bbox 0 0 1937 3163; ppageno 0'>
   <div class='ocr_carea' id='block_1_1' title="bbox 75 176 1184 209">
    <p class='ocr_par' dir='ltr' id='par_1_1' title="bbox 75 176 1184 209">
     <span class='ocr_line' id='line_1_1' title="bbox 75 176 1184 209; baseline -0.004 0"><span class='ocrx_word' id='word_1_1' title='bbox 75 180 114 209; x_wconf 74' lang='lat' dir='ltr'><strong>Ml</strong></span> <span class='ocrx_word' id='word_1_2' title='bbox 541 177 766 208; x_wconf 82' lang='lat' dir='ltr'><strong>EVANGELIUM</strong></span> <span class='ocrx_word' id='word_1_3' title='bbox 785 176 971 208; x_wconf 81' lang='lat' dir='ltr'><strong>SECUNDUM</strong></span> <span class='ocrx_word' id='word_1_4' title='bbox 990 176 1184 208; x_wconf 71' lang='lat' dir='ltr'><strong>IOHANNEM.</strong></span> 
     </span>
    </p>
   </div>
   <div class='ocr_carea' id='block_1_2' title="bbox 250 236 655 267">
    <p class='ocr_par' dir='ltr' id='par_1_2' title="bbox 250 236 655 267">
     <span class='ocr_line' id='line_1_2' title="bbox 250 236 655 267; baseline -0.005 -1"><span class='ocrx_word' id='word_1_5' title='bbox 250 236 364 266; x_wconf 80' lang='lat' dir='ltr'><strong>CODEX</strong></span> <span class='ocrx_word' id='word_1_6' title='bbox 385 236 655 267; x_wconf 83' lang='lat' dir='ltr'><strong>VERCELLENSIS.</strong></span> 
     </span>
    </p>
   </div>
   <div class='ocr_carea' id='block_1_3' title="bbox 471 283 650 319">
    <p class='ocr_par' dir='ltr' id='par_1_3' title="bbox 471 283 650 319">
     <span class='ocr_line' id='line_1_3' title="bbox 471 283 650 319; baseline 0 -8"><span class='ocrx_word' id='word_1_7' title='bbox 471 285 489 311; x_wconf 91' lang='lat' dir='ltr'><strong>ti</strong></span> <span class='ocrx_word' id='word_1_8' title='bbox 502 288 566 312; x_wconf 92' lang='lat' dir='ltr'><strong>sunt</strong></span> <span class='ocrx_word' id='word_1_9' title='bbox 578 283 650 319; x_wconf 86' lang='lat' dir='ltr'><strong>quod</strong></span> 
     </span>
    </p>
   </div>
   <div class='ocr_carea' id='block_1_4' title="bbox 470 320 628 348">
    <p class='ocr_par' dir='ltr' id='par_1_4' title="bbox 470 320 628 348">
     <span class='ocr_line' id='line_1_4' title="bbox 470 320 628 348; baseline -0.013 0"><span class='ocrx_word' id='word_1_10' title='bbox 470 320 538 348; x_wconf 83' lang='lat' dir='ltr'><strong>haec</strong></span> <span class='ocrx_word' id='word_1_11' title='bbox 548 324 628 348; x_wconf 88' lang='lat' dir='ltr'><strong>erant</strong></span> 
     </span>
    </p>
   </div>
   <div class='ocr_carea' id='block_1_5' title="bbox 470 355 666 391">
    <p class='ocr_par' dir='ltr' id='par_1_5' title="bbox 470 355 666 391">
     <span class='ocr_line' id='line_1_5' title="bbox 470 355 666 391; baseline -0.01 -7"><span class='ocrx_word' id='word_1_12' title='bbox 470 356 570 391; x_wconf 82' lang='lat' dir='ltr'><strong>scripta</strong></span> <span class='ocrx_word' id='word_1_13' title='bbox 586 355 620 383; x_wconf 88' lang='lat' dir='ltr'><strong>de</strong></span> <span class='ocrx_word' id='word_1_14' title='bbox 634 355 666 391; x_wconf 56' lang='lat' dir='ltr'><strong>il-y</strong></span> 
     </span>
    </p>
   </div>
   <div class='ocr_carea' id='block_1_6' title="bbox 470 390 690 420">
    <p class='ocr_par' dir='ltr' id='par_1_6' title="bbox 470 390 690 420">
     <span class='ocr_line' id='line_1_6' title="bbox 470 390 690 420; baseline -0.009 0"><span class='ocrx_word' id='word_1_15' title='bbox 470 392 497 420; x_wconf 92' lang='lat' dir='ltr'><strong>lo</strong></span> <span class='ocrx_word' id='word_1_16' title='bbox 513 390 565 419; x_wconf 57' lang='lat' dir='ltr'><strong>{et</strong></span> <span class='ocrx_word' id='word_1_17' title='bbox 578 391 643 419; x_wconf 90' lang='lat' dir='ltr'><strong>haec</strong></span> <span class='ocrx_word' id='word_1_18' title='bbox 651 390 690 418; x_wconf 83' lang='lat' dir='ltr'><strong>fe-</strong></span> 
     </span>
    </p>
   </div>
   <div class='ocr_carea' id='block_1_7' title="bbox 471 427 627 455">
    <p class='ocr_par' dir='ltr' id='par_1_7' title="bbox 471 427 627 455">
     <span class='ocr_line' id='line_1_7' title="bbox 471 427 627 455; baseline -0.013 0"><span class='ocrx_word' id='word_1_19' title='bbox 471 432 566 455; x_wconf 86' lang='lat' dir='ltr'><strong>cerunt</strong></span> <span class='ocrx_word' id='word_1_20' title='bbox 577 427 627 455; x_wconf 85' lang='lat' dir='ltr'><strong>illi.</strong></span> 
     </span>
    </p>
   </div>
   <div class='ocr_carea' id='block_1_8' title="bbox 472 462 730 491">
    <p class='ocr_par' dir='ltr' id='par_1_8' title="bbox 472 462 730 491">
     <span class='ocr_line' id='line_1_8' title="bbox 472 462 730 491; baseline -0.008 0"><span class='ocrx_word' id='word_1_21' title='bbox 472 464 515 491; x_wconf 81' lang='lat' dir='ltr'><strong>l7.</strong></span> <span class='ocrx_word' id='word_1_22' title='bbox 531 462 730 491; x_wconf 74' lang='lat' dir='ltr'><strong>Testimonium</strong></span> 
     </span>
    </p>
   </div>
   <div class='ocr_carea' id='block_1_9' title="bbox 471 498 669 534">
    <p class='ocr_par' dir='ltr' id='par_1_9' title="bbox 471 498 669 534">
     <span class='ocr_line' id='line_1_9' title="bbox 471 498 669 534; baseline -0.005 -7"><span class='ocrx_word' id='word_1_23' title='bbox 471 499 561 534; x_wconf 80' lang='lat' dir='ltr'><strong>itaque</strong></span> <span class='ocrx_word' id='word_1_24' title='bbox 572 498 669 526; x_wconf 90' lang='lat' dir='ltr'><strong>redde-</strong></span> 
     </span>
    </p>
   </div>
   <div class='ocr_carea' id='block_1_10' title="bbox 472 534 682 568">
    <p class='ocr_par' dir='ltr' id='par_1_10' title="bbox 472 534 682 568">
     <span class='ocr_line' id='line_1_10' title="bbox 472 534 682 568; baseline 0 -6"><span class='ocrx_word' id='word_1_25' title='bbox 472 535 536 563; x_wconf 89' lang='lat' dir='ltr'><strong>baut</strong></span> <span class='ocrx_word' id='word_1_26' title='bbox 550 535 560 550; x_wconf 84' lang='grc'>²</span> <span class='ocrx_word' id='word_1_27' title='bbox 574 534 682 568; x_wconf 84' lang='lat' dir='ltr'><strong>turbae,</strong></span> 
     </span>
    </p>
   </div>
   <div class='ocr_carea' id='block_1_11' title="bbox 472 575 627 605">
    <p class='ocr_par' dir='ltr' id='par_1_11' title="bbox 472 575 627 605">
     <span class='ocr_line' id='line_1_11' title="bbox 472 575 627 605; baseline 0 -8"><span class='ocrx_word' id='word_1_28' title='bbox 472 578 539 605; x_wconf 88' lang='lat' dir='ltr'><strong>quae</strong></span> <span class='ocrx_word' id='word_1_29' title='bbox 551 575 627 597; x_wconf 79' lang='lat' dir='ltr'><strong>erant</strong></span> 
     </span>
    </p>
   </div>
   <div class='ocr_carea' id='block_1_12' title="bbox 472 607 674 640">
    <p class='ocr_par' dir='ltr' id='par_1_12' title="bbox 472 607 674 640">
     <span class='ocr_line' id='line_1_12' title="bbox 472 607 674 640; baseline -0.005 -7"><span class='ocrx_word' id='word_1_30' title='bbox 472 614 532 634; x_wconf 89' lang='lat' dir='ltr'><strong>cum</strong></span> <span class='ocrx_word' id='word_1_31' title='bbox 550 607 594 633; x_wconf 90' lang='lat' dir='ltr'><strong>illo</strong></span> <span class='ocrx_word' id='word_1_32' title='bbox 608 613 674 640; x_wconf 92' lang='lat' dir='ltr'><strong>quo-</strong></span> 
     </span>
    </p>
   </div>
   <div class='ocr_carea' id='block_1_13' title="bbox 474 642 691 669">
    <p class='ocr_par' dir='ltr' id='par_1_13' title="bbox 474 642 691 669">
     <span class='ocr_line' id='line_1_13' title="bbox 474 642 691 669; baseline 0 -1"><span class='ocrx_word' id='word_1_33' title='bbox 474 644 544 669; x_wconf 89' lang='lat' dir='ltr'><strong>niam</strong></span> <span class='ocrx_word' id='word_1_34' title='bbox 563 642 691 669; x_wconf 79' lang='lat' dir='ltr'><strong>Lazarum</strong></span> 
     </span>
    </p>
   </div>
   <div class='ocr_carea' id='block_1_14' title="bbox 473 678 638 706">
    <p class='ocr_par' dir='ltr' id='par_1_14' title="bbox 473 678 638 706">
     <span class='ocr_line' id='line_1_14' title="bbox 473 678 638 706; baseline -0.012 0"><span class='ocrx_word' id='word_1_35' title='bbox 473 679 591 706; x_wconf 85' lang='lat' dir='ltr'><strong>evocavit</strong></span> <span class='ocrx_word' id='word_1_36' title='bbox 604 678 638 704; x_wconf 86' lang='lat' dir='ltr'><strong>de</strong></span> 
     </span>
    </p>
   </div>
   <div class='ocr_carea' id='block_1_15' title="bbox 472 721 631 742">
    <p class='ocr_par' dir='ltr' id='par_1_15' title="bbox 472 721 631 742">
     <span class='ocr_line' id='line_1_15' title="bbox 472 721 631 742; baseline -0.013 0"><span class='ocrx_word' id='word_1_37' title='bbox 472 721 631 742; x_wconf 90' lang='lat' dir='ltr'><strong>monumen-</strong></span> 
     </span>
    </p>
   </div>
   <div class='ocr_carea' id='block_1_16' title="bbox 474 749 680 783">
    <p class='ocr_par' dir='ltr' id='par_1_16' title="bbox 474 749 680 783">
     <span class='ocr_line' id='line_1_16' title="bbox 474 749 680 783; baseline -0.005 -7"><span class='ocrx_word' id='word_1_38' title='bbox 474 756 510 783; x_wconf 87' lang='lat' dir='ltr'><strong>to,</strong></span> <span class='ocrx_word' id='word_1_39' title='bbox 523 756 549 777; x_wconf 89' lang='lat' dir='ltr'><strong>et</strong></span> <span class='ocrx_word' id='word_1_40' title='bbox 565 749 680 777; x_wconf 80' lang='lat' dir='ltr'><strong>suscita-</strong></span> 
     </span>
    </p>
   </div>
   <div class='ocr_carea' id='block_1_17' title="bbox 473 786 700 812">
    <p class='ocr_par' dir='ltr' id='par_1_17' title="bbox 473 786 700 812">
     <span class='ocr_line' id='line_1_17' title="bbox 473 786 700 812; baseline -0.004 0"><span class='ocrx_word' id='word_1_41' title='bbox 473 786 510 812; x_wconf 86' lang='lat' dir='ltr'><strong>vit</strong></span> <span class='ocrx_word' id='word_1_42' title='bbox 524 794 584 812; x_wconf 85' lang='lat' dir='ltr'><strong>cuni</strong></span> <span class='ocrx_word' id='word_1_43' title='bbox 599 794 613 812; x_wconf 86' lang='lat' dir='ltr'><strong>a</strong></span> <span class='ocrx_word' id='word_1_44' title='bbox 628 792 700 812; x_wconf 89' lang='lat' dir='ltr'><strong>inor-</strong></span> 
     </span>
    </p>
   </div>
   <div class='ocr_carea' id='block_1_18' title="bbox 473 821 781 849">
    <p class='ocr_par' dir='ltr' id='par_1_18' title="bbox 473 821 781 849">
     <span class='ocr_line' id='line_1_18' title="bbox 473 821 781 849; baseline 0.003 -1"><span class='ocrx_word' id='word_1_45' title='bbox 473 822 515 849; x_wconf 80' lang='grc'><strong>18.</strong></span> <span class='ocrx_word' id='word_1_46' title='bbox 533 823 594 848; x_wconf 89' lang='lat' dir='ltr'><strong>luis.</strong></span> <span class='ocrx_word' id='word_1_47' title='bbox 612 821 674 848; x_wconf 80' lang='lat' dir='ltr'><strong>Ideo</strong></span> <span class='ocrx_word' id='word_1_48' title='bbox 686 827 781 849; x_wconf 89' lang='lat' dir='ltr'><strong>occur-</strong></span> 
     </span>
    </p>
   </div>
   <div class='ocr_carea' id='block_1_19' title="bbox 72 282 245 312">
    <p class='ocr_par' dir='ltr' id='par_1_19' title="bbox 72 282 245 312">
     <span class='ocr_line' id='line_1_19' title="bbox 72 282 245 312; baseline -0.017 0"><span class='ocrx_word' id='word_1_49' title='bbox 72 287 148 312; x_wconf 78' lang='lat' dir='ltr'><strong>autem</strong></span> <span class='ocrx_word' id='word_1_50' title='bbox 167 282 245 310; x_wconf 89' lang='lat' dir='ltr'><strong>Prin-</strong></span> 
     </span>
    </p>
   </div>
   <div class='ocr_carea' id='block_1_20' title="bbox 72 318 272 355">
    <p class='ocr_par' dir='ltr' id='par_1_20' title="bbox 72 318 272 355">
     <span class='ocr_line' id='line_1_20' title="bbox 72 318 272 355; baseline -0.01 -7"><span class='ocrx_word' id='word_1_51' title='bbox 72 321 134 355; x_wconf 81' lang='lat' dir='ltr'><strong>cipes</strong></span> <span class='ocrx_word' id='word_1_52' title='bbox 144 318 272 355; x_wconf 73' lang='lat' dir='ltr'><strong>Sacerdo-</strong></span> 
     </span>
    </p>
   </div>
   <div class='ocr_carea' id='block_1_21' title="bbox 73 354 291 383">
    <p class='ocr_par' dir='ltr' id='par_1_21' title="bbox 73 354 291 383">
     <span class='ocr_line' id='line_1_21' title="bbox 73 354 291 383; baseline -0.009 0"><span class='ocrx_word' id='word_1_53' title='bbox 73 361 119 383; x_wconf 86' lang='lat' dir='ltr'><strong>tum</strong></span> <span class='ocrx_word' id='word_1_54' title='bbox 134 359 196 382; x_wconf 84' lang='lat' dir='ltr'><strong>utet</strong></span> <span class='ocrx_word' id='word_1_55' title='bbox 208 354 291 382; x_wconf 81' lang='lat' dir='ltr'><strong>Laza-</strong></span> 
     </span>
    </p>
   </div>
   <div class='ocr_carea' id='block_1_22' title="bbox 72 389 232 419">
    <p class='ocr_par' dir='ltr' id='par_1_22' title="bbox 72 389 232 419">
     <span class='ocr_line' id='line_1_22' title="bbox 72 389 232 419; baseline -0.006 0"><span class='ocrx_word' id='word_1_56' title='bbox 72 399 121 419; x_wconf 85' lang='lat' dir='ltr'><strong>rum</strong></span> <span class='ocrx_word' id='word_1_57' title='bbox 130 389 232 418; x_wconf 77' lang='lat' dir='ltr'><strong>occide-</strong></span> 
     </span>
    </p>
   </div>
   <div class='ocr_carea' id='block_1_23' title="bbox 74 426 358 461">
    <p class='ocr_par' dir='ltr' id='par_1_23' title="bbox 74 426 358 461">
     <span class='ocr_line' id='line_1_23' title="bbox 74 426 358 461; baseline 0.004 -7"><span class='ocrx_word' id='word_1_58' title='bbox 74 427 108 454; x_wconf 85' lang='grc' dir='ltr'>Η.</span> <span class='ocrx_word' id='word_1_59' title='bbox 126 431 179 454; x_wconf 89' lang='lat' dir='ltr'><strong>rent</strong></span> <span class='ocrx_word' id='word_1_60' title='bbox 195 426 273 461; x_wconf 88' lang='lat' dir='ltr'><strong>:quia</strong></span> <span class='ocrx_word' id='word_1_61' title='bbox 288 427 358 455; x_wconf 80' lang='lat' dir='ltr'><strong>mul-</strong></span> 
     </span>
    </p>
   </div>
   <div class='ocr_carea' id='block_1_24' title="bbox 74 461 337 499">
    <p class='ocr_par' dir='ltr' id='par_1_24' title="bbox 74 461 337 499">
     <span class='ocr_line' id='line_1_24' title="bbox 74 461 337 499; baseline 0.004 -10"><span class='ocrx_word' id='word_1_62' title='bbox 74 463 89 489; x_wconf 90' lang='lat' dir='ltr'><strong>ti</strong></span> <span class='ocrx_word' id='word_1_63' title='bbox 100 462 131 497; x_wconf 82' lang='grc' dir='ltr'><strong>(α)</strong></span> <span class='ocrx_word' id='word_1_64' title='bbox 145 461 306 499; x_wconf 70' lang='lat' dir='ltr'><strong>Iudaeorum</strong></span> <span class='ocrx_word' id='word_1_65' title='bbox 317 463 337 499; x_wconf 58' lang='lat'><strong>1-</strong></span> 
     </span>
    </p>
   </div>
   <div class='ocr_carea' id='block_1_25' title="bbox 73 498 256 532">
    <p class='ocr_par' dir='ltr' id='par_1_25' title="bbox 73 498 256 532">
     <span class='ocr_line' id='line_1_25' title="bbox 73 498 256 532; baseline 0.005 -7"><span class='ocrx_word' id='word_1_66' title='bbox 73 502 167 532; x_wconf 87' lang='lat' dir='ltr'><strong>propter</strong></span> <span class='ocrx_word' id='word_1_67' title='bbox 180 498 256 526; x_wconf 88' lang='lat' dir='ltr'><strong>illum</strong></span> 
     </span>
    </p>
   </div>
   <div class='ocr_carea' id='block_1_26' title="bbox 72 533 271 562">
    <p class='ocr_par' dir='ltr' id='par_1_26' title="bbox 72 533 271 562">
     <span class='ocr_line' id='line_1_26' title="bbox 72 533 271 562; baseline 0 0"><span class='ocrx_word' id='word_1_68' title='bbox 72 534 137 562; x_wconf 88' lang='lat' dir='ltr'><strong>ibant</strong></span> <span class='ocrx_word' id='word_1_69' title='bbox 144 539 169 561; x_wconf 91' lang='lat' dir='ltr'><strong>et</strong></span> <span class='ocrx_word' id='word_1_70' title='bbox 178 533 271 562; x_wconf 86' lang='lat' dir='ltr'><strong>crede-</strong></span> 
     </span>
    </p>
   </div>
   <div class='ocr_carea' id='block_1_27' title="bbox 72 569 274 597">
    <p class='ocr_par' dir='ltr' id='par_1_27' title="bbox 72 569 274 597">
     <span class='ocr_line' id='line_1_27' title="bbox 72 569 274 597; baseline 0.005 -2"><span class='ocrx_word' id='word_1_71' title='bbox 72 569 125 597; x_wconf 84' lang='lat' dir='ltr'><strong>bant</strong></span> <span class='ocrx_word' id='word_1_72' title='bbox 138 569 163 597; x_wconf 90' lang='lat' dir='ltr'><strong>in</strong></span> <span class='ocrx_word' id='word_1_73' title='bbox 173 569 274 597; x_wconf 69' lang='lat' dir='ltr'><strong>Iesum.</strong></span> 
     </span>
    </p>
   </div>
   <div class='ocr_carea' id='block_1_28' title="bbox 73 605 350 634">
    <p class='ocr_par' dir='ltr' id='par_1_28' title="bbox 73 605 350 634">
     <span class='ocr_line' id='line_1_28' title="bbox 73 605 350 634; baseline 0.007 -1"><span class='ocrx_word' id='word_1_74' title='bbox 73 605 109 633; x_wconf 70' lang='lat'><strong>12.</strong></span> <span class='ocrx_word' id='word_1_75' title='bbox 126 605 212 633; x_wconf 81' lang='lat' dir='ltr'><strong>Altera</strong></span> <span class='ocrx_word' id='word_1_76' title='bbox 230 605 276 634; x_wconf 89' lang='lat' dir='ltr'><strong>die</strong></span> <span class='ocrx_word' id='word_1_77' title='bbox 291 610 350 634; x_wconf 87' lang='lat' dir='ltr'><strong>tur-</strong></span> 
     </span>
    </p>
   </div>
   <div class='ocr_carea' id='block_1_29' title="bbox 73 640 232 674">
    <p class='ocr_par' dir='ltr' id='par_1_29' title="bbox 73 640 232 674">
     <span class='ocr_line' id='line_1_29' title="bbox 73 640 232 674; baseline -0.006 -5"><span class='ocrx_word' id='word_1_78' title='bbox 73 640 115 669; x_wconf 79' lang='lat' dir='ltr'><strong>bae</strong></span> <span class='ocrx_word' id='word_1_79' title='bbox 126 641 232 674; x_wconf 87' lang='lat' dir='ltr'><strong>multae,</strong></span> 
     </span>
    </p>
   </div>
   <div class='ocr_carea' id='block_1_30' title="bbox 70 684 221 712">
    <p class='ocr_par' dir='ltr' id='par_1_30' title="bbox 70 684 221 712">
     <span class='ocr_line' id='line_1_30' title="bbox 70 684 221 712; baseline 0.007 -9"><span class='ocrx_word' id='word_1_80' title='bbox 70 684 129 712; x_wconf 87' lang='lat' dir='ltr'><strong>quae</strong></span> <span class='ocrx_word' id='word_1_81' title='bbox 141 684 221 704; x_wconf 80' lang='lat' dir='ltr'><strong>vene—.</strong></span> 
     </span>
    </p>
   </div>
   <div class='ocr_carea' id='block_1_31' title="bbox 71 712 248 740">
    <p class='ocr_par' dir='ltr' id='par_1_31' title="bbox 71 712 248 740">
     <span class='ocr_line' id='line_1_31' title="bbox 71 712 248 740; baseline 0 0"><span class='ocrx_word' id='word_1_82' title='bbox 71 717 121 740; x_wconf 87' lang='lat' dir='ltr'><strong>rant</strong></span> <span class='ocrx_word' id='word_1_83' title='bbox 134 712 165 740; x_wconf 92' lang='lat' dir='ltr'><strong>ad</strong></span> <span class='ocrx_word' id='word_1_84' title='bbox 178 712 248 740; x_wconf 86' lang='lat' dir='ltr'><strong>diem</strong></span> 
     </span>
    </p>
   </div>
   <div class='ocr_carea' id='block_1_32' title="bbox 70 747 256 779">
    <p class='ocr_par' dir='ltr' id='par_1_32' title="bbox 70 747 256 779">
     <span class='ocr_line' id='line_1_32' title="bbox 70 747 256 779; baseline 0 -4"><span class='ocrx_word' id='word_1_85' title='bbox 70 747 166 779; x_wconf 77' lang='lat' dir='ltr'><strong>festum,</strong></span> <span class='ocrx_word' id='word_1_86' title='bbox 179 749 256 776; x_wconf 90' lang='lat' dir='ltr'><strong>audi-</strong></span> 
     </span>
    </p>
   </div>
   <div class='ocr_carea' id='block_1_33' title="bbox 71 783 269 819">
    <p class='ocr_par' dir='ltr' id='par_1_33' title="bbox 71 783 269 819">
     <span class='ocr_line' id='line_1_33' title="bbox 71 783 269 819; baseline 0.005 -8"><span class='ocrx_word' id='word_1_87' title='bbox 71 788 104 812; x_wconf 82' lang='lat' dir='ltr'><strong>tes</strong></span> <span class='ocrx_word' id='word_1_88' title='bbox 116 783 183 819; x_wconf 89' lang='lat' dir='ltr'><strong>quod</strong></span> <span class='ocrx_word' id='word_1_89' title='bbox 191 783 269 812; x_wconf 87' lang='lat' dir='ltr'><strong>Jesus</strong></span> 
     </span>
    </p>
   </div>
   <div class='ocr_carea' id='block_1_34' title="bbox 70 819 247 848">
    <p class='ocr_par' dir='ltr' id='par_1_34' title="bbox 70 819 247 848">
     <span class='ocr_line' id='line_1_34' title="bbox 70 819 247 848; baseline 0.006 -1"><span class='ocrx_word' id='word_1_90' title='bbox 70 821 133 847; x_wconf 80' lang='lat' dir='ltr'><strong>venit</strong></span> <span class='ocrx_word' id='word_1_91' title='bbox 145 821 170 846; x_wconf 91' lang='lat' dir='ltr'><strong>in</strong></span> <span class='ocrx_word' id='word_1_92' title='bbox 183 819 247 848; x_wconf 85' lang='lat' dir='ltr'><strong>Hie-</strong></span> 
     </span>
    </p>
   </div>
   <div class='ocr_carea' id='block_1_35' title="bbox 71 855 328 891">
    <p class='ocr_par' dir='ltr' id='par_1_35' title="bbox 71 855 328 891">
     <span class='ocr_line' id='line_1_35' title="bbox 71 855 328 891; baseline 0.008 -9"><span class='ocrx_word' id='word_1_93' title='bbox 71 855 107 883; x_wconf 77' lang='lat' dir='ltr'><strong>l3.</strong></span> <span class='ocrx_word' id='word_1_94' title='bbox 124 856 268 891; x_wconf 85' lang='lat' dir='ltr'><strong>rosolyma,</strong></span> <span class='ocrx_word' id='word_1_95' title='bbox 280 862 328 884; x_wconf 87' lang='lat' dir='ltr'><strong>ac-</strong></span> 
     </span>
    </p>
   </div>
   <div class='ocr_carea' id='block_1_36' title="bbox 69 891 246 926">
    <p class='ocr_par' dir='ltr' id='par_1_36' title="bbox 69 891 246 926">
     <span class='ocr_line' id='line_1_36' title="bbox 69 891 246 926; baseline 0.006 -8"><span class='ocrx_word' id='word_1_96' title='bbox 69 896 185 926; x_wconf 85' lang='lat' dir='ltr'><strong>ceperunt</strong></span> <span class='ocrx_word' id='word_1_97' title='bbox 197 891 246 919; x_wconf 85' lang='lat' dir='ltr'><strong>ilo-</strong></span> 
     </span>
    </p>
   </div>
   <div class='ocr_carea' id='block_1_37' title="bbox 70 927 278 963">
    <p class='ocr_par' dir='ltr' id='par_1_37' title="bbox 70 927 278 963">
     <span class='ocr_line' id='line_1_37' title="bbox 70 927 278 963; baseline 0 -8"><span class='ocrx_word' id='word_1_98' title='bbox 70 934 107 955; x_wconf 79' lang='lat' dir='ltr'><strong>res</strong></span> <span class='ocrx_word' id='word_1_99' title='bbox 119 927 278 963; x_wconf 82' lang='lat' dir='ltr'><strong>palmarum,</strong></span> 
     </span>
    </p>
   </div>
   <div class='ocr_carea' id='block_1_38' title="bbox 70 964 220 991">
    <p class='ocr_par' dir='ltr' id='par_1_38' title="bbox 70 964 220 991">
     <span class='ocr_line' id='line_1_38' title="bbox 70 964 220 991; baseline 0.007 -1"><span class='ocrx_word' id='word_1_100' title='bbox 70 968 92 990; x_wconf 85' lang='lat' dir='ltr'><strong>et</strong></span> <span class='ocrx_word' id='word_1_101' title='bbox 102 964 220 991; x_wconf 86' lang='lat' dir='ltr'><strong>exierunt</strong></span> 
     </span>
    </p>
   </div>
   <div class='ocr_carea' id='block_1_39' title="bbox 473 857 673 884">
    <p class='ocr_par' dir='ltr' id='par_1_39' title="bbox 473 857 673 884">
     <span class='ocr_line' id='line_1_39' title="bbox 473 857 673 884; baseline -0.005 0"><span class='ocrx_word' id='word_1_102' title='bbox 473 857 559 884; x_wconf 84' lang='lat' dir='ltr'><strong>i‘ililli</strong></span> <span class='ocrx_word' id='word_1_103' title='bbox 576 857 673 883; x_wconf 83' lang='lat' dir='ltr'><strong>turba:</strong></span> 
     </span>
    </p>
   </div>
   <div class='ocr_carea' id='block_1_40' title="bbox 473 894 663 925">
    <p class='ocr_par' dir='ltr' id='par_1_40' title="bbox 473 894 663 925">
     <span class='ocr_line' id='line_1_40' title="bbox 473 894 663 925; baseline 0.005 -6"><span class='ocrx_word' id='word_1_104' title='bbox 473 894 600 925; x_wconf 89' lang='lat' dir='ltr'><strong>quoniam</strong></span> <span class='ocrx_word' id='word_1_105' title='bbox 617 901 663 920; x_wconf 82' lang='lat' dir='ltr'><strong>au-</strong></span> 
     </span>
    </p>
   </div>
   <div class='ocr_carea' id='block_1_41' title="bbox 472 928 660 962">
    <p class='ocr_par' dir='ltr' id='par_1_41' title="bbox 472 928 660 962">
     <span class='ocr_line' id='line_1_41' title="bbox 472 928 660 962; baseline 0 -7"><span class='ocrx_word' id='word_1_106' title='bbox 472 929 579 956; x_wconf 88' lang='lat' dir='ltr'><strong>dierunt</strong></span> <span class='ocrx_word' id='word_1_107' title='bbox 590 928 660 962; x_wconf 82' lang='lat' dir='ltr'><strong>quod</strong></span> 
     </span>
    </p>
   </div>
   <div class='ocr_carea' id='block_1_42' title="bbox 473 964 665 1000">
    <p class='ocr_par' dir='ltr' id='par_1_42' title="bbox 473 964 665 1000">
     <span class='ocr_line' id='line_1_42' title="bbox 473 964 665 1000; baseline 0 -9"><span class='ocrx_word' id='word_1_108' title='bbox 473 964 525 991; x_wconf 87' lang='lat' dir='ltr'><strong>hoc</strong></span> <span class='ocrx_word' id='word_1_109' title='bbox 540 964 601 992; x_wconf 80' lang='lat' dir='ltr'><strong>fecit</strong></span> <span class='ocrx_word' id='word_1_110' title='bbox 613 966 665 1000; x_wconf 67' lang='lat' dir='ltr'><strong>sig—</strong></span> 
     </span>
    </p>
   </div>
   <div class='ocr_carea' id='block_1_43' title="bbox 71 999 547 1031">
    <p class='ocr_par' dir='ltr' id='par_1_43' title="bbox 71 999 547 1031">
     <span class='ocr_line' id='line_1_43' title="bbox 71 999 547 1031; baseline 0.002 -6"><span class='ocrx_word' id='word_1_111' title='bbox 71 1018 77 1024; x_wconf 90' lang='lat'><strong>.</strong></span> <span class='ocrx_word' id='word_1_112' title='bbox 95 1020 101 1026; x_wconf 99' lang='lat'><strong>.</strong></span> <span class='ocrx_word' id='word_1_113' title='bbox 120 1018 126 1025; x_wconf 92' lang='lat'><strong>.</strong></span> <span class='ocrx_word' id='word_1_114' title='bbox 145 999 164 1026; x_wconf 93' lang='lat' dir='ltr'><strong>li</strong></span> <span class='ocrx_word' id='word_1_115' title='bbox 176 999 293 1031; x_wconf 82' lang='lat' dir='ltr'><strong>obviam.</strong></span> <span class='ocrx_word' id='word_1_116' title='bbox 472 1008 547 1028; x_wconf 91' lang='lat' dir='ltr'><strong>num.</strong></span> 
     </span>
    </p>
   </div>
   <div class='ocr_carea' id='block_1_44' title="bbox 71 1035 728 1071">
    <p class='ocr_par' dir='ltr' id='par_1_44' title="bbox 71 1035 728 1071">
     <span class='ocr_line' id='line_1_44' title="bbox 71 1035 728 1071; baseline 0.003 -10"><span class='ocrx_word' id='word_1_117' title='bbox 71 1054 99 1071; x_wconf 8' lang='lat' dir='ltr'><strong>.q.</strong></span> <span class='ocrx_word' id='word_1_118' title='bbox 119 1054 125 1062; x_wconf 94' lang='lat'><strong>.</strong></span> <span class='ocrx_word' id='word_1_119' title='bbox 145 1035 291 1071; x_wconf 74' lang='lat' dir='ltr'><strong>lamabant,</strong></span> <span class='ocrx_word' id='word_1_120' title='bbox 474 1036 516 1064; x_wconf 79' lang='lat' dir='ltr'><strong>l9.</strong></span> <span class='ocrx_word' id='word_1_121' title='bbox 529 1035 649 1064; x_wconf 84' lang='lat' dir='ltr'><strong>Farisaei</strong></span> <span class='ocrx_word' id='word_1_122' title='bbox 663 1042 728 1071; x_wconf 76' lang='lat' dir='ltr'><strong>ergo</strong></span> 
     </span>
    </p>
   </div>
   <div class='ocr_carea' id='block_1_45' title="bbox 70 1069 641 1100">
    <p class='ocr_par' dir='ltr' id='par_1_45' title="bbox 70 1069 641 1100">
     <span class='ocr_line' id='line_1_45' title="bbox 70 1069 641 1100; baseline 0.004 -3"><span class='ocrx_word' id='word_1_123' title='bbox 70 1069 175 1098; x_wconf 89' lang='lat' dir='ltr'><strong>dicentes</strong></span> <span class='ocrx_word' id='word_1_124' title='bbox 188 1079 194 1097; x_wconf 87' lang='lat'>:</span> <span class='ocrx_word' id='word_1_125' title='bbox 210 1070 261 1098; x_wconf 87' lang='lat' dir='ltr'><strong>Os-</strong></span> <span class='ocrx_word' id='word_1_126' title='bbox 472 1071 600 1100; x_wconf 89' lang='lat' dir='ltr'><strong>dixerunt</strong></span> <span class='ocrx_word' id='word_1_127' title='bbox 608 1072 641 1099; x_wconf 88' lang='lat' dir='ltr'><strong>ad</strong></span> 
     </span>
    </p>
   </div>
   <div class='ocr_carea' id='block_1_46' title="bbox 71 1106 227 1134">
    <p class='ocr_par' dir='ltr' id='par_1_46' title="bbox 71 1106 227 1134">
     <span class='ocr_line' id='line_1_46' title="bbox 71 1106 227 1134; baseline 0.013 -2"><span class='ocrx_word' id='word_1_128' title='bbox 71 1113 143 1133; x_wconf 81' lang='lat' dir='ltr'><strong>sanna</strong></span> <span class='ocrx_word' id='word_1_129' title='bbox 156 1106 227 1134; x_wconf 82' lang='lat' dir='ltr'><strong>ﬁlius</strong></span> 
     </span>
    </p>
   </div>
   <div class='ocr_carea' id='block_1_47' title="bbox 69 1141 249 1175">
    <p class='ocr_par' dir='ltr' id='par_1_47' title="bbox 69 1141 249 1175">
     <span class='ocr_line' id='line_1_47' title="bbox 69 1141 249 1175; baseline 0.011 -7"><span class='ocrx_word' id='word_1_130' title='bbox 69 1141 151 1175; x_wconf 80' lang='lat' dir='ltr'><strong>David,</strong></span> <span class='ocrx_word' id='word_1_131' title='bbox 167 1141 249 1170; x_wconf 87' lang='lat' dir='ltr'><strong>bene-</strong></span> 
     </span>
    </p>
   </div>
   <div class='ocr_carea' id='block_1_48' title="bbox 69 1176 274 1212">
    <p class='ocr_par' dir='ltr' id='par_1_48' title="bbox 69 1176 274 1212">
     <span class='ocr_line' id='line_1_48' title="bbox 69 1176 274 1212; baseline 0.01 -8"><span class='ocrx_word' id='word_1_132' title='bbox 69 1176 155 1210; x_wconf 80' lang='lat' dir='ltr'><strong>dictus,</strong></span> <span class='ocrx_word' id='word_1_133' title='bbox 168 1177 215 1212; x_wconf 89' lang='lat' dir='ltr'><strong>qui</strong></span> <span class='ocrx_word' id='word_1_134' title='bbox 229 1185 274 1206; x_wconf 89' lang='lat' dir='ltr'><strong>ve-</strong></span> 
     </span>
    </p>
   </div>
   <div class='ocr_carea' id='block_1_49' title="bbox 69 1213 239 1241">
    <p class='ocr_par' dir='ltr' id='par_1_49' title="bbox 69 1213 239 1241">
     <span class='ocr_line' id='line_1_49' title="bbox 69 1213 239 1241; baseline 0.012 -2"><span class='ocrx_word' id='word_1_135' title='bbox 69 1213 102 1240; x_wconf 91' lang='lat' dir='ltr'><strong>nit</strong></span> <span class='ocrx_word' id='word_1_136' title='bbox 113 1213 137 1241; x_wconf 91' lang='lat' dir='ltr'><strong>in</strong></span> <span class='ocrx_word' id='word_1_137' title='bbox 151 1214 239 1241; x_wconf 89' lang='lat' dir='ltr'><strong>nomi-</strong></span> 
     </span>
    </p>
   </div>
   <div class='ocr_carea' id='block_1_50' title="bbox 69 1248 297 1283">
    <p class='ocr_par' dir='ltr' id='par_1_50' title="bbox 69 1248 297 1283">
     <span class='ocr_line' id='line_1_50' title="bbox 69 1248 297 1283; baseline 0.009 -8"><span class='ocrx_word' id='word_1_138' title='bbox 69 1255 97 1276; x_wconf 87' lang='lat' dir='ltr'><strong>ne</strong></span> <span class='ocrx_word' id='word_1_139' title='bbox 108 1248 222 1283; x_wconf 81' lang='lat' dir='ltr'><strong>Domini,</strong></span> <span class='ocrx_word' id='word_1_140' title='bbox 238 1249 297 1278; x_wconf 76' lang='lat' dir='ltr'><strong>Rex</strong></span> 
     </span>
    </p>
   </div>
   <div class='ocr_carea' id='block_1_51' title="bbox 69 1283 179 1312">
    <p class='ocr_par' dir='ltr' id='par_1_51' title="bbox 69 1283 179 1312">
     <span class='ocr_line' id='line_1_51' title="bbox 69 1283 179 1312; baseline 0.009 -1"><span class='ocrx_word' id='word_1_141' title='bbox 69 1283 179 1312; x_wconf 79' lang='lat' dir='ltr'><strong>Istrahel.</strong></span> 
     </span>
    </p>
   </div>
   <div class='ocr_carea' id='block_1_52' title="bbox 69 1320 363 1349">
    <p class='ocr_par' dir='ltr' id='par_1_52' title="bbox 69 1320 363 1349">
     <span class='ocr_line' id='line_1_52' title="bbox 69 1320 363 1349; baseline 0.007 -2"><span class='ocrx_word' id='word_1_142' title='bbox 69 1320 105 1348; x_wconf 72' lang='lat' dir='ltr'><strong>lt.</strong></span> <span class='ocrx_word' id='word_1_143' title='bbox 122 1320 155 1348; x_wconf 86' lang='lat' dir='ltr'><strong>Et</strong></span> <span class='ocrx_word' id='word_1_144' title='bbox 168 1321 273 1349; x_wconf 86' lang='lat' dir='ltr'><strong>invenit</strong></span> <span class='ocrx_word' id='word_1_145' title='bbox 283 1320 363 1349; x_wconf 84' lang='lat' dir='ltr'><strong>.Iesus</strong></span> 
     </span>
    </p>
   </div>
   <div class='ocr_carea' id='block_1_53' title="bbox 473 1107 671 1136">
    <p class='ocr_par' dir='ltr' id='par_1_53' title="bbox 473 1107 671 1136">
     <span class='ocr_line' id='line_1_53' title="bbox 473 1107 671 1136; baseline 0 -1"><span class='ocrx_word' id='word_1_146' title='bbox 473 1108 551 1135; x_wconf 88' lang='lat' dir='ltr'><strong>illos:</strong></span> <span class='ocrx_word' id='word_1_147' title='bbox 565 1107 671 1136; x_wconf 79' lang='lat' dir='ltr'><strong>Videtis</strong></span> 
     </span>
    </p>
   </div>
   <div class='ocr_carea' id='block_1_54' title="bbox 473 1143 627 1178">
    <p class='ocr_par' dir='ltr' id='par_1_54' title="bbox 473 1143 627 1178">
     <span class='ocr_line' id='line_1_54' title="bbox 473 1143 627 1178; baseline 0 -7"><span class='ocrx_word' id='word_1_148' title='bbox 473 1143 546 1178; x_wconf 91' lang='lat' dir='ltr'><strong>quod</strong></span> <span class='ocrx_word' id='word_1_149' title='bbox 560 1144 627 1171; x_wconf 90' lang='lat' dir='ltr'><strong>niliil</strong></span> 
     </span>
    </p>
   </div>
   <div class='ocr_carea' id='block_1_55' title="bbox 473 1179 773 1216">
    <p class='ocr_par' dir='ltr' id='par_1_55' title="bbox 473 1179 773 1216">
     <span class='ocr_line' id='line_1_55' title="bbox 473 1179 773 1216; baseline -0.003 -9"><span class='ocrx_word' id='word_1_150' title='bbox 473 1179 510 1216; x_wconf 78' lang='lat' dir='ltr'><strong>(li)</strong></span> <span class='ocrx_word' id='word_1_151' title='bbox 528 1179 658 1216; x_wconf 85' lang='lat' dir='ltr'><strong>prolicitis</strong></span> <span class='ocrx_word' id='word_1_152' title='bbox 670 1179 682 1205; x_wconf 90' lang='lat'><strong>?</strong></span> <span class='ocrx_word' id='word_1_153' title='bbox 697 1179 717 1214; x_wconf 66' lang='grc' dir='ltr'><strong>ἰ·</strong></span> <span class='ocrx_word' id='word_1_154' title='bbox 729 1185 773 1206; x_wconf 85' lang='lat' dir='ltr'><strong>ec-</strong></span> 
     </span>
    </p>
   </div>
   <div class='ocr_carea' id='block_1_56' title="bbox 473 1215 669 1249">
    <p class='ocr_par' dir='ltr' id='par_1_56' title="bbox 473 1215 669 1249">
     <span class='ocr_line' id='line_1_56' title="bbox 473 1215 669 1249; baseline -0.01 -6"><span class='ocrx_word' id='word_1_155' title='bbox 473 1223 504 1243; x_wconf 88' lang='lat' dir='ltr'><strong>ce</strong></span> <span class='ocrx_word' id='word_1_156' title='bbox 519 1219 579 1249; x_wconf 88' lang='lat' dir='ltr'><strong>post</strong></span> <span class='ocrx_word' id='word_1_157' title='bbox 593 1215 669 1242; x_wconf 87' lang='lat' dir='ltr'><strong>illum</strong></span> 
     </span>
    </p>
   </div>
   <div class='ocr_carea' id='block_1_57' title="bbox 473 1251 617 1279">
    <p class='ocr_par' dir='ltr' id='par_1_57' title="bbox 473 1251 617 1279">
     <span class='ocr_line' id='line_1_57' title="bbox 473 1251 617 1279; baseline 0 -1"><span class='ocrx_word' id='word_1_158' title='bbox 473 1251 617 1279; x_wconf 87' lang='lat' dir='ltr'><strong>universus</strong></span> 
     </span>
    </p>
   </div>
   <div class='ocr_carea' id='block_1_58' title="bbox 473 1286 681 1314">
    <p class='ocr_par' dir='ltr' id='par_1_58' title="bbox 473 1286 681 1314">
     <span class='ocr_line' id='line_1_58' title="bbox 473 1286 681 1314; baseline -0.01 0"><span class='ocrx_word' id='word_1_159' title='bbox 473 1286 592 1314; x_wconf 90' lang='lat' dir='ltr'><strong>mundus</strong></span> <span class='ocrx_word' id='word_1_160' title='bbox 605 1286 681 1314; x_wconf 87' lang='lat' dir='ltr'><strong>abiit.</strong></span> 
     </span>
    </p>
   </div>
   <div class='ocr_carea' id='block_1_59' title="bbox 473 1321 731 1357">
    <p class='ocr_par' dir='ltr' id='par_1_59' title="bbox 473 1321 731 1357">
     <span class='ocr_line' id='line_1_59' title="bbox 473 1321 731 1357; baseline -0.008 -7"><span class='ocrx_word' id='word_1_161' title='bbox 473 1322 520 1350; x_wconf 80' lang='lat'><strong>20.</strong></span> <span class='ocrx_word' id='word_1_162' title='bbox 535 1323 569 1350; x_wconf 87' lang='lat' dir='ltr'><strong>Et</strong></span> <span class='ocrx_word' id='word_1_163' title='bbox 583 1326 660 1349; x_wconf 89' lang='lat' dir='ltr'><strong>erant</strong></span> <span class='ocrx_word' id='word_1_164' title='bbox 669 1321 731 1357; x_wconf 93' lang='lat' dir='ltr'><strong>qui-</strong></span> 
     </span>
    </p>
   </div>
   <div class='ocr_carea' id='block_1_60' title="bbox 473 1358 648 1386">
    <p class='ocr_par' dir='ltr' id='par_1_60' title="bbox 473 1358 648 1386">
     <span class='ocr_line' id='line_1_60' title="bbox 473 1358 648 1386; baseline -0.006 0"><span class='ocrx_word' id='word_1_165' title='bbox 473 1358 536 1386; x_wconf 86' lang='lat' dir='ltr'><strong>dam</strong></span> <span class='ocrx_word' id='word_1_166' title='bbox 552 1358 648 1385; x_wconf 85' lang='lat' dir='ltr'><strong>Graeci</strong></span> 
     </span>
    </p>
   </div>
   <div class='ocr_carea' id='block_1_61' title="bbox 473 1394 696 1428">
    <p class='ocr_par' dir='ltr' id='par_1_61' title="bbox 473 1394 696 1428">
     <span class='ocr_line' id='line_1_61' title="bbox 473 1394 696 1428; baseline -0.004 -6"><span class='ocrx_word' id='word_1_167' title='bbox 473 1401 506 1422; x_wconf 81' lang='lat' dir='ltr'><strong>ex</strong></span> <span class='ocrx_word' id='word_1_168' title='bbox 521 1394 572 1427; x_wconf 84' lang='lat' dir='ltr'><strong>eis,</strong></span> <span class='ocrx_word' id='word_1_169' title='bbox 589 1394 634 1428; x_wconf 88' lang='lat' dir='ltr'><strong>qui</strong></span> <span class='ocrx_word' id='word_1_170' title='bbox 653 1400 696 1421; x_wconf 85' lang='lat' dir='ltr'><strong>as-</strong></span> 
     </span>
    </p>
   </div>
   <div class='ocr_carea' id='block_1_62' title="bbox 474 1430 624 1457">
    <p class='ocr_par' dir='ltr' id='par_1_62' title="bbox 474 1430 624 1457">
     <span class='ocr_line' id='line_1_62' title="bbox 474 1430 624 1457; baseline -0.007 0"><span class='ocrx_word' id='word_1_171' title='bbox 474 1430 624 1457; x_wconf 89' lang='lat' dir='ltr'><strong>cenderunt</strong></span> 
     </span>
    </p>
   </div>
   <div class='ocr_carea' id='block_1_63' title="bbox 68 1356 269 1390">
    <p class='ocr_par' dir='ltr' id='par_1_63' title="bbox 68 1356 269 1390">
     <span class='ocr_line' id='line_1_63' title="bbox 68 1356 269 1390; baseline 0.01 -8"><span class='ocrx_word' id='word_1_172' title='bbox 68 1356 174 1390; x_wconf 83' lang='lat' dir='ltr'><strong>asinum,</strong></span> <span class='ocrx_word' id='word_1_173' title='bbox 185 1362 213 1384; x_wconf 89' lang='lat' dir='ltr'><strong>et</strong></span> <span class='ocrx_word' id='word_1_174' title='bbox 224 1364 269 1384; x_wconf 89' lang='lat' dir='ltr'><strong>se-</strong></span> 
     </span>
    </p>
   </div>
   <div class='ocr_carea' id='block_1_64' title="bbox 67 1391 293 1434">
    <p class='ocr_par' dir='ltr' id='par_1_64' title="bbox 67 1391 293 1434">
     <span class='ocr_line' id='line_1_64' title="bbox 67 1391 293 1434; baseline 0.013 -16"><span class='ocrx_word' id='word_1_175' title='bbox 67 1391 100 1432; x_wconf 80' lang='lat' dir='ltr'><strong>dit</strong></span> <span class='ocrx_word' id='word_1_176' title='bbox 111 1400 192 1434; x_wconf 70' lang='lat' dir='ltr'><strong>super</strong></span> <span class='ocrx_word' id='word_1_177' title='bbox 203 1393 293 1426; x_wconf 90' lang='lat' dir='ltr'><strong>illum,</strong></span> 
     </span>
    </p>
   </div>
   <div class='ocr_carea' id='block_1_65' title="bbox 67 1434 364 1493">
    <p class='ocr_par' dir='ltr' id='par_1_65' title="bbox 67 1434 364 1493">
     <span class='ocr_line' id='line_1_65' title="bbox 67 1434 364 1493; baseline 0.007 -3"><span class='ocrx_word' id='word_1_178' title='bbox 67 1434 227 1492; x_wconf 44' lang='lat' dir='ltr'><strong>[Nm-ig</strong></span> <span class='ocrx_word' id='word_1_179' title='bbox 236 1468 296 1493; x_wconf 89' lang='lat' dir='ltr'><strong>est:</strong></span> <span class='ocrx_word' id='word_1_180' title='bbox 309 1463 364 1492; x_wconf 85' lang='lat' dir='ltr'><strong>No-</strong></span> 
     </span>
    </p>
   </div>
   <div class='ocr_carea' id='block_1_66' title="bbox 96 1499 220 1528">
    <p class='ocr_par' dir='ltr' id='par_1_66' title="bbox 96 1499 220 1528">
     <span class='ocr_line' id='line_1_66' title="bbox 96 1499 220 1528; baseline 0.016 -2"><span class='ocrx_word' id='word_1_181' title='bbox 96 1499 112 1526; x_wconf 88' lang='lat' dir='ltr'><strong>li</strong></span> <span class='ocrx_word' id='word_1_182' title='bbox 123 1501 220 1528; x_wconf 87' lang='lat' dir='ltr'><strong>timere</strong></span> 
     </span>
    </p>
   </div>
   <div class='ocr_carea' id='block_1_67' title="bbox 97 1535 250 1564">
    <p class='ocr_par' dir='ltr' id='par_1_67' title="bbox 97 1535 250 1564">
     <span class='ocr_line' id='line_1_67' title="bbox 97 1535 250 1564; baseline 0.013 -2"><span class='ocrx_word' id='word_1_183' title='bbox 97 1535 146 1563; x_wconf 86' lang='lat' dir='ltr'><strong>lilia</strong></span> <span class='ocrx_word' id='word_1_184' title='bbox 159 1535 226 1564; x_wconf 88' lang='lat' dir='ltr'><strong>Sion</strong></span> <span class='ocrx_word' id='word_1_185' title='bbox 243 1545 250 1564; x_wconf 73' lang='grc' dir='ltr'><strong>ε</strong></span> 
     </span>
    </p>
   </div>
   <div class='ocr_carea' id='block_1_68' title="bbox 474 1465 660 1493">
    <p class='ocr_par' dir='ltr' id='par_1_68' title="bbox 474 1465 660 1493">
     <span class='ocr_line' id='line_1_68' title="bbox 474 1465 660 1493; baseline -0.005 0"><span class='ocrx_word' id='word_1_186' title='bbox 474 1470 503 1493; x_wconf 94' lang='lat' dir='ltr'><strong>ut</strong></span> <span class='ocrx_word' id='word_1_187' title='bbox 515 1465 660 1493; x_wconf 80' lang='lat' dir='ltr'><strong>adorarent</strong></span> 
     </span>
    </p>
   </div>
   <div class='ocr_carea' id='block_1_69' title="bbox 474 1501 660 1529">
    <p class='ocr_par' dir='ltr' id='par_1_69' title="bbox 474 1501 660 1529">
     <span class='ocr_line' id='line_1_69' title="bbox 474 1501 660 1529; baseline -0.005 0"><span class='ocrx_word' id='word_1_188' title='bbox 474 1501 501 1529; x_wconf 89' lang='lat' dir='ltr'><strong>in</strong></span> <span class='ocrx_word' id='word_1_189' title='bbox 516 1502 587 1529; x_wconf 86' lang='lat' dir='ltr'><strong>dieni</strong></span> <span class='ocrx_word' id='word_1_190' title='bbox 604 1501 660 1528; x_wconf 84' lang='lat' dir='ltr'><strong>sol-</strong></span> 
     </span>
    </p>
   </div>
   <div class='ocr_carea' id='block_1_70' title="bbox 441 1535 767 1565">
    <p class='ocr_par' dir='ltr' id='par_1_70' title="bbox 441 1535 767 1565">
     <span class='ocr_line' id='line_1_70' title="bbox 441 1535 767 1565; baseline -0.003 0"><span class='ocrx_word' id='word_1_191' title='bbox 441 1549 442 1553; x_wconf 57' lang='grc' dir='ltr'>π</span> <span class='ocrx_word' id='word_1_192' title='bbox 473 1537 519 1565; x_wconf 77' lang='lat' dir='ltr'><strong>2i.</strong></span> <span class='ocrx_word' id='word_1_193' title='bbox 532 1537 659 1565; x_wconf 86' lang='lat' dir='ltr'><strong>leinnem.</strong></span> <span class='ocrx_word' id='word_1_194' title='bbox 676 1535 708 1564; x_wconf 82' lang='lat' dir='ltr'><strong>Hi</strong></span> <span class='ocrx_word' id='word_1_195' title='bbox 723 1543 767 1565; x_wconf 85' lang='lat' dir='ltr'><strong>ac-</strong></span> 
     </span>
    </p>
   </div>
   <div class='ocr_carea' id='block_1_71' title="bbox 95 1573 617 1601">
    <p class='ocr_par' dir='ltr' id='par_1_71' title="bbox 95 1573 617 1601">
     <span class='ocr_line' id='line_1_71' title="bbox 95 1573 617 1601; baseline 0.004 -3"><span class='ocrx_word' id='word_1_196' title='bbox 95 1579 155 1599; x_wconf 87' lang='lat' dir='ltr'><strong>ecce</strong></span> <span class='ocrx_word' id='word_1_197' title='bbox 167 1573 225 1600; x_wconf 77' lang='lat' dir='ltr'><strong>Rex</strong></span> <span class='ocrx_word' id='word_1_198' title='bbox 394 1581 399 1586; x_wconf 88' lang='grc'><strong>·</strong></span> <span class='ocrx_word' id='word_1_199' title='bbox 475 1578 617 1601; x_wconf 86' lang='lat' dir='ltr'><strong>cesserunt</strong></span> 
     </span>
    </p>
   </div>
   <div class='ocr_carea' id='block_1_72' title="bbox 96 1607 688 1643">
    <p class='ocr_par' dir='ltr' id='par_1_72' title="bbox 96 1607 688 1643">
     <span class='ocr_line' id='line_1_72' title="bbox 96 1607 688 1643; baseline 0.003 -10"><span class='ocrx_word' id='word_1_200' title='bbox 96 1610 152 1635; x_wconf 90' lang='lat' dir='ltr'><strong>tuus</strong></span> <span class='ocrx_word' id='word_1_201' title='bbox 168 1609 175 1624; x_wconf 88' lang='grc'>¹</span> <span class='ocrx_word' id='word_1_202' title='bbox 190 1607 266 1636; x_wconf 89' lang='lat' dir='ltr'><strong>venit</strong></span> <span class='ocrx_word' id='word_1_203' title='bbox 475 1609 508 1636; x_wconf 86' lang='lat' dir='ltr'><strong>ad</strong></span> <span class='ocrx_word' id='word_1_204' title='bbox 522 1609 688 1643; x_wconf 81' lang='lat' dir='ltr'><strong>Philippum,</strong></span> 
     </span>
    </p>
   </div>
   <div class='ocr_carea' id='block_1_73' title="bbox 95 1644 699 1679">
    <p class='ocr_par' dir='ltr' id='par_1_73' title="bbox 95 1644 699 1679">
     <span class='ocr_line' id='line_1_73' title="bbox 95 1644 699 1679; baseline 0.003 -9"><span class='ocrx_word' id='word_1_205' title='bbox 95 1650 220 1671; x_wconf 85' lang='lat' dir='ltr'><strong>mansue-</strong></span> <span class='ocrx_word' id='word_1_206' title='bbox 475 1645 520 1679; x_wconf 89' lang='lat' dir='ltr'><strong>qui</strong></span> <span class='ocrx_word' id='word_1_207' title='bbox 533 1649 590 1672; x_wconf 87' lang='lat' dir='ltr'><strong>erat</strong></span> <span class='ocrx_word' id='word_1_208' title='bbox 601 1653 614 1671; x_wconf 90' lang='lat' dir='ltr'><strong>a</strong></span> <span class='ocrx_word' id='word_1_209' title='bbox 630 1644 699 1672; x_wconf 90' lang='lat' dir='ltr'><strong>Bed-</strong></span> 
     </span>
    </p>
   </div>
   <div class='ocr_carea' id='block_1_74' title="bbox 96 1680 688 1708">
    <p class='ocr_par' dir='ltr' id='par_1_74' title="bbox 96 1680 688 1708">
     <span class='ocr_line' id='line_1_74' title="bbox 96 1680 688 1708; baseline 0.002 -2"><span class='ocrx_word' id='word_1_210' title='bbox 96 1682 133 1706; x_wconf 89' lang='lat' dir='ltr'><strong>tus</strong></span> <span class='ocrx_word' id='word_1_211' title='bbox 143 1680 247 1707; x_wconf 87' lang='lat' dir='ltr'><strong>sedens</strong></span> <span class='ocrx_word' id='word_1_212' title='bbox 475 1680 551 1708; x_wconf 82' lang='lat' dir='ltr'><strong>saida</strong></span> <span class='ocrx_word' id='word_1_213' title='bbox 565 1680 688 1708; x_wconf 84' lang='lat' dir='ltr'><strong>Galilcac</strong></span> 
     </span>
    </p>
   </div>
   <div class='ocr_carea' id='block_1_75' title="bbox 94 1715 670 1780">
    <p class='ocr_par' dir='ltr' id='par_1_75' title="bbox 94 1715 670 1780">
     <span class='ocr_line' id='line_1_75' title="bbox 95 1715 647 1751; baseline 0.004 -10"><span class='ocrx_word' id='word_1_214' title='bbox 95 1722 175 1750; x_wconf 85' lang='lat' dir='ltr'><strong>super</strong></span> <span class='ocrx_word' id='word_1_215' title='bbox 189 1715 249 1749; x_wconf 89' lang='lat' dir='ltr'><strong>pul-</strong></span> <span class='ocrx_word' id='word_1_216' title='bbox 475 1721 502 1744; x_wconf 93' lang='lat' dir='ltr'><strong>et</strong></span> <span class='ocrx_word' id='word_1_217' title='bbox 516 1716 647 1751; x_wconf 78' lang='lat' dir='ltr'><strong>rogabant</strong></span> 
     </span>
     <span class='ocr_line' id='line_1_76' title="bbox 94 1749 670 1780; baseline 0.002 -2"><span class='ocrx_word' id='word_1_218' title='bbox 94 1749 145 1778; x_wconf 91' lang='lat' dir='ltr'><strong>lum</strong></span> <span class='ocrx_word' id='word_1_219' title='bbox 154 1751 263 1778; x_wconf 82' lang='lat' dir='ltr'><strong>asinae.</strong></span> <span class='ocrx_word' id='word_1_220' title='bbox 476 1752 562 1780; x_wconf 88' lang='lat' dir='ltr'><strong>illum.</strong></span> <span class='ocrx_word' id='word_1_221' title='bbox 576 1752 670 1779; x_wconf 89' lang='lat' dir='ltr'><strong>dicen-</strong></span> 
     </span>
    </p>
   </div>
   <div class='ocr_carea' id='block_1_76' title="bbox 66 1785 744 1820">
    <p class='ocr_par' dir='ltr' id='par_1_76' title="bbox 66 1785 744 1820">
     <span class='ocr_line' id='line_1_77' title="bbox 66 1785 744 1820; baseline 0.004 -8"><span class='ocrx_word' id='word_1_222' title='bbox 66 1785 101 1812; x_wconf 84' lang='lat' dir='ltr'><strong>l6.</strong></span> <span class='ocrx_word' id='word_1_223' title='bbox 120 1786 194 1814; x_wconf 86' lang='lat' dir='ltr'><strong>Haec</strong></span> <span class='ocrx_word' id='word_1_224' title='bbox 208 1791 299 1815; x_wconf 89' lang='lat' dir='ltr'><strong>autem</strong></span> <span class='ocrx_word' id='word_1_225' title='bbox 312 1794 368 1815; x_wconf 88' lang='lat' dir='ltr'><strong>non</strong></span> <span class='ocrx_word' id='word_1_226' title='bbox 476 1793 517 1815; x_wconf 86' lang='lat' dir='ltr'><strong>tes</strong></span> <span class='ocrx_word' id='word_1_227' title='bbox 533 1797 540 1815; x_wconf 92' lang='lat'><strong>:</strong></span> <span class='ocrx_word' id='word_1_228' title='bbox 557 1787 681 1820; x_wconf 89' lang='lat' dir='ltr'><strong>Domine,</strong></span> <span class='ocrx_word' id='word_1_229' title='bbox 697 1794 744 1815; x_wconf 90' lang='lat' dir='ltr'><strong>vo-</strong></span> 
     </span>
    </p>
   </div>
   <div class='ocr_carea' id='block_1_77' title="bbox 64 1823 657 1858">
    <p class='ocr_par' dir='ltr' id='par_1_77' title="bbox 64 1823 657 1858">
     <span class='ocr_line' id='line_1_78' title="bbox 64 1823 657 1858; baseline 0 -9"><span class='ocrx_word' id='word_1_230' title='bbox 64 1827 243 1858; x_wconf 72' lang='lat' dir='ltr'><strong>cognoverunt</strong></span> <span class='ocrx_word' id='word_1_231' title='bbox 475 1824 566 1851; x_wconf 93' lang='lat' dir='ltr'><strong>Iunius</strong></span> <span class='ocrx_word' id='word_1_232' title='bbox 579 1823 635 1851; x_wconf 83' lang='lat' dir='ltr'><strong>Jes.</strong></span> <span class='ocrx_word' id='word_1_233' title='bbox 650 1844 657 1850; x_wconf 93' lang='lat'><strong>.</strong></span> 
     </span>
    </p>
   </div>
   <div class='ocr_carea' id='block_1_78' title="bbox 64 1858 736 1894">
    <p class='ocr_par' dir='ltr' id='par_1_78' title="bbox 64 1858 736 1894">
     <span class='ocr_line' id='line_1_79' title="bbox 64 1858 736 1894; baseline 0.001 -9"><span class='ocrx_word' id='word_1_234' title='bbox 64 1859 129 1894; x_wconf 81' lang='lat' dir='ltr'><strong>prius</strong></span> <span class='ocrx_word' id='word_1_235' title='bbox 137 1858 259 1894; x_wconf 81' lang='lat' dir='ltr'><strong>discipu-</strong></span> <span class='ocrx_word' id='word_1_236' title='bbox 473 1859 519 1887; x_wconf 88' lang='lat'><strong>22.</strong></span> <span class='ocrx_word' id='word_1_237' title='bbox 535 1859 637 1886; x_wconf 87' lang='lat' dir='ltr'><strong>videre.</strong></span> <span class='ocrx_word' id='word_1_238' title='bbox 656 1858 736 1886; x_wconf 89' lang='lat' dir='ltr'><strong>Venit</strong></span> 
     </span>
    </p>
   </div>
   <div class='ocr_carea' id='block_1_79' title="bbox 64 1892 723 1930">
    <p class='ocr_par' dir='ltr' id='par_1_79' title="bbox 64 1892 723 1930">
     <span class='ocr_line' id='line_1_80' title="bbox 64 1892 723 1930; baseline 0.005 -11"><span class='ocrx_word' id='word_1_239' title='bbox 64 1892 167 1930; x_wconf 81' lang='lat' dir='ltr'><strong>liejus:</strong></span> <span class='ocrx_word' id='word_1_240' title='bbox 184 1892 235 1922; x_wconf 80' lang='lat' dir='ltr'><strong>sed</strong></span> <span class='ocrx_word' id='word_1_241' title='bbox 249 1901 311 1922; x_wconf 89' lang='lat' dir='ltr'><strong>cuni</strong></span> <span class='ocrx_word' id='word_1_242' title='bbox 473 1894 625 1930; x_wconf 87' lang='lat' dir='ltr'><strong>Philippus,</strong></span> <span class='ocrx_word' id='word_1_243' title='bbox 641 1899 668 1922; x_wconf 87' lang='lat' dir='ltr'><strong>et</strong></span> <span class='ocrx_word' id='word_1_244' title='bbox 682 1894 723 1922; x_wconf 89' lang='lat' dir='ltr'><strong>di-</strong></span> 
     </span>
    </p>
   </div>
   <div class='ocr_carea' id='block_1_80' title="bbox 64 1928 666 1963">
    <p class='ocr_par' dir='ltr' id='par_1_80' title="bbox 64 1928 666 1963">
     <span class='ocr_line' id='line_1_81' title="bbox 64 1928 666 1963; baseline 0.003 -8"><span class='ocrx_word' id='word_1_245' title='bbox 64 1928 223 1963; x_wconf 76' lang='lat' dir='ltr'><strong>gloriticatus</strong></span> <span class='ocrx_word' id='word_1_246' title='bbox 474 1932 510 1958; x_wconf 89' lang='lat' dir='ltr'><strong>cit</strong></span> <span class='ocrx_word' id='word_1_247' title='bbox 523 1928 647 1958; x_wconf 78' lang='lat' dir='ltr'><strong>Aiidreae</strong></span> <span class='ocrx_word' id='word_1_248' title='bbox 660 1939 666 1957; x_wconf 91' lang='lat'>:</span> 
     </span>
    </p>
   </div>
   <div class='ocr_carea' id='block_1_81' title="bbox 64 1966 669 2000">
    <p class='ocr_par' dir='ltr' id='par_1_81' title="bbox 64 1966 669 2000">
     <span class='ocr_line' id='line_1_82' title="bbox 64 1966 669 2000; baseline 0.005 -9"><span class='ocrx_word' id='word_1_249' title='bbox 64 1970 126 1992; x_wconf 82' lang='lat' dir='ltr'><strong>esset</strong></span> <span class='ocrx_word' id='word_1_250' title='bbox 135 1966 228 2000; x_wconf 82' lang='lat' dir='ltr'><strong>Jesus,</strong></span> <span class='ocrx_word' id='word_1_251' title='bbox 243 1970 307 1994; x_wconf 92' lang='lat' dir='ltr'><strong>tunc</strong></span> <span class='ocrx_word' id='word_1_252' title='bbox 476 1967 554 1994; x_wconf 86' lang='lat' dir='ltr'><strong>Venit</strong></span> <span class='ocrx_word' id='word_1_253' title='bbox 564 1966 669 1994; x_wconf 82' lang='lat' dir='ltr'><strong>Andre-</strong></span> 
     </span>
    </p>
   </div>
   <div class='ocr_carea' id='block_1_82' title="bbox 64 2002 722 2038">
    <p class='ocr_par' dir='ltr' id='par_1_82' title="bbox 64 2002 722 2038">
     <span class='ocr_line' id='line_1_83' title="bbox 64 2002 722 2038; baseline 0.002 -9"><span class='ocrx_word' id='word_1_254' title='bbox 64 2007 222 2030; x_wconf 82' lang='lat' dir='ltr'><strong>i&#39;eniemora-</strong></span> <span class='ocrx_word' id='word_1_255' title='bbox 473 2010 514 2036; x_wconf 90' lang='lat' dir='ltr'><strong>as,</strong></span> <span class='ocrx_word' id='word_1_256' title='bbox 529 2007 557 2031; x_wconf 91' lang='lat' dir='ltr'><strong>et</strong></span> <span class='ocrx_word' id='word_1_257' title='bbox 570 2002 722 2038; x_wconf 85' lang='lat' dir='ltr'><strong>Philippus,</strong></span> 
     </span>
    </p>
   </div>
   <div class='ocr_carea' id='block_1_83' title="bbox 1645 177 1700 206">
    <p class='ocr_par' dir='ltr' id='par_1_83' title="bbox 1645 177 1700 206">
     <span class='ocr_line' id='line_1_84' title="bbox 1645 177 1700 206; baseline 0.018 -1"><span class='ocrx_word' id='word_1_258' title='bbox 1645 177 1700 206; x_wconf 69' lang='grc'><strong>442</strong></span> 
     </span>
    </p>
   </div>
   <div class='ocr_carea' id='block_1_84' title="bbox 1120 234 1483 266">
    <p class='ocr_par' dir='ltr' id='par_1_84' title="bbox 1120 234 1483 266">
     <span class='ocr_line' id='line_1_85' title="bbox 1120 234 1483 266; baseline 0.003 -2"><span class='ocrx_word' id='word_1_259' title='bbox 1120 234 1236 265; x_wconf 82' lang='lat' dir='ltr'><strong>CODEX</strong></span> <span class='ocrx_word' id='word_1_260' title='bbox 1256 235 1483 266; x_wconf 82' lang='lat' dir='ltr'><strong>VERONENSIS.</strong></span> 
     </span>
    </p>
   </div>
   <div class='ocr_carea' id='block_1_85' title="bbox 902 283 1458 319">
    <p class='ocr_par' dir='ltr' id='par_1_85' title="bbox 902 283 1458 319">
     <span class='ocr_line' id='line_1_86' title="bbox 902 283 1458 319; baseline 0 -9"><span class='ocrx_word' id='word_1_261' title='bbox 902 287 992 311; x_wconf 86' lang='lat' dir='ltr'><strong>autem</strong></span> <span class='ocrx_word' id='word_1_262' title='bbox 1007 283 1147 319; x_wconf 85' lang='lat' dir='ltr'><strong>Principes</strong></span> <span class='ocrx_word' id='word_1_263' title='bbox 1319 288 1385 312; x_wconf 88' lang='lat' dir='ltr'><strong>sunt</strong></span> <span class='ocrx_word' id='word_1_264' title='bbox 1396 284 1458 319; x_wconf 89' lang='lat' dir='ltr'><strong>quia</strong></span> 
     </span>
    </p>
   </div>
   <div class='ocr_carea' id='block_1_86' title="bbox 902 319 1478 347">
    <p class='ocr_par' dir='ltr' id='par_1_86' title="bbox 902 319 1478 347">
     <span class='ocr_line' id='line_1_87' title="bbox 902 319 1478 347; baseline 0.002 -1"><span class='ocrx_word' id='word_1_265' title='bbox 902 319 1079 347; x_wconf 81' lang='lat' dir='ltr'><strong>Sacerdotuin</strong></span> <span class='ocrx_word' id='word_1_266' title='bbox 1320 320 1387 347; x_wconf 83' lang='lat' dir='ltr'><strong>haec</strong></span> <span class='ocrx_word' id='word_1_267' title='bbox 1400 323 1478 347; x_wconf 90' lang='lat' dir='ltr'><strong>erant</strong></span> 
     </span>
    </p>
   </div>
   <div class='ocr_carea' id='block_1_87' title="bbox 903 355 1482 390">
    <p class='ocr_par' dir='ltr' id='par_1_87' title="bbox 903 355 1482 390">
     <span class='ocr_line' id='line_1_88' title="bbox 903 355 1482 390; baseline 0.003 -9"><span class='ocrx_word' id='word_1_268' title='bbox 903 360 931 381; x_wconf 91' lang='lat' dir='ltr'><strong>ut</strong></span> <span class='ocrx_word' id='word_1_269' title='bbox 943 360 969 382; x_wconf 85' lang='lat' dir='ltr'><strong>et</strong></span> <span class='ocrx_word' id='word_1_270' title='bbox 982 355 1112 382; x_wconf 66' lang='lat' dir='ltr'><strong>Lazarum</strong></span> <span class='ocrx_word' id='word_1_271' title='bbox 1319 356 1437 390; x_wconf 84' lang='lat' dir='ltr'><strong>scripta:</strong></span> <span class='ocrx_word' id='word_1_272' title='bbox 1453 360 1482 383; x_wconf 90' lang='lat' dir='ltr'><strong>et</strong></span> 
     </span>
    </p>
   </div>
   <div class='ocr_carea' id='block_1_88' title="bbox 904 390 1572 419">
    <p class='ocr_par' dir='ltr' id='par_1_88' title="bbox 904 390 1572 419">
     <span class='ocr_line' id='line_1_89' title="bbox 904 390 1572 419; baseline 0 -2"><span class='ocrx_word' id='word_1_273' title='bbox 904 391 1086 418; x_wconf 76' lang='lat' dir='ltr'><strong>interﬁcerent</strong></span> <span class='ocrx_word' id='word_1_274' title='bbox 1100 400 1105 417; x_wconf 95' lang='lat'>:</span> <span class='ocrx_word' id='word_1_275' title='bbox 1321 391 1387 419; x_wconf 89' lang='lat' dir='ltr'><strong>haec</strong></span> <span class='ocrx_word' id='word_1_276' title='bbox 1400 392 1521 419; x_wconf 80' lang='lat' dir='ltr'><strong>fecerunt</strong></span> <span class='ocrx_word' id='word_1_277' title='bbox 1537 390 1572 418; x_wconf 91' lang='lat' dir='ltr'><strong>ei.</strong></span> 
     </span>
    </p>
   </div>
   <div class='ocr_carea' id='block_1_89' title="bbox 904 426 1573 460">
    <p class='ocr_par' dir='ltr' id='par_1_89' title="bbox 904 426 1573 460">
     <span class='ocr_line' id='line_1_90' title="bbox 904 426 1573 460; baseline 0.001 -7"><span class='ocrx_word' id='word_1_278' title='bbox 904 427 947 453; x_wconf 82' lang='grc' dir='ltr'><strong>Η.</strong></span> <span class='ocrx_word' id='word_1_279' title='bbox 965 427 1024 460; x_wconf 81' lang='lat' dir='ltr'><strong>quin</strong></span> <span class='ocrx_word' id='word_1_280' title='bbox 1042 427 1116 454; x_wconf 87' lang='lat' dir='ltr'><strong>tntilli</strong></span> <span class='ocrx_word' id='word_1_281' title='bbox 1321 427 1365 454; x_wconf 77' lang='grc'><strong>17.</strong></span> <span class='ocrx_word' id='word_1_282' title='bbox 1377 426 1573 454; x_wconf 82' lang='lat' dir='ltr'><strong>Testimonium</strong></span> 
     </span>
    </p>
   </div>
   <div class='ocr_carea' id='block_1_90' title="bbox 904 462 1526 498">
    <p class='ocr_par' dir='ltr' id='par_1_90' title="bbox 904 462 1526 498">
     <span class='ocr_line' id='line_1_91' title="bbox 904 462 1526 498; baseline 0.003 -9"><span class='ocrx_word' id='word_1_283' title='bbox 904 468 1014 497; x_wconf 58' lang='lat' dir='ltr'><strong>propter</strong></span> <span class='ocrx_word' id='word_1_284' title='bbox 1031 463 1105 489; x_wconf 89' lang='lat' dir='ltr'><strong>illum</strong></span> <span class='ocrx_word' id='word_1_285' title='bbox 1320 471 1386 497; x_wconf 82' lang='lat' dir='ltr'><strong>ergo</strong></span> <span class='ocrx_word' id='word_1_286' title='bbox 1402 462 1526 498; x_wconf 80' lang='lat' dir='ltr'><strong>perhibe-</strong></span> 
     </span>
    </p>
   </div>
   <div class='ocr_carea' id='block_1_91' title="bbox 903 498 1470 533">
    <p class='ocr_par' dir='ltr' id='par_1_91' title="bbox 903 498 1470 533">
     <span class='ocr_line' id='line_1_92' title="bbox 903 498 1470 533; baseline 0.002 -9"><span class='ocrx_word' id='word_1_287' title='bbox 903 498 1012 525; x_wconf 77' lang='lat' dir='ltr'><strong>abilizint</strong></span> <span class='ocrx_word' id='word_1_288' title='bbox 1026 498 1062 533; x_wconf 78' lang='grc' dir='ltr'><strong>(τι)</strong></span> <span class='ocrx_word' id='word_1_289' title='bbox 1077 499 1123 526; x_wconf 81' lang='lat' dir='ltr'><strong>Ju-</strong></span> <span class='ocrx_word' id='word_1_290' title='bbox 1320 498 1366 526; x_wconf 86' lang='lat' dir='ltr'><strong>bat</strong></span> <span class='ocrx_word' id='word_1_291' title='bbox 1379 499 1470 531; x_wconf 84' lang='lat' dir='ltr'><strong>turba,</strong></span> 
     </span>
    </p>
   </div>
   <div class='ocr_carea' id='block_1_92' title="bbox 904 535 1459 570">
    <p class='ocr_par' dir='ltr' id='par_1_92' title="bbox 904 535 1459 570">
     <span class='ocr_line' id='line_1_93' title="bbox 904 535 1459 570; baseline 0.005 -11"><span class='ocrx_word' id='word_1_292' title='bbox 904 535 1032 561; x_wconf 79' lang='lat' dir='ltr'><strong>daooruin</strong></span> <span class='ocrx_word' id='word_1_293' title='bbox 1048 535 1076 569; x_wconf 57' lang='grc' dir='ltr'><strong>-ξ,</strong></span> <span class='ocrx_word' id='word_1_294' title='bbox 1244 536 1247 537; x_wconf 67' lang='grc'><strong><em>⁷</em></strong></span> <span class='ocrx_word' id='word_1_295' title='bbox 1320 542 1389 570; x_wconf 92' lang='lat' dir='ltr'><strong>quae</strong></span> <span class='ocrx_word' id='word_1_296' title='bbox 1401 539 1459 562; x_wconf 89' lang='lat' dir='ltr'><strong>erat</strong></span> 
     </span>
    </p>
   </div>
   <div class='ocr_carea' id='block_1_93' title="bbox 904 570 1497 605">
    <p class='ocr_par' dir='ltr' id='par_1_93' title="bbox 904 570 1497 605">
     <span class='ocr_line' id='line_1_94' title="bbox 904 570 1497 605; baseline 0.002 -9"><span class='ocrx_word' id='word_1_297' title='bbox 904 573 931 596; x_wconf 89' lang='lat' dir='ltr'><strong>et</strong></span> <span class='ocrx_word' id='word_1_298' title='bbox 944 570 1091 597; x_wconf 79' lang='lat' dir='ltr'><strong>credebant</strong></span> <span class='ocrx_word' id='word_1_299' title='bbox 1320 577 1381 598; x_wconf 92' lang='lat' dir='ltr'><strong>cum</strong></span> <span class='ocrx_word' id='word_1_300' title='bbox 1392 577 1425 598; x_wconf 91' lang='lat' dir='ltr'><strong>eo</strong></span> <span class='ocrx_word' id='word_1_301' title='bbox 1436 570 1497 605; x_wconf 88' lang='lat' dir='ltr'><strong>quia</strong></span> 
     </span>
    </p>
   </div>
   <div class='ocr_carea' id='block_1_94' title="bbox 905 605 1511 634">
    <p class='ocr_par' dir='ltr' id='par_1_94' title="bbox 905 605 1511 634">
     <span class='ocr_line' id='line_1_95' title="bbox 905 605 1511 634; baseline 0.002 -2"><span class='ocrx_word' id='word_1_302' title='bbox 905 605 931 632; x_wconf 93' lang='lat' dir='ltr'><strong>in</strong></span> <span class='ocrx_word' id='word_1_303' title='bbox 946 606 1047 633; x_wconf 78' lang='lat' dir='ltr'><strong>Jesuin.</strong></span> <span class='ocrx_word' id='word_1_304' title='bbox 1320 605 1450 634; x_wconf 89' lang='lat' dir='ltr'><strong>Lazarum</strong></span> <span class='ocrx_word' id='word_1_305' title='bbox 1464 613 1511 633; x_wconf 88' lang='lat' dir='ltr'><strong>vo-</strong></span> 
     </span>
    </p>
   </div>
   <div class='ocr_carea' id='block_1_95' title="bbox 1321 641 1509 670">
    <p class='ocr_par' dir='ltr' id='par_1_95' title="bbox 1321 641 1509 670">
     <span class='ocr_line' id='line_1_96' title="bbox 1321 641 1509 670; baseline -0.005 0"><span class='ocrx_word' id='word_1_306' title='bbox 1321 643 1392 670; x_wconf 88' lang='lat' dir='ltr'><strong>cavit</strong></span> <span class='ocrx_word' id='word_1_307' title='bbox 1404 641 1438 670; x_wconf 92' lang='lat' dir='ltr'><strong>de</strong></span> <span class='ocrx_word' id='word_1_308' title='bbox 1450 649 1509 669; x_wconf 88' lang='lat' dir='ltr'><strong>mo-</strong></span> 
     </span>
    </p>
   </div>
   <div class='ocr_carea' id='block_1_96' title="bbox 1322 682 1505 711">
    <p class='ocr_par' dir='ltr' id='par_1_96' title="bbox 1322 682 1505 711">
     <span class='ocr_line' id='line_1_97' title="bbox 1322 682 1505 711; baseline -0.005 -6"><span class='ocrx_word' id='word_1_309' title='bbox 1322 683 1463 711; x_wconf 74' lang='lat' dir='ltr'><strong>numento,</strong></span> <span class='ocrx_word' id='word_1_310' title='bbox 1479 682 1505 704; x_wconf 89' lang='lat' dir='ltr'><strong>ct</strong></span> 
     </span>
    </p>
   </div>
   <div class='ocr_carea' id='block_1_97' title="bbox 1321 713 1538 741">
    <p class='ocr_par' dir='ltr' id='par_1_97' title="bbox 1321 713 1538 741">
     <span class='ocr_line' id='line_1_98' title="bbox 1321 713 1538 741; baseline 0 0"><span class='ocrx_word' id='word_1_311' title='bbox 1321 713 1462 741; x_wconf 86' lang='lat' dir='ltr'><strong>suscitavit</strong></span> <span class='ocrx_word' id='word_1_312' title='bbox 1474 720 1538 741; x_wconf 89' lang='lat' dir='ltr'><strong>eum</strong></span> 
     </span>
    </p>
   </div>
   <div class='ocr_carea' id='block_1_98' title="bbox 1322 749 1472 776">
    <p class='ocr_par' dir='ltr' id='par_1_98' title="bbox 1322 749 1472 776">
     <span class='ocr_line' id='line_1_99' title="bbox 1322 749 1472 776; baseline 0 0"><span class='ocrx_word' id='word_1_313' title='bbox 1322 756 1336 776; x_wconf 89' lang='lat' dir='ltr'><strong>a</strong></span> <span class='ocrx_word' id='word_1_314' title='bbox 1349 749 1472 776; x_wconf 84' lang='lat' dir='ltr'><strong>mortuis.</strong></span> 
     </span>
    </p>
   </div>
   <div class='ocr_carea' id='block_1_99' title="bbox 1322 783 1590 826">
    <p class='ocr_par' dir='ltr' id='par_1_99' title="bbox 1322 783 1590 826">
     <span class='ocr_line' id='line_1_100' title="bbox 1322 783 1590 826; baseline 0 -14"><span class='ocrx_word' id='word_1_315' title='bbox 1322 785 1365 826; x_wconf 67' lang='grc' dir='ltr'><strong>ίβ.</strong></span> <span class='ocrx_word' id='word_1_316' title='bbox 1383 784 1530 826; x_wconf 73' lang='lat' dir='ltr'><strong>Propterea</strong></span> <span class='ocrx_word' id='word_1_317' title='bbox 1542 783 1590 812; x_wconf 93' lang='lat' dir='ltr'><strong>ob-</strong></span> 
     </span>
    </p>
   </div>
   <div class='ocr_carea' id='block_1_100' title="bbox 1321 820 1521 849">
    <p class='ocr_par' dir='ltr' id='par_1_100' title="bbox 1321 820 1521 849">
     <span class='ocr_line' id='line_1_101' title="bbox 1321 820 1521 849; baseline 0 -1"><span class='ocrx_word' id='word_1_318' title='bbox 1321 820 1393 848; x_wconf 87' lang='lat' dir='ltr'><strong>viam</strong></span> <span class='ocrx_word' id='word_1_319' title='bbox 1407 821 1432 849; x_wconf 91' lang='lat' dir='ltr'><strong>ci</strong></span> <span class='ocrx_word' id='word_1_320' title='bbox 1446 820 1521 848; x_wconf 88' lang='lat' dir='ltr'><strong>venit</strong></span> 
     </span>
    </p>
   </div>
   <div class='ocr_carea' id='block_1_101' title="bbox 1322 857 1500 891">
    <p class='ocr_par' dir='ltr' id='par_1_101' title="bbox 1322 857 1500 891">
     <span class='ocr_line' id='line_1_102' title="bbox 1322 857 1500 891; baseline 0 -7"><span class='ocrx_word' id='word_1_321' title='bbox 1322 857 1400 885; x_wconf 88' lang='lat' dir='ltr'><strong>turba</strong></span> <span class='ocrx_word' id='word_1_322' title='bbox 1414 865 1421 883; x_wconf 87' lang='lat'><strong>:</strong></span> <span class='ocrx_word' id='word_1_323' title='bbox 1433 863 1500 891; x_wconf 92' lang='lat' dir='ltr'><strong>quo—</strong></span> 
     </span>
    </p>
   </div>
   <div class='ocr_carea' id='block_1_102' title="bbox 1323 892 1505 920">
    <p class='ocr_par' dir='ltr' id='par_1_102' title="bbox 1323 892 1505 920">
     <span class='ocr_line' id='line_1_103' title="bbox 1323 892 1505 920; baseline 0 0"><span class='ocrx_word' id='word_1_324' title='bbox 1323 893 1395 920; x_wconf 90' lang='lat' dir='ltr'><strong>niam</strong></span> <span class='ocrx_word' id='word_1_325' title='bbox 1412 892 1505 920; x_wconf 87' lang='lat' dir='ltr'><strong>audie-</strong></span> 
     </span>
    </p>
   </div>
   <div class='ocr_carea' id='block_1_103' title="bbox 1322 928 1461 963">
    <p class='ocr_par' dir='ltr' id='par_1_103' title="bbox 1322 928 1461 963">
     <span class='ocr_line' id='line_1_104' title="bbox 1322 928 1461 963; baseline -0.007 -7"><span class='ocrx_word' id='word_1_326' title='bbox 1322 934 1386 956; x_wconf 89' lang='lat' dir='ltr'><strong>runt</strong></span> <span class='ocrx_word' id='word_1_327' title='bbox 1398 928 1461 963; x_wconf 83' lang='lat' dir='ltr'><strong>quia</strong></span> 
     </span>
    </p>
   </div>
   <div class='ocr_carea' id='block_1_104' title="bbox 1323 963 1452 992">
    <p class='ocr_par' dir='ltr' id='par_1_104' title="bbox 1323 963 1452 992">
     <span class='ocr_line' id='line_1_105' title="bbox 1323 963 1452 992; baseline 0 0"><span class='ocrx_word' id='word_1_328' title='bbox 1323 964 1375 992; x_wconf 91' lang='lat' dir='ltr'><strong>hoc</strong></span> <span class='ocrx_word' id='word_1_329' title='bbox 1389 963 1452 992; x_wconf 81' lang='lat' dir='ltr'><strong>fecit</strong></span> 
     </span>
    </p>
   </div>
   <div class='ocr_carea' id='block_1_105' title="bbox 1323 1000 1440 1035">
    <p class='ocr_par' dir='ltr' id='par_1_105' title="bbox 1323 1000 1440 1035">
     <span class='ocr_line' id='line_1_106' title="bbox 1323 1000 1440 1035; baseline 0 -8"><span class='ocrx_word' id='word_1_330' title='bbox 1323 1000 1440 1035; x_wconf 77' lang='lat' dir='ltr'><strong>signum.</strong></span> 
     </span>
    </p>
   </div>
   <div class='ocr_carea' id='block_1_106' title="bbox 1325 1035 1580 1064">
    <p class='ocr_par' dir='ltr' id='par_1_106' title="bbox 1325 1035 1580 1064">
     <span class='ocr_line' id='line_1_107' title="bbox 1325 1035 1580 1064; baseline 0 -1"><span class='ocrx_word' id='word_1_331' title='bbox 1325 1036 1368 1064; x_wconf 81' lang='grc'><strong>19.</strong></span> <span class='ocrx_word' id='word_1_332' title='bbox 1385 1035 1524 1063; x_wconf 86' lang='lat' dir='ltr'><strong>Pharisaei</strong></span> <span class='ocrx_word' id='word_1_333' title='bbox 1537 1043 1580 1063; x_wconf 88' lang='lat' dir='ltr'><strong>er—</strong></span> 
     </span>
    </p>
   </div>
   <div class='ocr_carea' id='block_1_107' title="bbox 1324 1071 1501 1107">
    <p class='ocr_par' dir='ltr' id='par_1_107' title="bbox 1324 1071 1501 1107">
     <span class='ocr_line' id='line_1_108' title="bbox 1324 1071 1501 1107; baseline 0 -8"><span class='ocrx_word' id='word_1_334' title='bbox 1324 1079 1359 1107; x_wconf 77' lang='lat' dir='ltr'><strong>go</strong></span> <span class='ocrx_word' id='word_1_335' title='bbox 1373 1071 1501 1099; x_wconf 86' lang='lat' dir='ltr'><strong>dixerunt</strong></span> 
     </span>
    </p>
   </div>
   <div class='ocr_carea' id='block_1_108' title="bbox 1324 1107 1550 1142">
    <p class='ocr_par' dir='ltr' id='par_1_108' title="bbox 1324 1107 1550 1142">
     <span class='ocr_line' id='line_1_109' title="bbox 1324 1107 1550 1142; baseline -0.004 -7"><span class='ocrx_word' id='word_1_336' title='bbox 1324 1107 1358 1135; x_wconf 92' lang='lat' dir='ltr'><strong>ad</strong></span> <span class='ocrx_word' id='word_1_337' title='bbox 1371 1108 1532 1142; x_wconf 88' lang='lat' dir='ltr'><strong>semetipsos</strong></span> <span class='ocrx_word' id='word_1_338' title='bbox 1544 1115 1550 1134; x_wconf 90' lang='lat'>:</span> 
     </span>
    </p>
   </div>
   <div class='ocr_carea' id='block_1_109' title="bbox 1326 1143 1506 1178">
    <p class='ocr_par' dir='ltr' id='par_1_109' title="bbox 1326 1143 1506 1178">
     <span class='ocr_line' id='line_1_110' title="bbox 1326 1143 1506 1178; baseline 0 -8"><span class='ocrx_word' id='word_1_339' title='bbox 1326 1143 1431 1171; x_wconf 82' lang='lat' dir='ltr'><strong>Videtis</strong></span> <span class='ocrx_word' id='word_1_340' title='bbox 1443 1143 1506 1178; x_wconf 88' lang='lat' dir='ltr'><strong>quia</strong></span> 
     </span>
    </p>
   </div>
   <div class='ocr_carea' id='block_1_110' title="bbox 1325 1178 1552 1215">
    <p class='ocr_par' dir='ltr' id='par_1_110' title="bbox 1325 1178 1552 1215">
     <span class='ocr_line' id='line_1_111' title="bbox 1325 1178 1552 1215; baseline 0.009 -8"><span class='ocrx_word' id='word_1_341' title='bbox 1325 1187 1379 1207; x_wconf 91' lang='lat' dir='ltr'><strong>non</strong></span> <span class='ocrx_word' id='word_1_342' title='bbox 1395 1179 1430 1215; x_wconf 85' lang='lat' dir='ltr'><strong>(b)</strong></span> <span class='ocrx_word' id='word_1_343' title='bbox 1443 1178 1552 1213; x_wconf 86' lang='lat' dir='ltr'><strong>prode-_</strong></span> 
     </span>
    </p>
   </div>
   <div class='ocr_carea' id='block_1_111' title="bbox 1326 1215 1505 1251">
    <p class='ocr_par' dir='ltr' id='par_1_111' title="bbox 1326 1215 1505 1251">
     <span class='ocr_line' id='line_1_112' title="bbox 1326 1215 1505 1251; baseline 0 -9"><span class='ocrx_word' id='word_1_344' title='bbox 1326 1215 1417 1251; x_wconf 42' lang='lat' dir='ltr'><strong>estis?</strong></span> <span class='ocrx_word' id='word_1_345' title='bbox 1429 1215 1505 1250; x_wconf 93' lang='lat' dir='ltr'><strong>quic—</strong></span> 
     </span>
    </p>
   </div>
   <div class='ocr_carea' id='block_1_112' title="bbox 1325 1250 1510 1286">
    <p class='ocr_par' dir='ltr' id='par_1_112' title="bbox 1325 1250 1510 1286">
     <span class='ocr_line' id='line_1_113' title="bbox 1325 1250 1510 1286; baseline 0 -8"><span class='ocrx_word' id='word_1_346' title='bbox 1325 1259 1406 1286; x_wconf 86' lang='lat' dir='ltr'><strong>quam</strong></span> <span class='ocrx_word' id='word_1_347' title='bbox 1418 1250 1430 1278; x_wconf 66' lang='grc' dir='ltr'><strong>ἲ</strong></span> <span class='ocrx_word' id='word_1_348' title='bbox 1445 1257 1510 1278; x_wconf 87' lang='lat' dir='ltr'><strong>ecce</strong></span> 
     </span>
    </p>
   </div>
   <div class='ocr_carea' id='block_1_113' title="bbox 1326 1285 1547 1314">
    <p class='ocr_par' dir='ltr' id='par_1_113' title="bbox 1326 1285 1547 1314">
     <span class='ocr_line' id='line_1_114' title="bbox 1326 1285 1547 1314; baseline 0 0"><span class='ocrx_word' id='word_1_349' title='bbox 1326 1285 1415 1314; x_wconf 83' lang='lat' dir='ltr'><strong>(ininis</strong></span> <span class='ocrx_word' id='word_1_350' title='bbox 1431 1285 1547 1314; x_wconf 85' lang='lat' dir='ltr'><strong>inundus</strong></span> 
     </span>
    </p>
   </div>
   <div class='ocr_carea' id='block_1_114' title="bbox 1325 1327 1461 1357">
    <p class='ocr_par' dir='ltr' id='par_1_114' title="bbox 1325 1327 1461 1357">
     <span class='ocr_line' id='line_1_115' title="bbox 1325 1327 1461 1357; baseline 0.022 -10"><span class='ocrx_word' id='word_1_351' title='bbox 1325 1327 1387 1357; x_wconf 80' lang='lat' dir='ltr'><strong>post</strong></span> <span class='ocrx_word' id='word_1_352' title='bbox 1399 1329 1461 1350; x_wconf 86' lang='lat' dir='ltr'><strong>eum</strong></span> 
     </span>
    </p>
   </div>
   <div class='ocr_carea' id='block_1_115' title="bbox 1325 1355 1707 1389">
    <p class='ocr_par' dir='ltr' id='par_1_115' title="bbox 1325 1355 1707 1389">
     <span class='ocr_line' id='line_1_116' title="bbox 1325 1355 1707 1389; baseline -0.003 -4"><span class='ocrx_word' id='word_1_353' title='bbox 1325 1355 1371 1386; x_wconf 67' lang='lat'><strong>&#39;20.</strong></span> <span class='ocrx_word' id='word_1_354' title='bbox 1380 1358 1454 1386; x_wconf 82' lang='lat' dir='ltr'><strong>abiit.</strong></span> <span class='ocrx_word' id='word_1_355' title='bbox 1473 1360 1502 1389; x_wconf 54' lang='grc' dir='ltr'><em>ἧς</em></span> <span class='ocrx_word' id='word_1_356' title='bbox 1518 1355 1707 1385; x_wconf 89' lang='lat' dir='ltr'><strong>ErantGraeci</strong></span> 
     </span>
    </p>
   </div>
   <div class='ocr_carea' id='block_1_116' title="bbox 1324 1393 1653 1429">
    <p class='ocr_par' dir='ltr' id='par_1_116' title="bbox 1324 1393 1653 1429">
     <span class='ocr_line' id='line_1_117' title="bbox 1324 1393 1653 1429; baseline -0.003 -8"><span class='ocrx_word' id='word_1_357' title='bbox 1324 1394 1432 1429; x_wconf 88' lang='lat' dir='ltr'><strong>quidam</strong></span> <span class='ocrx_word' id='word_1_358' title='bbox 1452 1396 1481 1425; x_wconf 58' lang='grc' dir='ltr'><strong>ᾖ(</strong></span> <span class='ocrx_word' id='word_1_359' title='bbox 1496 1402 1528 1421; x_wconf 87' lang='lat' dir='ltr'><strong>ex</strong></span> <span class='ocrx_word' id='word_1_360' title='bbox 1543 1393 1596 1426; x_wconf 87' lang='lat' dir='ltr'><strong>bis,</strong></span> <span class='ocrx_word' id='word_1_361' title='bbox 1608 1393 1653 1429; x_wconf 91' lang='lat' dir='ltr'><strong>qui</strong></span> 
     </span>
    </p>
   </div>
   <div class='ocr_carea' id='block_1_117' title="bbox 1325 1429 1504 1457">
    <p class='ocr_par' dir='ltr' id='par_1_117' title="bbox 1325 1429 1504 1457">
     <span class='ocr_line' id='line_1_118' title="bbox 1325 1429 1504 1457; baseline -0.006 0"><span class='ocrx_word' id='word_1_362' title='bbox 1325 1429 1504 1457; x_wconf 85' lang='lat' dir='ltr'><strong>ascenderant</strong></span> 
     </span>
    </p>
   </div>
   <div class='ocr_carea' id='block_1_118' title="bbox 1326 1465 1516 1493">
    <p class='ocr_par' dir='ltr' id='par_1_118' title="bbox 1326 1465 1516 1493">
     <span class='ocr_line' id='line_1_119' title="bbox 1326 1465 1516 1493; baseline -0.005 0"><span class='ocrx_word' id='word_1_363' title='bbox 1326 1470 1355 1493; x_wconf 91' lang='lat' dir='ltr'><strong>ut</strong></span> <span class='ocrx_word' id='word_1_364' title='bbox 1370 1465 1516 1493; x_wconf 85' lang='lat' dir='ltr'><strong>adorarent</strong></span> 
     </span>
    </p>
   </div>
   <div class='ocr_carea' id='block_1_119' title="bbox 1327 1500 1506 1528">
    <p class='ocr_par' dir='ltr' id='par_1_119' title="bbox 1327 1500 1506 1528">
     <span class='ocr_line' id='line_1_120' title="bbox 1327 1500 1506 1528; baseline 0.006 -1"><span class='ocrx_word' id='word_1_365' title='bbox 1327 1501 1353 1527; x_wconf 93' lang='lat' dir='ltr'><strong>in</strong></span> <span class='ocrx_word' id='word_1_366' title='bbox 1369 1501 1413 1528; x_wconf 91' lang='lat' dir='ltr'><strong>die</strong></span> <span class='ocrx_word' id='word_1_367' title='bbox 1427 1500 1506 1528; x_wconf 80' lang='lat' dir='ltr'><strong>festo.</strong></span> 
     </span>
    </p>
   </div>
   <div class='ocr_carea' id='block_1_120' title="bbox 1325 1536 1551 1572">
    <p class='ocr_par' dir='ltr' id='par_1_120' title="bbox 1325 1536 1551 1572">
     <span class='ocr_line' id='line_1_121' title="bbox 1325 1536 1551 1572; baseline 0 -8"><span class='ocrx_word' id='word_1_368' title='bbox 1325 1536 1370 1564; x_wconf 74' lang='lat'><strong>21.</strong></span> <span class='ocrx_word' id='word_1_369' title='bbox 1386 1536 1417 1564; x_wconf 86' lang='lat' dir='ltr'><strong>Hi</strong></span> <span class='ocrx_word' id='word_1_370' title='bbox 1432 1544 1496 1572; x_wconf 75' lang='lat' dir='ltr'><strong>ergo</strong></span> <span class='ocrx_word' id='word_1_371' title='bbox 1505 1543 1551 1564; x_wconf 85' lang='lat' dir='ltr'><strong>ac-</strong></span> 
     </span>
    </p>
   </div>
   <div class='ocr_carea' id='block_1_121' title="bbox 1325 1572 1510 1600">
    <p class='ocr_par' dir='ltr' id='par_1_121' title="bbox 1325 1572 1510 1600">
     <span class='ocr_line' id='line_1_122' title="bbox 1325 1572 1510 1600; baseline 0 -1"><span class='ocrx_word' id='word_1_372' title='bbox 1325 1576 1466 1600; x_wconf 79' lang='lat' dir='ltr'><strong>cesserunt</strong></span> <span class='ocrx_word' id='word_1_373' title='bbox 1476 1572 1510 1599; x_wconf 88' lang='lat' dir='ltr'><strong>ad</strong></span> 
     </span>
    </p>
   </div>
   <div class='ocr_carea' id='block_1_122' title="bbox 1326 1607 1548 1643">
    <p class='ocr_par' dir='ltr' id='par_1_122' title="bbox 1326 1607 1548 1643">
     <span class='ocr_line' id='line_1_123' title="bbox 1326 1607 1548 1643; baseline 0 -8"><span class='ocrx_word' id='word_1_374' title='bbox 1326 1607 1491 1643; x_wconf 81' lang='lat' dir='ltr'><strong>Philippum.</strong></span> <span class='ocrx_word' id='word_1_375' title='bbox 1502 1608 1548 1643; x_wconf 89' lang='lat' dir='ltr'><strong>qui</strong></span> 
     </span>
    </p>
   </div>
   <div class='ocr_carea' id='block_1_123' title="bbox 1324 1644 1529 1671">
    <p class='ocr_par' dir='ltr' id='par_1_123' title="bbox 1324 1644 1529 1671">
     <span class='ocr_line' id='line_1_124' title="bbox 1324 1644 1529 1671; baseline -0.005 0"><span class='ocrx_word' id='word_1_376' title='bbox 1324 1648 1384 1671; x_wconf 85' lang='lat' dir='ltr'><strong>erat</strong></span> <span class='ocrx_word' id='word_1_377' title='bbox 1397 1651 1410 1669; x_wconf 92' lang='lat' dir='ltr'><strong>a</strong></span> <span class='ocrx_word' id='word_1_378' title='bbox 1423 1644 1529 1671; x_wconf 87' lang='lat' dir='ltr'><strong>Betsai-</strong></span> 
     </span>
    </p>
   </div>
   <div class='ocr_carea' id='block_1_124' title="bbox 1324 1679 1520 1711">
    <p class='ocr_par' dir='ltr' id='par_1_124' title="bbox 1324 1679 1520 1711">
     <span class='ocr_line' id='line_1_125' title="bbox 1324 1679 1520 1711; baseline 0.005 -5"><span class='ocrx_word' id='word_1_379' title='bbox 1324 1679 1358 1706; x_wconf 87' lang='lat' dir='ltr'><strong>da</strong></span> <span class='ocrx_word' id='word_1_380' title='bbox 1373 1679 1520 1711; x_wconf 84' lang='lat' dir='ltr'><strong>Galilaeae.</strong></span> 
     </span>
    </p>
   </div>
   <div class='ocr_carea' id='block_1_125' title="bbox 1325 1715 1502 1751">
    <p class='ocr_par' dir='ltr' id='par_1_125' title="bbox 1325 1715 1502 1751">
     <span class='ocr_line' id='line_1_126' title="bbox 1325 1715 1502 1751; baseline -0.011 -8"><span class='ocrx_word' id='word_1_381' title='bbox 1325 1720 1352 1743; x_wconf 92' lang='lat' dir='ltr'><strong>et</strong></span> <span class='ocrx_word' id='word_1_382' title='bbox 1371 1715 1502 1751; x_wconf 66' lang='lat' dir='ltr'><strong>rogabant</strong></span> 
     </span>
    </p>
   </div>
   <div class='ocr_carea' id='block_1_126' title="bbox 1326 1751 1556 1783">
    <p class='ocr_par' dir='ltr' id='par_1_126' title="bbox 1326 1751 1556 1783">
     <span class='ocr_line' id='line_1_127' title="bbox 1326 1751 1556 1783; baseline -0.004 -5"><span class='ocrx_word' id='word_1_383' title='bbox 1326 1758 1400 1783; x_wconf 85' lang='lat' dir='ltr'><strong>eum,</strong></span> <span class='ocrx_word' id='word_1_384' title='bbox 1414 1751 1536 1778; x_wconf 87' lang='lat' dir='ltr'><strong>dicentes</strong></span> <span class='ocrx_word' id='word_1_385' title='bbox 1549 1759 1556 1777; x_wconf 88' lang='lat'><strong>:</strong></span> 
     </span>
    </p>
   </div>
   <div class='ocr_carea' id='block_1_127' title="bbox 1328 1786 1594 1818">
    <p class='ocr_par' dir='ltr' id='par_1_127' title="bbox 1328 1786 1594 1818">
     <span class='ocr_line' id='line_1_128' title="bbox 1328 1786 1594 1818; baseline 0 -5"><span class='ocrx_word' id='word_1_386' title='bbox 1328 1787 1453 1818; x_wconf 87' lang='lat' dir='ltr'><strong>Domine,</strong></span> <span class='ocrx_word' id='word_1_387' title='bbox 1469 1786 1594 1814; x_wconf 86' lang='lat' dir='ltr'><strong>volumus</strong></span> 
     </span>
    </p>
   </div>
   <div class='ocr_carea' id='block_1_128' title="bbox 1327 1821 1539 1850">
    <p class='ocr_par' dir='ltr' id='par_1_128' title="bbox 1327 1821 1539 1850">
     <span class='ocr_line' id='line_1_129' title="bbox 1327 1821 1539 1850; baseline -0.014 0"><span class='ocrx_word' id='word_1_388' title='bbox 1327 1821 1420 1850; x_wconf 82' lang='lat' dir='ltr'><strong>Jesuin</strong></span> <span class='ocrx_word' id='word_1_389' title='bbox 1437 1822 1539 1850; x_wconf 88' lang='lat' dir='ltr'><strong>videre.</strong></span> 
     </span>
    </p>
   </div>
   <div class='ocr_carea' id='block_1_129' title="bbox 1324 1856 1635 1893">
    <p class='ocr_par' dir='ltr' id='par_1_129' title="bbox 1324 1856 1635 1893">
     <span class='ocr_line' id='line_1_130' title="bbox 1324 1856 1635 1893; baseline -0.003 -8"><span class='ocrx_word' id='word_1_390' title='bbox 1324 1858 1371 1885; x_wconf 83' lang='lat'><strong>22.</strong></span> <span class='ocrx_word' id='word_1_391' title='bbox 1388 1857 1466 1885; x_wconf 84' lang='lat' dir='ltr'><strong>Vcnit</strong></span> <span class='ocrx_word' id='word_1_392' title='bbox 1481 1856 1635 1893; x_wconf 85' lang='lat' dir='ltr'><strong>Philippus,</strong></span> 
     </span>
    </p>
   </div>
   <div class='ocr_carea' id='block_1_130' title="bbox 1324 1893 1502 1921">
    <p class='ocr_par' dir='ltr' id='par_1_130' title="bbox 1324 1893 1502 1921">
     <span class='ocr_line' id='line_1_131' title="bbox 1324 1893 1502 1921; baseline 0 -1"><span class='ocrx_word' id='word_1_393' title='bbox 1324 1898 1351 1921; x_wconf 90' lang='lat' dir='ltr'><strong>et</strong></span> <span class='ocrx_word' id='word_1_394' title='bbox 1367 1893 1433 1921; x_wconf 89' lang='lat' dir='ltr'><strong>dicit</strong></span> <span class='ocrx_word' id='word_1_395' title='bbox 1446 1894 1502 1921; x_wconf 80' lang='lat' dir='ltr'><strong>An-</strong></span> 
     </span>
    </p>
   </div>
   <div class='ocr_carea' id='block_1_131' title="bbox 1325 1928 1562 1956">
    <p class='ocr_par' dir='ltr' id='par_1_131' title="bbox 1325 1928 1562 1956">
     <span class='ocr_line' id='line_1_132' title="bbox 1325 1928 1562 1956; baseline -0.004 0"><span class='ocrx_word' id='word_1_396' title='bbox 1325 1929 1425 1956; x_wconf 89' lang='lat' dir='ltr'><strong>dreae:</strong></span> <span class='ocrx_word' id='word_1_397' title='bbox 1438 1928 1562 1956; x_wconf 79' lang='lat' dir='ltr'><strong>Andreas</strong></span> 
     </span>
    </p>
   </div>
   <div class='ocr_carea' id='block_1_132' title="bbox 1326 1962 1547 1997">
    <p class='ocr_par' dir='ltr' id='par_1_132' title="bbox 1326 1962 1547 1997">
     <span class='ocr_line' id='line_1_133' title="bbox 1326 1962 1547 1997; baseline -0.005 -6"><span class='ocrx_word' id='word_1_398' title='bbox 1326 1969 1426 1997; x_wconf 85' lang='lat' dir='ltr'><strong>autem,</strong></span> <span class='ocrx_word' id='word_1_399' title='bbox 1442 1970 1470 1992; x_wconf 83' lang='lat' dir='ltr'><strong>et</strong></span> <span class='ocrx_word' id='word_1_400' title='bbox 1486 1962 1547 1991; x_wconf 82' lang='lat' dir='ltr'><strong>Plii-</strong></span> 
     </span>
    </p>
   </div>
   <div class='ocr_carea' id='block_1_133' title="bbox 1326 2000 1527 2035">
    <p class='ocr_par' dir='ltr' id='par_1_133' title="bbox 1326 2000 1527 2035">
     <span class='ocr_line' id='line_1_134' title="bbox 1326 2000 1527 2035; baseline -0.005 -8"><span class='ocrx_word' id='word_1_401' title='bbox 1326 2000 1416 2035; x_wconf 86' lang='lat' dir='ltr'><strong>Iippus</strong></span> <span class='ocrx_word' id='word_1_402' title='bbox 1430 2000 1527 2028; x_wconf 89' lang='lat' dir='ltr'><strong>iterum</strong></span> 
     </span>
    </p>
   </div>
   <div class='ocr_carea' id='block_1_134' title="bbox 908 642 1150 670">
    <p class='ocr_par' dir='ltr' id='par_1_134' title="bbox 908 642 1150 670">
     <span class='ocr_line' id='line_1_135' title="bbox 908 642 1150 670; baseline 0.012 -3"><span class='ocrx_word' id='word_1_403' title='bbox 908 642 948 667; x_wconf 76' lang='grc'><strong>12.</strong></span> <span class='ocrx_word' id='word_1_404' title='bbox 966 642 992 668; x_wconf 94' lang='lat' dir='ltr'><strong>In</strong></span> <span class='ocrx_word' id='word_1_405' title='bbox 1006 642 1150 670; x_wconf 86' lang='lat' dir='ltr'><strong>crastinum</strong></span> 
     </span>
    </p>
   </div>
   <div class='ocr_carea' id='block_1_135' title="bbox 904 677 1097 712">
    <p class='ocr_par' dir='ltr' id='par_1_135' title="bbox 904 677 1097 712">
     <span class='ocr_line' id='line_1_136' title="bbox 904 677 1097 712; baseline 0.01 -8"><span class='ocrx_word' id='word_1_406' title='bbox 904 681 993 705; x_wconf 87' lang='lat' dir='ltr'><strong>autem</strong></span> <span class='ocrx_word' id='word_1_407' title='bbox 1010 677 1097 712; x_wconf 86' lang='lat' dir='ltr'><strong>turba,</strong></span> 
     </span>
    </p>
   </div>
   <div class='ocr_carea' id='block_1_136' title="bbox 904 714 1061 747">
    <p class='ocr_par' dir='ltr' id='par_1_136' title="bbox 904 714 1061 747">
     <span class='ocr_line' id='line_1_137' title="bbox 904 714 1061 747; baseline 0.006 -7"><span class='ocrx_word' id='word_1_408' title='bbox 904 720 974 747; x_wconf 86' lang='lat' dir='ltr'><strong>quae</strong></span> <span class='ocrx_word' id='word_1_409' title='bbox 986 714 1061 741; x_wconf 83' lang='lat' dir='ltr'><strong>venit</strong></span> 
     </span>
    </p>
   </div>
   <div class='ocr_carea' id='block_1_137' title="bbox 904 748 1025 776">
    <p class='ocr_par' dir='ltr' id='par_1_137' title="bbox 904 748 1025 776">
     <span class='ocr_line' id='line_1_138' title="bbox 904 748 1025 776; baseline 0.008 -1"><span class='ocrx_word' id='word_1_410' title='bbox 904 749 937 775; x_wconf 89' lang='lat' dir='ltr'><strong>ad</strong></span> <span class='ocrx_word' id='word_1_411' title='bbox 953 748 1025 776; x_wconf 91' lang='lat' dir='ltr'><strong>diem</strong></span> 
     </span>
    </p>
   </div>
   <div class='ocr_carea' id='block_1_138' title="bbox 904 784 1087 822">
    <p class='ocr_par' dir='ltr' id='par_1_138' title="bbox 904 784 1087 822">
     <span class='ocr_line' id='line_1_139' title="bbox 904 784 1087 822; baseline 0.011 -11"><span class='ocrx_word' id='word_1_412' title='bbox 904 784 1014 822; x_wconf 78' lang='lat' dir='ltr'><strong>festum.</strong></span> <span class='ocrx_word' id='word_1_413' title='bbox 1026 792 1087 813; x_wconf 91' lang='lat' dir='ltr'><strong>cum</strong></span> 
     </span>
    </p>
   </div>
   <div class='ocr_carea' id='block_1_139' title="bbox 904 820 1043 848">
    <p class='ocr_par' dir='ltr' id='par_1_139' title="bbox 904 820 1043 848">
     <span class='ocr_line' id='line_1_140' title="bbox 904 820 1043 848; baseline 0.007 -1"><span class='ocrx_word' id='word_1_414' title='bbox 904 820 1043 848; x_wconf 76' lang='lat' dir='ltr'><strong>audissent</strong></span> 
     </span>
    </p>
   </div>
   <div class='ocr_carea' id='block_1_140' title="bbox 905 857 1057 891">
    <p class='ocr_par' dir='ltr' id='par_1_140' title="bbox 905 857 1057 891">
     <span class='ocr_line' id='line_1_141' title="bbox 905 857 1057 891; baseline 0.007 -8"><span class='ocrx_word' id='word_1_415' title='bbox 905 857 967 891; x_wconf 86' lang='lat' dir='ltr'><strong>quia</strong></span> <span class='ocrx_word' id='word_1_416' title='bbox 984 857 1057 884; x_wconf 86' lang='lat' dir='ltr'><strong>venit</strong></span> 
     </span>
    </p>
   </div>
   <div class='ocr_carea' id='block_1_141' title="bbox 906 892 1094 920">
    <p class='ocr_par' dir='ltr' id='par_1_141' title="bbox 906 892 1094 920">
     <span class='ocr_line' id='line_1_142' title="bbox 906 892 1094 920; baseline 0 0"><span class='ocrx_word' id='word_1_417' title='bbox 906 892 985 920; x_wconf 78' lang='lat' dir='ltr'><strong>Jesus</strong></span> <span class='ocrx_word' id='word_1_418' title='bbox 1001 892 1094 920; x_wconf 88' lang='lat' dir='ltr'><strong>Hiero-</strong></span> 
     </span>
    </p>
   </div>
   <div class='ocr_carea' id='block_1_142' title="bbox 908 928 1179 963">
    <p class='ocr_par' dir='ltr' id='par_1_142' title="bbox 908 928 1179 963">
     <span class='ocr_line' id='line_1_143' title="bbox 908 928 1179 963; baseline 0.004 -8"><span class='ocrx_word' id='word_1_419' title='bbox 908 928 952 955; x_wconf 78' lang='grc'><strong>15.</strong></span> <span class='ocrx_word' id='word_1_420' title='bbox 972 928 1086 963; x_wconf 82' lang='lat' dir='ltr'><strong>solyina,</strong></span> <span class='ocrx_word' id='word_1_421' title='bbox 1102 934 1179 956; x_wconf 89' lang='lat' dir='ltr'><strong>acce-</strong></span> 
     </span>
    </p>
   </div>
   <div class='ocr_carea' id='block_1_143' title="bbox 907 964 1102 999">
    <p class='ocr_par' dir='ltr' id='par_1_143' title="bbox 907 964 1102 999">
     <span class='ocr_line' id='line_1_144' title="bbox 907 964 1102 999; baseline 0.005 -8"><span class='ocrx_word' id='word_1_422' title='bbox 907 969 1006 999; x_wconf 86' lang='lat' dir='ltr'><strong>perunt</strong></span> <span class='ocrx_word' id='word_1_423' title='bbox 1021 964 1102 992; x_wconf 84' lang='lat' dir='ltr'><strong>ﬂores</strong></span> 
     </span>
    </p>
   </div>
   <div class='ocr_carea' id='block_1_144' title="bbox 907 1000 1067 1035">
    <p class='ocr_par' dir='ltr' id='par_1_144' title="bbox 907 1000 1067 1035">
     <span class='ocr_line' id='line_1_145' title="bbox 907 1000 1067 1035; baseline 0.006 -9"><span class='ocrx_word' id='word_1_424' title='bbox 907 1000 1067 1035; x_wconf 77' lang='lat' dir='ltr'><strong>palmarum,</strong></span> 
     </span>
    </p>
   </div>
   <div class='ocr_carea' id='block_1_145' title="bbox 907 1039 1140 1070">
    <p class='ocr_par' dir='ltr' id='par_1_145' title="bbox 907 1039 1140 1070">
     <span class='ocr_line' id='line_1_146' title="bbox 907 1039 1140 1070; baseline 0.004 -8"><span class='ocrx_word' id='word_1_425' title='bbox 907 1041 934 1063; x_wconf 92' lang='lat' dir='ltr'><strong>et</strong></span> <span class='ocrx_word' id='word_1_426' title='bbox 949 1039 1140 1070; x_wconf 85' lang='lat' dir='ltr'><strong>processerunt</strong></span> 
     </span>
    </p>
   </div>
   <div class='ocr_carea' id='block_1_146' title="bbox 906 1071 1064 1105">
    <p class='ocr_par' dir='ltr' id='par_1_146' title="bbox 906 1071 1064 1105">
     <span class='ocr_line' id='line_1_147' title="bbox 906 1071 1064 1105; baseline -0.006 -6"><span class='ocrx_word' id='word_1_427' title='bbox 906 1071 1013 1099; x_wconf 87' lang='lat' dir='ltr'><strong>obviam</strong></span> <span class='ocrx_word' id='word_1_428' title='bbox 1027 1071 1064 1105; x_wconf 81' lang='lat' dir='ltr'><strong>ei,</strong></span> 
     </span>
    </p>
   </div>
   <div class='ocr_carea' id='block_1_147' title="bbox 908 1107 1120 1135">
    <p class='ocr_par' dir='ltr' id='par_1_147' title="bbox 908 1107 1120 1135">
     <span class='ocr_line' id='line_1_148' title="bbox 908 1107 1120 1135; baseline 0 -1"><span class='ocrx_word' id='word_1_429' title='bbox 908 1112 935 1134; x_wconf 89' lang='lat' dir='ltr'><strong>et</strong></span> <span class='ocrx_word' id='word_1_430' title='bbox 947 1107 1101 1135; x_wconf 83' lang='lat' dir='ltr'><strong>clamabant</strong></span> <span class='ocrx_word' id='word_1_431' title='bbox 1113 1115 1120 1133; x_wconf 86' lang='lat'>:</span> 
     </span>
    </p>
   </div>
   <div class='ocr_carea' id='block_1_148' title="bbox 907 1143 1104 1175">
    <p class='ocr_par' dir='ltr' id='par_1_148' title="bbox 907 1143 1104 1175">
     <span class='ocr_line' id='line_1_149' title="bbox 907 1143 1104 1175; baseline 0 -5"><span class='ocrx_word' id='word_1_432' title='bbox 907 1143 1040 1175; x_wconf 81' lang='lat' dir='ltr'><strong>Ossanna.</strong></span> <span class='ocrx_word' id='word_1_433' title='bbox 1057 1143 1104 1170; x_wconf 89' lang='lat' dir='ltr'><strong>be-</strong></span> 
     </span>
    </p>
   </div>
   <div class='ocr_carea' id='block_1_149' title="bbox 908 1179 1104 1214">
    <p class='ocr_par' dir='ltr' id='par_1_149' title="bbox 908 1179 1104 1214">
     <span class='ocr_line' id='line_1_150' title="bbox 908 1179 1104 1214; baseline 0 -8"><span class='ocrx_word' id='word_1_434' title='bbox 908 1180 1042 1212; x_wconf 81' lang='lat' dir='ltr'><strong>nedictus,</strong></span> <span class='ocrx_word' id='word_1_435' title='bbox 1058 1179 1104 1214; x_wconf 90' lang='lat' dir='ltr'><strong>qui</strong></span> 
     </span>
    </p>
   </div>
   <div class='ocr_carea' id='block_1_150' title="bbox 907 1221 1021 1242">
    <p class='ocr_par' dir='ltr' id='par_1_150' title="bbox 907 1221 1021 1242">
     <span class='ocr_line' id='line_1_151' title="bbox 907 1221 1021 1242; baseline 0.009 -2"><span class='ocrx_word' id='word_1_436' title='bbox 907 1221 981 1242; x_wconf 72' lang='grc' dir='ltr'>νθιὶιι</span> <span class='ocrx_word' id='word_1_437' title='bbox 995 1223 1021 1241; x_wconf 86' lang='grc' dir='ltr'><strong>ιη</strong></span> 
     </span>
    </p>
   </div>
   <div class='ocr_carea' id='block_1_151' title="bbox 907 1250 1085 1278">
    <p class='ocr_par' dir='ltr' id='par_1_151' title="bbox 907 1250 1085 1278">
     <span class='ocr_line' id='line_1_152' title="bbox 907 1250 1085 1278; baseline 0.006 -1"><span class='ocrx_word' id='word_1_438' title='bbox 907 1250 1015 1278; x_wconf 92' lang='lat' dir='ltr'><strong>nomine</strong></span> <span class='ocrx_word' id='word_1_439' title='bbox 1032 1251 1085 1278; x_wconf 91' lang='lat' dir='ltr'><strong>Do-</strong></span> 
     </span>
    </p>
   </div>
   <div class='ocr_carea' id='block_1_152' title="bbox 907 1285 1098 1314">
    <p class='ocr_par' dir='ltr' id='par_1_152' title="bbox 907 1285 1098 1314">
     <span class='ocr_line' id='line_1_153' title="bbox 907 1285 1098 1314; baseline 0 -1"><span class='ocrx_word' id='word_1_440' title='bbox 907 1287 973 1313; x_wconf 90' lang='lat' dir='ltr'><strong>niini</strong></span> <span class='ocrx_word' id='word_1_441' title='bbox 987 1286 1045 1313; x_wconf 79' lang='lat' dir='ltr'><strong>Rex</strong></span> <span class='ocrx_word' id='word_1_442' title='bbox 1059 1285 1098 1314; x_wconf 86' lang='lat' dir='ltr'><strong>Is-</strong></span> 
     </span>
    </p>
   </div>
   <div class='ocr_carea' id='block_1_153' title="bbox 908 1322 1004 1349">
    <p class='ocr_par' dir='ltr' id='par_1_153' title="bbox 908 1322 1004 1349">
     <span class='ocr_line' id='line_1_154' title="bbox 908 1322 1004 1349; baseline 0 -1"><span class='ocrx_word' id='word_1_443' title='bbox 908 1322 1004 1349; x_wconf 86' lang='lat' dir='ltr'><strong>traliel.</strong></span> 
     </span>
    </p>
   </div>
   <div class='ocr_carea' id='block_1_154' title="bbox 911 1357 1122 1385">
    <p class='ocr_par' dir='ltr' id='par_1_154' title="bbox 911 1357 1122 1385">
     <span class='ocr_line' id='line_1_155' title="bbox 911 1357 1122 1385; baseline 0 -1"><span class='ocrx_word' id='word_1_444' title='bbox 911 1358 953 1385; x_wconf 75' lang='grc' dir='ltr'>Μ.</span> <span class='ocrx_word' id='word_1_445' title='bbox 970 1357 1004 1385; x_wconf 87' lang='grc' dir='ltr'><strong>Ει</strong></span> <span class='ocrx_word' id='word_1_446' title='bbox 1019 1357 1122 1385; x_wconf 88' lang='lat' dir='ltr'><strong>invenit</strong></span> 
     </span>
    </p>
   </div>
   <div class='ocr_carea' id='block_1_155' title="bbox 907 1393 1125 1425">
    <p class='ocr_par' dir='ltr' id='par_1_155' title="bbox 907 1393 1125 1425">
     <span class='ocr_line' id='line_1_156' title="bbox 907 1393 1125 1425; baseline -0.005 -4"><span class='ocrx_word' id='word_1_447' title='bbox 907 1393 987 1421; x_wconf 87' lang='lat' dir='ltr'><strong>Jesus</strong></span> <span class='ocrx_word' id='word_1_448' title='bbox 1000 1393 1125 1425; x_wconf 86' lang='lat' dir='ltr'><strong>asellum,</strong></span> 
     </span>
    </p>
   </div>
   <div class='ocr_carea' id='block_1_156' title="bbox 907 1429 1077 1457">
    <p class='ocr_par' dir='ltr' id='par_1_156' title="bbox 907 1429 1077 1457">
     <span class='ocr_line' id='line_1_157' title="bbox 907 1429 1077 1457; baseline 0 -1"><span class='ocrx_word' id='word_1_449' title='bbox 907 1434 935 1457; x_wconf 95' lang='lat' dir='ltr'><strong>et</strong></span> <span class='ocrx_word' id='word_1_450' title='bbox 949 1429 1019 1456; x_wconf 89' lang='lat' dir='ltr'><strong>sedit</strong></span> <span class='ocrx_word' id='word_1_451' title='bbox 1031 1436 1077 1457; x_wconf 87' lang='lat' dir='ltr'><strong>su-</strong></span> 
     </span>
    </p>
   </div>
   <div class='ocr_carea' id='block_1_157' title="bbox 907 1472 1043 1500">
    <p class='ocr_par' dir='ltr' id='par_1_157' title="bbox 907 1472 1043 1500">
     <span class='ocr_line' id='line_1_158' title="bbox 907 1472 1043 1500; baseline 0 -8"><span class='ocrx_word' id='word_1_452' title='bbox 907 1472 956 1500; x_wconf 86' lang='lat' dir='ltr'><strong>per</strong></span> <span class='ocrx_word' id='word_1_453' title='bbox 969 1472 1043 1498; x_wconf 88' lang='lat' dir='ltr'><strong>eum,</strong></span> 
     </span>
    </p>
   </div>
   <div class='ocr_carea' id='block_1_158' title="bbox 907 1501 1122 1536">
    <p class='ocr_par' dir='ltr' id='par_1_158' title="bbox 907 1501 1122 1536">
     <span class='ocr_line' id='line_1_159' title="bbox 907 1501 1122 1536; baseline -0.005 -8"><span class='ocrx_word' id='word_1_454' title='bbox 907 1501 978 1529; x_wconf 88' lang='lat' dir='ltr'><strong>sicut</strong></span> <span class='ocrx_word' id='word_1_455' title='bbox 992 1501 1122 1536; x_wconf 89' lang='lat' dir='ltr'><strong>scriptum</strong></span> 
     </span>
    </p>
   </div>
   <div class='ocr_carea' id='block_1_159' title="bbox 907 1542 968 1564">
    <p class='ocr_par' dir='ltr' id='par_1_159' title="bbox 907 1542 968 1564">
     <span class='ocr_line' id='line_1_160' title="bbox 907 1542 968 1564; baseline -0.016 0"><span class='ocrx_word' id='word_1_456' title='bbox 907 1542 949 1564; x_wconf 86' lang='lat' dir='ltr'><strong>est</strong></span> <span class='ocrx_word' id='word_1_457' title='bbox 961 1546 968 1563; x_wconf 89' lang='lat'><strong>:</strong></span> 
     </span>
    </p>
   </div>
   <div class='ocr_carea' id='block_1_160' title="bbox 909 1571 1163 1600">
    <p class='ocr_par' dir='ltr' id='par_1_160' title="bbox 909 1571 1163 1600">
     <span class='ocr_line' id='line_1_161' title="bbox 909 1571 1163 1600; baseline 0 0"><span class='ocrx_word' id='word_1_458' title='bbox 909 1572 953 1600; x_wconf 78' lang='grc'><strong>15.</strong></span> <span class='ocrx_word' id='word_1_459' title='bbox 970 1572 1028 1600; x_wconf 87' lang='lat' dir='ltr'><strong>Noli</strong></span> <span class='ocrx_word' id='word_1_460' title='bbox 1043 1571 1138 1600; x_wconf 84' lang='lat' dir='ltr'><strong>limere</strong></span> <span class='ocrx_word' id='word_1_461' title='bbox 1160 1582 1163 1585; x_wconf 92' lang='grc'>·</span> 
     </span>
    </p>
   </div>
   <div class='ocr_carea' id='block_1_161' title="bbox 908 1608 1060 1636">
    <p class='ocr_par' dir='ltr' id='par_1_161' title="bbox 908 1608 1060 1636">
     <span class='ocr_line' id='line_1_162' title="bbox 908 1608 1060 1636; baseline 0 -1"><span class='ocrx_word' id='word_1_462' title='bbox 908 1609 964 1636; x_wconf 87' lang='lat' dir='ltr'><strong>lilia</strong></span> <span class='ocrx_word' id='word_1_463' title='bbox 975 1608 1041 1636; x_wconf 87' lang='lat' dir='ltr'><strong>Sion</strong></span> <span class='ocrx_word' id='word_1_464' title='bbox 1054 1616 1060 1635; x_wconf 90' lang='lat'>:</span> 
     </span>
    </p>
   </div>
   <div class='ocr_carea' id='block_1_162' title="bbox 907 1644 1045 1673">
    <p class='ocr_par' dir='ltr' id='par_1_162' title="bbox 907 1644 1045 1673">
     <span class='ocr_line' id='line_1_163' title="bbox 907 1644 1045 1673; baseline -0.007 -1"><span class='ocrx_word' id='word_1_465' title='bbox 907 1651 971 1673; x_wconf 86' lang='lat' dir='ltr'><strong>ecce</strong></span> <span class='ocrx_word' id='word_1_466' title='bbox 987 1644 1045 1671; x_wconf 83' lang='lat' dir='ltr'><strong>Rex</strong></span> 
     </span>
    </p>
   </div>
   <div class='ocr_carea' id='block_1_163' title="bbox 908 1680 1059 1708">
    <p class='ocr_par' dir='ltr' id='par_1_163' title="bbox 908 1680 1059 1708">
     <span class='ocr_line' id='line_1_164' title="bbox 908 1680 1059 1708; baseline -0.007 -1"><span class='ocrx_word' id='word_1_467' title='bbox 908 1684 970 1707; x_wconf 88' lang='lat' dir='ltr'><strong>tuus</strong></span> <span class='ocrx_word' id='word_1_468' title='bbox 985 1680 1059 1708; x_wconf 87' lang='lat' dir='ltr'><strong>venit</strong></span> 
     </span>
    </p>
   </div>
   <div class='ocr_carea' id='block_1_164' title="bbox 907 1716 1098 1750">
    <p class='ocr_par' dir='ltr' id='par_1_164' title="bbox 907 1716 1098 1750">
     <span class='ocr_line' id='line_1_165' title="bbox 907 1716 1098 1750; baseline -0.01 -6"><span class='ocrx_word' id='word_1_469' title='bbox 907 1716 1005 1744; x_wconf 87' lang='lat' dir='ltr'><strong>sedens</strong></span> <span class='ocrx_word' id='word_1_470' title='bbox 1016 1722 1098 1750; x_wconf 86' lang='lat' dir='ltr'><strong>super</strong></span> 
     </span>
    </p>
   </div>
   <div class='ocr_carea' id='block_1_165' title="bbox 909 1751 1104 1786">
    <p class='ocr_par' dir='ltr' id='par_1_165' title="bbox 909 1751 1104 1786">
     <span class='ocr_line' id='line_1_166' title="bbox 909 1751 1104 1786; baseline -0.005 -7"><span class='ocrx_word' id='word_1_471' title='bbox 909 1752 1010 1786; x_wconf 91' lang='lat' dir='ltr'><strong>pullum</strong></span> <span class='ocrx_word' id='word_1_472' title='bbox 1024 1751 1104 1778; x_wconf 87' lang='lat' dir='ltr'><strong>asini.</strong></span> 
     </span>
    </p>
   </div>
   <div class='ocr_carea' id='block_1_166' title="bbox 909 1787 1111 1815">
    <p class='ocr_par' dir='ltr' id='par_1_166' title="bbox 909 1787 1111 1815">
     <span class='ocr_line' id='line_1_167' title="bbox 909 1787 1111 1815; baseline -0.005 0"><span class='ocrx_word' id='word_1_473' title='bbox 909 1787 953 1815; x_wconf 83' lang='lat' dir='ltr'><strong>i6.</strong></span> <span class='ocrx_word' id='word_1_474' title='bbox 971 1787 1044 1815; x_wconf 84' lang='lat' dir='ltr'><strong>Haec</strong></span> <span class='ocrx_word' id='word_1_475' title='bbox 1057 1794 1111 1814; x_wconf 93' lang='lat' dir='ltr'><strong>non</strong></span> 
     </span>
    </p>
   </div>
   <div class='ocr_carea' id='block_1_167' title="bbox 909 1827 1116 1858">
    <p class='ocr_par' dir='ltr' id='par_1_167' title="bbox 909 1827 1116 1858">
     <span class='ocr_line' id='line_1_168' title="bbox 909 1827 1116 1858; baseline 0 -8"><span class='ocrx_word' id='word_1_476' title='bbox 909 1827 1097 1858; x_wconf 78' lang='lat' dir='ltr'><strong>cognoverunt</strong></span> <span class='ocrx_word' id='word_1_477' title='bbox 1114 1851 1116 1854; x_wconf 72' lang='grc'><strong>,</strong></span> 
     </span>
    </p>
   </div>
   <div class='ocr_carea' id='block_1_168' title="bbox 908 1858 1109 1893">
    <p class='ocr_par' dir='ltr' id='par_1_168' title="bbox 908 1858 1109 1893">
     <span class='ocr_line' id='line_1_169' title="bbox 908 1858 1109 1893; baseline -0.005 -7"><span class='ocrx_word' id='word_1_478' title='bbox 908 1859 1034 1893; x_wconf 88' lang='lat' dir='ltr'><strong>discipuli</strong></span> <span class='ocrx_word' id='word_1_479' title='bbox 1049 1858 1109 1893; x_wconf 89' lang='lat' dir='ltr'><strong>ejus</strong></span> 
     </span>
    </p>
   </div>
   <div class='ocr_carea' id='block_1_169' title="bbox 909 1893 1109 1930">
    <p class='ocr_par' dir='ltr' id='par_1_169' title="bbox 909 1893 1109 1930">
     <span class='ocr_line' id='line_1_170' title="bbox 909 1893 1109 1930; baseline -0.005 -9"><span class='ocrx_word' id='word_1_480' title='bbox 909 1895 1025 1930; x_wconf 90' lang='lat' dir='ltr'><strong>primum</strong></span> <span class='ocrx_word' id='word_1_481' title='bbox 1039 1903 1045 1920; x_wconf 88' lang='lat'>:</span> <span class='ocrx_word' id='word_1_482' title='bbox 1062 1893 1109 1930; x_wconf 82' lang='lat' dir='ltr'><strong>sed</strong></span> 
     </span>
    </p>
   </div>
   <div class='ocr_carea' id='block_1_170' title="bbox 908 1929 1127 1965">
    <p class='ocr_par' dir='ltr' id='par_1_170' title="bbox 908 1929 1127 1965">
     <span class='ocr_line' id='line_1_171' title="bbox 908 1929 1127 1965; baseline -0.005 -8"><span class='ocrx_word' id='word_1_483' title='bbox 908 1930 1016 1965; x_wconf 91' lang='lat' dir='ltr'><strong>quando</strong></span> <span class='ocrx_word' id='word_1_484' title='bbox 1028 1929 1127 1957; x_wconf 79' lang='lat' dir='ltr'><strong>clai‘ili-</strong></span> 
     </span>
    </p>
   </div>
   <div class='ocr_carea' id='block_1_171' title="bbox 908 1965 1103 1993">
    <p class='ocr_par' dir='ltr' id='par_1_171' title="bbox 908 1965 1103 1993">
     <span class='ocr_line' id='line_1_172' title="bbox 908 1965 1103 1993; baseline -0.005 0"><span class='ocrx_word' id='word_1_485' title='bbox 908 1970 984 1993; x_wconf 84' lang='lat' dir='ltr'><strong>catus</strong></span> <span class='ocrx_word' id='word_1_486' title='bbox 997 1970 1038 1992; x_wconf 90' lang='lat' dir='ltr'><strong>est</strong></span> <span class='ocrx_word' id='word_1_487' title='bbox 1052 1965 1103 1992; x_wconf 89' lang='lat' dir='ltr'><strong>Je-</strong></span> 
     </span>
    </p>
   </div>
   <div class='ocr_carea' id='block_1_172' title="bbox 908 2000 1119 2034">
    <p class='ocr_par' dir='ltr' id='par_1_172' title="bbox 908 2000 1119 2034">
     <span class='ocr_line' id='line_1_173' title="bbox 908 2000 1119 2034; baseline -0.005 -5"><span class='ocrx_word' id='word_1_488' title='bbox 908 2009 966 2034; x_wconf 88' lang='lat' dir='ltr'><strong>sus,</strong></span> <span class='ocrx_word' id='word_1_489' title='bbox 982 2000 1119 2029; x_wconf 87' lang='lat' dir='ltr'><strong>recordati</strong></span> 
     </span>
    </p>
   </div>
   <div class='ocr_carea' id='block_1_173' title="bbox 716 2060 1043 2090">
    <p class='ocr_par' dir='ltr' id='par_1_173' title="bbox 716 2060 1043 2090">
     <span class='ocr_line' id='line_1_174' title="bbox 716 2060 1043 2090; baseline -0.006 0"><span class='ocrx_word' id='word_1_490' title='bbox 716 2061 832 2090; x_wconf 80' lang='lat' dir='ltr'><strong>CODEX</strong></span> <span class='ocrx_word' id='word_1_491' title='bbox 845 2060 1043 2089; x_wconf 74' lang='lat' dir='ltr'><strong>BRleANUS.</strong></span> 
     </span>
    </p>
   </div>
   <div class='ocr_carea' id='block_1_174' title="bbox 63 2120 854 2157">
    <p class='ocr_par' dir='ltr' id='par_1_174' title="bbox 63 2120 854 2157">
     <span class='ocr_line' id='line_1_175' title="bbox 63 2120 854 2157; baseline -0.003 -8"><span class='ocrx_word' id='word_1_492' title='bbox 63 2126 141 2150; x_wconf 80' lang='lat' dir='ltr'><strong>autem</strong></span> <span class='ocrx_word' id='word_1_493' title='bbox 154 2122 292 2157; x_wconf 82' lang='lat' dir='ltr'><strong>principes</strong></span> <span class='ocrx_word' id='word_1_494' title='bbox 307 2122 490 2150; x_wconf 87' lang='lat' dir='ltr'><strong>sacerdotum.</strong></span> <span class='ocrx_word' id='word_1_495' title='bbox 502 2125 532 2148; x_wconf 95' lang='lat' dir='ltr'><strong>ut</strong></span> <span class='ocrx_word' id='word_1_496' title='bbox 542 2122 672 2149; x_wconf 84' lang='lat' dir='ltr'><strong>Lazarum</strong></span> <span class='ocrx_word' id='word_1_497' title='bbox 688 2120 854 2157; x_wconf 77' lang='lat' dir='ltr'><strong>occiderent.</strong></span> 
     </span>
    </p>
   </div>
   <div class='ocr_carea' id='block_1_175' title="bbox 63 2156 857 2193">
    <p class='ocr_par' dir='ltr' id='par_1_175' title="bbox 63 2156 857 2193">
     <span class='ocr_line' id='line_1_176' title="bbox 63 2156 857 2193; baseline -0.001 -9"><span class='ocrx_word' id='word_1_498' title='bbox 63 2159 115 2192; x_wconf 83' lang='lat' dir='ltr'><strong>quia</strong></span> <span class='ocrx_word' id='word_1_499' title='bbox 131 2156 219 2185; x_wconf 86' lang='lat' dir='ltr'><strong>multi.</strong></span> <span class='ocrx_word' id='word_1_500' title='bbox 233 2156 344 2193; x_wconf 81' lang='lat' dir='ltr'><strong>propter</strong></span> <span class='ocrx_word' id='word_1_501' title='bbox 356 2165 417 2185; x_wconf 90' lang='lat' dir='ltr'><strong>eum</strong></span> <span class='ocrx_word' id='word_1_502' title='bbox 433 2158 632 2185; x_wconf 81' lang='lat' dir='ltr'><strong>conveniebant</strong></span> <span class='ocrx_word' id='word_1_503' title='bbox 648 2165 680 2184; x_wconf 77' lang='lat' dir='ltr'><strong>ex</strong></span> <span class='ocrx_word' id='word_1_504' title='bbox 696 2156 815 2184; x_wconf 86' lang='lat' dir='ltr'><strong>.ludacis.</strong></span> <span class='ocrx_word' id='word_1_505' title='bbox 829 2161 857 2183; x_wconf 89' lang='lat' dir='ltr'><strong>et</strong></span> 
     </span>
    </p>
   </div>
   <div class='ocr_carea' id='block_1_176' title="bbox 63 2192 855 2228">
    <p class='ocr_par' dir='ltr' id='par_1_176' title="bbox 63 2192 855 2228">
     <span class='ocr_line' id='line_1_177' title="bbox 63 2192 855 2228; baseline -0.001 -8"><span class='ocrx_word' id='word_1_506' title='bbox 63 2194 200 2221; x_wconf 85' lang='lat' dir='ltr'><strong>credebant</strong></span> <span class='ocrx_word' id='word_1_507' title='bbox 216 2192 243 2221; x_wconf 84' lang='lat' dir='ltr'><strong>iii</strong></span> <span class='ocrx_word' id='word_1_508' title='bbox 257 2192 359 2222; x_wconf 66' lang='lat' dir='ltr'><strong>Iesum.</strong></span> <span class='ocrx_word' id='word_1_509' title='bbox 374 2194 502 2228; x_wconf 86' lang='lat' dir='ltr'><strong>Sequenti</strong></span> <span class='ocrx_word' id='word_1_510' title='bbox 517 2199 605 2220; x_wconf 82' lang='lat' dir='ltr'><strong>autcin</strong></span> <span class='ocrx_word' id='word_1_511' title='bbox 618 2192 661 2220; x_wconf 83' lang='lat' dir='ltr'><strong>die</strong></span> <span class='ocrx_word' id='word_1_512' title='bbox 671 2193 746 2220; x_wconf 83' lang='lat' dir='ltr'><strong>turba</strong></span> <span class='ocrx_word' id='word_1_513' title='bbox 761 2193 855 2219; x_wconf 84' lang='lat' dir='ltr'><strong>inulta.</strong></span> 
     </span>
    </p>
   </div>
   <div class='ocr_carea' id='block_1_177' title="bbox 63 2227 857 2290">
    <p class='ocr_par' dir='ltr' id='par_1_177' title="bbox 63 2227 857 2290">
     <span class='ocr_line' id='line_1_178' title="bbox 63 2227 857 2290; baseline -0.001 -35"><span class='ocrx_word' id='word_1_514' title='bbox 63 2235 123 2290; x_wconf 55' lang='lat' dir='ltr'><strong>quae</strong></span> <span class='ocrx_word' id='word_1_515' title='bbox 133 2235 298 2257; x_wconf 79' lang='lat' dir='ltr'><strong>convenerat</strong></span> <span class='ocrx_word' id='word_1_516' title='bbox 308 2229 342 2257; x_wconf 89' lang='lat' dir='ltr'><strong>ad</strong></span> <span class='ocrx_word' id='word_1_517' title='bbox 355 2227 426 2256; x_wconf 86' lang='lat' dir='ltr'><strong>diem</strong></span> <span class='ocrx_word' id='word_1_518' title='bbox 440 2230 547 2257; x_wconf 80' lang='lat' dir='ltr'><strong>festum.</strong></span> <span class='ocrx_word' id='word_1_519' title='bbox 560 2229 701 2256; x_wconf 82' lang='lat' dir='ltr'><strong>audientes</strong></span> <span class='ocrx_word' id='word_1_520' title='bbox 712 2229 773 2263; x_wconf 83' lang='lat' dir='ltr'><strong>quia</strong></span> <span class='ocrx_word' id='word_1_521' title='bbox 783 2227 857 2254; x_wconf 78' lang='lat' dir='ltr'><strong>venit</strong></span> 
     </span>
     <span class='ocr_line' id='line_1_179' title="bbox 76 2264 857 2290; baseline 0 0"><span class='ocrx_word' id='word_1_522' title='bbox 76 2272 132 2290; x_wconf 82' lang='lat' dir='ltr'><strong>esus</strong></span> <span class='ocrx_word' id='word_1_523' title='bbox 143 2266 340 2290; x_wconf 76' lang='lat' dir='ltr'><strong>llieriisolvma.</strong></span> <span class='ocrx_word' id='word_1_524' title='bbox 360 2269 527 2290; x_wconf 81' lang='lat' dir='ltr'><strong>accenerunt</strong></span> <span class='ocrx_word' id='word_1_525' title='bbox 546 2272 636 2290; x_wconf 80' lang='lat' dir='ltr'><strong>minus</strong></span> <span class='ocrx_word' id='word_1_526' title='bbox 652 2264 811 2290; x_wconf 73' lang='lat' dir='ltr'><strong>oziliiiarum.</strong></span> <span class='ocrx_word' id='word_1_527' title='bbox 830 2267 857 2290; x_wconf 85' lang='lat' dir='ltr'><strong>ct</strong></span> 
     </span>
    </p>
   </div>
   <div class='ocr_carea' id='block_1_178' title="bbox 76 2264 858 2302">
    <p class='ocr_par' dir='ltr' id='par_1_178' title="bbox 76 2264 858 2302">
     <span class='ocr_line' id='line_1_180' title="bbox 76 2264 858 2302; baseline -0.001 -10"><span class='ocrx_word' id='word_1_528' title='bbox 76 2266 340 2302; x_wconf 53' lang='lat' dir='ltr'><strong>esusllierosiilyma.</strong></span> <span class='ocrx_word' id='word_1_529' title='bbox 360 2269 527 2302; x_wconf 87' lang='lat' dir='ltr'><strong>acceperunt</strong></span> <span class='ocrx_word' id='word_1_530' title='bbox 546 2272 636 2302; x_wconf 77' lang='lat' dir='ltr'><strong>minus</strong></span> <span class='ocrx_word' id='word_1_531' title='bbox 652 2264 811 2302; x_wconf 75' lang='lat' dir='ltr'><strong>palmarum.</strong></span> <span class='ocrx_word' id='word_1_532' title='bbox 830 2267 858 2291; x_wconf 89' lang='lat' dir='ltr'><strong>ct</strong></span> 
     </span>
    </p>
   </div>
   <div class='ocr_carea' id='block_1_179' title="bbox 63 2299 857 2334">
    <p class='ocr_par' dir='ltr' id='par_1_179' title="bbox 63 2299 857 2334">
     <span class='ocr_line' id='line_1_181' title="bbox 63 2299 857 2334; baseline 0 -8"><span class='ocrx_word' id='word_1_533' title='bbox 63 2301 177 2329; x_wconf 81' lang='lat' dir='ltr'><strong>exierunt</strong></span> <span class='ocrx_word' id='word_1_534' title='bbox 193 2299 301 2328; x_wconf 54' lang='lat' dir='ltr'><strong>obvia&#39;ni</strong></span> <span class='ocrx_word' id='word_1_535' title='bbox 313 2302 349 2334; x_wconf 88' lang='lat' dir='ltr'><strong>ei,</strong></span> <span class='ocrx_word' id='word_1_536' title='bbox 362 2307 388 2328; x_wconf 92' lang='lat' dir='ltr'><strong>et</strong></span> <span class='ocrx_word' id='word_1_537' title='bbox 398 2299 562 2328; x_wconf 83' lang='lat' dir='ltr'><strong>clamabant.</strong></span> <span class='ocrx_word' id='word_1_538' title='bbox 574 2301 691 2328; x_wconf 88' lang='lat' dir='ltr'><strong>Osanna.</strong></span> <span class='ocrx_word' id='word_1_539' title='bbox 700 2299 857 2327; x_wconf 71' lang='lat' dir='ltr'><strong>benedictus</strong></span> 
     </span>
    </p>
   </div>
   <div class='ocr_carea' id='block_1_180' title="bbox 63 2335 854 2370">
    <p class='ocr_par' dir='ltr' id='par_1_180' title="bbox 63 2335 854 2370">
     <span class='ocr_line' id='line_1_182' title="bbox 63 2335 854 2370; baseline -0.001 -8"><span class='ocrx_word' id='word_1_540' title='bbox 63 2337 100 2370; x_wconf 90' lang='lat' dir='ltr'><strong>qui</strong></span> <span class='ocrx_word' id='word_1_541' title='bbox 115 2338 188 2365; x_wconf 91' lang='lat' dir='ltr'><strong>venit</strong></span> <span class='ocrx_word' id='word_1_542' title='bbox 204 2339 230 2364; x_wconf 89' lang='lat' dir='ltr'><strong>in</strong></span> <span class='ocrx_word' id='word_1_543' title='bbox 247 2337 356 2364; x_wconf 79' lang='lat' dir='ltr'><strong>nomine</strong></span> <span class='ocrx_word' id='word_1_544' title='bbox 372 2337 487 2364; x_wconf 88' lang='lat' dir='ltr'><strong>Domini.</strong></span> <span class='ocrx_word' id='word_1_545' title='bbox 503 2337 559 2364; x_wconf 66' lang='lat' dir='ltr'><strong>[lex</strong></span> <span class='ocrx_word' id='word_1_546' title='bbox 571 2336 686 2363; x_wconf 59' lang='lat' dir='ltr'><strong>Lrahel.</strong></span> <span class='ocrx_word' id='word_1_547' title='bbox 712 2335 854 2363; x_wconf 85' lang='lat' dir='ltr'><strong>Invenietis</strong></span> 
     </span>
    </p>
   </div>
   <div class='ocr_carea' id='block_1_181' title="bbox 62 2371 854 2407">
    <p class='ocr_par' dir='ltr' id='par_1_181' title="bbox 62 2371 854 2407">
     <span class='ocr_line' id='line_1_183' title="bbox 62 2371 854 2407; baseline 0.001 -11"><span class='ocrx_word' id='word_1_548' title='bbox 62 2377 142 2399; x_wconf 86' lang='lat' dir='ltr'><strong>autem</strong></span> <span class='ocrx_word' id='word_1_549' title='bbox 154 2373 234 2400; x_wconf 82' lang='lat' dir='ltr'><strong>.Iesns</strong></span> <span class='ocrx_word' id='word_1_550' title='bbox 245 2373 367 2400; x_wconf 85' lang='lat' dir='ltr'><strong>asellum.</strong></span> <span class='ocrx_word' id='word_1_551' title='bbox 377 2374 447 2399; x_wconf 75' lang='lat' dir='ltr'><strong>sedit</strong></span> <span class='ocrx_word' id='word_1_552' title='bbox 460 2380 542 2407; x_wconf 89' lang='lat' dir='ltr'><strong>super</strong></span> <span class='ocrx_word' id='word_1_553' title='bbox 553 2379 626 2399; x_wconf 90' lang='lat' dir='ltr'><strong>eum.</strong></span> <span class='ocrx_word' id='word_1_554' title='bbox 642 2372 711 2398; x_wconf 88' lang='lat' dir='ltr'><strong>sicut</strong></span> <span class='ocrx_word' id='word_1_555' title='bbox 723 2371 854 2398; x_wconf 86' lang='lat' dir='ltr'><strong>seribluiii</strong></span> 
     </span>
    </p>
   </div>
   <div class='ocr_carea' id='block_1_182' title="bbox 62 2407 857 2436">
    <p class='ocr_par' dir='ltr' id='par_1_182' title="bbox 62 2407 857 2436">
     <span class='ocr_line' id='line_1_184' title="bbox 62 2407 857 2436; baseline -0.001 -2"><span class='ocrx_word' id='word_1_556' title='bbox 62 2412 106 2434; x_wconf 83' lang='lat' dir='ltr'><strong>est.</strong></span> <span class='ocrx_word' id='word_1_557' title='bbox 122 2408 180 2436; x_wconf 86' lang='lat' dir='ltr'><strong>Noli</strong></span> <span class='ocrx_word' id='word_1_558' title='bbox 201 2408 298 2436; x_wconf 86' lang='lat' dir='ltr'><strong>timere</strong></span> <span class='ocrx_word' id='word_1_559' title='bbox 320 2409 373 2435; x_wconf 85' lang='lat' dir='ltr'><strong>lilia</strong></span> <span class='ocrx_word' id='word_1_560' title='bbox 391 2408 467 2436; x_wconf 87' lang='lat' dir='ltr'><strong>Sion.</strong></span> <span class='ocrx_word' id='word_1_561' title='bbox 482 2415 545 2435; x_wconf 79' lang='lat' dir='ltr'><strong>ecoe</strong></span> <span class='ocrx_word' id='word_1_562' title='bbox 559 2407 616 2434; x_wconf 82' lang='lat' dir='ltr'><strong>Rex</strong></span> <span class='ocrx_word' id='word_1_563' title='bbox 631 2413 692 2434; x_wconf 88' lang='lat' dir='ltr'><strong>tuus</strong></span> <span class='ocrx_word' id='word_1_564' title='bbox 707 2408 791 2434; x_wconf 88' lang='lat' dir='ltr'><strong>venit.</strong></span> <span class='ocrx_word' id='word_1_565' title='bbox 812 2414 857 2433; x_wconf 81' lang='lat' dir='ltr'><strong>se-</strong></span> 
     </span>
    </p>
   </div>
   <div class='ocr_carea' id='block_1_183' title="bbox 62 2442 857 2480">
    <p class='ocr_par' dir='ltr' id='par_1_183' title="bbox 62 2442 857 2480">
     <span class='ocr_line' id='line_1_185' title="bbox 62 2442 857 2480; baseline 0.001 -12"><span class='ocrx_word' id='word_1_566' title='bbox 62 2442 121 2470; x_wconf 79' lang='lat' dir='ltr'><strong>dens</strong></span> <span class='ocrx_word' id='word_1_567' title='bbox 143 2452 229 2479; x_wconf 87' lang='lat' dir='ltr'><strong>super</strong></span> <span class='ocrx_word' id='word_1_568' title='bbox 257 2444 359 2480; x_wconf 89' lang='lat' dir='ltr'><strong>pullum</strong></span> <span class='ocrx_word' id='word_1_569' title='bbox 386 2445 489 2471; x_wconf 86' lang='lat' dir='ltr'><strong>asinae.</strong></span> <span class='ocrx_word' id='word_1_570' title='bbox 514 2444 586 2471; x_wconf 88' lang='lat' dir='ltr'><strong>Haec</strong></span> <span class='ocrx_word' id='word_1_571' title='bbox 614 2447 713 2470; x_wconf 82' lang='lat' dir='ltr'><strong>autem.</strong></span> <span class='ocrx_word' id='word_1_572' title='bbox 743 2449 857 2469; x_wconf 88' lang='lat' dir='ltr'><strong>nonco-</strong></span> 
     </span>
    </p>
   </div>
   <div class='ocr_carea' id='block_1_184' title="bbox 61 2479 856 2516">
    <p class='ocr_par' dir='ltr' id='par_1_184' title="bbox 61 2479 856 2516">
     <span class='ocr_line' id='line_1_186' title="bbox 61 2479 856 2516; baseline 0 -12"><span class='ocrx_word' id='word_1_573' title='bbox 61 2484 204 2516; x_wconf 77' lang='lat' dir='ltr'><strong>giioveruiit</strong></span> <span class='ocrx_word' id='word_1_574' title='bbox 234 2481 358 2516; x_wconf 74' lang='lat' dir='ltr'><strong>discipuli</strong></span> <span class='ocrx_word' id='word_1_575' title='bbox 390 2480 449 2515; x_wconf 83' lang='lat' dir='ltr'><strong>ejus</strong></span> <span class='ocrx_word' id='word_1_576' title='bbox 481 2479 683 2516; x_wconf 79' lang='lat' dir='ltr'><strong>priinuin._scil</strong></span> <span class='ocrx_word' id='word_1_577' title='bbox 715 2484 856 2516; x_wconf 83' lang='lat' dir='ltr'><strong>postquam</strong></span> 
     </span>
    </p>
   </div>
   <div class='ocr_carea' id='block_1_185' title="bbox 61 2514 857 2549">
    <p class='ocr_par' dir='ltr' id='par_1_185' title="bbox 61 2514 857 2549">
     <span class='ocr_line' id='line_1_187' title="bbox 61 2514 857 2549; baseline -0.001 -8"><span class='ocrx_word' id='word_1_578' title='bbox 61 2514 222 2548; x_wconf 76' lang='lat' dir='ltr'><strong>gloriﬁcatus</strong></span> <span class='ocrx_word' id='word_1_579' title='bbox 248 2514 411 2544; x_wconf 58' lang='lat' dir='ltr'><strong>est&#39;Jesus.</strong></span> <span class='ocrx_word' id='word_1_580' title='bbox 437 2519 503 2543; x_wconf 89' lang='lat' dir='ltr'><strong>tunc</strong></span> <span class='ocrx_word' id='word_1_581' title='bbox 528 2514 664 2544; x_wconf 87' lang='lat' dir='ltr'><strong>recordati</strong></span> <span class='ocrx_word' id='word_1_582' title='bbox 692 2518 764 2541; x_wconf 90' lang='lat' dir='ltr'><strong>sunt.</strong></span> <span class='ocrx_word' id='word_1_583' title='bbox 793 2514 857 2549; x_wconf 91' lang='lat' dir='ltr'><strong>quia</strong></span> 
     </span>
    </p>
   </div>
   <div class='ocr_carea' id='block_1_186' title="bbox 909 2114 1710 2148">
    <p class='ocr_par' dir='ltr' id='par_1_186' title="bbox 909 2114 1710 2148">
     <span class='ocr_line' id='line_1_188' title="bbox 909 2114 1710 2148; baseline -0.006 -2"><span class='ocrx_word' id='word_1_584' title='bbox 909 2120 977 2148; x_wconf 89' lang='lat' dir='ltr'><strong>haec</strong></span> <span class='ocrx_word' id='word_1_585' title='bbox 1005 2122 1083 2146; x_wconf 87' lang='lat' dir='ltr'><strong>erant</strong></span> <span class='ocrx_word' id='word_1_586' title='bbox 1114 2117 1214 2145; x_wconf 83' lang='lat' dir='ltr'><strong>scribta</strong></span> <span class='ocrx_word' id='word_1_587' title='bbox 1240 2116 1274 2144; x_wconf 87' lang='lat' dir='ltr'><strong>de</strong></span> <span class='ocrx_word' id='word_1_588' title='bbox 1296 2123 1340 2143; x_wconf 89' lang='lat' dir='ltr'><strong>eo.</strong></span> <span class='ocrx_word' id='word_1_589' title='bbox 1366 2120 1391 2143; x_wconf 87' lang='lat' dir='ltr'><strong>et</strong></span> <span class='ocrx_word' id='word_1_590' title='bbox 1423 2115 1490 2143; x_wconf 86' lang='lat' dir='ltr'><strong>liacc</strong></span> <span class='ocrx_word' id='word_1_591' title='bbox 1519 2114 1641 2142; x_wconf 81' lang='lat' dir='ltr'><strong>fecerunt</strong></span> <span class='ocrx_word' id='word_1_592' title='bbox 1673 2114 1710 2142; x_wconf 89' lang='lat' dir='ltr'><strong>ei.</strong></span> 
     </span>
    </p>
   </div>
   <div class='ocr_carea' id='block_1_187' title="bbox 909 2151 1710 2188">
    <p class='ocr_par' dir='ltr' id='par_1_187' title="bbox 909 2151 1710 2188">
     <span class='ocr_line' id='line_1_189' title="bbox 909 2151 1710 2188; baseline -0.005 -6"><span class='ocrx_word' id='word_1_593' title='bbox 909 2155 1104 2182; x_wconf 82' lang='lat' dir='ltr'><strong>Testimonium</strong></span> <span class='ocrx_word' id='word_1_594' title='bbox 1141 2161 1206 2188; x_wconf 82' lang='lat' dir='ltr'><strong>ergo</strong></span> <span class='ocrx_word' id='word_1_595' title='bbox 1241 2151 1400 2187; x_wconf 79' lang='lat' dir='ltr'><strong>peiliiliebat</strong></span> <span class='ocrx_word' id='word_1_596' title='bbox 1433 2151 1520 2179; x_wconf 75' lang='lat' dir='ltr'><strong>iniba.</strong></span> <span class='ocrx_word' id='word_1_597' title='bbox 1551 2158 1620 2187; x_wconf 91' lang='lat' dir='ltr'><strong>quae</strong></span> <span class='ocrx_word' id='word_1_598' title='bbox 1652 2155 1710 2178; x_wconf 89' lang='lat' dir='ltr'><strong>crat</strong></span> 
     </span>
    </p>
   </div>
   <div class='ocr_carea' id='block_1_188' title="bbox 908 2188 1712 2224">
    <p class='ocr_par' dir='ltr' id='par_1_188' title="bbox 908 2188 1712 2224">
     <span class='ocr_line' id='line_1_190' title="bbox 908 2188 1712 2224; baseline -0.006 -6"><span class='ocrx_word' id='word_1_599' title='bbox 908 2199 969 2218; x_wconf 88' lang='lat' dir='ltr'><strong>cuni</strong></span> <span class='ocrx_word' id='word_1_600' title='bbox 984 2199 1028 2222; x_wconf 84' lang='lat' dir='ltr'><strong>eo,</strong></span> <span class='ocrx_word' id='word_1_601' title='bbox 1045 2189 1152 2224; x_wconf 80' lang='lat' dir='ltr'><strong>quando</strong></span> <span class='ocrx_word' id='word_1_602' title='bbox 1168 2188 1297 2216; x_wconf 83' lang='lat' dir='ltr'><strong>Lazarum</strong></span> <span class='ocrx_word' id='word_1_603' title='bbox 1318 2188 1423 2216; x_wconf 70' lang='lat' dir='ltr'><strong>vocavit</strong></span> <span class='ocrx_word' id='word_1_604' title='bbox 1438 2188 1471 2215; x_wconf 87' lang='lat' dir='ltr'><strong>de</strong></span> <span class='ocrx_word' id='word_1_605' title='bbox 1485 2191 1670 2224; x_wconf 83' lang='lat' dir='ltr'><strong>monumento.</strong></span> <span class='ocrx_word' id='word_1_606' title='bbox 1683 2191 1712 2224; x_wconf 85' lang='lat' dir='ltr'><strong>et</strong></span> 
     </span>
    </p>
   </div>
   <div class='ocr_carea' id='block_1_189' title="bbox 909 2223 1712 2258">
    <p class='ocr_par' dir='ltr' id='par_1_189' title="bbox 909 2223 1712 2258">
     <span class='ocr_line' id='line_1_191' title="bbox 909 2223 1712 2258; baseline -0.005 -5"><span class='ocrx_word' id='word_1_607' title='bbox 909 2223 1122 2254; x_wconf 77' lang='lat' dir='ltr'><strong>suscitaviteum</strong></span> <span class='ocrx_word' id='word_1_608' title='bbox 1138 2232 1152 2252; x_wconf 91' lang='lat' dir='ltr'><strong>a</strong></span> <span class='ocrx_word' id='word_1_609' title='bbox 1166 2226 1289 2251; x_wconf 71' lang='lat' dir='ltr'><strong>moi-tuis.</strong></span> <span class='ocrx_word' id='word_1_610' title='bbox 1304 2224 1451 2258; x_wconf 81' lang='lat' dir='ltr'><strong>Propterea</strong></span> <span class='ocrx_word' id='word_1_611' title='bbox 1468 2227 1495 2251; x_wconf 88' lang='lat' dir='ltr'><strong>et</strong></span> <span class='ocrx_word' id='word_1_612' title='bbox 1512 2223 1619 2249; x_wconf 80' lang='lat' dir='ltr'><strong>obvium</strong></span> <span class='ocrx_word' id='word_1_613' title='bbox 1637 2223 1712 2249; x_wconf 80' lang='lat' dir='ltr'><strong>venit</strong></span> 
     </span>
    </p>
   </div>
   <div class='ocr_carea' id='block_1_190' title="bbox 909 2258 1709 2297">
    <p class='ocr_par' dir='ltr' id='par_1_190' title="bbox 909 2258 1709 2297">
     <span class='ocr_line' id='line_1_192' title="bbox 909 2258 1709 2297; baseline -0.006 -8"><span class='ocrx_word' id='word_1_614' title='bbox 909 2263 933 2289; x_wconf 87' lang='lat' dir='ltr'><strong>ei</strong></span> <span class='ocrx_word' id='word_1_615' title='bbox 950 2263 1026 2289; x_wconf 89' lang='lat' dir='ltr'><strong>turba</strong></span> <span class='ocrx_word' id='word_1_616' title='bbox 1051 2262 1114 2297; x_wconf 86' lang='lat' dir='ltr'><strong>quia</strong></span> <span class='ocrx_word' id='word_1_617' title='bbox 1137 2261 1279 2297; x_wconf 80' lang='lat' dir='ltr'><strong>audierant</strong></span> <span class='ocrx_word' id='word_1_618' title='bbox 1302 2268 1378 2297; x_wconf 63' lang='lat' dir='ltr'><strong>eum.</strong></span> <span class='ocrx_word' id='word_1_619' title='bbox 1402 2258 1497 2297; x_wconf 71' lang='lat' dir='ltr'><strong>fecisse</strong></span> <span class='ocrx_word' id='word_1_620' title='bbox 1522 2258 1572 2297; x_wconf 86' lang='lat' dir='ltr'><strong>l_i_oc_</strong></span> <span class='ocrx_word' id='word_1_621' title='bbox 1592 2258 1709 2297; x_wconf 76' lang='lat' dir='ltr'><strong>signum.</strong></span> 
     </span>
    </p>
   </div>
   <div class='ocr_carea' id='block_1_191' title="bbox 909 2293 1711 2327">
    <p class='ocr_par' dir='ltr' id='par_1_191' title="bbox 909 2293 1711 2327">
     <span class='ocr_line' id='line_1_193' title="bbox 909 2293 1711 2327; baseline -0.007 -2"><span class='ocrx_word' id='word_1_622' title='bbox 909 2298 1046 2325; x_wconf 83' lang='lat' dir='ltr'><strong>Pharisaei</strong></span> <span class='ocrx_word' id='word_1_623' title='bbox 1061 2293 1151 2324; x_wconf 73' lang='lat' dir='ltr'><strong>autem</strong></span> <span class='ocrx_word' id='word_1_624' title='bbox 1167 2296 1293 2324; x_wconf 85' lang='lat' dir='ltr'><strong>dixerunt</strong></span> <span class='ocrx_word' id='word_1_625' title='bbox 1313 2297 1346 2323; x_wconf 89' lang='lat' dir='ltr'><strong>ad</strong></span> <span class='ocrx_word' id='word_1_626' title='bbox 1372 2295 1497 2322; x_wconf 80' lang='lat' dir='ltr'><strong>invicem.</strong></span> <span class='ocrx_word' id='word_1_627' title='bbox 1523 2294 1626 2321; x_wconf 82' lang='lat' dir='ltr'><strong>Videtis</strong></span> <span class='ocrx_word' id='word_1_628' title='bbox 1649 2293 1711 2327; x_wconf 85' lang='lat' dir='ltr'><strong>quia</strong></span> 
     </span>
    </p>
   </div>
   <div class='ocr_carea' id='block_1_192' title="bbox 908 2328 1708 2368">
    <p class='ocr_par' dir='ltr' id='par_1_192' title="bbox 908 2328 1708 2368">
     <span class='ocr_line' id='line_1_194' title="bbox 908 2328 1708 2368; baseline -0.009 -7"><span class='ocrx_word' id='word_1_629' title='bbox 908 2334 974 2361; x_wconf 90' lang='lat' dir='ltr'><strong>nihil</strong></span> <span class='ocrx_word' id='word_1_630' title='bbox 996 2333 1151 2368; x_wconf 80' lang='lat' dir='ltr'><strong>proﬁcimus</strong></span> <span class='ocrx_word' id='word_1_631' title='bbox 1170 2339 1234 2359; x_wconf 90' lang='lat' dir='ltr'><strong>ecce</strong></span> <span class='ocrx_word' id='word_1_632' title='bbox 1254 2331 1370 2368; x_wconf 81' lang='lat' dir='ltr'><strong>innudus</strong></span> <span class='ocrx_word' id='word_1_633' title='bbox 1385 2336 1469 2368; x_wconf 69' lang='lat' dir='ltr'><strong>totus</strong></span> <span class='ocrx_word' id='word_1_634' title='bbox 1482 2335 1539 2364; x_wconf 82' lang='lat' dir='ltr'><strong>post</strong></span> <span class='ocrx_word' id='word_1_635' title='bbox 1557 2337 1617 2368; x_wconf 76' lang='lat' dir='ltr'><strong>eum</strong></span> <span class='ocrx_word' id='word_1_636' title='bbox 1632 2328 1708 2355; x_wconf 77' lang='lat' dir='ltr'><strong>abiit.</strong></span> 
     </span>
    </p>
   </div>
   <div class='ocr_carea' id='block_1_193' title="bbox 909 2365 1710 2401">
    <p class='ocr_par' dir='ltr' id='par_1_193' title="bbox 909 2365 1710 2401">
     <span class='ocr_line' id='line_1_195' title="bbox 909 2365 1710 2401; baseline -0.009 -4"><span class='ocrx_word' id='word_1_637' title='bbox 909 2365 1050 2397; x_wconf 54' lang='lat' dir='ltr'><strong>Erant&#39;aut</strong></span> <span class='ocrx_word' id='word_1_638' title='bbox 1065 2368 1186 2396; x_wconf 84' lang='lat' dir='ltr'><strong>Gentiles</strong></span> <span class='ocrx_word' id='word_1_639' title='bbox 1197 2367 1305 2401; x_wconf 90' lang='lat' dir='ltr'><strong>quidam</strong></span> <span class='ocrx_word' id='word_1_640' title='bbox 1317 2374 1349 2394; x_wconf 84' lang='lat' dir='ltr'><strong>ex</strong></span> <span class='ocrx_word' id='word_1_641' title='bbox 1366 2365 1471 2401; x_wconf 86' lang='lat' dir='ltr'><strong>liis.qni</strong></span> <span class='ocrx_word' id='word_1_642' title='bbox 1481 2365 1710 2401; x_wconf 70' lang='lat' dir='ltr'><strong>asceiiderant._nt</strong></span> 
     </span>
    </p>
   </div>
   <div class='ocr_carea' id='block_1_194' title="bbox 909 2399 1711 2436">
    <p class='ocr_par' dir='ltr' id='par_1_194' title="bbox 909 2399 1711 2436">
     <span class='ocr_line' id='line_1_196' title="bbox 909 2399 1711 2436; baseline -0.009 -3"><span class='ocrx_word' id='word_1_643' title='bbox 909 2405 1086 2433; x_wconf 88' lang='lat' dir='ltr'><strong>adorarentin</strong></span> <span class='ocrx_word' id='word_1_644' title='bbox 1098 2404 1168 2431; x_wconf 87' lang='lat' dir='ltr'><strong>diem</strong></span> <span class='ocrx_word' id='word_1_645' title='bbox 1177 2399 1285 2430; x_wconf 72' lang='lat' dir='ltr'><strong>festum.</strong></span> <span class='ocrx_word' id='word_1_646' title='bbox 1296 2402 1326 2429; x_wconf 94' lang='lat' dir='ltr'><strong>lli</strong></span> <span class='ocrx_word' id='word_1_647' title='bbox 1334 2409 1408 2436; x_wconf 75' lang='lat' dir='ltr'><strong>ergo.</strong></span> <span class='ocrx_word' id='word_1_648' title='bbox 1422 2399 1596 2429; x_wconf 78' lang='lat' dir='ltr'><strong>accesserunt</strong></span> <span class='ocrx_word' id='word_1_649' title='bbox 1606 2400 1638 2427; x_wconf 88' lang='lat' dir='ltr'><strong>ad</strong></span> <span class='ocrx_word' id='word_1_650' title='bbox 1647 2399 1711 2426; x_wconf 91' lang='lat' dir='ltr'><strong>Plii-</strong></span> 
     </span>
    </p>
   </div>
   <div class='ocr_carea' id='block_1_195' title="bbox 910 2437 1708 2476">
    <p class='ocr_par' dir='ltr' id='par_1_195' title="bbox 910 2437 1708 2476">
     <span class='ocr_line' id='line_1_197' title="bbox 910 2437 1708 2476; baseline -0.009 -7"><span class='ocrx_word' id='word_1_651' title='bbox 910 2441 1023 2476; x_wconf 90' lang='lat' dir='ltr'><strong>lippuni.</strong></span> <span class='ocrx_word' id='word_1_652' title='bbox 1036 2441 1081 2476; x_wconf 90' lang='lat' dir='ltr'><strong>qui</strong></span> <span class='ocrx_word' id='word_1_653' title='bbox 1093 2444 1174 2468; x_wconf 89' lang='lat' dir='ltr'><strong>erata</strong></span> <span class='ocrx_word' id='word_1_654' title='bbox 1183 2437 1456 2476; x_wconf 70' lang='lat' dir='ltr'><strong>BethsaidaGalileae.</strong></span> <span class='ocrx_word' id='word_1_655' title='bbox 1469 2437 1635 2476; x_wconf 57' lang='lat' dir='ltr'><strong>clrgs:lli:ll‘tl:</strong></span> <span class='ocrx_word' id='word_1_656' title='bbox 1646 2443 1708 2476; x_wconf 66' lang='lat' dir='ltr'><strong>eum</strong></span> 
     </span>
    </p>
   </div>
   <div class='ocr_carea' id='block_1_196' title="bbox 911 2471 1710 2507">
    <p class='ocr_par' dir='ltr' id='par_1_196' title="bbox 911 2471 1710 2507">
     <span class='ocr_line' id='line_1_198' title="bbox 911 2471 1710 2507; baseline -0.01 -2"><span class='ocrx_word' id='word_1_657' title='bbox 911 2471 1032 2505; x_wconf 71' lang='lat' dir='ltr'><strong>dicentes</strong></span> <span class='ocrx_word' id='word_1_658' title='bbox 1045 2471 1157 2503; x_wconf 79' lang='lat' dir='ltr'><strong>Domine</strong></span> <span class='ocrx_word' id='word_1_659' title='bbox 1171 2475 1295 2502; x_wconf 88' lang='lat' dir='ltr'><strong>volumus</strong></span> <span class='ocrx_word' id='word_1_660' title='bbox 1306 2473 1397 2501; x_wconf 83' lang='lat' dir='ltr'><strong>Jesum</strong></span> <span class='ocrx_word' id='word_1_661' title='bbox 1406 2472 1508 2499; x_wconf 87' lang='lat' dir='ltr'><strong>videre.</strong></span> <span class='ocrx_word' id='word_1_662' title='bbox 1522 2471 1710 2507; x_wconf 78' lang='lat' dir='ltr'><strong>VenitPliilip-</strong></span> 
     </span>
    </p>
   </div>
   <div class='ocr_carea' id='block_1_197' title="bbox 912 2506 1708 2548">
    <p class='ocr_par' dir='ltr' id='par_1_197' title="bbox 912 2506 1708 2548">
     <span class='ocr_line' id='line_1_199' title="bbox 912 2506 1708 2548; baseline -0.008 -8"><span class='ocrx_word' id='word_1_663' title='bbox 912 2520 971 2548; x_wconf 88' lang='lat' dir='ltr'><strong>pus.</strong></span> <span class='ocrx_word' id='word_1_664' title='bbox 989 2518 1016 2540; x_wconf 82' lang='lat' dir='ltr'><strong>et</strong></span> <span class='ocrx_word' id='word_1_665' title='bbox 1030 2510 1240 2539; x_wconf 84' lang='lat' dir='ltr'><strong>dicitAndreae.</strong></span> <span class='ocrx_word' id='word_1_666' title='bbox 1258 2509 1381 2538; x_wconf 84' lang='lat' dir='ltr'><strong>Andreas</strong></span> <span class='ocrx_word' id='word_1_667' title='bbox 1397 2515 1504 2537; x_wconf 90' lang='lat' dir='ltr'><strong>rursum</strong></span> <span class='ocrx_word' id='word_1_668' title='bbox 1518 2512 1545 2536; x_wconf 91' lang='lat' dir='ltr'><strong>et</strong></span> <span class='ocrx_word' id='word_1_669' title='bbox 1557 2506 1708 2543; x_wconf 86' lang='lat' dir='ltr'><strong>Philippus.</strong></span> 
     </span>
    </p>
   </div>
   <div class='ocr_carea' id='block_1_198' title="bbox 696 2573 1064 2604">
    <p class='ocr_par' dir='ltr' id='par_1_198' title="bbox 696 2573 1064 2604">
     <span class='ocr_line' id='line_1_200' title="bbox 696 2573 1064 2604; baseline -0.005 -1"><span class='ocrx_word' id='word_1_670' title='bbox 696 2574 813 2604; x_wconf 82' lang='lat' dir='ltr'><strong>CODEX</strong></span> <span class='ocrx_word' id='word_1_671' title='bbox 831 2573 1064 2603; x_wconf 82' lang='lat' dir='ltr'><strong>CORBEIENSIS.</strong></span> 
     </span>
    </p>
   </div>
   <div class='ocr_carea' id='block_1_199' title="bbox 93 2624 413 2660">
    <p class='ocr_par' dir='ltr' id='par_1_199' title="bbox 93 2624 413 2660">
     <span class='ocr_line' id='line_1_201' title="bbox 93 2624 413 2660; baseline -0.003 -8"><span class='ocrx_word' id='word_1_672' title='bbox 93 2625 134 2653; x_wconf 72' lang='grc'><strong>15.</strong></span> <span class='ocrx_word' id='word_1_673' title='bbox 153 2625 237 2653; x_wconf 85' lang='lat' dir='ltr'><strong>ﬂores</strong></span> <span class='ocrx_word' id='word_1_674' title='bbox 248 2624 413 2660; x_wconf 76' lang='lat' dir='ltr'><strong>palmarum.</strong></span> 
     </span>
    </p>
   </div>
   <div class='ocr_carea' id='block_1_200' title="bbox 92 2660 487 2696">
    <p class='ocr_par' dir='ltr' id='par_1_200' title="bbox 92 2660 487 2696">
     <span class='ocr_line' id='line_1_202' title="bbox 92 2660 487 2696; baseline -0.003 -8"><span class='ocrx_word' id='word_1_675' title='bbox 92 2662 133 2688; x_wconf 82' lang='grc' dir='ltr'><strong>Π.</strong></span> <span class='ocrx_word' id='word_1_676' title='bbox 146 2662 209 2696; x_wconf 87' lang='lat' dir='ltr'><strong>quia</strong></span> <span class='ocrx_word' id='word_1_677' title='bbox 230 2661 359 2688; x_wconf 85' lang='lat' dir='ltr'><strong>Lazarum</strong></span> <span class='ocrx_word' id='word_1_678' title='bbox 371 2660 487 2688; x_wconf 86' lang='lat' dir='ltr'><strong>vocavit.</strong></span> 
     </span>
    </p>
   </div>
   <div class='ocr_carea' id='block_1_201' title="bbox 93 2694 855 2733">
    <p class='ocr_par' dir='ltr' id='par_1_201' title="bbox 93 2694 855 2733">
     <span class='ocr_line' id='line_1_203' title="bbox 93 2694 855 2733; baseline -0.003 -9"><span class='ocrx_word' id='word_1_679' title='bbox 93 2697 133 2725; x_wconf 84' lang='lat' dir='ltr'><strong>l9.</strong></span> <span class='ocrx_word' id='word_1_680' title='bbox 145 2694 209 2733; x_wconf 83' lang='lat' dir='ltr'><strong>quia</strong></span> <span class='ocrx_word' id='word_1_681' title='bbox 221 2697 286 2725; x_wconf 88' lang='lat' dir='ltr'><strong>nihil</strong></span> <span class='ocrx_word' id='word_1_682' title='bbox 298 2696 429 2732; x_wconf 75' lang='lat' dir='ltr'><strong>profecit?</strong></span> <span class='ocrx_word' id='word_1_683' title='bbox 442 2703 507 2725; x_wconf 90' lang='lat' dir='ltr'><strong>ecce</strong></span> <span class='ocrx_word' id='word_1_684' title='bbox 519 2702 587 2723; x_wconf 94' lang='lat' dir='ltr'><strong>unus</strong></span> <span class='ocrx_word' id='word_1_685' title='bbox 603 2695 716 2730; x_wconf 89' lang='lat' dir='ltr'><strong>populus</strong></span> <span class='ocrx_word' id='word_1_686' title='bbox 731 2694 855 2730; x_wconf 85' lang='lat' dir='ltr'><strong>sequitur</strong></span> 
     </span>
    </p>
   </div>
   <div class='ocr_carea' id='block_1_202' title="bbox 906 2621 1710 2690">
    <p class='ocr_par' dir='ltr' id='par_1_202' title="bbox 906 2621 1710 2690">
     <span class='ocr_line' id='line_1_204' title="bbox 906 2621 1066 2657; baseline -0.006 -8"><span class='ocrx_word' id='word_1_687' title='bbox 906 2626 968 2657; x_wconf 89' lang='lat' dir='ltr'><strong>post</strong></span> <span class='ocrx_word' id='word_1_688' title='bbox 981 2621 1066 2648; x_wconf 92' lang='lat' dir='ltr'><strong>illum.</strong></span> 
     </span>
     <span class='ocr_line' id='line_1_205' title="bbox 941 2652 1710 2690; baseline -0.004 -6"><span class='ocrx_word' id='word_1_689' title='bbox 941 2657 987 2684; x_wconf 86' lang='lat'><strong>20.</strong></span> <span class='ocrx_word' id='word_1_690' title='bbox 1009 2657 1042 2684; x_wconf 62' lang='grc' dir='ltr'><strong>ιι</strong></span> <span class='ocrx_word' id='word_1_691' title='bbox 1060 2659 1138 2684; x_wconf 86' lang='lat' dir='ltr'><strong>erant</strong></span> <span class='ocrx_word' id='word_1_692' title='bbox 1149 2655 1245 2684; x_wconf 87' lang='lat' dir='ltr'><strong>Graeci</strong></span> <span class='ocrx_word' id='word_1_693' title='bbox 1260 2654 1369 2690; x_wconf 88' lang='lat' dir='ltr'><strong>quidam</strong></span> <span class='ocrx_word' id='word_1_694' title='bbox 1384 2660 1419 2681; x_wconf 84' lang='lat' dir='ltr'><strong>ex</strong></span> <span class='ocrx_word' id='word_1_695' title='bbox 1433 2652 1476 2681; x_wconf 88' lang='lat' dir='ltr'><strong>his</strong></span> <span class='ocrx_word' id='word_1_696' title='bbox 1487 2673 1494 2686; x_wconf 89' lang='lat'><strong>,</strong></span> <span class='ocrx_word' id='word_1_697' title='bbox 1511 2653 1555 2688; x_wconf 92' lang='lat' dir='ltr'><strong>qui</strong></span> <span class='ocrx_word' id='word_1_698' title='bbox 1578 2652 1710 2681; x_wconf 84' lang='lat' dir='ltr'><strong>ascende-</strong></span> 
     </span>
    </p>
   </div>
   <div class='ocr_carea' id='block_1_203' title="bbox 907 2691 1352 2722">
    <p class='ocr_par' dir='ltr' id='par_1_203' title="bbox 907 2691 1352 2722">
     <span class='ocr_line' id='line_1_206' title="bbox 907 2691 1352 2722; baseline -0.009 -1"><span class='ocrx_word' id='word_1_699' title='bbox 907 2698 968 2722; x_wconf 89' lang='lat' dir='ltr'><strong>rant</strong></span> <span class='ocrx_word' id='word_1_700' title='bbox 981 2693 1007 2721; x_wconf 90' lang='lat' dir='ltr'><strong>in</strong></span> <span class='ocrx_word' id='word_1_701' title='bbox 1019 2692 1063 2720; x_wconf 83' lang='lat' dir='ltr'><strong>die</strong></span> <span class='ocrx_word' id='word_1_702' title='bbox 1074 2692 1143 2720; x_wconf 81' lang='lat' dir='ltr'><strong>festo</strong></span> <span class='ocrx_word' id='word_1_703' title='bbox 1155 2696 1184 2719; x_wconf 94' lang='lat' dir='ltr'><strong>ut</strong></span> <span class='ocrx_word' id='word_1_704' title='bbox 1196 2691 1352 2719; x_wconf 83' lang='lat' dir='ltr'><strong>adorarent.</strong></span> 
     </span>
    </p>
   </div>
   <div class='ocr_carea' id='block_1_204' title="bbox 692 2749 1114 2780">
    <p class='ocr_par' dir='ltr' id='par_1_204' title="bbox 692 2749 1114 2780">
     <span class='ocr_line' id='line_1_207' title="bbox 692 2749 1114 2780; baseline 0 -2"><span class='ocrx_word' id='word_1_705' title='bbox 692 2750 892 2780; x_wconf 76' lang='lat' dir='ltr'><strong>VARIANTES</strong></span> <span class='ocrx_word' id='word_1_706' title='bbox 910 2749 1114 2780; x_wconf 76' lang='lat' dir='ltr'><strong>LECTIONES.</strong></span> 
     </span>
    </p>
   </div>
   <div class='ocr_carea' id='block_1_205' title="bbox 87 2799 768 2832">
    <p class='ocr_par' dir='ltr' id='par_1_205' title="bbox 87 2799 768 2832">
     <span class='ocr_line' id='line_1_208' title="bbox 87 2799 768 2832; baseline -0.001 -7"><span class='ocrx_word' id='word_1_707' title='bbox 87 2801 96 2816; x_wconf 87' lang='grc'>¹</span> <span class='ocrx_word' id='word_1_708' title='bbox 114 2801 172 2825; x_wconf 77' lang='lat' dir='ltr'><strong>Mm.</strong></span> <span class='ocrx_word' id='word_1_709' title='bbox 185 2801 254 2825; x_wconf 79' lang='lat' dir='ltr'><strong>venit</strong></span> <span class='ocrx_word' id='word_1_710' title='bbox 263 2800 306 2832; x_wconf 85' lang='lat' dir='ltr'><strong>tibi</strong></span> <span class='ocrx_word' id='word_1_711' title='bbox 317 2799 416 2825; x_wconf 85' lang='lat' dir='ltr'><strong>sedens.</strong></span> <span class='ocrx_word' id='word_1_712' title='bbox 428 2799 507 2832; x_wconf 50' lang='lat' dir='ltr'><strong>Vulg.</strong></span> <span class='ocrx_word' id='word_1_713' title='bbox 518 2802 580 2832; x_wconf 82' lang='lat' dir='ltr'><strong>tuus</strong></span> <span class='ocrx_word' id='word_1_714' title='bbox 589 2800 658 2825; x_wconf 87' lang='lat' dir='ltr'><strong>venit</strong></span> <span class='ocrx_word' id='word_1_715' title='bbox 666 2800 768 2826; x_wconf 84' lang='lat' dir='ltr'><strong>sedens.</strong></span> 
     </span>
    </p>
   </div>
   <div class='ocr_carea' id='block_1_206' title="bbox 87 2831 997 2865">
    <p class='ocr_par' dir='ltr' id='par_1_206' title="bbox 87 2831 997 2865">
     <span class='ocr_line' id='line_1_209' title="bbox 87 2831 997 2865; baseline 0.001 -9"><span class='ocrx_word' id='word_1_716' title='bbox 87 2831 97 2847; x_wconf 81' lang='lat'>&#39;</span> <span class='ocrx_word' id='word_1_717' title='bbox 112 2833 171 2857; x_wconf 71' lang='lat' dir='ltr'><strong>Mm.</strong></span> <span class='ocrx_word' id='word_1_718' title='bbox 185 2832 256 2857; x_wconf 86' lang='lat' dir='ltr'><strong>turba</strong></span> <span class='ocrx_word' id='word_1_719' title='bbox 267 2831 299 2858; x_wconf 86' lang='lat' dir='ltr'><strong>de</strong></span> <span class='ocrx_word' id='word_1_720' title='bbox 311 2838 343 2858; x_wconf 91' lang='lat' dir='ltr'><strong>eo</strong></span> <span class='ocrx_word' id='word_1_721' title='bbox 353 2831 459 2863; x_wconf 85' lang='lat' dir='ltr'><strong>quando.</strong></span> <span class='ocrx_word' id='word_1_722' title='bbox 474 2831 545 2865; x_wconf 65' lang='lat' dir='ltr'><strong>Vulg.</strong></span> <span class='ocrx_word' id='word_1_723' title='bbox 552 2832 632 2863; x_wconf 85' lang='lat' dir='ltr'><strong>turba,</strong></span> <span class='ocrx_word' id='word_1_724' title='bbox 645 2838 710 2863; x_wconf 89' lang='lat' dir='ltr'><strong>quae</strong></span> <span class='ocrx_word' id='word_1_725' title='bbox 722 2834 843 2858; x_wconf 79' lang='lat' dir='ltr'><strong>eratcum</strong></span> <span class='ocrx_word' id='word_1_726' title='bbox 853 2831 997 2865; x_wconf 85' lang='lat' dir='ltr'><strong>ecquando.</strong></span> 
     </span>
    </p>
   </div>
   <div class='ocr_carea' id='block_1_207' title="bbox 723 2896 1046 2925">
    <p class='ocr_par' dir='ltr' id='par_1_207' title="bbox 723 2896 1046 2925">
     <span class='ocr_line' id='line_1_210' title="bbox 723 2896 1046 2925; baseline 0 -1"><span class='ocrx_word' id='word_1_727' title='bbox 723 2896 909 2925; x_wconf 80' lang='lat' dir='ltr'><strong>BLANCHINI</strong></span> <span class='ocrx_word' id='word_1_728' title='bbox 930 2896 1046 2925; x_wconf 65' lang='lat' dir='ltr'><strong>NOTAE.</strong></span> 
     </span>
    </p>
   </div>
   <div class='ocr_carea' id='block_1_208' title="bbox 91 2944 1032 2983">
    <p class='ocr_par' dir='ltr' id='par_1_208' title="bbox 91 2944 1032 2983">
     <span class='ocr_line' id='line_1_211' title="bbox 91 2944 1032 2983; baseline -0.005 -7"><span class='ocrx_word' id='word_1_729' title='bbox 91 2947 128 2983; x_wconf 78' lang='grc' dir='ltr'><strong>(α)</strong></span> <span class='ocrx_word' id='word_1_730' title='bbox 140 2947 181 2977; x_wconf 80' lang='lat' dir='ltr'><strong>Ita</strong></span> <span class='ocrx_word' id='word_1_731' title='bbox 194 2951 223 2976; x_wconf 88' lang='lat' dir='ltr'><strong>et</strong></span> <span class='ocrx_word' id='word_1_732' title='bbox 235 2949 298 2976; x_wconf 68' lang='lat' dir='ltr'><strong>lexi&#39;</strong></span> <span class='ocrx_word' id='word_1_733' title='bbox 311 2947 359 2977; x_wconf 75' lang='lat' dir='ltr'><strong>Gr;</strong></span> <span class='ocrx_word' id='word_1_734' title='bbox 375 2951 425 2977; x_wconf 78' lang='grc' dir='ltr'><strong>τῶν</strong></span> <span class='ocrx_word' id='word_1_735' title='bbox 440 2945 615 2977; x_wconf 74' lang='grc' dir='ltr'><strong>Ἰονδαίων.-·</strong></span> <span class='ocrx_word' id='word_1_736' title='bbox 629 2945 667 2981; x_wconf 78' lang='grc' dir='ltr'><strong>(ὁ)</strong></span> <span class='ocrx_word' id='word_1_737' title='bbox 681 2944 720 2973; x_wconf 84' lang='lat' dir='ltr'><strong>Ita</strong></span> <span class='ocrx_word' id='word_1_738' title='bbox 732 2948 761 2975; x_wconf 85' lang='lat' dir='ltr'><strong>et</strong></span> <span class='ocrx_word' id='word_1_739' title='bbox 771 2949 825 2973; x_wconf 82' lang='lat' dir='ltr'><strong>lex.</strong></span> <span class='ocrx_word' id='word_1_740' title='bbox 840 2944 888 2973; x_wconf 84' lang='lat' dir='ltr'><strong>Gr.</strong></span> <span class='ocrx_word' id='word_1_741' title='bbox 903 2944 1032 2981; x_wconf 80' lang='grc' dir='ltr'><strong>ὠφελεῖτε.</strong></span> 
     </span>
    </p>
   </div>
  </div>
