3874 6326
508 318 619 383 ηδ

516 544 574 593 et
595 534 785 594 dicunt
811 534 881 591 ad

516 606 727 665 Jesum.

514 679 604 735 23.
638 681 719 735 Ad
751 679 845 734 ille
871 690 1100 749 respon-

516 752 596 807 dit
622 753 723 816 eis,
746 748 963 807 dicens:

517 821 682 878 Venit
708 825 860 889 liora,

517 903 579 951 ut
606 894 871 947 ltouoriiin

517 975 673 1022 cetur
700 965 871 1021 Filius

517 1037 774 1094 hominis.

518 1108 610 1164 24.
655 1113 852 1177 Amen,
880 1123 1038 1166 amen

516 1180 642 1236 dico
670 1182 847 1247 vobis,
879 1183 964 1237 ni-

514 1253 560 1309 si
592 1268 818 1322 granum

518 1325 681 1380 tritici
721 1325 924 1381 cadens

517 1396 571 1451 in
596 1404 764 1460 terra,
787 1411 903 1452 mo-

515 1465 609 1523 25.
642 1468 836 1534 riatur,
865 1470 1040 1539 ipsum

519 1540 696 1595 solum
724 1554 911 1595 mane-

525 1611 641 1675 bit;
676 1611 721 1665 si
751 1627 882 1667 vero
906 1596 1059 1669 lno-1

517 1683 705 1746 riatur,
729 1684 869 1737 mul-

517 1761 633 1809 tum
666 1754 896 1813 fructum

520 1823 752 1881 adferet.

516 1895 619 1965 Qui
650 1907 797 1954 amat
820 1902 937 1957 ani-

514 1983 659 2023 mam
692 1986 867 2039 suam,

513 2041 878 2143 Ρῖῗδέξξῖἔῗξξῗ
898 2059 913 2097 ⁷

560 2123 614 2195 et
641 2115 730 2183 qui
760 2113 874 2170 odit

509 2197 747 2238 animam
780 2200 933 2243 suam

511 2254 567 2309 in
597 2254 699 2310 hoc
729 2271 883 2312 mun-

510 2326 603 2393 do,
634 2326 689 2382 in
724 2329 891 2386 vitam

511 2407 789 2455 aeternam

511 2471 773 2526 costodiet
805 2472 873 2528 il-

508 2539 603 2618 26_._
632 2544 759 2618 iam.
790 2543 847 2618 Si
879 2545 1000 2618 quis

508 2612 644 2668 milii
677 2616 865 2672 minis-

510 2690 639 2752 trat,
667 2696 923 2756 sequatur

511 2772 601 2813 me
627 2775 641 2813 :
672 2768 727 2833 et
746 2760 838 2833 ubi
867 2774 969 2833 ego

509 2843 654 2912 sum,
686 2830 755 2886 ibi
785 2842 839 2887 et
862 2830 964 2889 nfi-

509 2910 682 2956 nister
705 2918 857 2958 meus

510 2974 635 3044 erit.
663 2971 720 3028 Si
744 2975 866 3044 quis

406 3090 423 3115 ,
510 3043 642 3097 mihi
674 3043 862 3115 initiis—

511 3122 637 3180 trat,
673 3114 907 3173 honora-

510 3186 591 3240 vit
619 3186 772 3242 illum
805 3188 904 3244 Pa-

511 3264 594 3312 ter
622 3273 796 3314 meus.

509 3328 600 3383 27.
634 3328 787 3385 Nunc
808 3331 989 3388 anima

511 3415 632 3456 mea
665 3404 848 3456 turba-

510 3478 618 3526 tur.
652 3473 719 3527 Et
742 3474 873 3529 auid

510 3543 731 3615 dicam?
759 3543 943 3615 Pater,

510 3614 677 3670 libera
708 3633 794 3672 me
820 3618 890 3675 de

510 3685 652 3743 hane
681 3688 809 3743 hora
838 3706 852 3744 :

511 3758 607 3813 sed
633 3759 757 3815 ideo
788 3761 912 3816 veni

510 3829 564 3884 in
599 3829 737 3887 hanc
766 3831 981 3888 horam.

505 3899 597 3957 28.
631 3902 809 3971 Pater,
837 3906 859 3937 ¹¹
891 3905 1114 3963 honori-

506 4154 761 4212 dixerunt
810 4158 876 4212 ad
946 4159 1130 4215 .iesum

506 4225 713 4280 dicens.
765 4227 927 4284 Venit
988 4232 1056 4283 Ιιυ

1061 324 1332 383 EUSEBII
1361 322 1705 384 VERCELL.
1746 322 2195 390 E'ANGELIUH
2232 323 2374 388 CUM
2403 326 2635 389 VARIIS
2656 326 2817 388 COD.
2852 327 3248 393 COLLATUM.

911 437 1146 497 CODEX
1183 436 1410 499 VERGE
1419 436 1727 502 LLENSIS.
1748 446 1758 479 έ

1355 535 1452 591 lica
1483 551 1681 592 nomen

1354 615 1525 662 tuum.
1551 607 1724 682 Venit]

1354 686 1534 735 autem
1564 696 1668 736 vox

1351 751 1422 806 de
1452 753 1638 813 Caviis.
1674 752 1757 807 di-

1350 837 1483 878 cens
1505 840 1524 879 :
1556 824 1621 879 Et
1651 825 1823 881 Itono-

1354 894 1582 962 riﬁcavi,
1610 906 1663 951 et
1691 896 1795 952 iteo

1353 982 1471 1022 rum
1497 967 1756 1024 honoriﬁ-

1352 1039 1508 1093 calin.

1352 1110 1442 1167 29.
1471 1110 1674 1178 Turba,
1707 1124 1848 1180 quae

1353 1183 1554 1245 stabat.
1587 1191 1642 1237 et
1666 1186 1853 1240 audie-

1354 1253 1465 1321 bat,
1494 1255 1709 1311 dicebat
1734 1270 1749 1311 :
1774 1255 1879 1311 To-

1353 1326 1530 1380 nitrua
1556 1326 1577 1358 ³
1602 1326 1757 1390 facta!

1352 1409 1496 1452 sunt.
1528 1397 1632 1453 Alii
1655 1398 1803 1455 dice-

1351 1468 1482 1524 bant
1506 1489 1519 1523 :
1554 1471 1792 1539 Angelus

1353 1548 1439 1596 est
1464 1542 1536 1596 illi
1571 1542 1801 1598 locutus.

1355 1613 1443 1667 δυ.
1470 1613 1768 1679 Respondit
1796 1614 1978 1683 Jesus,

1352 1693 1406 1739 et
1427 1685 1564 1739 dixit
1589 1684 1734 1739 illis:

1351 1755 1469 1810 Non
1500 1767 1721 1827 propter
1828 1770 1831 1773 '

1351 1842 1439 1883 me
1469 1844 1568 1883 vox
1603 1829 1738 1883 haec

1351 1899 1518 1971 venit.
1548 1900 1640 1952 sed
1673 1914 1834 1971 prop—

1349 1970 1438 2025 51.
1472 1980 1555 2026 ter
1581 1986 1696 2027 vos.
1733 1973 1885 2029 Nunc

1343 2041 1608 2113 judicium

1348 2127 1431 2170 est
1455 2114 1614 2182 hujus
1642 2130 1798 2171 mun-

1344 2184 1400 2240 di
1425 2203 1438 2240 :
1474 2202 1615 2241 nunc
1644 2186 1799 2243 Prin-

1347 2271 1479 2326 ceps
1507 2257 1664 2324 hujus
1686 2275 1843 2316 mun-

1347 2327 1402 2383 di
1426 2329 1655 2384 mittitur

1346 2399 1633 2475 32._foras.
1664 2401 1781 2475 Ego
1811 2416 1935 2457 cum

1344 2472 1608 2527 exaltatus

1349 2542 1500 2598 fuero
1531 2545 1597 2599 de
1629 2553 1737 2600 ter-

1345 2629 1427 2680 ra,
1460 2616 1637 2670 omnia
1667 2624 1775 2672 tra-

1346 2686 1469 2741 ham
1495 2687 1560 2740 ad
1590 2703 1698 2743 me.

1344 2760 1434 2833 ⁸55.
1466 2758 1605 2833 (Hoc
1633 2768 1810 2817 autem
1836 2759 1919 2816 di-

1345 2832 1525 2902 cebat.
1552 2833 1717 2902 signi-

1349 2900 1518 2957 ﬁcans
1538 2900 1642 2973 qua
1674 2919 1818 2959 inor-

1350 2980 1403 3028 te
1428 2985 1544 3029 erat
1571 2978 1740 3032 mori-

1351 3045 1549 3117 turus.)

1349 3116 1442 3172 δι.
1474 3116 1775 3188 Respondit
1798 3117 1863 3174 u-

1349 3188 1387 3243 li
1420 3191 1571 3244 turba
1595 3207 1609 3243 :
1643 3188 1751 3245 Nos

1348 3259 1651 3315 audivimus

1349 3334 1609 3402 scriptum
1640 3332 1693 3386 in

1348 3401 1486 3473 iege.
1513 3405 1590 3485 (b)
1619 3402 1763 3473 quod
1798 3402 1840 3475 1-
1859 3401 2110 3460 Christus

1349 3486 1532 3529 manet
1561 3491 1612 3529 In

1348 3556 1629 3602 aeternum
1665 3564 1678 3600 2

1347 3632 1398 3673 et
1428 3617 1704 3701 quomodo
1882 3668 1889 3673 .

1349 3698 1403 3743 tu
1436 3690 1573 3746 diets
1602 3709 1615 3745 :
1643 3690 1799 3759 Quod

1344 3771 1562 3831 Oportet
1585 3764 1734 3818 exal-

1347 3834 1446 3888 tari
1470 3833 1666 3889 Filium

1343 3905 1618 3962 hominis?
1644 3906 1749 3976 Qui

2659 442 2895 503 CODEX
2931 444 3377 505 VEHUNENSIS.

2214 539 2404 595 dicunt
2427 538 2493 594 ad

2214 610 2418 667 Jesum.

2214 682 2305 739 23.
2336 682 2496 738 Jesos
2519 691 2702 741 autem

2214 753 2494 821 respondit
2521 756 2621 820 eis,

2214 826 2438 881 dicens:
2471 825 2632 880 Venit

2217 897 2371 965 hora,
2405 909 2465 953 ut
2492 898 2655 952 clari-

2217 968 2407 1024 ﬁCetur
2442 969 2609 1024 Filius

2217 1040 2473 1096 hominis.

2214 1112 2308 1169 24.
2342 1117 2533 1179 Amen,
2565 1126 2724 1169 amen

2156 1216 2159 1221 ·
2217 1184 2340 1239 dico
2372 1184 2545 1247 Vobis,

2216 1255 2321 1310 nisi
2347 1268 2572 1325 granum

2217 1328 2379 1382 tritici
2408 1327 2611 1383 cadens

2215 1397 2269 1453 in
2294 1410 2511 1464 terram,
2544 1414 2690 1455 mor-

2214 1477 2363 1525 tuum
2395 1471 2575 1536 fuerit,

2213 1540 2305 1597 25.
2336 1542 2512 1612 ipsum
2539 1544 2715 1597 solum

2216 1621 2400 1669 manet
2418 1629 2432 1677 ;
2460 1616 2504 1667 si
2533 1626 2629 1669 au—

2217 1693 2324 1740 tem
2356 1695 2627 1740 mortuum

2214 1754 2395 1822 fuerit,
2431 1759 2656 1811 multum

2214 1828 2444 1883 fructum
2475 1828 2702 1884 adferet.

2213 1898 2315 1968 Qtti
2347 1911 2490 1954 amat
2513 1899 2629 1955 ani-

2215 1986 2355 2026 mam
2389 1986 2538 2026 suam
2568 1972 2621 2026 iu
2657 1971 2759 2028 hoc

2217 2043 2439 2106 mundo,
2474 2044 2663 2110 perdet

2213 2128 2335 2169 eam
2361 2130 2376 2167 :
2408 2126 2461 2168 ct
2488 2118 2575 2185 qui
2609 2113 2725 2170 odit

2213 2186 2448 2240 animam
2474 2196 2627 2241 suam

2216 2256 2269 2311 in
2301 2257 2402 2312 hoc
2430 2272 2589 2312 mun-

2213 2327 2307 2394 do,
2331 2329 2383 2383 in
2414 2330 2578 2384 vitam

2213 2410 2490 2455 aeternam
2514 2415 2608 2455 Cll-

2212 2471 2381 2526 stodit
2410 2487 2550 2527 eam.

2213 2540 2305 2597 26.
2328 2543 2385 2599 Si
2408 2543 2530 2614 quis
2560 2541 2692 2597 mihi

2213 2614 2506 2676 ministrat.
2534 2629 2618 2671 se-

2211 2696 2406 2755 quatur
2428 2701 2516 2742 me
2542 2704 2556 2743 :

2209 2765 2267 2813 et
2292 2758 2383 2813 ubi
2409 2773 2512 2825 ego

2210 2841 2353 2893 sum,
2387 2829 2501 2884 illic

2211 2907 2268 2954 et
2292 2899 2543 2957 minister

2212 2985 2366 3027 mens
2391 2974 2515 3028 erit.

2210 3041 2267 3098 Si
2290 3044 2415 3115 quis
2434 3051 2615 3099 autem

2212 3116 2345 3170 mihi
2375 3116 2645 3171 ministra-

2214 3186 2377 3253 beril,
2407 3189 2583 3244 hono-

2212 3259 2442 3314 rilieabit
2471 3274 2596 3316 eum

2213 3329 2391 3387 Pater.

2212 3403 2304 3458 27.
2344 3403 2497 3457 Nunc
2518 3402 2701 3459 anima

2214 3490 2334 3529 mea
2367 3476 2636 3532 turbatur.

2216 3546 2285 3601 Ει
2315 3546 2440 3615 quid
2467 3546 2548 3600 di-

2213 3619 2374 3674 cam?
2400 3622 2578 3684 Pater,

2215 3688 2459 3744 salviﬁea
2485 3703 2573 3745 me

2215 3761 2375 3817 Pater
2396 3777 2462 3817 ex
2488 3761 2591 3817 hac

2216 3831 2350 3887 hora
2375 3849 2388 3887 :

2214 3904 2311 3959 sed
2344 3913 2631 3976 propterea

1830 4040 2063 4100 CODEX
2101 4039 2497 4099 BRIXIANUS.

2210 4158 2374 4213 Pater
2395 4156 2629 4217 clarifica
2657 4172 2852 4213 nomen
2883 4164 3053 4213 tuum.
3075 4157 3234 4214 Venit
3262 4171 3398 4226 ergo
3426 4170 3525 4210 vox
3549 4151 3608 4207 de
3622 4142 3749 4203 caelo.

2210 4228 2275 4284 Et
2305 4231 2615 4283 i-larilicavi.
2645 4240 2698 4283 et
2726 4230 2919 4284 iterum
2946 4231 3277 4285 clariﬁcavo.
3310 4229 3491 4286 Turbt
3514 4240 3628 4293 erg"
3650 4229 3752 4287 0""e

2209 4302 2385 4356 διιιῡίιι
2414 4312 2461 4355 ιιι
2496 4302 2759 4355 audii-rat.
2795 4302 3007 4357 dicebat
3052 4300 3378 4356 Tonitruum
3417 4300 3603 4354 factum
3643 4299 3747 4345 ρεςε-

1199 4159 1358 4216 Jesus
1417 4169 1619 4215 autem.
1690 4159 1969 4226 respondit
2026 4158 2105 4213 eis

1063 4249 1119 4285 ra
1178 4241 1237 4286 ut
1305 4233 1632 4287 claritieetur
1695 4230 1862 4284 Filius
1934 4231 2106 4283 homi-

507 4298 614 4371 nis.
678 4299 846 4353 Amen
902 4317 1058 4357 amen
1111 4302 1234 4356 dico
1288 4304 1441 4355 vobis
1495 4302 1597 4356 nisi
1639 4317 1866 4371 granum
1922 4302 2103 4356 tritici.

507 4367 709 4424 Catlcus
749 4371 798 4423 iu
840 4380 1037 4427 terrain

508 4453 710 4496 manet.
762 4448 805 4496 si

1069 4385 1336 4428 mortuum
1370 4376 1547 4427 luerit.
1576 4374 1767 4443 ’ip~uin
1810 4374 1980 4428 solum
2024 4389 2108 4426 rc-

861 4456 1041 4498 autem
1090 4456 1358 4499 tuurtuttui
1404 4444 1567 4499 fuerit
1604 4448 1829 4498 multum
1880 4448 2105 4497 lructum

507 4511 684 4588 aliert.
702 4514 801 4582 Qui
827 4525 970 4568 amat
993 4518 1226 4570 animam
1248 4534 1397 4571 suam
1424 4517 1609 4588 perdet
1642 4533 1783 4571 eain.
1809 4523 1860 4570 et
1886 4517 1978 4586 qui
1996 4515 2107 4570 odit

507 4586 746 4640 animam
786 4603 937 4640 suam
969 4589 1019 4640 iu
1049 4596 1148 4642 hoc
1178 4590 1378 4643 mutulo
1403 4586 1454 4643 in
1496 4594 1659 4643 vitatu
1692 4596 1971 4642 aeternam
2009 4602 2100 4641 cu-

506 4656 674 4710 stodit
716 4675 856 4712 eam.
891 4658 1071 4727 Siquis
1100 4660 1227 4713 nzihi
1280 4660 1569 4716 ministrat.
1608 4676 1693 4715 tne
1735 4670 2016 4727 sequatur.
2048 4669 2101 4712 et

508 4729 596 4801 ubi
623 4745 741 4784 sum
766 4747 866 4801 ego
895 4732 1002 4785 illic
1027 4740 1082 4786 et
1106 4734 1355 4787 minister
1389 4750 1539 4787 meus
1575 4744 1680 4787 est.
1710 4732 1775 4785 Et
1801 4731 1970 4800 siquis
2002 4729 2103 4784 mi-

507 4796 560 4853 bi
595 4796 999 4858 ministraverit.
1025 4804 1403 4860 Itonorilicavit
1427 4822 1549 4860 euut
1581 4803 1759 4859 Pater.
1794 4796 1949 4857 Nunc
1986 4805 2103 4855 ani-

506 4886 763 4946 ma‘moa.
802 4876 1013 4930 turbata
1041 4887 1144 4931 est.
1182 4877 1249 4931 Et
1280 4874 1408 4946 quid
1434 4877 1631 4932 dicam.
1668 4878 1826 4930 Pater
1848 4876 1993 4929 salva
2017 4886 2102 4929 me

505 4955 575 4999 ex
608 4942 708 5003 hac
749 4945 906 5003 liora.
958 4948 1066 5004 Sed
1108 4942 1392 5021 propterea
1432 4948 1577 5006 veni.
1609 4949 1665 5005 in
1697 4948 1886 5003 borum
1940 4948 2098 5001 hanc.

571 5179 663 5255 ᾔ.
694 5181 791 5255 nisi
822 5198 1049 5255 granum
1082 5183 1263 5249 tritici,
1290 5192 1397 5240 etc.

572 5253 666 5309 27.
697 5253 877 5323 Pater,
903 5255 1073 5313 libera
1114 5272 1202 5313 ine
1224 5271 1292 5313 ex
1317 5256 1421 5314 hac
1448 5260 1601 5316 hora.

565 5516 582 5548 ι
619 5517 741 5566 Hm.
769 5522 821 5566 et
843 5517 928 5579 qui
952 5516 1224 5581 perdiderit
1246 5522 1473 5571 animam.
1506 5518 1652 5587 Vulg.
1682 5526 1734 5571 et
1755 5522 1838 5584 qui
1872 5518 1976 5570 odit
1996 5519 2103 5569 ani-

499 5590 627 5630 mam

561 5617 741 5693 Tim.
761 5640 972 5692 ciariiica
988 5642 1169 5695 Filium
1180 5650 1336 5697 tuum.
1363 5644 1509 5714 Vulg.
1523 5643 1732 5698 ciariﬁca
1749 5658 1927 5697 nomen
1944 5650 2101 5696 tuum.

3047 542 3171 597 veni
3200 542 3251 597 in
3278 543 3451 597 horam

3047 613 3230 669 istam.

3044 684 3138 741 28.
3178 684 3355 751 Pater,
3384 686 3592 744 ciariiica

3046 765 3197 812 tuum
3228 772 3437 812 nomen.

3047 828 3211 885 Venit
3238 842 3367 897 ergo

3052 915 3155 955 vox
3185 900 3254 955 de
3273 900 3452 956 caelo:

3052 971 3123 1027 Et
3141 970 3450 1037 clariﬁcabi,

3051 1053 3105 1097 et
3135 1045 3326 1098 ilerutn
3358 1043 3466 1098 cla-

3050 1113 3295 1170 rilicabo.

3024 1252 3031 1257 θ
3049 1186 3142 1242 29.
3182 1185 3361 1258 Turba
3382 1199 3524 1258 ergo,

3046 1273 3183 1329 quae
3204 1257 3402 1329 stabat,

3047 1328 3100 1384 et
3129 1328 3399 1394 audiebat,

3046 1400 3305 1458 dixerunt
3328 1417 3340 1453 :
3360 1400 3432 1472 (α)
3460 1399 3553 1457 Το-

3048 1472 3507 1556 nitruumfactum

3047 1552 3132 1599 est
3157 1545 3221 1615 τ’.
3251 1543 3357 1598 Alii
3382 1544 3460 1598 di-

3046 1616 3242 1672 cebaut
3268 1633 3281 1669 :
3314 1615 3483 1685 Auge;

3049 1688 3136 1743 ius
3167 1688 3216 1743 ei
3245 1687 3453 1742 iocatus

3647 345 3725 401 4M

3180 1828 3478 1899 Respondit
3499 1826 3649 1896 tam,

3046 1913 3101 1959 et
3122 1902 3257 1957 dixit
3286 1920 3299 1954 :
3328 1899 3441 1956 Non

3048 1983 3271 2043 propter
3296 1986 3384 2028 me

3047 2060 3153 2101 vox
3185 2047 3323 2100 haec
3341 2043 3501 2107 venit,

3045 2118 3142 2171 sed
3171 2124 3396 2187 propter
3413 2127 3522 2187 vos.

3047 2188 3109 2245 3|
3124 2228 3138 2244 .
3176 2186 3581 2258 Nuncjuditium

3047 2269 3133 2315 est
3161 2259 3350 2314 mundi
3377 2277 3391 2313 :

3049 2346 3195 2387 nunc
3225 2330 3484 2401 Princeps

3049 2403 3233 2458 mundi
3257 2401 3419 2458 huius

3046 2476 3295 2530 mittetur
3319 2476 3476 2529 deor-

3047 2546 3139 2602 32.
3180 2561 3326 2601 sum.
3362 2544 3430 2599 Et
3454 2555 3547 2613 ego

3048 2619 3093 2673 si
3121 2618 3397 2673 exaltatus

3048 2703 3147 2744 ero
3175 2705 3204 2741 8
3229 2699 3400 2751 terra.

3050 2762 3233 2815 omnia
3261 2759 3471 2815 traham

3049 2830 3139 2887 33.
3179 2831 3246 2885 ad
3279 2846 3387 2885 me.
3418 2828 3523 2883 Hoc

3047 2911 3229 2959 autem
3261 2902 3499 2962 dicebat.

3049 2973 3366 3045 significans
3392 2984 3492 3041 qua

3051 3055 3227 3101 morte
3253 3052 3408 3102 θεεει

3049 3120 3376 3173 moriturus.

3050 3191 3141 3245 54.
3182 3184 3490 3259 Respondit

3049 3262 3100 3317 ei
3146 3262 3308 3315 turba
3339 3277 3353 3314 :

3048 3332 3158 3388 Nos
3183 3331 3491 3387 audivimus

3055 3419 3122 3460 ex
3152 3404 3297 3475 lege,
3332 3401 3409 3474 (ὁ)
3441 3392 3612 3470 quia?

3050 3476 3305 3530 Christus
3336 3480 3518 3529 manet

3047 3547 3104 3603 in
3138 3556 3429 3602 aeternum
3454 3561 3468 3597 :

3048 3627 3107 3674 et
3134 3619 3415 3674 uuomotio

3052 3699 3109 3745 tu
3133 3688 3274 3745 dicis
3299 3708 3312 3743 :
3347 3688 3484 3759 Quia

3052 3770 3274 3832 oportet
3310 3759 3462 3832 eui-

3055 3831 3157 3890 tari
3189 3833 3393 3889 Filium
3424 3831 3519 3886 hoe

3056 3905 3252 3962 minis?
3289 3906 3426 3973 Quis

2211 4372 2318 4428 Alii
2348 4373 2620 4427 dicebant.
2655 4372 2890 4444 Angelus
2917 4377 2964 4425 ei
2997 4373 3210 4429 loculus
3255 4382 3363 4428 est.
3397 4366 3666 4444 Respondit
3687 4358 3752 4444 ie-

2212 4458 2325 4499 su~.
2365 4458 2417 4498 et
2446 4448 2600 4499 dixit.
2649 4436 2766 4500 Non
2796 4456 3015 4514 prepter
3053 4460 3138 4500 me
3187 4460 3293 4500 vox
3329 4447 3463 4499 haec
3508 4436 3631 4495 facta

2216 4515 2309 4570 sed
2362 4527 2582 4585 propter
2630 4530 2725 4569 vos
2775 4500 2927 4571 Nunc
2950 4517 3215 4586 judicium
3267 4523 3358 4571 est
3398 4500 3750 4586 bujus_mundi._

2209 4583 2639 4657 nuncii’rim-cps
2668 4587 2827 4658 hujus
2853 4583 3040 4643 mundi
3067 4588 3297 4643 t-icietur
3348 4583 3511 4642 foras.
3544 4583 3753 4658 thegO-‘l

2208 4660 2477 4714 ex:iilalus
2531 4654 2685 4714 l'n‘cro
2730 4654 2770 4714 ᾗ
2826 4666 2993 4714 terra.
3051 4662 3233 4715 omnia
3292 4662 3502 4714 traham
3563 4654 3620 4708 ad
3674 4658 3750 4699 me.

2210 4730 2321 4785 Hoc
2369 4742 2548 4785 autem
2602 4732 2836 4786 dicebat.
2892 4731 3228 4802 signiﬁcans.
3281 4746 3387 4802 qua
3440 4732 3603 4783 morte
3644 4724 3752 4802 ρεξξῑ

2209 4804 2523 4857 moriturus.
2557 4802 2851 4871 Respondit
2874 4805 2924 4858 ei
2946 4789 3134 4859 "turba.
3166 4802 3275 4858 Nos
3301 4789 3590 4857 audivimus
3613 4809 3666 4849 ex

2207 4889 2293 4945 ge.
2322 4874 2397 4947 (ὸ)
2421 4876 2543 4945 quia
2567 4874 2605 4946 1-
2621 4858 2870 4929 Christus
2891 4882 3074 4931 manet
3095 4858 3147 4930 in
3162 4884 3451 4947 aeternum
3474 4858 3753 4947 ειη-110112,ῆῖ

2209 4933 2269 5001 ἴῑι
2298 4933 2453 5001 dicis:
2481 4933 2617 5015 Quia
2646 4954 2862 5018 oportet
2905 4948 3129 5003 exaltari
3158 4946 3361 5003 Filium
3384 4943 3623 5002 hominis.
3657 4933 3754 5002 Quis

1796 5062 2034 5122 CODEX
2067 5027 2535 5122 consumptas.

2288 5181 2381 5238 29.
2410 5194 2549 5251 quae
2592 5179 2792 5246 stabat,
2835 5179 3088 5236 dicebat:
3123 5146 3450 5237 ’i‘onitruum
3480 5176 3654 5232 factum
3674 5173 3749 5224 est.

2285 5253 2348 5309 3i
2365 5293 2379 5308 .
2413 5267 2555 5308 nunc
2581 5251 2839 5323 Princeps
2861 5253 3045 5309 mundi
3068 5254 3314 5311 mittetur
3338 5253 3598 5310 deorsum.

1757 5396 2152 5456 VARIANTES
2186 5394 2590 5456 LECTIONES.

2274 5516 2295 5550 ³
2330 5517 2436 5567 Gal.
2462 5515 2639 5581 factum
2663 5514 2917 5581 :Angelus
2949 5515 3083 5567 enim
3117 5515 3186 5568 ei.
3214 5508 3367 5579 Vulg.
3392 5512 3578 5564 factum.
3597 5499 3675 5555 Alii
3696 5493 3752 5546 di-

2209 5581 2391 5631 cebant
2414 5578 2669 5641 :Angelus
2687 5580 2755 5629 ei.

1100 5801 1115 5814 ,
1841 5750 1927 5809 BL
1938 5748 2209 5809 ANCIIINI
2243 5749 2471 5809 ΝΟΤιΕ.

472 5894 477 5902 ·
517 5866 651 5949 Ηα)
675 5867 761 5937 ita
783 5876 838 5929 et
862 5867 985 5929 cod.
1010 5865 1413 5959 Cantippmrt
1436 5875 1652 5957 γέγονεν.
1685 5871 1856 5935 Favet
1873 5865 2259 5934 Veneticum.
2299 5896 2373 5913 —
2409 5866 2487 5948 (it)
2526 5864 2693 5933 Addit
2730 5866 2886 5947 quia,
2928 5866 3095 5933 etiam
3120 5874 3233 5927 ten.
3270 5863 3371 5924 Gr.
3400 5861 3498 5929 an.
