1937 3163
245 168 298 197 447

440 226 556 255 CODEX
575 226 847 256 VERCELLENSIS.

250 276 295 303 47.
318 274 385 302 Etsi
400 274 460 309 quis
475 281 523 301 au-
669 280 698 303 ut
712 280 834 303 transeat

251 311 332 339 dierit
348 310 429 338 verba

251 355 322 379 mea,
338 351 365 373 et
380 346 418 381 (α)
430 353 524 373 serva-

251 384 320 410 verit
335 382 363 417 -j-,
381 387 407 408 et
422 389 472 416 ego
489 381 524 409 il-

252 419 307 446 lum
328 426 380 445 non
395 418 440 452 ju-

252 455 312 482 dico
327 463 333 479 :
351 462 404 480 non
421 454 494 481 enim

251 491 311 518 veni
329 490 435 524 judica-

251 534 280 553 re
294 526 366 553 hunc
382 534 461 552 mun-

251 561 326 593 dum.
343 561 392 589 sed
406 565 436 588 ut

254 598 262 614 ι
277 597 380 625 salvum
395 597 462 624 faci-

252 641 296 661 am
312 633 384 660 hunc
397 640 474 660 mun-

251 668 298 698 48.
319 669 394 696 dum.
409 668 460 702 Qui
475 675 519 696 me

252 704 371 740 spernit,
386 708 415 732 et
428 712 483 732 non

253 740 353 776 accipit
367 748 428 776 ver-

253 777 288 804 ba
301 775 360 803 mea
371 797 378 808 ,
392 775 476 804 habet

254 813 299 847 qui
313 820 373 839 eum
387 812 460 847 judi-

254 853 308 876 CCL.

254 883 360 916 Sermo,
375 891 454 918 quem

256 927 306 955 ego
321 920 427 947 locutus

255 954 293 983 ,ἶ
314 963 340 983 ιιι
357 955 428 989 illis,
445 954 491 982 ille

257 1013 265 1019 .
288 1012 295 1018 .
318 991 420 1019 dicabit
439 990 474 1018 de

668 311 701 339 de
714 311 767 339 hoc
781 319 859 338 mun-

668 347 703 375 do
719 347 753 375 ad
768 347 888 381 Patrem,

669 383 785 419 diligens
800 383 856 410 dis-

669 419 774 454 cipulos
789 425 871 451 suos,

669 455 714 490 qui
732 460 810 482 erant
823 454 851 481 in

669 490 721 519 hoc
737 490 850 523 mundo,

670 534 756 563 uSque
771 527 797 563 in
814 526 895 554 ﬁnem

670 562 764 591 dilexit
778 562 850 589 illos.

669 598 697 625 2.
721 598 755 626 Et
771 605 838 625 cena
852 597 934 632 facta,

669 635 680 650 ¹
696 642 756 662 cum
771 634 866 661 diabu—

670 670 713 698 lus
727 677 757 698 se
768 670 880 697 inmise-

671 711 712 734 rat
724 706 750 733 in
763 705 847 733 corde

670 741 758 770 Judae
771 741 857 769 Sinto«

671 778 714 805 nis
729 777 837 805 Scarioa

671 813 712 847 th,
728 818 757 840 ut
772 820 835 841 eum
850 817 907 840 tra-

669 849 697 877 5.
719 850 813 882 deret;
827 849 917 877 sciens

690 886 742 913 uod
757 885 847 912 omnia

689 921 745 948 edit
760 920 798 948 illi
811 920 862 949 Pa-

670 961 712 985 ter
734 957 760 984 in
785 964 895 990 manus,

669 998 698 1021 et
710 992 782 1027 quod
801 1000 816 1019 a
831 992 888 1019 Deo

670 1029 752 1061 exiit,
768 1033 795 1056 et
808 1028 841 1055 ad
853 1028 939 1055 Deum

670 1064 698 1093 ι.
721 1063 810 1097 vadit;
825 1071 915 1092 surre-

670 1100 710 1128 xit
721 1108 736 1127 a
747 1108 813 1127 cena
823 1120 830 1132 .
843 1103 871 1127 et

670 1136 761 1171 posuit
775 1136 859 1163 vesti-

669 1177 760 1200 menta
777 1179 825 1199 sua
838 1179 845 1198 ζ

669 1211 698 1236 et
711 1209 826 1244 sumpsit
836 1208 889 1235 lin-

671 1249 755 1276 teum,
771 1249 799 1272 et
819 1244 877 1271 cin-

670 1278 698 1307 5.
721 1279 760 1307 xit
773 1287 813 1307 se.
828 1279 931 1307 Deinde

670 1316 743 1343 misit
756 1321 853 1350 aquam

671 1352 697 1379 in
713 1351 829 1387 pelvem,
844 1356 872 1379 et

670 1388 760 1422 coepit
780 1387 853 1414 lava-

670 1431 700 1451 re
714 1423 799 1459 pedes
811 1422 892 1451 disci—

670 1460 795 1495 pulorunt
805 1479 811 1489 .
826 1462 854 1485 et

671 1500 778 1530 tergere
792 1495 889 1528 linteo,

671 1539 724 1566 quo
736 1536 791 1558 erat
810 1539 888 1566 prae-

671 1565 699 1595 6.
720 1565 836 1594 cinctus.
859 1565 912 1594 Ve-

672 1603 712 1630 nit
726 1603 808 1637 igitur

672 1638 706 1665 ad
726 1638 837 1669 Petrum

672 1674 822 1702 Simonem.
841 1673 875 1700 Et

671 1709 737 1737 dicit
750 1710 788 1737 illi
802 1710 919 1737 Petrus:

673 1745 799 1778 Domine,
814 1749 841 1772 tu
856 1745 922 1774 mihi

673 1781 748 1817 lavas
763 1782 866 1817 pedes?

673 1817 699 1844 7.
721 1816 902 1852 ReSpondens

672 1852 762 1886 Jesus,
775 1853 842 1880 dixit
853 1854 877 1881 ei
893 1862 900 1881 :

671 1888 742 1923 Quid
757 1896 807 1924 ego
822 1888 862 1916 la-

671 1925 979 1959 cio,tun......

253 1027 302 1055 illo
318 1027 432 1055 novissi-

252 1062 299 1091 49.
323 1070 366 1090 ma
380 1063 435 1090 die.
449 1061 518 1096 Quia

253 1106 305 1135 ego
317 1106 333 1126 a
344 1106 388 1126 me
400 1105 454 1126 non

254 1142 314 1163 sum
334 1135 453 1167 locutus,

253 1170 301 1198 sed
315 1170 360 1206 qui
374 1177 418 1198 me

255 1206 327 1234 misil
342 1206 433 1234 Pater.

255 1242 317 1277 Ipse
332 1242 396 1269 mihi
413 1249 489 1269 man-

254 1277 348 1305 datum
366 1277 440 1305 dedit

255 1313 319 1349 quid
338 1313 437 1346 dicant,

254 1354 282 1376 et
295 1350 359 1384 quid
374 1350 480 1385 loquar.

254 1384 300 1413 50.
322 1385 357 1412 Et
370 1384 427 1413 scio
440 1384 513 1421 quod

255 1421 412 1448 maudatunt

256 1456 328 1485 illius
343 1457 398 1484 vita

255 1498 365 1521 aeterna
381 1497 433 1520 est.

255 1527 330 1561 Quae
342 1536 407 1563 ergo
421 1528 462 1556 lo-

256 1571 335 1626 arnor,
351 1565 423 1605 sicut

278 1603 325 1626 mt
339 1599 405 1626 mth
420 1600 423 1626 l

278 1601 325 1627 ixit
339 1599 405 1627 mihi
420 1600 470 1628 Pa-

257 1639 298 1664 ter
306 1657 313 1669 ,
329 1636 365 1663 ita
380 1636 486 1671 loquor.

342 1693 457 1723 CAPUT
477 1694 546 1724 XUI.

256 1740 284 1768 1.
306 1740 377 1769 Ante
391 1741 464 1769 diem
481 1750 530 1770 au-

258 1780 310 1803 tem
322 1778 421 1804 solem-

257 1819 317 1839 nem
335 1812 465 1846 Pascltae,

256 1848 347 1875 sciens
361 1848 441 1876 Jcsus

255 1883 326 1918 quod
347 1884 422 1912 venit

255 1920 321 1947 liora
340 1919 399 1955 ejus

518 168 651 199 EUSEBII
671 167 841 197 VERCELL.
864 166 1087 198 EVANGELIUM
1106 166 1178 197 CUM
1199 167 1311 197 VARIIS
1328 167 1406 196 COD.
1428 167 1622 197 COLLATUM.
1816 173 1856 201 iis

1318 226 1436 256 CODEX
1450 227 1674 258 VERONENSIS.

1518 284 1547 303 ra
1561 280 1592 303 ut
1605 279 1688 304 trans-

1517 312 1569 340 iret
1581 319 1613 339 ex
1628 311 1676 339 hoc

1518 348 1616 375 mundo
1633 348 1664 373 ad
1678 347 1722 373 Pa-

1519 390 1598 414 trem,
1611 383 1719 418 diligens

1518 420 1663 454 discipulos
1677 426 1733 446 suos
1744 439 1751 453 ,

1519 456 1563 490 qui
1578 460 1653 481 erant
1670 455 1694 481 in

1520 493 1570 517 hoc
1587 491 1685 517 mundo
1695 511 1702 522 ,

1101 275 1147 311 qui
1168 274 1285 303 audierit

1102 311 1186 339 verba
1202 319 1271 344 mea,

1102 352 1129 374 et
1143 347 1183 383 (α)
1199 352 1290 374 custo-

1101 383 1182 410 dierit
1195 383 1227 418 1-,
1241 390 1292 418 ego

1102 426 1164 446 euut
1180 427 1232 445 non
1251 417 1322 452 judi-

1102 461 1134 482 co
1147 462 1153 481 :
1171 462 1225 481 non
1241 454 1312 482 enitn

1102 490 1165 517 veni
1183 495 1209 517 ut
1221 490 1260 525 ju-

1102 525 1191 553 dicem
1208 534 1289 553 utun-

1102 561 1178 593 dum,
1197 561 1245 589 sed
1260 566 1290 589 ut

1102 596 1252 625 salviﬁcem

1101 633 1244 660 mundum.

1101 668 1147 696 48.
1168 669 1218 703 Qui
1234 669 1341 704 spernit

1102 712 1156 737 me.
1171 711 1197 732 et
1213 713 1266 732 non

1101 741 1202 775 accipit
1219 740 1301 769 verba

1102 784 1162 804 mea
1171 797 1179 810 ,
1194 775 1275 804 habet

1101 814 1146 847 qui
1164 812 1267 847 judicet

1102 856 1175 876 eum.
1192 848 1299 883 Sermo,

1102 891 1182 919 quem
1200 892 1250 919 ego

1103 920 1211 947 locutus
1225 928 1296 955 sum,

1102 955 1148 983 ille
1163 956 1268 990 judica~

1103 991 1142 1018 bit
1156 998 1217 1019 eum
1234 1000 1283 1019 no-

1521 535 1604 561 usque
1620 527 1644 553 in
1659 526 1733 553 finem

1519 563 1612 589 dilexit
1627 569 1682 589 eos.

1519 600 1544 625 9..
1569 599 1600 624 Et
1613 606 1677 625 cena
1690 596 1763 632 facta,

1519 642 1579 661 cum
1595 634 1716 661 diabulus

1516 670 1571 705 jam
1587 677 1616 696 se
1631 669 1714 696 misis-

1518 710 1560 733 set
1571 706 1598 733 in
1610 712 1672 738 cor,

1518 746 1548 769 ut
1563 741 1682 768 traderet

1519 785 1579 805 eum
1594 776 1677 804 ludas
1690 775 1731 803 Si-

1519 812 1608 841 monis
1622 811 1769 844 Scariotes;

1518 849 1546 877 5.
1567 849 1658 876 sciens
1671 852 1755 874 autem

1519 884 1557 921 (b)
1572 883 1687 946 {esus}
1700 883 1756 918 quia

1519 928 1610 946 omnia
1625 920 1660 946 de
1680 924 1700 946 ιι

1519 919 1610 948 Omnia
1625 919 1700 947 dedit

1518 957 1542 985 ei
1558 956 1640 984 Pater
1654 956 1680 982 in

1518 999 1615 1019 manus
1625 1011 1633 1018 -

1518 1032 1546 1056 et
1558 1028 1619 1063 quia
1635 1035 1651 1055 a
1666 1026 1719 1063 Deo

1518 1063 1611 1097 exivit,
1623 1067 1653 1091 et
1670 1062 1703 1090 ad

1103 1027 1218 1054 vissimo
1234 1028 1288 1056 die.

1102 1063 1148 1091 49.
1172 1063 1240 1096 Quia
1254 1071 1304 1100 ego

1103 1106 1137 1126 ex
1149 1106 1192 1127 me
1205 1098 1281 1134 ipso‘
1520 1100 1603 1128 Deum
1620 1098 1710 1131 vadit;

1102 1142 1155 1162 non
1171 1143 1231 1162 sum
1519 1135 1546 1163 4,
1563 1136 1653 1169 surgit
1662 1142 1676 1161 a
1687 1141 1758 1167 cena,

1101 1170 1217 1205 locutus,
1517 1177 1544 1200 et
1560 1172 1637 1207 ponit
1649 1178 1696 1198 ve-

1517 1208 1646 1236 stimenta
1660 1216 1667 1234 :
1682 1210 1709 1234 et

1517 1251 1578 1282 eum
1592 1243 1746 1282 accepisset_

1519 1280 1647 1312 linteum.
1663 1280 1776 1313 praecin-

1518 1316 1545 1344 5.
1567 1315 1607 1343 xit
1618 1312 1770 1343 seJDeindc

1518 1351 1591 1380 misit
1604 1357 1691 1385 aquas

1518 1388 1544 1415 in
1562 1387 1670 1422 pelvem
1679 1407 1686 1419 ,
1702 1389 1729 1413 et

1101 1209 1148 1237 sed
1164 1209 1208 1243 qui
1225 1208 1299 1236 misit

1101 1252 1144 1272 me
1156 1245 1236 1272 Pater
1245 1265 1253 1278 ,
1269 1245 1327 1279 ipse

1102 1280 1167 1308 mihi
1187 1284 1358 1316 praeceptum

1101 1316 1177 1344 dedit
1191 1316 1255 1352 quid

1101 1352 1189 1380 dicam
1200 1351 1208 1386 ;
1222 1357 1249 1379 et
1262 1351 1326 1387 quid

1102 1389 1147 1417 50.
1170 1389 1273 1423 loquar.
1290 1388 1323 1415 Et

1101 1425 1159 1452 scio
1172 1426 1234 1459 quia
1519 1425 1608 1458 coepit
1630 1423 1720 1459 lavare

1102 1458 1277 1496 praeceptum
1521 1459 1604 1493 pedes
1618 1458 1736 1493 discipu-

1103 1495 1161 1531 cjns
1181 1500 1235 1523 Vlla
1519 1495 1610 1523 lorum
1621 1516 1630 1523 .
1647 1499 1674 1522 et

1102 1528 1276 1564 aeternatest.
1521 1536 1666 1566 extergere
1678 1528 1712 1556 de

1103 1567 1177 1602 Quae
1191 1575 1241 1602 ego
1256 1568 1296 1596 ιο.
1521 1567 1621 1600 linteo,
1637 1572 1691 1602 quo

1102 1611 1182 1639 quor,
1196 1605 1266 1631 sicut

1104 1639 1172 1667 dixit
1187 1639 1252 1666 mihi

1104 1675 1194 1709 Pater,
1211 1675 1252 1703 sic
1266 1674 1306 1702 lo-

1104 1719 1303 1774 quor'crtpur
1327 1745 1396 1774 XIII.

1106 1783 1119 1810 1
1126 1802 1132 1809 .
1153 1782 1224 1810 Ante
1245 1783 1317 1810 diem

1105 1823 1196 1846 autem
1212 1818 1311 1846 festum

1105 1854 1235 1888 Paschae.
1254 1855 1343 1882 sciens

1106 1889 1186 1918 Jesus
1201 1891 1262 1926 quia

1106 1927 1179 1954 venit
1193 1929 1253 1962 ejus
1269 1927 1319 1954 lto-

1521 1601 1770 1643 erat'praecit‘ic‘tus.

1522 1639 1549 1666 6.
1572 1634 1655 1666 venit
1669 1635 1702 1663 ad
1714 1634 1795 1663 Simo-

1524 1682 1597 1702 nem.
1613 1674 1647 1701 Et
1657 1671 1724 1700 dixit

1524 1709 1563 1737 illi
1576 1719 1583 1736 :
1600 1709 1729 1740 Domine,

1524 1749 1554 1773 tu
1567 1745 1635 1773 milii
1647 1745 1720 1772 lavas

1525 1782 1608 1817 pedes
1616 1780 1629 1807 ‘i

1573 1814 1733 1855 Respondit

1525 1853 1617 1895 Jesus‘,
1633 1850 1671 1895 ξι.
1682 1850 1748 1879 dixit

1528 1890 1553 1917 ei
1571 1897 1578 1915 :
1593 1888 1673 1922 Quod
1687 1893 1736 1921 ego

1528 1924 1610 1960 facio,
1627 1928 1657 1952 tu
1672 1929 1720 1951 ne-

918 1994 1034 2023 CODEX
1053 1995 1249 2023 BRIXIANUS.

256 2049 278 2090 si
292 2048 352 2090 quis
364 2049 480 2078 audierit
493 2051 574 2079 verba
582 2060 652 2090 mea.
664 2057 692 2090 et
702 2053 932 2090 (a)crediderit-l-.
941 2061 991 2089 ego
1004 2062 1058 2081 non

254 2084 347 2124 judico
368 2093 442 2124 eum.
463 2094 516 2113 non
545 2088 616 2124 enim
632 2084 749 2116 veni‘u’t
762 2089 881 2124 judicent
908 2084 1038 2117 mundum
1051 2110 1057 2117 .

257 2119 355 2160 sedul
378 2120 647 2160 salvem‘tnundutn.
672 2125 722 2156 Qui
747 2119 851 2160 spernit
875 2132 928 2152 me.
951 2130 979 2152 et
1004 2133 1058 2152 non

257 2157 355 2189 accipit
385 2157 478 2195 verba
495 2164 565 2184 mea.
595 2159 677 2187 ltaliet
691 2161 737 2195 qui
763 2157 864 2194 judicel
893 2168 966 2187 eum.
996 2161 1060 2188 Ser-

258 2198 303 2231 tno
317 2193 579 2232 qnetnhegoAlocutus
589 2202 660 2222 sunt.
676 2193 734 2232 ipse
747 2193 879 2231 judicavit
894 2204 955 2223 eum
971 2197 996 2223 in
1013 2204 1061 2224 uo-

259 2226 371 2265 vissimo
382 2226 442 2265 die._
450 2227 519 2261 Quia
532 2237 592 2265 ego.
614 2238 646 2257 ex
663 2226 706 2258 me
721 2226 781 2265 ipso
797 2240 850 2259 non
866 2240 925 2259 sum
942 2232 1058 2259 locutus.

258 2262 365 2303 sedqui
382 2263 457 2290 misit
471 2272 514 2291 me
528 2264 627 2303 fater.
651 2262 791 2303 ipsemilti
815 2268 970 2295 mandatum
987 2269 1061 2295 dedit

258 2297 322 2339 quid
335 2298 434 2339 dicam.
448 2304 474 2326 et
488 2301 552 2334 quid
568 2297 674 2339 loquar:
698 2302 732 2330 Et
753 2303 810 2330 scio
824 2305 886 2337 quia
904 2304 1060 2331 mandatum

258 2336 327 2375 ejus.
342 2336 518 2375 vitaaelerna
532 2341 587 2375 _est_.
603 2336 677 2370 Quae
692 2339 764 2375 enim
788 2336 838 2374 ego
863 2340 968 2373 laquor.
991 2341 1061 2367 sicut

259 2369 407 2407 dixitmilti
422 2370 501 2398 Pater
515 2372 554 2407 sic
570 2369 676 2407 loquor.
691 2373 761 2402 Aule
772 2369 843 2403 diétu
858 2369 948 2402 autem
964 2375 1059 2403 festum

259 2403 391 2446 Paschae.
408 2407 499 2434 sciens
511 2406 591 2446 desus
599 2403 667 2446 quia
690 2410 761 2437 venit
778 2412 843 2438 liora
857 2411 925 2446 ejus.
942 2417 971 2437 ut
986 2417 1061 2438 tran-

259 2444 318 2468 seat
329 2448 363 2469 ex
378 2442 428 2469 hoc
439 2443 581 2471 mundoad
594 2442 910 2482 Patrem.diligenssdos
924 2448 970 2483 qui
983 2455 1062 2474 erant

1111 2053 1137 2081 in
1154 2054 1207 2082 hoc
1218 2053 1331 2081 mundo.
1349 2060 1434 2089 usque
1458 2053 1485 2081 in
1510 2051 1590 2089 ﬁnem
1605 2050 1703 2089 dilexit
1716 2056 1770 2089 eos:
1786 2046 1814 2089 ξι
1828 2049 1874 2089 αξξ*

1112 2078 1333 2124 ίέίίιῖιᾞῖιὶ
1345 2078 1484 2117 (Ῑίιιῖιιιῖιιέξ
1495 2078 1614 2115 misisset
1627 2078 1657 2115 ini
1670 2083 1837 2124 cordedilqae-
1846 2078 1874 2124 Si;

1112 2127 1200 2153 monis
1212 2118 1354 2153 Scal-ictis.
1371 2130 1398 2152 ut
1409 2132 1470 2152 eum
1487 2125 1616 2151 traderet.
1635 2124 1731 2150 Sciens
1749 2118 1875 2160 (ὀξὺ-μιῇ

1111 2163 1172 2196 quia
1185 2162 1276 2189 omnia
1292 2162 1365 2188 dedit
1384 2161 1408 2188 ei
1424 2160 1503 2188 Pater
1516 2161 1542 2187 in
1555 2167 1669 2186 manus.
1697 2162 1724 2185 et
1746 2153 1821 2191 quia:

1112 2188 1204 2225 exitii.
1221 2203 1248 2225 et
1257 2197 1290 2224 ad
1308 2198 1390 2224 Deum
1410 2196 1494 2222 vadit.
1516 2200 1636 2223 surrexit
1647 2196 1680 2221 de
1691 2188 1800 2231 cena-.et
1812 2188 1876 2231 pusilli

1112 2234 1273 2261 vestimenta
1293 2241 1353 2260 sua.
1368 2238 1395 2259 et
1417 2231 1554 2266 actipions
1575 2232 1690 2257 lintentn
1706 2228 1874 2266 praecinxit

1113 2268 1215 2296 Deinde
1233 2269 1300 2295 fudit
1323 2275 1420 2303 aquam
1438 2267 1463 2294 in
1478 2263 1596 2302 pelvem.
1611 2273 1638 2293 et
1650 2266 1740 2303 coepit
1759 2263 1834 2303 lavare

1112 2304 1160 2332 des
1172 2295 1366 2340 discipulorum
1377 2295 1497 2340 suoruni.
1511 2295 1877 2340 et__ext_ergere'delegtjelﬂ':

1113 2345 1166 2368 leo.
1183 2333 1312 2375 quo'erat
1331 2339 1512 2375 praecinctus.
1534 2333 1699 2375 Vrenitrérgo
1722 2334 1753 2362 ad
1771 2333 1876 2375 ξίιμιίῖῐᾞῗ

1113 2366 1235 2404 Ρέιὶιῖιὴ.
1254 2366 1366 2403 Etdiéit
1380 2376 1404 2402 ei
1421 2375 1528 2403 Petrus.
1549 2366 1680 2400 Domine:
1700 2378 1728 2399 tu
1751 2368 1809 2396 mitti
1822 2366 1876 2404 imi

1113 2400 1373 2447 ῥὲιιὶιξῗῖιῶᾖᾶιίῆιὶ
1383 2400 1514 2439 mret
1523 2400 1592 2438 dixit
1604 2409 1640 2437 ei.
1659 2407 1736 2443 Quod
1759 2412 1802 2440 ego
1820 2400 1876 2429 fuciO-

1114 2454 1141 2474 tu
1163 2448 1272 2483 ignoras
1288 2447 1380 2475 modo.

889 2510 1006 2539 CODEX
1025 2510 1260 2539 CORBEIENSIS.

294 2563 340 2590 47.
364 2563 475 2597 Omittit,
492 2564 539 2592 sed
555 2570 584 2593 tit
598 2566 743 2596 salviﬁcem
756 2569 898 2597 mundum.

363 2600 422 2639 ipse
437 2600 504 2639 mihi
518 2604 774 2639 praeceptum'dedit
789 2605 854 2639 quid
871 2606 972 2634 dicam.

297 2633 342 2677 ΞΟ.
365 2634 470 2677 litigio
484 2633 547 2677 quia
564 2633 737 2677 praeceptum
751 2633 811 2676 ejus
826 2642 865 2669 sic
880 2633 1004 2677 eloquor.

296 2670 360 2698 Car.
375 2669 446 2698 XIII.
464 2669 500 2692 —'
525 2673 551 2701 1.
564 2669 624 2707 Ὼιιί
644 2669 720 2704 erant
736 2669 830 2705 in'hoc
845 2669 957 2710 mundo,
974 2683 1060 2711 usque

1112 2570 1287 2669 :Jni‘iif’eor
1302 2604 1424 2634 Simonis
1438 2601 1628 2640 Scariothijut
1648 2602 1765 2631 traderet
1780 2604 1830 2627 eum
1842 2594 1877 2624 Ju-

1132 2649 1178 2669 as:
1195 2648 1295 2669 sciens.

1132 2649 1178 2676 as;
1195 2648 1295 2670 serens.

884 2724 1083 2771 vantaN'ra's
1096 2733 1298 2762 LECTIONES.

291 2778 303 2815 ξ
319 2779 373 2815 (gat.
385 2779 478 2815 salvum
487 2779 583 2815 faciam.
597 2781 825 2815 _Vulg.rsalviticem.

292 2811 303 2827 ⁸
320 2811 374 2838 Gat.
386 2817 442 2837 cum
452 2811 759 2845 diseipulusjamiuisisset
771 2814 796 2839 in
805 2813 890 2845 corde,
902 2818 957 2840 ut...
975 2813 1060 2839 Simon

1113 2781 1254 2813 Scarioth’yt.
1272 2779 1346 2813 Vulg.
1357 2786 1414 2805 cum
1433 2778 1545 2805 diabolus
1563 2778 1611 2811 jam
1631 2778 1738 2804 misisset
1748 2776 1771 2801 in
1787 2772 1877 2803 conﬂi-—

1112 2812 1217 2838 Simonis
1226 2812 1365 2838 lseariothe.

927 2868 1111 2899 BLANCHINI
1131 2867 1246 2897 NOTAE.

296 2926 335 2963 (ιι)
361 2918 443 2958 Deest
455 2931 521 2963 non,
538 2929 621 2959 etiam
638 2923 664 2959 in
675 2929 735 2968 cod.
754 2929 833 2959 Cant.
849 2945 884 2951 —
908 2929 947 2965 (b)
966 2929 1047 2959 Addit
1060 2928 1153 2963 lem,
1167 2929 1249 2960 etiam
1262 2932 1315 2958 tex.
1328 2927 1377 2957 Gr.
1393 2925 1523 2958 ὄἸησσῦς.
