3784 6332
549 329 659 387 459
1079 321 1346 383 EUSEBII
1385 316 1723 379 VERCELL.
1765 318 2217 380 EVANGELIUM
2255 320 2396 379 CUM
2438 319 2668 379 VABIIS
2701 319 2859 379 COD.
2896 318 3293 380 COLLATUII.

2687 436 2922 494 CODEX
2959 435 3404 495 VERONENSIS.

936 440 1165 499 CODEX
1206 438 1754 497 VERCELLENSIS.

549 555 619 611 go
647 539 883 604 Patrem,
916 542 971 592 et
1389 543 1502 611 tum
1529 533 1811 611 copiosum
1850 550 1862 587 :

549 605 689 667 sicut
712 611 871 665 Pater
1386 607 1505 675 quia
1530 605 1648 660 sine
1674 620 1759 660 me

549 682 863 738 mandatum
1383 676 1520 731 nihil
1550 675 1731 731 facere

547 753 694 809 dedit
732 753 862 808 milii
885 786 901 816 ς
933 748 1012 805 sic
1383 750 1633 818 potestis,
1669 746 1775 802 nisi

544 825 701 879 facio.
726 824 914 893 Surgi-
1376 820 1431 875 in
1465 836 1550 893 tne
1570 820 1691 891 quis
1721 833 1875 873 man-

545 905 616 965 te,
640 891 999 952 eamus—hinc.
1376 891 1530 965 serit.
1580 910 1591 917 ’

716 1006 944 1068 CAPUT
983 1007 1105 1065 xv.
1376 962 1431 1068 ξς
1460 962 1678 1068 iiii:
1703 969 1884 1068 ῗᾞξῖἷῗ

1375 1035 1432 1090 in
1460 1051 1545 1089 me
1572 1048 1680 1087 non
1708 1049 1866 1089 inan-

1373 1106 1528 1166 serit,
1561 1107 1756 1173 proici-

1374 1186 1464 1231 tur
1491 1176 1634 1231 foras
1660 1177 1805 1231 sicut

1375 1257 1671 1312 sarmenta,
1697 1257 1753 1303 et

1376 1318 1399 1350 ⁸
1427 1329 1659 1384 arescet,
1691 1328 1745 1374 et
1772 1332 1907 1374 conc

1408 1390 1671 1461 regabunt
1701 1391 1767 1444 il-

1392 1477 1441 1527 a,
1472 1460 1527 1516 et
1549 1462 1600 1516 in
1634 1460 1814 1531 ignem

1374 1534 1608 1597 mittent,
1635 1542 1691 1587 et
1719 1548 1811 1588 ar-

1374 1604 1596 1660 deliunt.

1367 1677 1421 1730 7.
1454 1675 1511 1733 Si
1544 1675 1853 1732 manseritls

1368 1749 1421 1802 in
1447 1763 1553 1813 me,
1586 1758 1640 1801 et
1671 1761 1799 1802 ver-

1369 1818 1434 1875 ba
1467 1834 1586 1875 mea
1610 1818 1664 1873 in
1687 1832 1787 1873 vo-

1369 1890 1451 1945 bis
1478 1906 1559 1944 ma
1570 1891 1804 1955 nserint,

1366 1961 1743 2033 quodcumque

1368 2042 1553 2103 petere
1577 2033 1765 2087 volue-

1360 2103 1507 2169 ritis,
1538 2104 1627 2158 fiet
1654 2118 1747 2159 vos

1362 2178 1416 2230 8.
1458 2176 1561 2229 bis.
1590 2174 1647 2229 In
1672 2174 1777 2229 hoc
1807 2174 1913 2229 h0-

1367 2245 1738 2301 norilicabitur

1360 2315 1520 2373 Pater
1547 2332 1729 2384 mens,

1363 2400 1420 2444 ιιι
1454 2387 1690 2443 fructum

1362 2460 1592 2515 multum
1620 2458 1763 2515 fera-

1359 2532 1450 2597 tis,
1479 2542 1534 2586 et
1555 2531 1671 2585 sitis
1697 2532 1803 2585 mei

1356 2601 1410 2657 9.
1452 2603 1722 2671 discipuli.
1754 2601 1913 2659 Sicut

1355 2673 1547 2729 dilexit
1574 2688 1659 2729 me
1691 2674 1795 2726 Pa-

1358 2754 1460 2811 ter,
1490 2756 1543 2800 et
1568 2759 1669 2809 ego
1694 2758 1797 2799 vos

1355 2816 1540 2872 dilexi.
1567 2816 1747 2871 Mane-

1358 2896 1413 2943 te
1438 2888 1489 2942 iu
1512 2888 1740 2943 caritate

1362 2959 1451 3013 10.
1492 2975 1630 3014 mea.
1668 2958 1736 3013 Et
1761 2959 1806 3014 si
1836 2975 1998 3032 prae-

1357 3042 1512 3099 cepta
1540 3046 1659 3084 mea
1685 3045 1811 3086 cos-

1359 3102 1656 3167 todieritis,
1689 3116 1803 3155 ma-

1358 3173 1556 3227 neliitis
1588 3173 1645 3227 in
1673 3187 1791 3228 mea

1356 3243 1607 3309 caritate,
1635 3245 1708 3297 si-

1359 3322 1451 3369 cut
1476 3322 1530 3369 et
1560 3330 1662 3383 ego
1693 3314 1869 3372 Patris

1359 3385 1613 3440 mandata
1641 3402 1763 3441 ser-

529 3468 651 3539 quis
681 3479 898 3521 manse-
1360 3460 1486 3539 vavi
1506 3498 1532 3539 ,.
1555 3465 1612 3512 et
1641 3470 1841 3539 maneo

529 3529 603 3593 fit
637 3538 689 3592 in
717 3552 825 3601 me,
852 3544 907 3591 et
928 3548 988 3589 θ-
1360 3529 1414 3584 in
1444 3529 1603 3599 hujus
1623 3530 1768 3585 cari-

529 3623 599 3680 go
629 3609 682 3663 in
710 3609 804 3680 illo
825 3648 840 3674 ,
869 3607 958 3661 hic
1362 3609 1491 3680 ta_te.

530 3671 740 3738 adferet
763 3671 908 3735 fruc-
1222 3682 1227 3687 “
1364 3673 1453 3728 tl.
1497 3671 1643 3729 Haec
1675 3672 1887 3729 locutus
1917 3689 2041 3730 sum

610 1112 662 1166 l.
704 1110 819 1178 Ego
850 1120 969 1159 sum
1001 1102 1129 1159 vitis

536 1197 687 1245 vera,
711 1189 768 1237 et
795 1179 955 1234 Pater

536 1268 692 1310 meus
721 1246 955 1322 agricul-

534 1326 591 1379 2.
636 1334 722 1380 tor
742 1320 849 1378 est.
868 1320 1044 1375 Omne

535 1403 872 1452 sarmentum

535 1468 591 1523 in
626 1462 961 1541 nie,_‘.quod

535 1554 645 1594 non
669 1538 876 1593 adferet

535 1608 794 1669 fructum,
830 1605 906 1679 (a)
932 1606 1036 1662 tol-

536 1679 601 1735 lit
622 1681 664 1753 -ι-
693 1682 809 1735 illut
843 1696 855 1753 ς
886 1687 942 1735 et
965 1691 1085 1733 oln-

536 1750 663 1808 nem
696 1750 884 1809 fructi-

535 1822 710 1880 ferum
743 1839 871 1893 pur-

533 1904 645 1966 gat,
684 1903 743 1949 ut
771 1894 917 1950 fruc-

533 1974 647 2022 tum
674 1966 906 2036 amplio-

533 2053 649 2094 rem
674 2037 901 2094 adferat.

530 2109 586 2165 5.
627 2109 743 2166 Jam
770 2123 865 2166 vos
890 2122 1051 2163 mun-
1091 2127 1095 2130 ν

530 2180 587 2235 di
613 2182 743 2238 eStis
774 2196 938 2251 prop-

530 2261 616 2308 ter
643 2254 891 2318 verbum,

529 2325 674 2393 quod
703 2326 918 2380 locutus

526 2391 585 2451 4.
626 2412 746 2452 sum
776 2396 948 2450 vobis.
980 2391 1092 2448 Ma-

526 2478 654 2525 nete
681 2469 734 2523 in
765 2482 851 2522 me
866 2508 880 2531 ,
912 2474 969 2522 et

526 2553 628 2610 ego
657 2541 711 2596 in
742 2540 913 2594 vobis.

526 2611 680 2669 Sicut
702 2623 948 2666 sarmen-

522 2693 640 2740 tum
664 2684 785 2738 vitis
816 2696 924 2735 non

522 2765 704 2825 potest
732 2753 877 2808 fruc-

521 2834 636 2883 tum
658 2825 801 2883 ferre
828 2840 857 2878 a
878 2836 970 2888 se,

519 2899 625 2954 nisi
660 2905 876 2952 maneat

519 2970 578 3026 in
602 2970 846 3035 vineam;
875 2969 896 2999 ²
923 2966 1002 3020 sic

520 3049 579 3097 et
606 3056 721 3103 vos,
750 3041 795 3094 si
824 3040 879 3092 in
911 3050 997 3091 me

523 3126 635 3167 non
667 3125 884 3165 manse-

525 3183 666 3238 ritis.

526 3252 582 3308 5.
625 3253 740 3323 Ego
764 3249 910 3307 enim
940 3261 1061 3323 sum

526 3321 693 3384 vitis.'
712 3323 734 3354 ³
758 3336 853 3378 vos
881 3321 1014 3376 estis

526 3403 799 3451 sarmenta
833 3410 846 3446 ;
875 3391 922 3447 si

2256 534 2494 599 Patrem,
2518 534 2662 591 sicut

2256 616 2603 676 praeceptum

2254 677 2383 732 mihi
2413 677 2561 732 dedit

2253 748 2433 810 Pater,
2467 750 2547 803 sic
2576 748 2735 802 facio.

2252 820 2486 891 Surgite,
2515 834 2704 874 eamus

2252 891 2400 948 hinc.

2427 961 2656 1019 CAPUT
2692 960 2812 1020 XV.

2323 1036 2376 1089 1.
2420 1035 2532 1104 Ego
2553 1049 2675 1089 sum

2247 1105 2374 1161 vitis
2394 1121 2544 1172 vera,
2575 1115 2630 1161 et

2247 1176 2410 1232 Pater
2429 1192 2584 1233 meus

2247 1249 2483 1318 agricola
2514 1256 2619 1303 est.

2246 1318 2303 1376 2.
2342 1319 2570 1377 Omnem
2597 1318 2791 1391 palmi-

2248 1399 2357 1446 tem
2384 1393 2436 1447 in
2464 1407 2552 1447 me

2248 1478 2354 1518 non
2380 1463 2642 1519 ferentem

2245 1531 2498 1608 fructum,
2523 1534 2602 1608 (a)

2247 1606 2386 1676 tollit
2412 1605 2456 1676 1'
2480 1605 2606 1662 eum

2247 1674 2408 1732 Pater
2430 1674 2449 1730 ξ
2482 1686 2538 1733 et

2247 1761 2486 1811 omnem,
2513 1750 2605 1818 qui

2246 1818 2454 1874 adferet
2480 1818 2598 1875 fru-

2242 1900 2413 1952 ctum,
2449 1892 2695 1963 purgabit

2242 1975 2388 2028 eum,
2418 1972 2472 2017 ut
2504 1963 2619 2019 fru-

2240 2041 2385 2087 ctum
2415 2034 2706 2103 plurimum

2238 2103 2469 2160 adferat.

2238 2176 2294 2231 3.
2334 2176 2452 2231 lam
2478 2191 2574 2232 vos
2597 2175 2783 2233 mundi

2239 2248 2370 2303 estis
2399 2258 2621 2319 propter

2238 2333 2569 2385 sermonem,

2238 2406 2402 2461 quem
2433 2392 2645 2447 locutus

2233 2475 2354 2516 sum
2389 2465 2561 2518 vobis.

2232 2536 2290 2593 4.
2331 2534 2542 2590 Manete
2570 2533 2625 2589 in

2232 2621 2344 2669 tne,
2374 2616 2429 2660 et
2454 2621 2555 2673 ego
2581 2608 2635 2661 in

2232 2676 2408 2731 vobis.
2434 2679 2585 2735 Sicut

2233 2749 2443 2817 palmes
2475 2765 2579 2803 non
2612 2763 2709 2819 po-

2234 2826 2339 2876 test
2366 2820 2509 2877 ferre
2536 2819 2649 2875 fru-

2232 2900 2381 2946 ctum
2412 2908 2440 2945 a
2463 2908 2553 2957 se,
2579 2892 2683 2948 nisi

2233 2965 2496 3019 manserit
2529 2964 2583 3017 in

2232 3034 2378 3099 vite;
2411 3036 2511 3102 sic,
2534 3043 2592 3092 et
2616 3033 2710 3106 qui

2232 3105 2290 3160 in
2321 3122 2408 3161 me
2431 3122 2540 3162 non

2232 3182 2515 3233 manserit.

2234 3247 2287 3320 5.
2318 3248 2445 3320 Ego
2473 3264 2593 3304 sum

2167 3385 2173 3392 _
2233 3319 2395 3385 vitis,
2409 3337 2506 3377 vos
2534 3322 2647 3392 pal-

2231 3392 2395 3447 mites
2416 3393 2549 3450 estis
2584 3433 2598 3448 .

2232 3466 2323 3533 qui
2352 3472 2536 3520 manet

2232 3535 2288 3607 in
2317 3550 2425 3602 me,
2456 3545 2510 3591 et
2534 3550 2637 3607 ego

2232 3604 2287 3659 in
2319 3623 2407 3671 eo,
2440 3607 2528 3663 hic

2231 3677 2442 3735 adferet
2464 3678 2576 3734 fru-

1867 3786 2104 3845 CODEX
2136 3789 2531 3854 BRIXIANUS.

2243 3892 2507 3946 manserit
2548 3893 2600 3946 in
2650 3907 2736 3948 me
2795 3892 3135 3961 praecidetur
3179 3892 3316 3949 sicut
3370 3898 3710 3963 εθηιιθηιω.β

2244 3963 2539 4036 proicietur
2590 3964 2752 4018 foras.
2804 3975 2857 4036 et
2905 3966 3113 4031 areliet,
3171 3973 3227 4020 et
3266 3967 3514 4036 colligant
3550 3979 3613 4018 ea.
3642 3968 3710 4031 ets

2243 4035 2418 4106 ignem
2450 4035 2528 4106 (b)
2557 4036 2775 4089 mittunt
2800 4035 2858 4106 -ξκ
2887 4045 2940 4091 et
2966 4035 3180 4092 ardent.
3221 4036 3278 4092 Si
3325 4048 3496 4093 autem
3523 4040 3711 4106 massas;

2241 4100 2295 4159 in
2339 4100 2532 4161 inefe't
2576 4110 2734 4161 verba
2779 4100 2895 4163 mea
2931 4111 2982 4163 in
3024 4110 3177 4163 Vobis
3232 4109 3532 4163 manserint.
3557 4100 3711 4177 illudsi}:1

2240 4179 2518 4232 volueritis
2541 4189 2726 4249 petere
2754 4177 2839 4232 lict
2870 4180 3043 4236 vobis.
3074 4182 3127 4235 ln
3153 4180 3259 4235 hoc
3280 4170 3585 4235 clarificatus
3601 4170 3711 4229 est“

2241 4255 2323 4321 ter
2358 4248 2619 4303 meumut
2643 4248 2873 4305 fructum
2899 4253 3188 4320 plurimum
3217 4250 3476 4307 ademtis.
3502 4260 3548 4305 et

2243 4320 2359 4391 fieri
2387 4323 2489 4375 lllcl
2516 4321 2788 4391 disuipuli.
2822 4322 2973 4378 Sicut
3004 4322 3194 4379 dilexit
3223 4338 3311 4379 me
3347 4324 3495 4377 Pater
3516 4322 3578 4375 ita
3600 4320 3712 4383 cgni-

531 3891 747 3949 Patrem
761 3894 1031 3944 meum.et
1060 3884 1197 3940 sicut
1227 3880 1536 3936 mandatum
1549 3880 1839 3936 deditmihi
1867 3882 2026 3938 Pater
2055 3884 2135 3941 sic

528 3964 691 4019 facio.
715 3963 934 4031 Surgite
946 3973 1137 4031 eamus
1158 3954 1298 4008 hinc.
1336 3954 1448 4022 Ego
1460 3968 1583 4007 sum
1598 3953 1720 4007 vitis
1739 3970 1887 4031 vera.
1905 3967 1958 4007 et
1973 3955 2137 4012 Pater

533 4052 687 4093 meus
706 4024 940 4104 agricola
973 4041 1074 4104 est.
1102 4027 1283 4104 Onuie
1302 4037 1637 4079 sarmentum
1661 4024 1806 4095 quod
1829 4026 1881 4079 in
1910 4043 1995 4104 me
2018 4045 2127 4104 non

531 4109 690 4165 affert
728 4097 962 4160 fructum
990 4100 1066 4172 (α)
1096 4099 1239 4153 tollit
1260 4097 1298 4167 οῖ
1318 4112 1463 4172 eum.
1500 4104 1555 4151 et
1603 4111 1765 4172 omne
1792 4098 1933 4166 quod
1963 4099 2133 4172 itﬂ‘err,

533 4177 789 4234 fructum.
819 4166 1010 4245 purgat
1034 4166 1183 4245 eum.
1226 4166 1286 4222 ut
1315 4169 1546 4221 fructum
1594 4166 1886 4236 plurimum
1918 4168 2127 4245 alii-rat.

535 4251 655 4308 Jum
684 4265 779 4302 vos
810 4242 991 4299 mundi
1041 4242 1194 4297 estis.
1238 4247 1456 4308 propter
1494 4254 1827 4293 sermonem.
1860 4257 2019 4308 quem
2052 4242 2133 4293 lo-

537 4333 696 4379 cutus
736 4334 853 4372 sum
891 4315 1065 4369 vobis.
1105 4310 1308 4365 Manete
1358 4312 1409 4363 in
1469 4326 1574 4363 me.
1626 4321 1680 4363 et
1722 4326 1820 4377 rgo
1867 4311 1919 4365 in
1953 4315 2128 4370 vobis.

535 4378 689 4451 Sicut
722 4398 1073 4445 sarmentum.
1107 4398 1211 4437 non
1250 4390 1430 4451 potest
1460 4378 1692 4435 fructum
1722 4380 1922 4438 alft-rre
1966 4401 1992 4438 ει
2037 4403 2128 4439 μοι

537 4465 788 4532 metipso.
824 4461 927 4532 nisi
972 4456 1233 4532 manserit
1279 4455 1329 4507 in
1358 4454 1495 4532 vite,
1542 4453 1620 4532 sic
1655 4468 1754 4508 nec
1784 4470 1878 4508 vos
1925 4456 2025 4509 nisi
2072 4457 2122 4532 in

536 4554 625 4593 me
654 4524 984 4591 manseritis.
1032 4528 1143 4598 Ego
1169 4524 1466 4598 sum_vitis,
1510 4529 1683 4598 etnvos
1718 4537 2002 4598 sarmenta
2031 4528 2126 4596 qui

533 4592 720 4665 manet
755 4608 809 4659 in
841 4617 947 4658 me.
975 4608 1029 4656 et
1048 4592 1146 4668 ego
1177 4594 1372 4668 inillo.
1405 4597 1491 4648 hic
1521 4592 1676 4668 affert
1712 4595 1943 4651 fructum
1988 4592 2127 4653 ntul-

533 4664 672 4738 tum.
718 4679 846 4749 quia
888 4676 1005 4727 sine
1046 4664 1150 4724 nio.
1184 4665 1317 4723 nihil
1356 4667 1582 4738 potestis
1622 4664 1819 4723 facere.
1868 4668 1972 4735 Qui
2018 4685 2130 4726 non

2242 4389 2353 4445 lexi
2384 4406 2498 4446 vos.
2526 4389 2734 4449 Manete
2761 4393 2811 4445 iu
2838 4394 3127 4450 dilectione
3150 4394 3363 4449 mea.Si

3093 545 3241 588 ctum
3272 534 3471 589 multum
3492 548 3505 587 :

3090 607 3217 676 quia
3249 606 3360 659 sine

3090 692 3179 731 me
3214 676 3344 731 nihil

3088 749 3315 817 potestis
3336 746 3507 803 facere.

3088 819 3144 875 6.
3187 820 3243 876 Si
3270 820 3387 891 quis
3412 829 3555 875 autem

3086 891 3141 945 in
3167 906 3255 947 me
3285 907 3388 946 non

3083 962 3365 1027 manserit,
3391 960 3558 1031 praeci~

3082 1048 3176 1089 sus
3202 1046 3309 1100 est,
3341 1035 3468 1089 sicut

3082 1106 3315 1176 palmes.
3342 1114 3396 1161 et

3083 1174 3163 1302 ξι»)
3192 1180 3388 1233 missus
3412 1185 3490 1260 est

3107 1265 3252 1302 oras.
3285 1261 3339 1302 et
3366 1256 3490 1302 aruit

3107 1249 3252 1311 oras,
3285 1261 3339 1304 et
3366 1249 3508 1313 aruit,

3085 1330 3141 1375 et
3163 1321 3419 1390 colligent

3085 1406 3202 1459 eos,
3234 1393 3542 1462 etinignel

3086 1464 3309 1535 mittunt
3332 1462 3396 1535 τ,
3433 1472 3487 1535 et

3087 1534 3141 1588 7.
3185 1532 3398 1590 ardent.
3431 1532 3483 1590 Si

3084 1607 3396 1662 manseritis
3429 1606 3479 1661 iu

3087 1694 3198 1744 me,
3226 1690 3280 1733 et
3312 1679 3468 1733 verba

3084 1764 3204 1806 mea
3236 1749 3291 1804 in
3322 1750 3471 1806 vobis

3085 1823 3405 1885 manserint,

3081 1893 3464 1962 quodcumque

3079 1964 3389 2029 volueritis,
3413 1963 3479 2032 (ε)
3507 1977 3576 2032 pe-

3083 2036 3180 2090 tite
3205 2036 3274 2107 τ.
3298 2045 3352 2090 et
3374 2034 3461 2091 fiet

3080 2106 3135 2162 8.
3174 2106 3231 2162 in
3261 2107 3366 2162 hoc
3403 2106 3573 2162 clarii-

3076 2186 3231 2233 catus
3256 2188 3341 2234 est
3379 2179 3521 2234 Pater

3074 2264 3249 2313 meus.
3274 2260 3333 2304 ut
3360 2250 3469 2305 fru-

3075 2330 3222 2376 ctum
3258 2322 3544 2391 plurimum

3077 2391 3358 2459 adferatis,
3390 2403 3444 2449 et

3077 2463 3393 2519 efticiamini

3079 2537 3186 2590 mei
3211 2536 3483 2606 discipuli.

3071 2606 3126 2662 9.
3155 2608 3312 2663 Sicut
3336 2607 3518 2664 dilexit

3070 2694 3158 2733 me
3181 2680 3343 2735 Pater
3358 2723 3371 2739 .
3400 2689 3455 2735 et

3069 2765 3172 2819 ego
3196 2766 3294 2806 vos
3334 2751 3509 2807 dilexi.

3069 2820 3284 2879 Manete
3321 2825 3376 2878 in

3068 2892 3365 2950 dilectione
3396 2907 3520 2949 mea.

3072 2964 3160 3020 10.
3202 2966 3261 3023 Si
3294 2972 3567 3036 praecepta

3071 3051 3191 3092 mea
3213 3051 3400 3093 serva-

3070 3108 3281 3177 beritis,
3314 3124 3497 3165 mane-

3075 3180 3201 3234 bitis
3225 3182 3279 3236 in
3306 3180 3448 3237 dile-

3071 3252 3256 3308 ctione
3290 3268 3432 3321 mea,

3071 3324 3214 3378 sicut
3235 3335 3290 3380 et
3319 3339 3422 3394 ego

3071 3394 3247 3451 Patris
3269 3405 3542 3467 praecepta

3066 3470 3300 3533 servavi,
3331 3478 3388 3522 et

3067 3553 3261 3609 maneo
3282 3541 3336 3593 in
3366 3538 3482 3609 ejus

3067 3607 3391 3666 dilectione.

3070 3681 3159 3736 ll.
3204 3682 3353 3739 Haec
3376 3683 3572 3740 locutu

3398 4404 3639 4465 praecepta
3656 4398 3711 4465 ω

2241 4465 2609 4519 servaveritis.
2655 4466 2941 4520 manebitis
2987 4467 3039 4521 in
3068 4465 3366 4522 dileCtione
3399 4461 3535 4520 'mca.
3580 4461 3712 4535 sicut}i

2240 4548 2341 4606 ego
2372 4548 2655 4606 praecepta
2691 4537 2866 4591 Putris
2895 4539 2996 4593 mei
3019 4536 3311 4594 custodivi.
3346 4546 3399 4593 et
3428 4549 3592 4591 maneo
3612 4535 3714 4595 int}?

2240 4603 2552 4662 dilectione.
2572 4603 2731 4664 Haec
2784 4609 2996 4665 locutus
3043 4624 3163 4665 sum

1756 4780 1767 4794 '
1831 4782 2067 4841 CODEX
2108 4786 2602 4859 CORBEIENSIS.:§

2310 4883 2366 4960 ξ.
2410 4886 2443 4960 ξ
2444 4886 2532 4960 hic
2561 4884 2737 4960 adfert
2759 4887 2797 4958 -ι-
2824 4885 3058 4943 fructum
3088 4888 3390 4960 copiosum.

604 4889 955 4955 CAP.XV.——
973 4885 1031 4941 2.
1072 4883 1348 4955 l’omnem,
1372 4879 1460 4946 qui
1493 4877 2042 4949 adferri-fructum...
2074 4892 2133 4937 ut

537 4952 768 5028 fructum
802 4962 1087 5035 plurimum
1118 4952 1346 5035 adferat.
1671 5020 1683 5033 ⁸
1721 5023 1733 5033 .
2001 5024 2033 5035 ,ᾗ
2074 5024 2085 5035 ο

607 5044 660 5097 4.
704 5027 816 5092 non
838 5041 1013 5103 potest
1037 5027 1183 5103 ferre
1205 5027 1432 5078 fructum
1463 5036 1492 5074 a
1519 5036 1600 5103 se,
1630 5027 1737 5077 nisi
1779 5027 2042 5079 manserit
2073 5027 2131 5080 in

539 5114 647 5170 vite
676 5128 690 5164 :
715 5108 815 5172 sic,
841 5100 896 5160 et
921 5100 1010 5173 qui
1034 5101 1088 5154 in
1110 5112 1197 5152 me
1226 5110 1334 5150 non
1365 5100 1568 5149 manet.

596 5302 613 5332 ι
648 5297 760 5348 Gat.
783 5299 828 5345 et
851 5293 967 5343 Mm.
993 5301 1088 5338 non
1110 5285 1375 5336 facientem
1396 5281 1622 5331 fructum.
1655 5278 1800 5345 Vulg.
1836 5293 1934 5332 non
1953 5282 2125 5335 feren-

533 5374 635 5416 tem
658 5362 884 5410 fructum.
1493 5408 1503 5418 _

596 5429 616 5458 ²
653 5424 759 5473 Gut.
787 5426 831 5469 et
852 5419 969 5467 Mm.
992 5414 1060 5462 sic
1084 5418 1135 5461 et
1157 5423 1260 5459 vos.
1291 5405 1443 5473 Vulg.
1464 5419 1538 5456 διο
1556 5419 1650 5473 nec
1668 5419 1774 5473 vos.

598 5489 618 5520 ³
653 5466 884 5536 Simius
896 5484 1062 5527 autem
1105 5473 1331 5536 palmites
1354 5466 1474 5519 esus
1500 5482 1512 5516 :
1534 5469 1639 5532 qui.
1672 5466 1816 5535 Vulg.
1845 5482 1931 5520 vos
1952 5470 2127 5534 palmi-

530 5558 777 5661 test
808 5606 981 5662 ωυαι,
1021 5602 1075 5650 et
1117 5595 1355 5658 c'olligent
1399 5594 1817 5658 eos...mittunt,;
1843 5601 1897 5647 et
1932 5596 2128 5647 ardent.

2308 4956 2365 5030 6.
2411 4956 2468 5012 Si
2492 4959 2616 5027 quis
2647 4960 2698 5013 in
2730 4950 2816 5015 m'e
2845 4976 2949 5014 non
2973 4950 3255 5020 manseiit.
3282 4960 3537 5030 praecisus
3560 4950 3716 5012 estéiﬁ

2239 5029 2467 5098 palmes,
2498 5040 2552 5085 et
2582 5034 2782 5085 missus
2811 5043 2893 5086 εει
2928 5031 3093 5097 foras,
3137 5043 3190 5087 et
3216 5029 3383 5087 aruit.

2317 5101 2368 5154 7.
2411 5100 2792 5173 quodcumque
2811 5103 3116 5170 volueritis,
3146 5104 3337 5174 petite.

1787 5186 2189 5249 VARIAN'I‘ES
2229 5193 2629 5252 LECTIONES.

2239 5284 2360 5335 Mm.
2386 5297 2611 5355 arescent
2631 5330 2645 5353 ,
2681 5297 2735 5341 et
2756 5291 3028 5353 protectus,
3045 5296 3116 5355 et
3134 5291 3373 5355 coltigent
3395 5303 3497 5342 eum

2241 5356 2293 5397 et
2312 5349 2477 5419 ardet.
2513 5349 2658 5416 Vulg)
2678 5349 2892 5417 arescet,
2914 5360 2968 5406 et
2983 5349 3222 5418 colligent
3244 5349 3385 5419 cum,
3492 5354 3648 5404 nitell

2236 5410 2398 5459 ardet.

2305 5473 2327 5504 ⁵
2360 5474 2418 5524 Et
2441 5473 2508 5524 ita
2531 5477 2636 5530 Gal.
2661 5483 2709 5528 et
2729 5480 2849 5530 Mm.

2300 5532 2326 5566 ⁶
2359 5536 2420 5587 Et
2441 5534 2649 5592 itaMm.

1854 5678 2224 5739 BLANCHINI
2262 5681 2495 5747 NOTAE.

597 5794 674 5866 (a)
697 5790 771 5866 lia
802 5794 857 5844 et
894 5792 1003 5840 tex.
1034 5777 1129 5835 Gr.
1156 5772 1310 5850 αἴρει.
1339 5799 1409 5815 -ο
1436 5772 1512 5847 (b)
1541 5775 1617 5832 Ita
1645 5784 1702 5832 et
1730 5786 1847 5834 tex.
1872 5776 1970 5834 Gr.
2001 5777 2251 5842 ἐϐλήθη...
2288 5782 2595 5861 ἐξηράνθη...
2862 5790 3131 5864 βάλλουσι.
3160 5815 3237 5830 —-
3260 5785 3424 5863 (c)lta
3447 5770 3713 5842 etsed-GlIL

516 5863 819 5930 αἰτήσασθε.

3579 5286 3699 5337 W

3655 5312 3713 5329 ιβη

3655 5346 3712 5403 ,ιι
