3874 6326
154 278 233 342 tu

149 493 293 561 vobis,
320 499 370 547 ut
392 504 512 559 gau—

150 566 267 621 dium
294 577 458 619 meum

150 639 194 691 in
215 636 345 690 vobis
371 634 455 698 sit,
480 640 534 687 et

148 707 359 779 gaudium
380 718 502 779 Aves-

149 776 261 835 itum
282 776 485 847 implea-

153 851 221 905 12.
253 859 348 904 tur.
379 849 585 902 llocest
610 856 757 900 man-

150 922 296 978 datum
318 934 506 983 meum,

150 1004 193 1049 ut
216 992 415 1064 diligatis
439 990 519 1045 inv

148 1063 307 1126 vicem,
331 1063 460 1117 sicut

148 1146 191 1193 et
209 1151 292 1206 ego
314 1133 464 1206 dilexi

152 1208 217 1263 15.
240 1204 351 1261 vos.
381 1204 579 1275 Maiore

148 1278 258 1334 hanc
281 1276 462 1332 carita-

150 1360 231 1406 tem
250 1362 390 1405 nemo
411 1346 505 1401 ha-

147 1421 243 1489 bet,
270 1429 319 1474 ut
339 1420 569 1489 animam

147 1488 265 1548 suam
297 1488 551 1573 (n)_ponat
579 1491 621 1560 1-

147 1579 224 1634 pro
246 1577 412 1634 amicis
438 1576 533 1617 su-

150 1630 216 1691 H.
251 1636 307 1689 is.
334 1631 435 1688 Vos
464 1630 632 1689 amici

149 1706 231 1761 mei
251 1705 384 1770 estis,
412 1706 457 1759 si
483 1720 574 1760 re-

147 1778 341 1846 ciperitis
364 1775 511 1847 quod

148 1848 370 1975 praecipio
392 1863 487 1903 vo-

177 1935 229 1975 IS.

959 307 987 337 -.
1063 270 1516 336 EVANGELIUM
1544 270 1917 337 SECUNDUM
1954 276 2340 338 JOHANNEM.

475 390 702 452 CODEX
739 387 1281 452 VEBCELLENSIS.

917 485 1050 567 odit,
1080 488 1274 570 scitote

918 572 1040 627 quia
1069 574 1155 612 me
1180 575 1284 627 prt-

919 643 982 699 us
1004 628 1078 699 (c)
1123 629 1281 685 odiit.

924 698 1021 755 19.
1054 700 1110 756 Si
1143 703 1210 756 de
1250 704 1354 757 hoc
1384 716 1537 758 munc

921 776 992 832 do
1017 775 1229 840 essetis,
1253 786 1411 829 mun-

922 848 1024 905 dus
1049 862 1146 902 vos
1177 847 1364 916 utique

925 928 1130 975 amaret
1155 936 1170 974 :
1220 920 1345 989 quia

920 1003 1099 1047 autem
1133 991 1201 1045 de
1244 990 1346 1046 hoc

925 1063 1135 1119 mundo
1154 1076 1259 1133 non
1362 1130 1363 1133 η

924 1135 1076 1201 estis,
1119 1132 1213 1188 sed
1238 1146 1340 1202 ego

927 1207 1062 1276 elegi
1092 1220 1188 1260 vos
1216 1205 1284 1259 de

931 1275 1035 1332 hoc
1060 1276 1283 1341 mundo,
1314 1275 1438 1330 ideo

928 1363 1026 1402 vos
1069 1347 1186 1403 odit
1218 1362 1378 1402 mun-

930 1421 1050 1475 dus.

929 1490 1023 1547 20.
1066 1490 1334 1547 Memores
1371 1497 1517 1544 esto-

933 1572 987 1618 te
1013 1560 1304 1626 sermonis,

930 1633 1071 1705 quod
1094 1648 1197 1705 ego
1225 1632 1337 1686 dixi

930 1704 1086 1760 vobis
1111 1724 1125 1761 :
1156 1704 1277 1759 Non
1301 1713 1386 1758 est

933 1790 1123 1834 servus
1164 1775 1337 1843 major

938 1849 1164 1903 Domino
1189 1863 1309 1911 suo,
1362 1860 1461 1902 nec

938 1920 1230 1990 Apostolus
1263 1932 1381 1990 rna-

150 1969 228 2047 is':
250 1991 353 2048 Jam
380 2006 491 2046 non
522 1988 598 2074 (ρ)
625 1969 790 2044 iam.
816 1985 860 2056 4.
932 1969 1308 2074 ίδξξίιῑέῖειάξ

148 2078 224 2118 vos
245 2078 411 2119 servos
429 2105 442 2128 ,
466 2061 571 2118 sed

148 2136 333 2190 amicos.
372 2172 388 2189 .
433 2177 446 2189 .
504 2174 518 2187 .

150 2206 289 2261 nescit
312 2221 519 2270 servus,

148 2278 247 2345 quid
273 2277 419 2333 faciat

150 2349 365 2404 Dominus
388 2351 535 2413 ejus.
574 2344 686 2404 Vos

148 2431 289 2477 autem
314 2420 420 2476 dixi
448 2437 519 2475 a-

148 2493 301 2551 micos.
325 2493 439 2563 quia
471 2506 597 2547 om-

150 2566 236 2627 nia,
263 2562 384 2634 quae
412 2562 574 2620 audi-

148 2635 233 2689 via
252 2636 392 2690 Patre
417 2650 552 2692 meo
569 2674 586 2702 ,

150 2715 250 2761 nota
267 2708 405 2763 vobis
431 2706 522 2764 fe-

152 2777 219 2833 16.
246 2779 306 2834 ci.
335 2777 445 2834 Non

151 2864 228 2922 vos
250 2849 552 2922 merelegis-

151 2921 236 2985 tis;
258 2921 342 2976 sed
366 2921 465 2990 ego
492 2934 595 2975 vos

151 2992 281 3063 elegi.
310 3004 359 3048 et
396 2991 563 3064 posui

152 3078 246 3128 vos,
270 3074 322 3118 ut
341 3067 495 3131 eatis,
527 3071 582 3119 et

152 3134 445 3192 fructifecitis
464 3179 482 3203 ,

154 3217 196 3261 nl
224 3209 405 3265 fructus
439 3222 572 3263 ves-

156 3288 219 3331 ter
241 3288 438 3334 maneat
462 3321 477 3343 ,
508 3290 570 3333 ut

155 3353 502 3423 quodcumque

154 3422 222 3504 ’a
243 3421 387 3504 Patre
411 3421 605 3504 petie-

156 3496 250 3547 ritis
272 3496 317 3548 in
339 3496 517 3549 nomi-

156 3578 210 3619 ne
233 3581 364 3632 meo,
394 3565 489 3622 det
521 3578 619 3619 vo-

158 3635 228 3689 17.
263 3637 357 3692 bis.
386 3637 539 3692 Haec

156 3706 286 3763 vobis
307 3708 529 3773 mando,

155 3787 204 3851 ut
220 3778 441 3851 diligatis
472 3781 562 3834 in-

159 3849 229 3904 18.
265 3846 449 3908 vicem.
476 3851 541 3909 Si
564 3846 654 3906 hic

159 3922 359 3980 mundus
389 3938 490 3981 vos

936 2060 1083 2119 misit
1108 2078 1250 2117 eum.
1276 2060 1337 2116 Si

937 2135 1070 2190 haec
1097 2134 1289 2196 nostis,
1321 2129 1399 2188 fe-

936 2207 1067 2262 lices
1093 2206 1249 2270 estis,
1277 2202 1325 2259 si

942 2277 1177 2333 feceritis
1199 2290 1263 2329 ea
1295 2293 1309 2327 :

939 2364 1046 2405 non
1096 2348 1165 2403 de
1202 2345 1378 2401 omni-

939 2422 1040 2475 bus
1068 2419 1223 2473 vobis
1244 2417 1387 2472 dico.

941 2491 1057 2561 Ego
1078 2491 1213 2561 scio,
1234 2503 1369 2559 quos

943 2560 1197 2632 elegerint
1207 2598 1220 2613 .

949 2634 1006 2691 Si
1037 2630 1123 2688 ine
1146 2630 1418 2703 persecuti

951 2715 1095 2768 sunt,
1124 2713 1180 2758 et
1210 2717 1305 2757 vos

951 2785 1347 2847 persequentur
1376 2791 1388 2826 :

953 2850 996 2904 si
1028 2860 1333 2903 sermonem

956 2935 1133 2976 meum
1160 2932 1342 2973 servn-

956 2999 1171 3053 verunt,
1202 3000 1257 3044 et
1284 3004 1403 3043 V65-

958 3065 1102 3120 trum’
1126 3076 1309 3117 serva-

956 3135 1050 3191 21.
1093 3134 1246 3188 bunt.
1275 3130 1385 3189 Sed
1413 3130 1549 3186 haec

961 3207 1140 3263 omnia
1180 3204 1384 3259 faciunt

964 3277 1118 3334 vobis
1143 3285 1363 3346 pr0pter

966 3365 1161 3405 nomen
1194 3361 1308 3402 tne-
1339 3387 1349 3396 .

966 3438 1053 3477 tun
1089 3439 1102 3474 :
1145 3418 1268 3490 quia
1300 3418 1377 3489 ig-

967 3501 1161 3548 norant
1185 3505 1333 3556 eum,

966 3564 1056 3633 qui
1087 3579 1171 3617 tne
1210 3561 1377 3615 misit.

966 3630 1058 3690 22.
1103 3634 1158 3690 Si
1192 3647 1303 3687 non
1334 3630 1518 3688 venis-

971 3722 1110 3770 sem,
1138 3714 1193 3760 et
1220 3704 1369 3758 locu-

974 3788 1057 3833 tus
1081 3777 1190 3831 illis
1220 3774 1357 3829 fuis-

970 3865 1110 3915 sem,
1150 3856 1431 3917 peccatum

969 3936 1078 3978 non
1105 3919 1366 3975 haberent
1398 3936 1410 3970 :

2213 396 2444 457 CODEX
2485 396 2934 459 VERONENSIS.

1785 507 1905 548 sum
1934 492 2112 559 vobis,
2139 499 2201 548 ut

1785 564 2036 646 gaudium
2062 578 2239 646 meum

1787 636 1840 689 in
1869 636 2024 690 vobis
2054 637 2144 703 sit,

1788 715 1843 762 et
1864 706 2115 778 gaudium

1785 777 2024 833 vestrum
2055 777 2278 848 implea-

1790 849 1879 904 12.
1922 859 2026 904 tur.
2055 850 2166 905 Hoc
2191 854 2275 903 est

1791 930 2132 990 praeceptum

1790 1008 1996 1056 meum,
2030 1001 2089 1047 ut
2111 993 2192 1047 di-

1790 1062 1972 1133 ligatis
1994 1065 2246 1131 inricem,
2344 1092 2363 1103 ι

1791 1136 1931 1189 sicut
1949 1135 2109 1190 dilexi

1795 1206 1883 1261 15.
1926 1221 2043 1262 vos.
2085 1205 2342 1276 Maiorem

1795 1275 1897 1333 liae
1922 1277 2271 1332 dilectionem

1796 1363 1957 1402 nemo
1975 1348 2156 1415 habet,

1796 1430 1854 1473 ut
1880 1420 2116 1474 animam

1797 1507 1948 1546 suam
1981 1490 2249 1574 (exponat
2271 1492 2313 1564 -ι-

1780 1579 1897 1631 -pro
1921 1565 2108 1618 amicis
2136 1565 2269 1618 suis.

1802 1633 1890 1687 14.
1936 1633 2043 1688 Vos
2084 1635 2246 1689 amici
2277 1636 2380 1691 mei

1800 1706 1955 1770 estis,
1982 1708 2025 1759 si
2059 1708 2253 1762 feceri-

1803 1777 1872 1833 tis
1893 1792 2030 1844 quae
2054 1793 2155 1845 ego

1802 1848 2077 1918 praecipio
2103 1850 2279 1904 vobis.

1807 1917 2053 1994 15._Ja’m
2078 1936 2184 1975 non
2219 1917 2296 1994 (b)
2337 1920 2423 1978 di-

1804 2006 1870 2047 co
1884 1990 1932 2074 j-
1968 2006 2062 2045 vos
2104 1990 2315 2061 servos,

1806 2078 1930 2133 quia
1953 2077 2143 2118 servus

1813 2136 1988 2190 nescit
2016 2134 2144 2204 quid

1810 2206 1937 2260 facit
1958 2207 2215 2262 Dominus

1812 2276 1949 2347 ejus.
1982 2277 2091 2333 Vos
2114 2293 2212 2332 au-

1813 2357 1923 2404 tem
1946 2348 2059 2403 dixi
2088 2350 2220 2404 ami-

1816 2435 1931 2484 cos,
1955 2421 2079 2491 quia

1817 2492 2020 2555 omnia,
2059 2505 2223 2561 quae-

1815 2577 2046 2632 cumque
2070 2579 2165 2617 au-

1817 2632 1925 2689 divi
1956 2651 1983 2687 a
2014 2633 2173 2688 Patre

1816 2720 1961 2766 meo,
1986 2712 2112 2759 nota

1820 2776 1925 2832 feci
1951 2776 2123 2830 vobis.

1822 2846 1915 2902 16.
1954 2846 2070 2901 Non
2099 2862 2196 2902 vos
2216 2862 2305 2903 me

1820 2919 2102 2987 elegistis;
2129 2918 2223 2974 sed

1821 3005 1923 3061 ego
1944 2991 2082 3060 elegi

1822 3076 1941 3127 vos,
1975 3072 2030 3116 et
2054 3063 2209 3132 posui

1825 3147 1945 3199 vos,
1974 3142 2033 3187 ut
2061 3135 2222 3201 eatis,

1826 3215 1881 3259 et
1900 3204 2147 3261 .fructutn

1827 3274 2105 3343 adferatis,
2144 3286 2199 3333 et

1829 3348 2036 3403 fructus
2061 3357 2240 3405 vester

1829 3430 2042 3475 maneat
2067 3440 2080 3476 Ξ

1746 3548 1755 3557 η
1834 3500 1890 3545 ut
1918 3491 2216 3561 quodcum-

1831 3577 1938 3631 que
1962 3563 2223 3631 petieritis

1834 3647 1865 3686 a
1899 3634 2053 3689 Patre
2080 3636 2135 3689 in

1835 3706 2053 3759 nomine
2092 3721 2234 3773 meo,

1838 3774 1932 3830 det
1957 3776 2128 3831 Vobis.

1778 3843 1792 3857 '
1841 3846 1925 3900 17.
1973 3847 2115 3903 Haec
2156 3848 2352 3904 mando

1840 3918 2012 3986 vobis,
2040 3929 2096 3973 ut
2134 3919 2256 3975 dili-

1477 4026 1712 4085 CODEX
1750 4030 2140 4089 BRIXIANUS.

2617 493 2756 564 gatis
2786 493 3041 553 invicem.

2622 564 2709 620 18.
2754 564 2809 621 Si
2840 566 3072 621 mundus

2621 652 2715 691 vos
2745 638 2880 704 odit,
2923 637 3028 692 sci-

2620 716 2731 765 tote
2758 709 3010 776 quoniam

2619 796 2708 834 me
2734 780 2807 849 (ε)
2842 782 2989 851 prio-

2623 868 2737 906 rem
2766 851 2808 923 -ι-
2839 852 2965 907 odio

2626 924 2831 977 habuit.

2627 993 2713 1047 19.
2757 995 2811 1049 Si
2838 994 2904 1049 de
2932 993 3132 1050 mundo

2625 1064 2883 1132 fuissetis,
2918 1078 3070 1122 mun-

2627 1138 2749 1203 dus,
2792 1136 2935 1208 quod

2630 1223 2786 1263 suum
2830 1216 2965 1274 erat,

2627 1279 2885 1365 diligeret
2916 1297 2928 1333 :

2632 1366 2762 1407 vero
2787 1367 2931 1407 enim

2636 1426 2758 1490 quia
2787 1424 2854 1478 de
2881 1438 3040 1477 mun-
3096 1423 3108 1434 ‘

2636 1494 2708 1549 do
2736 1511 2841 1549 non
2872 1495 3026 1560 estis,

2638 1565 2733 1620 sed
2760 1581 2861 1637 ego
2885 1566 3022 1637 elegi

2638 1652 2736 1692 vos
2763 1638 2831 1691 de
2855 1636 3074 1702 mundo,

2640 1717 2928 1778 propterea

2639 1781 2754 1834 odit
2774 1795 2869 1836 vos

2641 1851 2894 1907 mundus.

2641 1921 2731 1977 20.
2774 1922 3101 1978 Mementote

2644 2007 2952 2049 sermonem

2644 2079 2804 2134 quem
2833 2081 2934 2135 ego
2960 2066 3073 2121 dixi

2648 2138 2801 2192 vobis
2831 2155 2844 2191 :
2878 2137 2992 2193 Non

2646 2216 2732 2263 εει
2756 2223 2943 2263 εθννηε
2981 2224 3097 2264 ma-

2644 2279 2732 2349 jor
2769 2280 3000 2336 Domino

2650 2364 2773 2406 8110.

2652 2422 2711 2477 Si
2737 2438 2825 2477 me
2865 2437 2990 2493 per-

2654 2494 2830 2549 secuti
2859 2505 3006 2564 sunt,

2654 2573 2708 2618 et
2738 2580 2833 2619 vos
2860 2582 2981 2632 per-

2654 2645 2950 2705 sequentur
2981 2655 2994 2691 :

2652 2707 2697 2762 si
2719 2722 2927 2762 sermo-

2656 2793 2777 2833 nem
2807 2794 2984 2835 meum

2659 2849 3039 2920 servaberunt,

2657 2931 2712 2976 CI.
2735 2933 2975 2977 vestrum

2656 2992 2749 3047 21.
2793 2996 3107 3053 servabunt.

2661 3063 2769 3119 Sed
2812 3064 2946 3121 haec

2662 3136 2864 3190 faciunt
2886 3140 3069 3194 omnia

2578 3234 2587 3240 -
2665 3206 2744 3280 (ά)
2779 3208 2924 3263 circa
2949 3226 3046 3266 vos
3072 3212 3116 3283 -ι-

2667 3289 2889 3349 propter
2921 3298 3118 3338 nomen

2667 3366 2847 3405 meum
2863 3369 2878 3418 ;

2665 3424 2789 3492 quia
2821 3424 3073 3480 nesciunt

2667 3509 2812 3567 eum,
2845 3497 2939 3567 qui
2970 3510 3057 3552 me

2668 3565 2835 3620 misit.

2668 3636 2760 3691 22.
2804 3637 2859 3693 Si
2892 3651 3000 3693 non
3028 3655 3121 3696 ve-

2672 3708 2895 3773 nissem,
2928 3717 2983 3763 et

2671 3778 2885 3834 locutus
2917 3779 3139 3837 fuissem

2673 3848 2774 3915 eis,
2806 3860 3085 3919 peccaturo

2676 3936 2783 3976 non
2815 3922 3080 3979 haberent
3113 3944 3125 3979 :

3276 286 3383 346 462

161 4129 312 4202 vobis.
355 4140 432 4187 ut.
476 4128 737 4202 gaudium
782 4144 961 4184 meum
995 4126 1224 4202 invobis
1249 4133 1483 4179 maneat.
1519 4132 1574 4179 et
1603 4137 1733 4193 gau-

162 4201 287 4256 dium
354 4199 600 4259 vestrntn
670 4201 978 4271 impleatur.
1054 4199 1168 4254 Hoc
1238 4208 1321 4271 est
1389 4205 1732 4271 praeceptum

163 4287 339 4328 meum.
385 4287 445 4330 ut
474 4273 719 4342 diligatis
751 4268 1018 4326 invicem.
1062 4269 1515 4342 quemadmodum
1570 4268 1735 4342 dilexi

161 4357 260 4399 vos.
303 4345 511 4414 Maiore
562 4340 662 4399 liuc
707 4344 1013 4399 dilectione.
1065 4340 1224 4396 nemo
1270 4340 1568 4414 ll:_tb6l.__ttt
1621 4341 1740 4414 anif

164 4431 284 4470 mam
313 4410 467 4473 suam
500 4417 626 4485 quis
661 4426 822 4485 ponat
877 4430 973 4485 pro
1008 4416 1200 4468 amicis
1253 4411 1381 4465 suis.
1442 4410 1551 4485 Vos
1577 4411 1738 4464 amici

163 4489 250 4541 mei
297 4491 447 4544 estis.
523 4483 569 4541 Si
635 4483 887 4542 feceritis
935 4501 1073 4555 quae
1118 4499 1219 4556 ego
1294 4483 1567 4551 praecipio
1644 4498 1738 4535 vo—

164 4557 254 4612 bis.
301 4559 420 4615 Jam
481 4575 590 4613 non
642 4557 718 4630 (b)
775 4559 895 4613 dico
948 4557 985 4630 ᾖξ’
1030 4572 1155 4630 vos_
1196 4568 1401 4630 servos.
1454 4556 1576 4620 quia
1621 4570 1735 4630 scr:

165 4644 248 4683 vus
275 4634 446 4687 nescit
475 4630 604 4702 quid
632 4624 791 4684 faciat
820 4624 1074 4684 Dominus
1110 4627 1247 4702 ejus.
1284 4624 1387 4702 vos
1414 4635 1593 4702 autem
1621 4624 1733 4679 dixi

163 4704 350 4758 amicos
380 4697 508 4772 quia
537 4702 716 4772 omnia
748 4715 1098 4771 quaecunque
1128 4698 1304 4772 audivi
1359 4714 1388 4750 a
1423 4697 1582 4772 Patre
1614 4711 1736 4749 meo

164 4783 273 4825 nuta
297 4767 410 4829 feci"
435 4775 612 4828 Vobis.
659 4767 780 4827 Noti
810 4787 905 4827 vos
949 4767 1034 4827 me
1076 4770 1332 4839 elegistis.
1369 4767 1465 4822 Sed
1510 4783 1609 4835 ego
1640 4784 1735 4821 vos

166 4841 307 4915 elegi.
340 4854 396 4901 et
425 4850 580 4915 posui
628 4859 740 4898 vos.
790 4854 846 4898 ut
886 4854 940 4899 et
976 4858 1072 4915 vos
1101 4840 1332 4915 fructum
1380 4839 1638 4915 afferatis.
1682 4850 1736 4894 et

166 4910 353 4985 fructus
377 4910 562 4973 vester
590 4926 822 4970 maneat.
855 4923 912 4969 ut
938 4913 1196 4985 quidquid
1228 4910 1491 4985 petieritis
1520 4912 1734 4985 Patrem

166 4984 213 5041 in
235 4991 452 5046 nomine
484 5004 607 5045 meo
636 4987 728 5044 det
756 4985 927 5044 vobis.
957 4981 1103 5042 Haec
1143 4985 1340 5040 mando
1369 4981 1541 5038 vobis.
1568 4994 1626 5036 ut
1656 4983 1737 5037 di-

1838 4125 2291 4208 ligatisjnvicem.
2405 4128 3033 4208 hiemnndus‘vos_odit.
3069 4135 3283 4193 scitote.
3311 4141 3435 4208 quia

1840 4215 1926 4271 me
1963 4202 2197 4271 priorem
2244 4200 2395 4254 vobis
2441 4200 2568 4255 odio
2612 4200 2818 4257 habuit.
2869 4203 2925 4258 Si
2971 4204 3040 4260 de
3090 4208 3189 4261 hoc
3237 4200 3437 4265 mundo

1840 4270 2101 4349 fuissetis.
2149 4272 2379 4349 mundus
2419 4276 2605 4349 utique
2649 4273 2790 4343 quod
2832 4291 3119 4349 suntnest
3162 4279 3430 4349 diligeret.

1839 4345 1963 4421 quia
1992 4359 2118 4399 vero
2143 4344 2344 4421 deboc
2373 4345 2573 4397 mundo
2603 4360 2724 4421 ηοῃ⁸
2742 4347 2893 4402 estis.
2933 4348 3026 4401 sed
3056 4364 3155 4413 ego
3175 4344 3315 4421 eli-gi
3340 4369 3434 4410 vos

1842 4415 1911 4470 de
1943 4416 2044 4471 hoc
2074 4416 2292 4469 mundo.
2323 4429 2607 4486 propterea
2637 4417 2751 4471 odit
2782 4434 2877 4471 vos
2912 4422 3160 4474 mundus.
3193 4415 3434 4478 Memen-

1845 4496 1956 4542 tote
1982 4490 2271 4543 sermonis.
2312 4504 2469 4555 quem
2501 4503 2602 4556 ego
2630 4489 2740 4542 dixi
2767 4491 2947 4546 vobis.
2978 4490 3092 4544 Non
3122 4502 3206 4546 est
3245 4509 3437 4551 servus

1843 4562 2017 4626 major
2040 4560 2269 4635 Dtllllltlﬂ
2298 4573 2415 4612 suo.
2446 4561 2499 4614 Si
2526 4572 2614 4612 me
2640 4563 2910 4629 persecuti
2944 4573 3086 4616 sunt.
3109 4571 3163 4617 et
3194 4580 3288 4619 vos
3318 4581 3442 4635 per-

1838 4642 2153 4700 sequuntur.
2190 4631 2232 4681 si
2266 4645 2572 4685 sermonem
2604 4647 2783 4685 meum
2824 4646 3195 4687 servaverunt.
3239 4648 3291 4689 et
3319 4631 3442 4691 ves-

1840 4711 1980 4755 trum
2004 4705 2316 4757 servabunt.
2348 4702 2441 4755 sed
2466 4703 2600 4777 haec
2629 4704 2811 4777 omnia
2862 4702 3061 4758 facient
3101 4706 3273 4760 vobis.
3310 4723 3440 4777 pro-

1837 4783 1955 4847 pter
2003 4788 2199 4847 nomen
2254 4788 2449 4827 meum.
2512 4774 2635 4844 quia
2696 4776 2949 4847 ignorant
3013 4790 3136 4847 eum
3209 4774 3322 4847 qui'
3356 4794 3442 4835 me

1838 4845 2004 4899 misit.
2060 4845 2114 4898 Si
2193 4860 2300 4911 non
2375 4848 2648 4900 venissem
2693 4855 2749 4901 et
2807 4846 3020 4902 locutus
3069 4846 3148 4903 eis
3197 4845 3440 4907 fuissem.

1842 4926 2120 4987 peccatum
2170 4932 2279 4971 non
2308 4916 2594 4973 haberent.

1445 5074 1677 5130 CODEX
1705 5070 2179 5132 CORBEIENSIS.

230 5175 312 5230 12.
354 5185 415 5231 ut
442 5174 680 5246 diligatis
703 5174 952 5241 invicem,
977 5187 1083 5246 qua
1104 5169 1401 5246 dilectione
1422 5167 1587 5224 dilexi
1620 5182 1738 5225 vos.

230 5247 315 5304 18.
355 5249 482 5320 quia
511 5243 597 5303 uie
626 5248 860 5319 priorem
900 5243 1025 5302 odio
1053 5243 1259 5300 habuit.
1275 5244 1287 5313 ἓν

1919 5167 2013 5223 21.
2060 5167 2168 5223 Sed
2192 5167 2324 5223 haec
2353 5168 2533 5222 omnia
2552 5166 2759 5223 faciunt
2779 5168 2923 5225 circa
2948 5183 3067 5226 vos.

1920 5240 2011 5294 22.
2028 5245 2432 5295 excusationem
2453 5256 2558 5294 non
2576 5239 2859 5297 babentde
2872 5250 3115 5312 peccato,
3130 5244 3316 5302 omisso
3329 5260 3450 5305 suo.

1412 5334 1804 5393 VARIANTES
1842 5334 2245 5392 LECTIONES.

224 5437 241 5468 ⁸
276 5437 383 5489 Gut.
418 5438 530 5488 dico
554 5450 656 5489 vos.
685 5441 804 5489 Mm.
848 5439 958 5489 dioo
992 5435 1130 5487 vobis
1156 5442 1361 5493 servos,
1407 5433 1497 5485 sed
1547 5432 1758 5492 amicos,

198 5500 357 5567 uia....
383 5502 509 5565 quid
527 5500 691 5553 faciet.
723 5498 873 5567 Vulg.
898 5501 1055 5551 dicam
1092 5511 1179 5549 vos
1205 5510 1400 5561 servos,
1421 5498 1617 5561 quia....
1644 5495 1763 5559 quid

187 5564 325 5615 "sciat.

1931 5429 2092 5498 [ϐας.
2118 5434 2163 5479 et
2190 5430 2318 5498 μνη.
2352 5428 2603 5492 petieritis
2626 5440 2653 5478 a
2673 5428 2822 5480 Patre
2848 5419 2961 5480 meo
2983 5431 3055 5482 in.
3085 5433 3233 5497 Vulg.
3256 5435 3470 5498 petieri-

1869 5493 1932 5544 tis
1952 5492 2154 5543 Patrem
2186 5491 2254 5541 in.

1490 5642 1713 5701 BLANC
1722 5642 1859 5701 HINI
1900 5642 2131 5700 NOT/E.

235 5741 312 5816 (a)
336 5743 481 5800 Post
517 5754 691 5815 ponat,
721 5734 875 5800 deest
898 5746 1033 5816 quis,
1067 5744 1323 5816 etiamin
1351 5740 1474 5816 cod.
1506 5740 1659 5816 cant.
1686 5740 1780 5816 Gr.
1809 5751 1865 5816 et
1887 5739 2005 5794 Lat.
2025 5760 2097 5780 —-
2126 5738 2198 5810 ('b)
2233 5736 2311 5792 Ita
2334 5744 2390 5793 et
2436 5744 2542 5793 tex.
2586 5736 2686 5795 Gr.
2704 5739 2855 5811 λέγω.
2886 5769 2958 5783 —
2980 5739 3058 5813 (ο)
3087 5740 3217 5801 Post
3249 5743 3476 5813 priorem

171 5812 323 5873 deest
348 5812 526 5887 vobis,
549 5812 711 5876 etiam
742 5817 796 5873 in
822 5812 944 5873 cod.
969 5816 1205 5873 Cant.-—
1234 5814 1315 5890 (ά)
1342 5813 1482 5871 Cod.
1528 5812 1686 5871 Cant.
1719 5812 1791 5875 εἰς
1818 5812 1976 5885 ὑμᾶς.
