3874 6326
475 316 581 374 465
1002 302 1280 367 EUSEBII
1315 300 2148 387 γεααειιηΕνΑΝοΕιιυΜ
2185 301 2327 364 CUM
2366 304 2595 366 VARUS
2633 305 2789 365 COD.
2832 304 3238 369 COLLATUMJ

2628 425 2858 483 CODEX
2899 426 3344 484 VERONENSIS.

867 423 1102 481 CODEX
1140 420 1680 480 VERCELLENSIS.

1318 518 1390 573 rit
1415 532 1533 583 vos,
1557 516 1722 572 aesti-

1317 599 1427 644 met
1455 604 1514 643 se
1555 587 1723 643 sacri-

1318 661 1494 716 ﬁcium
1527 660 1636 716 Deo

1315 733 1370 789 5.
1412 733 1608 788 olTerre
1641 750 1653 786 :
1690 739 1743 787 et
1765 731 1899 786 haec

1318 805 1332 834 ¹
1363 803 1560 859 facient
1582 807 1584 810 ’

1315 876 1489 942 vobis,
1512 875 1635 946 quia
1663 891 1773 932 non

479 539 625 584 nunc
655 537 784 580 VCI‘O

481 596 792 655 excusabo-

477 685 602 727 nem
642 683 746 724 non
790 667 888 720 ha-

474 741 605 798 bent
633 742 699 796 de
734 753 924 810 pecca-

475 823 534 868 to
567 828 686 868 SUO.

473 884 566 938 23.
607 883 708 952 Qui
735 896 822 937 me
862 881 1006 948 odit,
1044 889 1098 936 et

473 955 687 1010 Patrem
737 969 916 1008 meum
1315 959 1586 1002 noverunt

471 1026 563 1082 24.
606 1026 738 1081 odit.
775 1025 834 1081 Si
856 1039 1020 1096 opera
1314 1019 1553 1086 Patrem,
1583 1035 1679 1076 ne-

471 1113 579 1152 non
614 1098 862 1154 fecissem
1313 1106 1418 1154 que
1463 1107 1569 1147 me.

1354 1202 1368 1216 .
1415 1162 1558 1218 Haec
1581 1165 1791 1220 loculus

1315 1250 1434 1290 sum
1461 1234 1650 1300 vobis;

1315 1317 1394 1374 ut,
1424 1321 1545 1362 cum
1573 1323 1666 1362 ve-

1315 1378 1460 1434 nerit
1486 1378 1620 1434 liora
1639 1420 1654 1444 ,

1313 1464 1584 1506 memores
1612 1451 1686 1505 si-

1315 1521 1405 1583 tis,
1437 1522 1558 1591 quia
1589 1536 1690 1591 ego

1311 1593 1422 1647 dixi
1448 1595 1626 1648 vobis.

1311 1663 1366 1719 5.
1410 1664 1553 1718 Haec
1585 1671 1766 1719 autem

1309 1736 1464 1790 vobis
1493 1737 1560 1790 ab
1586 1737 1690 1790 ini-

1313 1807 1386 1862 tio
1413 1823 1518 1861 non
1545 1805 1679 1870 dixi,

1309 1878 1433 1950 quia
1461 1878 1635 1933 vobis-

470 1170 524 1224 in
553 1170 680 1237 illis,
716 1185 854 1240 quae

471 1256 634 1296 nemo
663 1241 802 1295 alius

470 1312 620 1376 fecit,
654 1320 932 1382 peccatum

470 1399 580 1438 non
607 1384 870 1440 haberent
898 1404 910 1437 :

469 1471 616 1511 nunc
642 1467 821 1511 autem

469 1537 526 1582 et
550 1526 827 1594 viderunt,

470 1607 527 1656 et
550 1600 780 1654 oderunt

468 1686 578 1737 me,
604 1679 659 1727 et
687 1671 900 1727 Patrem

463 1742 556 1798 25.
603 1758 800 1797 meum.
844 1741 952 1800 Sed
995 1751 1053 1798 ut

461 1813 752 1884 impleatur

462 1886 713 1956 verbum,
747 1887 889 1956 quod

465 1954 520 2011 in
557 1958 682 2038 lege
708 1954 895 2014 eorum
1313 1965 1435 2004 cum
1466 1964 1614 2038 cf?“
1738 2019 1747 2038 .

463 2019 722 2085 scribt'um
749 2038 834 2085 est
860 2048 876 2087 :
1313 2037 1458 2076 nunc
1485 2019 1560 2090 (α)
1591 2019 1761 2090 vero?

535 2101 803 2176 Quoniam
1313 2093 1476 2174 co.ad
1503 2107 1667 2176 eum,_

533 2173 772 2229 oderunt
1311 2171 1403 2234 qui
1435 2179 1521 2219 me
1550 2171 1720 2218 misit'

459 2245 503 2274 τέ
533 2261 621 2302 me
640 2244 828 2316 gratis.
1310 2243 1556 2316 θιῃθιξω
1585 2250 1653 2290 ΘΧ

1305 2308 1460 2362 vobis
1484 2308 1656 2361 inter-

1304 2387 1459 2451 rogat
1481 2393 1596 2451 me,
1619 2376 1738 2451 Quo

1303 2447 1416 2506 6f.
1465 2491 1478 2503 .
1525 2489 1538 2502 .
1581 2447 1737 2505 ?Sed
1767 2451 1892 2519 quia

1303 2523 1440 2578 haec
1469 2523 1680 2577 locutus

1304 2609 1423 2649 sum
1455 2593 1630 2656 vobis,

1306 2665 1523 2720 tristitia
1552 2679 1646 2719 cor

1303 2749 1542 2792 vestrmn
1575 2737 1675 2790 im-

1303 2809 1354 2862 7.
1401 2808 1584 2877 plevit.
1611 2803 1719 2863 Sed
1742 2817 1842 2875 ego

1301 2881 1586 2936 veritatem

1299 2952 1454 3006 vobis
1483 2951 1606 3005 dico
1633 2968 1646 3003 :
1679 2963 1780 3004 ex—

1301 3023 1451 3094 pedit
1478 3022 1632 3078 vobis
1666 3027 1726 3074 ut

1299 3110 1400 3166 ego
1421 3109 1538 3150 eam
1569 3106 1759 3166 :rnam,

1300 3165 1355 3221 si
1380 3181 1483 3221 non
1515 3165 1700 3220 abiero

1298 3253 1422 3307 ego,
1454 3237 1702 3319 Paracle-

1299 3319 1386 3364 1118
1407 3323 1514 3364 11011
1541 3323 1687 3364 γεω-

1300 3390 1355 3434 ct
1377 3380 1444 3434 ad
1474 3394 1570 3434 vos
1597 3398 1610 3435 :
1637 3379 1684 3433 si
1715 3396 1814 3438 au—

1301 3461 1409 3506 tem
1437 3467 1536 3522 ego
1565 3451 1706 3506 abie-

1299 3538 1388 3588 ro,
1417 3525 1624 3577 mittam
1653 3523 1720 3577 il-

1300 3593 1410 3649 lum
1439 3593 1507 3649 ad
1537 3610 1657 3650 vos.

1298 3665 1352 3721 8.
1398 3665 1464 3720 Et
1490 3681 1612 3720 cum
1649 3680 1815 3724 vene-

1299 3738 1370 3792 rit
1392 3737 1527 3802 ipse,
1558 3754 1640 3792 ar-

1298 3816 1426 3879 guet
1455 3809 1714 3866 mundum

1300 3881 1369 3936 de
1407 3894 1651 3952 peccato,
1681 3891 1737 3938 et

1301 3953 1370 4007 de
1390 3953 1620 4022 justitia,
1652 3961 1710 4010 et

1301 4023 1354 4079 9.
1399 4024 1466 4080 de
1487 4025 1712 4096 judicio.
1741 4026 1819 4082 De

456 2317 546 2374 26.
608 2319 744 2375 Cum
788 2331 920 2389 ergo
948 2331 1113 2374 vene-

455 2392 529 2446 rit
555 2391 868 2448 Paracietus

457 2462 572 2531 ille,
606 2479 763 2534 quem
794 2476 894 2533 ego

455 2536 666 2590 mittam
690 2535 844 2590 vobis

457 2622 490 2660 a
518 2607 676 2663 Patre
702 2620 846 2668 meo,

455 2679 706 2748 spiritum
735 2677 934 2733 verita-

455 2751 548 2817 tis,
580 2750 675 2821 qui
701 2749 770 2805 de
799 2748 961 2803 Patre

455 2836 582 2878 meo
613 2821 876 2891 procedit,

455 2893 573 2962 ipse
603 2893 863 2949 testiﬁca-
909 2916 915 2924 ε

453 2964 604 3020 bitur
629 2964 698 3021 de
733 2979 819 3020 me
849 2980 862 3016 :

451 3037 546 3093 27.
589 3046 643 3093 et
666 3051 766 3090 vos
787 3036 1004 3090 testimo

452 3109 604 3162 nium
627 3106 807 3176 perhi-

454 3179 616 3247 betis,
641 3179 766 3249 quia
803 3177 871 3233 ab
912 3177 960 3232 i-

456 3251 590 3306 nitio
615 3265 826 3306 mecum

456 3323 609 3380 estis.

628 3412 857 3472 CAPUT
902 3410 1048 3468 XVI.

531 3531 584 3586 1.
616 3529 762 3586 Haec
790 3527 1002 3582 locutus
1033 3537 1151 3580 sum

457 3605 634 3665 vobis.
677 3616 744 3656 ne
781 3613 936 3654 scan-

458 3672 786 3732 dalizemini.

457 3751 514 3802 2.
557 3747 721 3802 Extra
752 3744 1001 3814 Synago-

457 3834 580 3892 gam
603 3814 887 3895 vos_faci-.

458 3888 554 3948 ent
585 3907 599 3957 ;
633 3888 728 3944 sed
763 3888 916 3950 venit

457 3963 614 4031 hora,
645 3971 704 4016 ut
731 3975 850 4031 om-

457 4037 563 4104 nis,
597 4027 693 4106 qui
717 4027 929 4088 occide-

2187 533 2330 575 nunc
2355 528 2538 575 autem

2185 593 2586 648 excusationem

2186 677 2290 716 non
2324 662 2527 719 habent

2183 733 2251 788 de
2272 745 2495 803 peccato
2525 751 2643 792 suo.

2183 805 2274 859 ‘23.
2317 807 2418 873 Qui
2446 823 2532 862 me
2552 808 2687 874 odit,

2183 884 2238 932 et
2266 877 2479 934 Patrem
2505 895 2681 935 meum

2184 948 2316 1002 odit.

2182 1019 2272 1092 24.
2316 1020 2372 1076 Si
2405 1037 2566 1092 opera
2588 1038 2694 1079 non

2183 1091 2447 1148 fecissem
2460 1096 2512 1149 in

2184 1179 2300 1229 eos,
2332 1182 2452 1232 qua:
2480 1182 2639 1223 nemo

2184 1235 2323 1290 alius
2352 1235 2503 1307 fecit,

2184 1317 2463 1373 peccatum
2493 1325 2598 1365 non

2184 1376 2451 1435 haberent
2473 1398 2486 1434 :
2511 1398 2655 1439 nunc

2183 1459 2363 1506 autem
2389 1462 2442 1507 et
2467 1453 2620 1509 vide-

2183 1533 2341 1590 runt,
2370 1531 2423 1578 et
2450 1524 2574 1579 odio

2184 1593 2489 1650 halmerunt
2514 1605 2570 1651 et

2185 1681 2293 1732 me,
2316 1674 2371 1721 et
2397 1667 2609 1723 Patrem

2181 1735 2274 1791 ‘25.
2318 1753 2516 1794 meum.
2551 1739 2656 1796 Sed
2689 1751 2746 1797 ut

2184 1808 2469 1882 impleatur
2495 1827 2698 1882 sermo,

2179 1879 2274 1950 qui
2304 1881 2355 1934 in
2387 1881 2503 1952 lege
2529 1899 2622 1939 eo-

2183 1966 2303 2024 r_um
2332 1954 2567 2024 scriptus
2589 1965 2674 2013 est
2701 1973 2715 2013 :

2187 2022 2320 2090 Quia
2353 2022 2479 2081 odio

2183 2093 2492 2154 habuerunt
2520 2116 2608 2156 me

2186 2168 2372 2236 gratis.

2174 2238 2290 2317 26.Δ
2312 2243 2444 2317 Cum
2476 2259 2605 2317 ergo
2635 2261 2726 2304 ve-
2770 2241 2772 2243 ’

2177 2312 2318 2367 nerit
2348 2312 2696 2386 Paraclétus,

2171 2399 2331 2456 quem
2356 2401 2457 2456 ego

2173 2455 2568 2516 mittam’vobis

2173 2543 2202 2582 a
2230 2528 2410 2597 Patre,
2445 2533 2692 2602 Spiritum

2172 2602 2438 2675 veritatis,
2467 2607 2559 2675 qui

2173 2685 2203 2724 a
2233 2672 2393 2728 Patre
2415 2672 2537 2731 meo

2174 2745 2440 2812 procedit,
2467 2748 2558 2804 ille

2174 2816 2541 2873 testimonium

2174 2887 2480 2952 perhibebit
2506 2891 2574 2946 de

2305 2975 2391 3040 me
2417 2979 2428 3012 ε
2455 2970 2510 3016 et
2539 2977 2634 3018 vos
2664 2973 2745 3020 tc-

2172 3033 2487 3086 stimonium

2174 3101 2549 3176 perbibebitis,
2581 3106 2706 3176 quia

2173 3173 2241 3225 ab
2266 3173 2418 3231 initio
2443 3173 2652 3233 mecum

2173 3244 2326 3301 estis.

2352 3362 2580 3422 CAPUT
2611 3366 2752 3424 XVI.

2249 3456 2299 3510 1.
2346 3457 2488 3514 llaec
2510 3459 2726 3517 locutus

2175 3541 2296 3582 sum
2328 3529 2503 3598 vobis,
2537 3540 2596 3586 ut

2176 3614 2284 3653 non
2315 3601 2652 3657 scandalize-

2173 3669 2229 3746 ἓ.
2274 3672 2440 3746 mini._
2455 3674 2674 3746 Absque

2169 3740 2473 3824 Synagogis
2497 3740 2595 3800 fil-

2174 3824 2320 3868 etent
2346 3831 2479 3881 vos;

2174 3886 2272 3939 sed
2301 3888 2448 3942 venit
2475 3889 2628 3956 hora,

2174 3966 2234 4030 ut
2255 3958 2454 4026 omnis,
2482 3962 2574 4030 qui

2174 4027 2513 4086 interfecerit
2535 4045 2655 4102 vos,

1788 4141 2022 4200 CODEX
2052 4145 2445 4208 BRIXIANUS.

462 4255 818 4307 nnncautem.
867 4239 1268 4298 excusationem
1317 4254 1424 4292 non
1471 4238 1671 4294 habent
1722 4239 1791 4295 de
1833 4250 2058 4309 peccato

463 4337 582 4376 suo.
605 4319 705 4387 Qui
729 4331 814 4370 me
835 4314 946 4368 odit
967 4324 1022 4368 et
1053 4315 1263 4367 Patrem
1296 4311 1631 4387 meum‘odit.
1669 4311 1723 4366 Si
1754 4327 1919 4381 opera
1949 4328 2055 4368 non

462 4381 718 4449 fecissEm
749 4387 801 4440 in
833 4387 933 4440 eis.
958 4400 1095 4454 quae
1119 4398 1278 4438 nemo
1301 4384 1436 4436 alius
1466 4381 1608 4437 fecit.
1639 4393 1919 4452 peccatum
1947 4399 2055 4440 non

460 4465 746 4518 haberent.
777 4470 917 4511 nunc
941 4464 1117 4508 autem
1150 4463 1202 4509 et
1233 4455 1510 4508 viderunt.
1544 4465 1596 4508 et
1619 4454 1868 4510 oderunt.
1893 4467 1946 4509 et
1971 4472 2056 4511 me

463 4545 521 4593 et
570 4534 784 4589 Patrem
838 4542 1034 4582 meum.
1079 4526 1184 4580 Sed
1227 4536 1285 4580 ut
1333 4526 1617 4594 impleatur
1657 4541 1836 4580 sermo
1879 4527 1966 4596 qui
2000 4526 2056 4582 in

463 4608 584 4680 lege
633 4617 822 4660 eorum
869 4597 1099 4653 scribtus
1145 4607 1245 4651 est.
1276 4597 1415 4680 Quia
1456 4596 1706 4680 odiome
1751 4599 2057 4653 habuerunt

461 4669 650 4751 gratis.
699 4676 834 4751 Cum
878 4679 1056 4751 autem
1105 4670 1314 4750 venerit
1363 4669 1700 4751 Paraeletus.
1742 4685 1931 4751 quem“
1955 4685 2055 4751 ego

464 4739 673 4806 iititlam
706 4745 859 4800 vobis
893 4757 922 4795 a
944 4740 1122 4794 Patre.
1155 4739 1402 4809 spiritum
1432 4740 1694 4795 veritatis.
1723 4739 1862 4809 quia
1895 4739 2052 4796 Patre

465 4819 732 4892 procedit.
772 4815 863 4869 ille
909 4812 1273 4892 testiinonium
1301 4810 1611 4892 perhibebit
1637 4812 1704 4866 de
1735 4828 1842 4866 me.
1866 4821 1920 4866 et
1958 4828 2053 4892 vos

466 4883 830 4946 iestimonium
877 4884 1193 4954 perhibetis.
1226 4885 1348 4952 quia
1371 4883 1439 4936 ab
1469 4883 1624 4938 initio
1652 4899 1862 4938 mecum
1895 4886 2048 4938 eslis.

466 4963 610 5017 Haec
645 4962 856 5015 locutus
895 4970 1016 5012 sum
1053 4955 1224 5008 vobis.
1258 4963 1313 5007 nt
1341 4969 1446 5007 non
1480 4955 1941 5010 scandalizcmini.
1974 4955 2051 5009 De

465 5047 733 5101 synagoga
772 5027 1212 5101 vosgexpellent.
1249 5025 1342 5079 sed
1386 5026 1567 5080 veniet
1607 5028 1758 5101 hora.
1787 5035 1848 5080 ut
1872 5028 2050 5101 omnis

465 5094 556 5176 qui
597 5094 928 5158 ﬁttéri'ecerit
961 5112 1058 5154 vos
1098 5094 1397 5152 arbitretur
1437 5111 1496 5152 se
1525 5097 1851 5153 sacrificium
1893 5097 2049 5152 obtu-

3017 521 3264 578 aestimel
3292 539 3349 578 se

3019 595 3331 664 obsequium
3356 594 3459 650 Deo

3019 667 3070 720 3.
3115 675 3381 736 praestare
3410 684 3422 720 :
3452 666 3541 723 sed

3014 737 3149 793 haec
3178 738 3400 805 facient,

3013 810 3138 879 quia
3168 825 3272 865 non
3301 825 3394 865 no-

2953 906 2964 915 -
3014 893 3210 938 verunt
3231 883 3459 950 Patrem,

3013 969 3187 1024 neque
3209 970 3314 1010 me.

3013 1026 3068 1080 4.
3115 1025 3258 1081 Haec
3284 1034 3456 1082 autem

3018 1097 3234 1152 locutus
3260 1113 3375 1152 sum

3017 1169 3169 1224 vobis
3193 1186 3208 1234 ;
3234 1179 3316 1237 ut,
3344 1184 3461 1228 cum

3021 1242 3232 1296 venerit
3254 1242 3385 1298 hora

3017 1328 3230 1380 eorum,
3252 1312 3416 1370 remi-

3015 1383 3301 1440 niscamini

3013 1457 3136 1582 iiii?
3157 1473 3265 1582 ἓξὲξ

3055 1527 3126 1583 ixi
3157 1527 3332 1588 vobis.

3016 1600 3068 1652 5.
3115 1600 3260 1657 Haec
3287 1609 3463 1660 autem

3015 1673 3170 1728 vobis
3200 1674 3269 1729 ab
3294 1675 3443 1732 initio

3018 1760 3125 1799 non
3152 1744 3289 1811 dixi,

3015 1816 3139 1886 quia
3165 1817 3440 1877 vobiscum

3018 1902 3168 1942 eram
3205 1907 3219 1945 ἓ
3253 1905 3398 1947 nunc

3018 1957 3096 2086 (ιέ)
3123 1971 3303 2018 autem
3329 1963 3516 2048 {vado

3018 2045 3044 2083 ﬂ
3114 2046 3240 2086 eum
3261 2078 3275 2086 .
3298 2051 3389 2086 (Iul

3016 2037 3088 2114 ad
3114 2046 3240 2114 eum
3261 2078 3275 2102 ,
3298 2037 3389 2107 qui

3017 2114 3164 2158 nnsnt
3185 2122 3274 2163 me
3302 2125 3317 2174 ;

3017 2183 3071 2230 ΘΙ.
3099 2191 3262 2234 nemo
3289 2194 3356 2234 CX

3016 2247 3171 2305 vobis
3193 2251 3428 2308 interro-

3013 2329 3105 2392 gat
3133 2337 3246 2387 me,
3277 2322 3396 2392 Quo

3010 2391 3064 2446 6.
3107 2394 3296 2448 vadis?
3319 2393 3446 2459 Sed,

3008 2467 3132 2535 quia
3158 2467 3298 2522 haec
3326 2466 3473 2522 locu«

3008 2547 3093 2594 tus
3119 2554 3244 2594 sum
3272 2539 3445 2606 vobis,

3005 2611 3231 2665 tristitia
3261 2608 3496 2680 implevit

3005 2696 3101 2737 COI‘
3123 2692 3368 2738 vestrum
3379 2720 3392 2737 ο

3007 2754 3058 2826 7.
3102 2752 3215 2810 Sed
3242 2769 3344 2826 ego
3372 2767 3465 2810 ve-

3007 2825 3229 2882 ritatem
3256 2825 3380 2881 dico

3001 2897 3156 2968 vobis
3185 2914 3202 2962 ;
3231 2913 3298 2954 ex
3308 2896 3452 2968 pedit

3003 2967 3156 3024 vobis
3179 2979 3243 3024 ut
3263 2967 3381 3025 eam
3411 2985 3425 3022 :

3003 3039 3048 3093 si
3080 3054 3189 3095 non
3224 3043 3320 3096 ha-

3009 3109 3161 3184 biero
3188 3128 3315 3184 ego,

3008 3181 3328 3240 Paracle'tus

3011 3269 3119 3310 non
3150 3257 3342 3312 veniet

3011 3325 3078 3381 ad
3108 3341 3208 3383 vos
3244 3346 3257 3381 :

3012 3397 3058 3452 si
3089 3408 3274 3456 autem
3308 3399 3402 3454 ha-

3010 3468 3184 3536 biero,
3217 3472 3427 3526 mittam

3011 3539 3164 3595 illum
3188 3543 3259 3597 ad
3286 3558 3401 3598 vos.

3011 3612 3064 3667 8.
3109 3612 3179 3667 Et
3210 3629 3334 3669 cum
3363 3628 3460 3669 ve-

3010 3683 3151 3739 nerit
3181 3685 3294 3753 ille,
3324 3701 3415 3742 ar-

3006 3764 3137 3824 guet
3164 3755 3457 3826 mundum:

3008 3827 3076 3881 de
3104 3838 3355 3898 peccato,

3008 3905 3065 3982 et
3093 3899 3397 3982 dejustitia
3426 3941 3439 3967 ,

3009 3978 3066 4024 et
3086 3969 3309 4040 juditio.

3009 4040 3064 4096 9.
3107 4042 3184 4099 De
3215 4052 3438 4116 peccato

3625 314 3712 370 464

2164 4244 2294 4300 lisse
2332 4247 2462 4327 Deo.
2515 4245 2610 4302 sed
2654 4247 2790 4305 haec
2837 4251 3038 4311 facient
3065 4256 3244 4313 vobis.
3274 4259 3394 4327 quia
3427 4269 3527 4312 non
3551 4262 3714 4322 cogno'

2161 4327 2360 4400 verunt
2392 4319 2604 4400 Patrem
2652 4335 2829 4400 neque
2865 4341 2970 4381 me.
3020 4327 3166 4384 Haec
3196 4319 3378 4386 autem
3413 4319 3714 4400 locutus'sutlt

2161 4391 2335 4472 vobis.
2379 4398 2433 4444 ut
2464 4406 2592 4472 cum
2639 4391 2850 4472 venerit
2891 4401 3023 4454 hora
3065 4401 3304 4457 illorum.
3347 4391 3715 4472 reminiscamini

2161 4461 2282 4543 quia
2313 4461 2557 4543 CgO_dixi
2580 4468 2766 4543 vobis.
2799 4467 2941 4524 Haec
2969 4482 3151 4527 autem
3182 4475 3341 4528 vobis
3376 4475 3442 4528 ab
3473 4470 3606 4543 initio
3631 4477 3709 4543 non

2159 4531 2290 4619 di‘xi.
2337 4531 2461 4605 Quia
2508 4540 2997 4619 vobiscumeram.
3041 4559 3183 4600 nunc
3222 4545 3298 4619 (a)
3333 4557 3502 4619 autem
3541 4541 3577 4613 -ξ-
3611 4532 3715 4619 vadi}

2159 4604 2225 4658 ad
2271 4604 2394 4687 eum
2432 4608 2521 4677 qni
2551 4627 2650 4687 nte
2689 4613 2859 4687 misit.
2902 4622 2956 4687 et
2996 4629 3158 4670 nemo
3191 4604 3714 4687 ei'vobisiritérrogal

2164 4691 2250 4753 me
2291 4679 2414 4753 Qua
2463 4681 2631 4737 vadis.
2685 4681 2792 4737 Sed
2834 4684 2958 4753 quia
3010 4687 3144 4742 haec
3188 4689 3401 4743 locutus
3430 4701 3538 4741 sum
3579 4679 3712 4753 vobis.

2164 4749 2378 4831 tristitia
2412 4754 2641 4831 replevit
2669 4770 2764 4808 cor
2796 4749 3053 4831 vestrum.
3073 4759 3181 4815 Sed
3204 4775 3307 4830 ego
3337 4760 3598 4814 veritatem
3623 4751 3714 4825 dicq

2158 4821 2330 4876 vobis.
2362 4825 2863 4902 quoniam_eXpedit
2907 4829 3062 4884 vobis
3097 4841 3153 4885 ut
3182 4821 3285 4902 ego
3311 4832 3514 4887 vadam.
3536 4838 3660 4902 nam
3680 4821 3711 4871 Si

2159 4906 2257 4958 ego
2271 4909 2376 4947 non
2398 4895 2580 4950 abiero
2605 4897 2915 4953 Paracletus
2935 4915 3041 4955 non
3072 4895 3254 4958 venith
3271 4903 3337 4957 ad
3368 4918 3478 4958 vos.
3507 4899 3547 4955 si
3572 4902 3712 4951 autem

2157 4963 2360 5036 abiero.
2399 4968 2606 5022 mittam
2649 4985 2772 5024 eum
2809 4970 2876 5025 ad
2909 4986 3026 5027 vos.
3060 4975 3126 5027 Et
3170 4976 3400 5030 veniens
3429 4974 3530 5029 ille.
3561 4967 3712 5036 τιΐῧυθί

2157 5035 2416 5091 mundum
2450 5037 2517 5094 de
2553 5050 2796 5110 peccato.
2827 5043 2976 5100 etde
3001 5045 3235 5115 justitia.
3261 5057 3317 5104 et
3343 5046 3410 5103 de
3429 5035 3633 5116 judicio.
3657 5035 3712 5090 De

1755 5209 1992 5269 CODEX
2029 5210 2498 5276 CORBEIENSIS.

465 5369 471 5383 ι
538 5309 631 5366 24.
669 5307 726 5365 Si
751 5320 913 5378 opera
941 5319 1047 5361 non
1077 5302 1180 5361 feci
1206 5304 1261 5360 in
1295 5302 1422 5360 illis.

2241 5309 2371 5367 CAP.
2422 5311 2562 5370 XVI.
2588 5316 2730 5374 —-2.
2773 5317 2977 5393 ﬂExtra
3020 5319 3339 5397 Synagogas
3365 5322 3591 5382 fecerunt
3615 5327 3703 5372 vos.

1715 5487 2109 5547 VARIANTES
2144 5488 2436 5551 LECTION
2445 5496 2548 5555 ES.

524 5590 541 5623 ³
580 5590 686 5640 Gal.
711 5591 757 5638 et
779 5585 899 5635 Mm.
923 5580 1118 5643 facient,
1141 5583 1270 5646 quia.
1305 5579 1451 5646 Vulg.
1469 5579 1652 5632 facient.
1676 5581 1834 5642 vobis,
1859 5584 1994 5646 quia.

523 5656 544 5686 ²
579 5653 684 5703 Gat.
708 5648 860 5702 Extra
898 5643 1193 5710 synagogam
1231 5643 1419 5696 facient
1432 5658 1536 5696 vos.
1557 5653 1674 5696 Mm.
1714 5647 1808 5708 eis,
1831 5643 1941 5708 quae
1964 5649 2015 5696 in
2048 5654 2312 5715 synagogis
2332 5657 2712 5725 venientjvobis.

1783 5753 2154 5816 BLANCHINI
2195 5760 2428 5823 NOTAE.

523 5860 597 5937 (a)
637 5857 718 5916 ita
745 5863 802 5917 et
827 5861 938 5914 tex.
968 5849 1064 5910 Gr.
1096 5848 1174 5908 δέ.
