3784 6332
489 300 595 357 467
1042 298 1314 357 EUSEBII
1354 297 1691 357 VERCELL.
1734 296 1983 359 EVANGI

2170 297 2183 353 Ι
2222 293 2363 359 CUM
2397 293 2628 353 VARIIS
2661 292 2816 349 C00.
2857 291 3252 349 COLLATUM.
3599 298 3664 354 4ίὶ

881 414 1107 473 CODEX
1148 411 1689 481 VERCELLENSIS.

1332 507 1385 561 in
1409 506 1658 560 similitu-

1334 577 1572 631 dinibus.
1607 576 1715 633 Ve-

1336 648 1449 730 niet
1474 647 1695 730 Itora_ut

1332 735 1444 790 jam
1478 736 1582 774 non
1616 735 1669 773 In

504 517 584 564 tra
608 508 662 563 in
690 523 821 579 gau-

503 580 651 634 dium
682 581 700 611 ¹
728 593 949 634 conver-

504 651 597 706 21.
642 659 797 705 tetur.
833 648 982 704 Muli-

508 737 569 777 er
588 738 708 775 cum
743 737 803 789 pa
812 730 921 775 rtu-

2199 513 2376 559 vestra
2402 503 2457 558 in
2487 519 2619 574 gau-

2199 576 2346 629 dium
2373 591 2602 631 Conver-

2202 647 2291 701 21.
2339 657 2497 701 telur.
2534 646 2723 704 Mulier

2202 732 2323 773 cum
2355 720 2522 784 parit,
2555 719 2647 773 tri-
2699 738 2706 744 ”

506 794 606 857 rit,
640 788 906 847 tristitiam
1336 788 1715 845 similitudini-
2204 791 2404 843 stitiam
2439 788 2600 844 habet
2615 832 2629 852 ,

508 865 697 927 habet,
728 864 850 927 quia
1342 861 1444 916 bus
1472 862 1626 915 vobis
1656 862 1737 917 lo-
2207 860 2459 927 quoniam
2487 863 2637 916 venit

508 876 697 927 liabet,
767 880 850 915 ma
1342 876 1444 916 nus
1472 876 1626 915 vunts
1656 876 1737 917 ιο-
2247 876 2459 915 nontam
2487 876 2637 916 venit

506 934 652 988 venit
682 879 759 1005 (ιιίῖ
785 934 901 989 dies
922 934 964 1008 -ι-
993 950 1051 990 e-
1342 948 1501 1059 ﬂuar,
1534 933 1626 987 sed
1659 934 1834 999 palam
2207 876 2287 1003 ῗα)
2308 931 2426 987 dies
2453 932 2494 1004 -ι-
2523 933 2641 1002 ejus
2671 952 2685 990 :

508 1005 591 1059 ius
623 1022 637 1059 :
671 1023 792 1059 cum
826 1015 1008 1059 autem
1383 1022 1412 1059 e
1442 1004 1601 1058 Patre
1633 1021 1771 1059 nun-
2208 1019 2329 1057 cum
2359 1016 2537 1057 autem

501 1005 591 1076 jus
623 1022 637 1061 :
671 1004 792 1059 cum
826 1004 1008 1063 autem
1342 1004 1412 1060 de
1442 1004 1601 1058 Patre
1626 1021 1771 1076 rnun-
2208 1019 2329 1057 cum
2359 1016 2537 1076 autem

504 1075 758 1147 genuerit
782 1093 912 1143 pue-
1346 1076 1487 1130 tiavo
1516 1075 1687 1129 vobis.

506 1165 625 1203 rum
652 1191 667 1215 ,
702 1149 937 1221 amplius

508 1235 615 1273 non
650 1228 734 1274 est
764 1235 976 1275 memor

510 1290 875 1345 tribulationis

510 1372 738 1432 propter
763 1377 897 1428 gau-

1845 1130 1859 1147 '
2211 1074 2423 1147 peperit
2454 1091 2678 1144 puerum
2695 1118 2712 1145 ,

1345 1147 1435 1202 26.
1477 1148 1535 1202 In
1570 1147 1659 1201 illa
1688 1148 1779 1203 die
1804 1146 1858 1204 in
1890 1165 1989 1207 no-
2210 1146 2320 1215 iam
2354 1161 2458 1200 non
2490 1162 2601 1202 me-

1348 1222 1493 1274 inine
1532 1233 1654 1273 meo
1683 1236 1774 1289 pc-
2216 1217 2370 1271 minit
2404 1234 2688 1286 pressurae

1349 1291 1443 1363 tite
1464 1330 1481 1357 ,
1512 1299 1567 1344 et
1594 1305 1695 1359 ego
1721 1290 1923 1363 rogabo
1947 1305 2112 1363 prap-
2215 1298 2433 1363 propter
2456 1290 2707 1357 gaudium
2724 1333 2741 1360 ,

1349 1361 1437 1416 27.
1484 1372 1564 1415 ter
1594 1358 1705 1415 vos.
1742 1358 1863 1432 Ipse
1890 1358 1967 1419 εί
2050 1358 2068 1363 ’
2216 1358 2337 1432 quia
2371 1372 2526 1413 natus
2556 1372 2641 1417 est

513 1430 660 1488 dium
688 1473 703 1497 ,
733 1434 856 1502 quia
1354 1434 1461 1487 nim
1491 1432 1647 1487 Pater
1677 1448 1735 1486 a-
1769 1430 1781 1432 ⁷
2218 1430 2382 1485 homo
2415 1434 2466 1485 in
2501 1433 2642 1491 hunc

516 1513 674 1559 natus
702 1516 784 1558 est
813 1505 909 1559 hoc
1357 1513 1468 1559 mat
1493 1519 1589 1557 vos
1620 1521 1633 1557 :
1665 1521 1751 1561 me
1776 1521 1837 1561 a-
2219 1503 2310 1555 22.
2354 1502 2634 1559 mundum.
2665 1506 2729 1563 Et

516 1592 605 1629 mo
640 1578 690 1629 in
724 1576 866 1631 hunc
1357 1575 1578 1641 maSIis,
1611 1584 1665 1631 et
1698 1592 1816 1634 cre—
2221 1589 2316 1628 Vos
2348 1589 2491 1628 nunc
2520 1577 2635 1645 qui-

517 1645 801 1701 mundum.
1352 1647 1589 1712 didistis,
1626 1664 1761 1716 quo-

517 1719 608 1773 22.
635 1718 722 1792 Et
748 1733 843 1792 vos
871 1720 1034 1792 igitur

524 1790 684 1844 modo
717 1790 854 1845 tristi
872 1827 889 1835 -

2221 1645 2343 1699 dem
2379 1647 2650 1705 tristitiam

1353 1718 1495 1772 niam
1520 1733 1618 1788 ego
1642 1715 1672 1773 a
1702 1721 1814 1777 Deo
2226 1715 2515 1784 habebitis,

1351 1789 1442 1844 28.
1482 1791 1645 1854 exwi,
1673 1800 1731 1846 et
1753 1809 1783 1849 a
1810 1792 1909 1849 Pa-
2224 1789 2416 1843 iterum
2445 1798 2624 1847 autem

523 1862 649 1914 tiam
677 1859 899 1918 ltabebi-
1352 1868 1436 1916 tre
1465 1863 1587 1915 veni
1616 1862 1667 1915 in
2222 1857 2416 1913 videbo
2442 1876 2536 1916 vos
2561 1905 2576 1930 ,

524 1932 625 1997 tis,
659 1931 852 1988 iterum
882 1950 977 1987 an-
1356 1934 1496 1986 hunc
1530 1948 1686 1986 mun-
2223 1937 2279 1985 et
2302 1930 2557 1999 gaudebit

526 2011 634 2057 tem
670 2001 863 2060 videbo
1356 2002 1484 2056 dum
1514 2018 1528 2055 :
1559 2005 1754 2062 iterum
2225 2015 2320 2055 cor
2344 2013 2585 2059 vestrum
2607 2048 2623 2070 ,

526 2088 618 2146 vos
638 2114 651 2136 ,
682 2082 737 2127 et
766 2076 966 2146 gaude-
1357 2074 1604 2146 relinquo
1631 2077 1774 2132 hunc
2225 2084 2279 2127 et
2304 2073 2555 2140 gaudium

526 2143 602 2199 bit
627 2159 724 2199 cor
751 2143 872 2203 ves-
1363 2145 1646 2211 mundum,
1677 2159 1731 2203 et
2226 2153 2464 2197 vestrum
2495 2162 2656 2203 nemo

526 2225 689 2286 trum,
719 2227 773 2271 et
802 2234 931 2286 gau-

527 2284 675 2341 dium
706 2284 941 2349 vestrum

530 2373 690 2412 nemo
718 2360 871 2415 aufe-

523 2427 612 2483 25.
656 2439 741 2484 ret
767 2447 796 2484 a
828 2433 1001 2489 vobis.
1035 2434 1143 2495 Sed

1364 2215 1499 2269 vado
1528 2216 1593 2297 ad
1623 2220 1872 2301 Patrem.
2230 2214 2304 2341 gis)
2330 2216 2533 2300 tollit-j-
2559 2234 2590 2273 a

1364 2285 1452 2341 29.
1499 2286 1698 2341 Dicunt
1722 2291 1796 2341 illi
1821 2288 1933 2341 dts-
2308 2328 2318 2340 .
2363 2289 2590 2341 vobis.l

1361 2285 1452 2341 29.
1499 2286 1698 2345 Dicunt
1722 2290 1796 2345 illi
1821 2288 1933 2344 dis-
2230 2285 2318 2341 25.
2363 2285 2536 2345 vobis.
2571 2291 2638 2347 Et
2666 2294 2720 2351 in

1360 2358 1523 2427 cipuli
1557 2376 1570 2409 :
1607 2363 1744 2417 Ecce
1772 2376 1913 2416 nunc
2234 2358 2328 2414 illo
2355 2359 2442 2416 die
2464 2362 2597 2417 nihil

1361 2430 1539 2502 palam
1571 2430 1760 2502 loque-
2234 2448 2322 2488 me
2350 2433 2582 2489 interro-
2646 2444 2657 2454 '

528 2500 703 2574 inilla
734 2501 821 2557 die
853 2504 933 2560 ni-
1364 2501 1469 2574 ris,
1488 2510 1544 2555 et
1572 2500 1767 2559 sitiiili-
2228 2504 2388 2574 gatis.

528 2569 603 2624 hil
633 2586 719 2626 me
749 2574 913 2631 inter-
1363 2572 1604 2629 tudinem
1634 2575 1755 2629 nul-
2230 2569 2430 2640 Anien,
2462 2593 2619 2633 amen

526 2643 807 2725 rogabitis.
957 2721 990 2725 μ
1362 2643 1452 2725 5Q.
1496 2643 1599 2700 lam
1630 2647 1785 2711 dicis.
1811 2646 1965 2705 Nunc
2229 2646 2353 2725 dico
2376 2650 2559 2725 vobis,

528 2713 907 2791 Anten_,_amen
939 2721 1021 2777 di-
1362 2714 1559 2791 scimus
1589 2726 1642 2774 te
1667 2733 1783 2776 om-
2232 2720 2277 2775 si
2308 2722 2441 2789 quid
2467 2713 2634 2791 petie-

527 2799 593 2861 co
625 2786 781 2841 vobis
805 2831 819 2854 ,
849 2806 985 2861 quo-

527 2856 669 2931 niam
704 2861 747 2931 si
776 2856 901 2931 quid

527 2929 834 2998 petieritis"
868 2936 968 2991 Pa-

529 3011 666 3055 trem
700 3000 754 3054 in
788 3020 883 3059 no-

1297 2829 1309 2837 .
1364 2788 1450 2840 nia
1487 2805 1649 2844 nosse
1674 2832 1688 2854 ,

1364 2872 1465 2911 nec
1496 2857 1723 2931 indigeri

1366 2938 1425 3004 ut
1451 2939 1503 2985 te
1532 2937 1814 3004 quisquam

1368 3001 1711 3073 interroget}
1741 3007 1795 3061 in

531 3075 675 3147 mine
700 3091 850 3147 meo,
884 3077 977 3132 da-
1367 3074 1470 3128 huc
1492 3078 1764 3132 credunus
1786 3120 1803 3147 ,

529 3144 618 3199 24.
662 3145 738 3198 vit
768 3149 941 3202 vobis.
976 3148 1075 3205 Us-
1363 3149 1485 3215 quia
1516 3164 1545 3199 ιι
1571 3149 1683 3203 Deo
1710 3144 1802 3204 ve-'

532 3232 636 3283 que
663 3217 841 3273 adhuc
873 3235 977 3275 non
1367 3219 1512 3272 nisti.

1367 3291 1458 3345 51.
1502 3290 1801 3360 Respondit
1826 3290 1934 3346 illis

1368 3361 1529 3416 Jesus
1558 3380 1571 3415 :
1609 3362 1814 3416 Amndo
1840 3377 1961 3417 cre-

1369 3434 1459 3487 32.
1501 3433 1673 3487 ditis?
1706 3435 1844 3490 Ecce
1873 3433 2022 3490 veni-

1366 3514 1418 3559 et
1451 3506 1604 3570 liora,
1638 3516 1693 3559 et
1714 3506 1825 3575 jam

1368 3577 1534 3642 venit,
1568 3584 1625 3630 ut
1654 3578 1767 3631 dis—

1369 3649 1667 3717 pargantini
1702 3665 1761 3704 u-

572 3714 776 3790 lenuin.
861 3787 871 3790 Α
1365 3714 1698 3790 nusquisque

568 3786 626 3843 5.
668 3785 814 3844 Haec
843 3787 951 3845 dixi
981 3790 1134 3847 vobis
1365 3791 1418 3843 in
1449 3785 1544 3845 sua
1577 3785 1756 3865 regio-

2231 2792 2350 2846 ritis
2378 2808 2409 2846 a
2443 2792 2600 2849 Patre

2233 2865 2284 2917 in
2313 2864 2528 2918 nomine

2230 2950 2385 3001 meo,
2413 2936 2562 2990 dabit

2230 3006 2321 3060 24.
2366 3007 2538 3062 vobis.
2573 3005 2753 3077 Usque

2233 3078 2395 3133 modo
2426 3095 2531 3132 non

2233 3151 2462 3232 petiistis
2492 3149 2623 3205 nihil

2232 3237 2285 3276 ιη
2319 3238 2538 3276 nomine

2232 3309 2356 3348 meo
2387 3311 2399 3346 :
2434 3296 2599 3362 petite
2616 3335 2630 3359 ,

2232 3374 2286 3419 et
2314 3365 2587 3433 accipietis
2606 3406 2623 3432 ,

2235 3446 2292 3489 ut
2321 3436 2573 3505 gaudium

2233 3519 2471 3561 vestrum
2501 3508 2573 3562 sit

2235 3579 2533 3648 impletum.

2231 3649 2322 3705 25.
2369 3649 2512 3707 Haec
2539 3652 2590 3705 in
2621 3666 2742 3720 pro-

2234 3721 2433 3776 verbiis
2465 3724 2673 3779 locutus

2232 3805 2352 3846 sum
2388 3793 2560 3847 vobis.

1843 3906 2079 3963 CODEX
2116 3906 2510 3967 BRIXIANUS.

532 3288 746 3358 petisus
774 3292 925 3359 quic-

531 3375 691 3429 quam
720 3360 770 3413 in
802 3376 901 3414 no-

535 3433 677 3485 mine
706 3447 826 3485 men
858 3449 869 3485 :
900 3447 994 3503 pe-

537 3503 651 3567 tite,
681 3511 736 3557 et
761 3505 989 3573 accipie-

534 3574 602 3627 tis
621 3615 635 3638 ,
667 3586 723 3626 ut
747 3577 1004 3645 gaudium

533 3655 770 3697 vestrum
802 3648 872 3701 sit

2624 409 2857 473 CODEX
2911 408 3345 467 VERONENSIS.

3034 505 3227 561 Veniet
3255 504 3376 559 hora

3035 592 3158 631 cum
3182 578 3289 645 jam
3318 592 3412 631 non

3036 648 3091 703 in
3117 646 3402 716 proverbiis

3040 720 3233 789 loquar
3255 719 3395 776 vobis
3412 762 3426 785 ,

3040 792 3136 846 sed
3170 791 3338 859 palam
3366 789 3427 845 de

3047 862 3207 917 Patre
3241 861 3447 918 manife-

3046 934 3203 988 stabo
3233 932 3396 988 vobis.

3043 1004 3134 1060 20'.
3178 1004 3275 1059 Illo
3299 1006 3383 1058 die
3400 1010 3447 1062 in

3046 1076 3267 1132 nomine
3295 1091 3412 1133 meo

3049 1148 3252 1218 petitis,
3284 1158 3337 1203 et
3365 1165 3457 1215 non

3048 1219 3171 1274 dico
3201 1220 3373 1288 vobis,
3399 1222 3503 1292 quia

3049 1306 3152 1356 ego
3179 1293 3377 1361 rogabo

3048 1362 3140 1415 27.
3186 1362 3395 1417 Patrem
3417 1381 3430 1427 ;
3454 1363 3544 1431 ipse

3049 1433 3195 1488 eltim
3224 1433 3378 1489 Pater
3406 1436 3476 1490 di~

3055 1505 3173 1575 ligit
3203 1519 3329 1568 vos,
3353 1509 3466 1575 quia

3055 1592 3155 1659 vos
3180 1592 3270 1659 me
3296 1576 3523 1659 diligitis,

3054 1647 3148 1702 28.
3193 1657 3247 1702 et
3275 1647 3507 1718 creditis,

3096 1721 3181 1774 uia
3213 1735 3242 1772 a
3272 1719 3384 1777 Deo

3096 1736 3181 1774 11121
3213 1735 3242 1772 3
3274 1734 3384 1777 υεο

3057 1734 3134 1863 ᾖ)
3163 1790 3303 1863 exivi
3332 1791 3407 1863 1L,
3436 1801 3483 1847 et

3060 1862 3182 1916 veni
3210 1862 3265 1916 in
3299 1862 3436 1917 hunc

3060 1934 3322 1989 mundum
3354 1951 3370 1989 :
3395 1934 3485 1990 ite-

3059 2021 3179 2059 rum
3211 2004 3457 2075 relinquo

3062 2075 3345 2139 mundum,
3396 2085 3450 2133 et

3064 2147 3203 2202 vado
3230 2147 3300 2202 ad
3331 2147 3540 2204 Patrem.

3062 2219 3155 2274 29.
3195 2221 3387 2274 Dicunt
3412 2220 3461 2275 ei

3065 2291 3317 2361 discipuli
3346 2290 3457 2361 ejus
3477 2311 3492 2345 :

3066 2363 3208 2418 Ecce
3235 2377 3379 2417 nunc

3067 2435 3241 2504 palam
3272 2433 3496 2504 loqueris
3510 2473 3524 2497 .

3065 2516 3120 2562 et
3144 2506 3481 2574 proverbium

3067 2578 3274 2632 nullum
3316 2576 3465 2630 dicis.

3068 2650 3158 2705 50.
3194 2649 3346 2704 Nunc
3374 2649 3548 2703 scimus

3065 2723 3321 2791 quoniam
3354 2720 3455 2774 scis

3064 2794 3244 2847 omnia
3269 2834 3284 2860 ,
3311 2802 3365 2845 ct
3391 2804 3488 2847 non

3065 2879 3202 2933 opus
3230 2872 3317 2918 est
3345 2863 3436 2920 tibi

3066 2944 3124 2989 ut
3143 2936 3266 3004 quis
3295 2945 3349 2990 te

3067 3009 3401 3077 interroget:
3427 3005 3477 3059 in

3066 3078 3169 3133 hoc
3194 3078 3464 3133 credimus
3482 3119 3496 3144 ,

3065 3151 3323 3220 quoniam
3352 3166 3382 3217 β
3408 3148 3507 3205 Deo

3064 3219 3245 3276 existi.

3063 3293 3154 3347 51.
3187 3290 3479 3362 Respondit
3494 3290 3557 3346 eis

3028 3399 3041 3409 ς
3064 3363 3223 3419 Jesus
3256 3382 3270 3418 :
3317 3363 3469 3419 Modo

3065 3436 3154 3490 '52.
3190 3435 3445 3489 creditis?
3473 3433 3581 3489 Ecce

3064 3508 3214 3562 venit
3252 3507 3385 3561 hora
3404 3548 3419 3577 ,
3448 3513 3499 3561 et

3061 3579 3170 3650 jam
3201 3580 3381 3642 venit,
3417 3586 3471 3650 ut
3512 3587 3516 3590 ‘

3066 3649 3449 3719 dispargamini

3069 3723 3440 3792 unusquisque

3069 3791 3125 3848 in
3151 3791 3248 3848 sua
3289 3792 3500 3863 regione
3513 3830 3526 3854 ,

527 4005 579 4059 in
592 4003 844 4073 gaudium
858 4004 977 4061 erit.
1010 4003 1330 4061 Muliercnm
1345 4002 1769 4074 parittristitiam
1782 3999 1965 4055 habet.
1996 3999 2119 4071 quia
2231 4016 2377 4074 quar
2397 4000 2569 4055 vobis.
2598 3999 2694 4055 sed
2722 4000 2894 4070 palam
2922 3998 2989 4055 de
3014 3999 3174 4074 Patre
3194 3996 3528 4074 adnunciabo
3548 3985 3703 4074 vobisli

524 4065 675 4130 venit
697 4074 829 4129 hora
854 4077 991 4143 ejus.
1013 4090 1133 4129 cum
1162 4065 1526 4130 autem'natus
1557 4074 1716 4129 fuerit
1758 4075 1951 4126 infans.
1985 4065 2121 4125 ultra
2232 4065 2320 4125 illa
2350 4072 2460 4127 die.
2489 4074 2542 4126 in
2572 4065 2792 4127 nomine
2820 4089 2943 4127 meo
2972 4071 3342 4143 postulabitis.
3368 4078 3420 4143 et
3448 4084 3538 4143 non
3563 4065 3703 4137 diem?"

530 4162 635 4200 non
651 4139 1432 4217 meminittribulationis.prae
1459 4146 1677 4216 gaudio.
1704 4144 1826 4217 quia
1861 4150 2124 4217 natnsrcst
2231 4144 2333 4217 bis.
2382 4144 2507 4217 quia
2549 4160 2651 4217 ego
2698 4144 2897 4217 rogabo
2945 4139 3274 4217 Patremde
3304 4142 3483 4217 vobis.
3520 4139 3703 4217 lpstfjﬁf?

530 4217 1013 4292 bonmjn‘tnnndo.
1043 4216 1109 4271 Et
1130 4233 1223 4272 vos
1247 4204 1426 4292 igitur.
1452 4204 1594 4272 iiunc
1618 4204 1833 4292 quidem
1854 4216 2121 4270 tristitiam
2231 4204 2617 4292 Pater'diligit‘:
2635 4230 2729 4269 Vos
2759 4204 2880 4292 quia
2907 4232 3000 4292 vos
3037 4232 3122 4292 me
3157 4213 3410 4292 diligitis.
3440 4222 3491 4267 et
3513 4204 3704 4292 οζεξιῖἱιξξξὲξ

531 4286 976 4342 habetis.iternm
1001 4300 1181 4342 autem
1212 4276 1406 4342 videbo
1430 4276 1981 4356 νυε.θ1έ;ιιιάθι›ἱιρυι·
2005 4299 2125 4340 ves-
2232 4286 2353 4356 quia
2408 4276 2565 4356 egova
2602 4288 2711 4342 Deo
2741 4276 2869 4341 eiii.
2906 4285 3059 4343 Exivi
3094 4303 3121 4339 a
3156 4276 3335 4341 PatFe.
3366 4294 3421 4339 et
3450 4282 3553 4337 veni
3578 4281 3613 4331 in
3631 4276 3703 4356 βίιὲῗ

528 4369 696 4433 t_ru_m.
718 4371 770 4433 et
797 4359 1051 4433 gaudium
1071 4372 1328 4415 vestrum.
1355 4375 1513 4413 nemo
1543 4338 1915 4433 (b)oa:ifert-j-a
1946 4358 2120 4411 vobis.
2227 4338 2732 4433 riiundniitlitcrum
2763 4361 3006 4433 relinquo
3027 4358 3175 4433 inme
3204 4357 3476 4433 mundum.
3507 4364 3551 4406 et
3573 4338 3703 4433 valvis}

530 4429 599 4487 Et
621 4430 672 4483 in
700 4416 910 4485 illndie.
932 4446 1017 4485 me
1043 4445 1145 4484 non
1163 4416 1746 4501 rogabitisquicquam.
1768 4416 1942 4485 Anien
1962 4445 2120 4483 amen
2227 4428 2464 4501 Patrem.
2501 4430 2697 4484 Dicunt
2735 4431 2782 4485 ei
2814 4416 3062 4500 discipuli
3104 4429 3241 4501 eju~.
3290 4430 3443 4501 Ecce
3462 4437 3578 4479 nunc
3612 4416 3701 4501 Fili

524 4500 646 4558 ἀίει»
680 4501 850 4555 vobis.
898 4502 1073 4568 siquid
1121 4497 1383 4571 petieritis
1418 4503 1626 4556 Patrem
1670 4502 1720 4556 in
1758 4503 1974 4555 nomine
1999 4515 2122 4554 meo
2230 4500 2490 4570 loqueris.
2525 4513 2577 4555 et
2610 4497 3186 4569 proverbiumnullum
3216 4500 3372 4555 dicis.
3403 4497 3538 4552 Nunc
3558 4500 3703 4571 erg“?

523 4575 669 4628 dabit
716 4572 873 4627 Vobis
909 4575 1089 4644 U~qne
1122 4569 1316 4627 modo.
1351 4590 1455 4627 non
1490 4575 1700 4643 petistis
1730 4574 2038 4642 quicquam.
2069 4573 2121 4624 in
2228 4569 2539 4642 gnoscimus
2567 4575 2689 4643 quia
2733 4575 2839 4627 seis
2866 4575 3047 4627 omnia
3071 4614 3085 4637 ,
3117 4584 3173 4627 et
3201 4590 3309 4625 non
3342 4575 3567 4644 σβυς-ενι
3589 4569 3702 4644 W1?LK

525 4647 744 4701 nomine
786 4660 907 4718 meo
941 4634 1111 4701 Petite
1134 4654 1189 4700 et
1215 4634 1574 4713 accipietis-nt
1598 4634 1850 4718 gaudium
1877 4634 2120 4697 vestrum
2228 4634 2284 4718 te
2316 4634 2629 4718 ititerrogci.
2666 4645 2717 4718 in
2752 4644 2855 4698 hoc
2884 4634 3392 4718 credimusmquiajti
3420 4657 3447 4694 a
3473 4642 3567 4718 Deo
3582 4634 3699 4718 $6.011"

520 4719 589 4772 sit
625 4717 985 4784 adinpletnm.
1034 4717 1176 4771 Haec
1210 4718 1263 4771 in
1303 4703 1849 4787 proverbiis-locutus
1879 4732 1996 4787 sum
2025 4730 2122 4769 vo-
2231 4703 2633 4783 ResiiOzidiftais
2655 4716 2834 4771 Jesus.
2866 4716 3018 4771 Modo
3040 4703 3283 4769 crcdiiis.
3312 4714 3448 4787 Ecce
3469 4703 3699 4787 veniet“???

519 4787 620 4845 bis.
660 4787 770 4851 Sed
812 4789 997 4843 veniet
1043 4787 1178 4843 hora
1212 4784 1337 4843 cum
1363 4788 1475 4859 jam
1502 4804 1606 4842 non
1635 4790 1686 4842 in
1714 4786 2018 4858 proverbiis
2048 4788 2126 4841 lo—
2231 4798 2285 4842 et
2315 4803 2457 4841 nunc
2499 4789 2662 4842 venit.
2708 4798 2765 4841 ut
2792 4787 3177 4859 dispergamini
3215 4784 3558 4856 unusquisque
3587 4784 3702 4839 in?”

1814 4923 2048 4981 CODEX
2074 4923 2550 4982 CORBEIENSIS.

592 5020 685 5075 2|.
724 5022 849 5090 quia
871 5021 1053 5076 veniet
1080 5018 1199 5075 dies
1226 5017 1365 5089 ejus.
2225 5026 2308 5074 tre
2336 5019 2500 5073 exivi.

592 5091 684 5145 22.
721 5107 881 5146 nemo
909 5091 1121 5146 auferet
1150 5106 1180 5144 a
1220 5090 1393 5144 vobis.

592 5161 679 5217 25.
727 5177 812 5216 me
837 5178 941 5215 non
972 5162 1375 5231 interrogabitis
1396 5158 1711 5232 quidquam.

594 5232 685 5286 24.
729 5232 1058 5303 utgaudium
1091 5244 1329 5301 vestrum
1355 5234 1423 5299 sit
1450 5232 1751 5303 impletum.

591 5304 679 5358 27.
725 5301 849 5373 quia
871 5320 967 5359 vos
1000 5319 1088 5360 me
1111 5306 1305 5360 amatis
1327 5346 1342 5371 ,
1369 5313 1425 5361 et
1450 5301 1673 5369 creditis
1703 5301 1745 5357 ³.
1774 5343 1790 5359 .
1820 5318 1853 5363 a
1878 5302 1988 5361 Deo
2015 5304 2114 5359 Pa-

1749 5417 2150 5485 VARlANTES
2186 5417 2598 5477 LECTIONES.

580 5516 596 5548 ⁸
632 5517 755 5567 Hm.
775 5515 1112 5565 convertatur.
1143 5512 1290 5574 Vulg.
1320 5517 1562 5564 vertetur.

579 5578 599 5609 ⁸
634 5577 742 5630 Gat.
768 5589 797 5627 a
814 5576 965 5627 Patre
990 5584 1102 5623 meo
1128 5573 1193 5622 in.
1214 5572 1593 5625 Mm.Patrimeo
1607 5572 2033 5642 in.Vulg.Patrem
2047 5579 2115 5629 in.
2222 5575 2333 5627 Deo
2351 5577 2504 5631 exivi.

1853 5683 2221 5743 BLANCHINI
2256 5683 2487 5740 NOTIE.

2295 5090 2385 5144 28.
2427 5102 2481 5144 et
2503 5092 2623 5147 veni
2658 5092 2710 5147 in
2737 5094 2880 5148 hunc
2911 5089 3190 5147 mundum.

2298 5160 2387 5219 30.
2426 5160 2483 5217 In
2510 5167 2614 5217 hoc
2640 5163 2748 5218 dixi
2780 5165 2955 5228 vobis,
2983 5163 3105 5233 quia
3132 5180 3164 5218 a
3194 5164 3307 5221 Deo
3336 5159 3495 5219 exivi.

2299 5234 2388 5293 52.
2432 5235 2801 5306 unusquisque
2822 5237 2875 5299 in
2906 5251 3040 5295 sua.

2288 5516 2310 5547 ³
2341 5519 2569 5580 σαζὲρεο
2588 5526 2619 5564 a
2638 5513 2766 5580 Deo,
2787 5514 2923 5565 exivi
2942 5526 2972 5563 ι
2992 5512 3163 5567 Patre.
3190 5514 3310 5564 litt.
3331 5520 3465 5575 ego:
3481 5499 3691 5559 Pauci?“

484 5730 526 5839 λ
590 5754 843 5840 (a)_lta_et
868 5748 998 5840 eod.
1023 5749 1181 5806 Cant.
1229 5752 1415 5828 ἡμέρα.
1441 5782 1513 5794 -
1535 5751 1711 5829 (ψω
1740 5764 1794 5813 et
1829 5730 2573 5840 ιέιὶξέὲῖῐιὶῥὲὶξζξὲῑιίοει
2603 5756 2756 5824 exim“,
2789 5754 2942 5813 deest
2962 5755 3179 5824 iterum,
3212 5749 3365 5808 Exivi
3390 5766 3420 5805 α
3441 5732 3686 5811 eamdi”

512 5825 567 5885 in
595 5825 715 5886 eod.
747 5829 905 5886 Cant.
