1937 3163
86 158 131 186 175
563 156 786 186 EVANGELIUM
806 155 992 186 SECUNDUM
1011 155 1206 185 .IOHANNEM.
1219 169 1220 172 η

258 213 371 243 CODEX
392 214 662 245 VERCELLENSIS.

83 266 106 290 et
119 265 142 289 tu
156 261 179 289 in
196 269 253 298 me;
270 267 299 289 ut
484 266 600 298 quenter
613 271 680 291 eon-

84 299 130 326 sint
144 297 251 332 perfecti
485 297 597 326 verterat
607 299 643 327 ibi

84 334 106 361 in
119 342 208 365 unum;
224 337 252 360 ut
482 334 561 362 Jesus
573 343 634 363 cum
647 335 703 363 dts-

84 370 141 397 sciat
155 369 195 397 hic
209 376 289 396 mun-
484 371 581 405 cipulis
597 371 662 399 suis.

84 405 180 441 dusyq.
197 425 203 431 .
220 426 227 432 .
242 413 256 432 a
272 409 300 432 tu
317 413 359 434 me
485 408 509 433 5.
527 407 608 441 Igitur
626 407 720 441 Jutlas,
736 414 781 435 ac-

83 440 191 475 emisisti,
206 445 232 468 et
248 441 289 476 (α)
302 442 309 456 ¹
321 441 362 469 di-
484 440 559 477 cepta
576 443 686 470 eohorte
702 450 716 470 a

82 477 151 512 lexi
163 477 169 504 i
183 498 191 505 .
206 497 213 502 .
230 497 237 504 .
253 484 296 511 os,
309 478 377 505 sicut
484 479 492 493 ³
510 479 678 512 Principibus

82 519 103 540 et
116 518 140 539 ιιι
151 520 191 540 me
204 512 274 541 dile.
482 514 669 546 Sacerdottuu,

82 548 143 575 xisti.
478 554 505 578 et
519 550 552 578 de
566 551 715 579 Pharisaeis

81 584 118 612 et.
136 585 221 617 Pater,
236 592 305 619 quos
320 585 411 614 dedis—
483 586 631 620 ministros,

82 621 96 647 ti
106 620 174 653 mihi,
189 621 250 648 volo
482 623 556 650 venit
567 622 602 650 ibi
621 630 682 650 cum

82 660 104 682 ut
115 656 152 683 ubi
167 664 215 690 ego
230 665 304 689 sum,
482 657 641 691 laucternis,
655 662 682 686 et

81 696 102 718 ct
113 691 148 718 illi
158 692 208 719 sint
225 700 284 720 me-
480 693 659 728 lampadibus,
674 698 701 721 et

80 734 140 764 cum;
156 732 183 755 ut
197 728 272 756 vide-
479 731 572 757 armis.

79 768 115 790 ant
126 764 231 799 gloriam
479 765 507 792 4.
531 765 609 794 Jesus
623 766 659 802 (c)
670 772 760 794 autem
773 765 793 802 1'
809 766 859 794 sci-

79 806 162 836 nteam,
177 808 256 836 quam
479 808 527 829 ens
541 803 642 836 omnia,

79 834 158 872 dedisti
168 835 229 872 mihi
241 844 248 863 :
479 844 548 872 quae
565 834 645 865 erant

78 871 184 907 quoniam
195 871 238 898 di-
477 871 529 901 sibi
543 879 668 907 ventura,

77 906 148 934 lexisti
159 915 198 935 me
210 915 257 935 an-
476 910 552 942 exiit,
568 914 596 937 et
610 911 646 937 ait
660 906 693 937 il-

79 947 98 969 le
108 944 224 982 constitut
238 964 244 971 .
264 964 270 970 .
286 964 294 970 .
476 945 510 982 lis
526 954 533 972 ε
546 945 556 961 ³
569 945 654 979 Quem
668 953 750 982 quae-

77 985 124 1005 nem
138 980 234 1006 mundi.
392 982 394 984 ’
475 981 557 1009 ritis?

76 1013 110 1041 9.5.
128 1014 200 1051 Pater
211 1015 286 1051 juste
296 1037 303 1050 ,
319 1021 345 1044 et
358 1016 402 1045 hic

76 1050 172 1078 mundus
183 1056 207 1079 te

75 1092 117 1112 non
128 1093 218 1122 cogno-

77 1121 122 1148 vit:
136 1121 181 1157 ego
190 1127 279 1150 autem

77 1161 97 1184 te
107 1158 218 1193 adgnovi,
235 1164 263 1187 et

76 1192 95 1219 Ιιί
107 1192 226 1228 cognove-

75 1234 131 1265 runt,
144 1231 199 1265 quia
216 1237 243 1258 tu

75 1263 109 1291 26.
127 1263 164 1293 me
177 1267 282 1295 misisti.
303 1267 335 1294 Et

75 1305 149 1328 nolunt
159 1302 188 1329 ad
204 1303 257 1331 illis

74 1335 113 1363 feci
127 1345 215 1366 nomen

76 1376 143 1407 tuum,
157 1379 179 1401 et
192 1375 287 1409 cogni—

75 1411 175 1437 tum...
191 1410 276 1444 ciam;

74 1448 96 1470 ut
108 1446 203 1481 caritas,
219 1455 271 1481 qua

74 1486 107 1519 tne
118 1480 235 1519 dilexisti,
249 1483 290 1510 sit

74 1516 146 1555 lueis,
159 1522 184 1545 et
195 1525 244 1554 ego
258 1520 288 1546 in
472 1520 498 1547 7.
520 1520 619 1548 Iterutu
633 1521 695 1550 illos
711 1521 754 1549 in-

74 1550 122 1578 illis.
135 1587 147 1591 A
157 1588 162 1591 Δ
173 1589 185 1591 _
195 1550 236 1591 νή
273 1590 282 1591 7
293 1589 299 1591 _
472 1558 619 1591 terrogavil
636 1566 642 1583 τ

258 1589 359 1629 XVIII.
412 1628 416 1629 γ
471 1587 560 1629 ραιξηῖ
571 1593 679 1627 quaeri-

97 1623 116 1649 1.
130 1624 170 1651 llis
183 1625 270 1660 dictis,
287 1627 365 1656 Jesus
374 1628 432 1656 exi-
471 1623 504 1656 tis
513 1628 524 1655 ?
533 1623 628 1656 Ad'illi
641 1629 716 1657 dixe-

474 1017 501 1044 5.
524 1017 733 1053 Responderunt

473 1052 512 1080 illi
529 1062 535 1080 :
552 1053 644 1081 Jesum
658 1054 710 1081 Na-

473 1096 629 1117 zaraenum.

473 1125 546 1152 Dixit
560 1126 611 1153 illis
624 1134 631 1153 :
646 1126 701 1161 Ego

474 1169 544 1188 sum.
562 1161 640 1189 Jesus
654 1167 744 1189 autent

474 1197 574 1230 stabat,
591 1203 617 1225 et
632 1197 724 1230 Judas,

473 1232 519 1268 qui
533 1241 593 1261 eum
609 1238 663 1261 tra-

473 1269 577 1296 diturus
592 1274 662 1302 erat,

472 1312 532 1333 cum
547 1305 611 1333 illis.

472 1341 499 1377 6.
521 1340 633 1377 Utergo
649 1340 716 1368 dixit
730 1342 762 1368 il-

471 1376 504 1403 lis
517 1385 523 1403 :
541 1375 666 1412 Ego'sum
681 1377 770 1405 :abie-

472 1416 535 1440 runt
546 1418 630 1446 retro,

471 1454 497 1476 et
512 1449 670 1476 ceciderunt

473 1484 499 1511 in
513 1489 625 1513 terram.

72 1657 244 1696 i_t,etdiscipu-
264 1657 269 1660 ’
470 1669 532 1692 runt
545 1674 551 1691 :
566 1665 657 1692 Jcsum
673 1666 724 1692 Na-

73 1693 86 1721 li
97 1695 145 1730 ejus
158 1693 228 1725 trans
470 1700 498 1728 8.
518 1708 673 1729 zaraenum.
692 1701 703 1716 ⁸
716 1701 760 1729 Di-

73 1733 207 1771 ljorreutem‘
280 1770 283 1771 ν
469 1737 495 1763 xi
510 1736 596 1770 vobis,
609 1745 660 1771 ego

74 1765 102 1805 ibi
115 1768 183 1795 (Σίκιτὶ
196 1769 224 1805 1L,
236 1770 285 1799 ubi
299 1775 358 1800 erat

72 1801 157 1843 ἓιοπιιιξ,
171 1801 289 1843 inanem

72 1840 154 1866 introiit
168 1841 246 1869 simul

71 1879 117 1912 cum
128 1875 258 1912 discipulis

70 1907 92 1934 2.
108 1912 162 1938 suis.
179 1907 287 1942 Sciebat

71 1950 141 1984 autem
155 1953 178 1975 et
192 1950 279 1978 loeum

72 1980 129 2010 illum
140 1991 146 2009 :
160 1985 219 2020 quia
231 1985 289 2014 fre-

467 1779 526 1799 sum
540 1781 547 1799 :
563 1773 585 1800 si
598 1780 664 1808 ergo

466 1816 509 1835 me
525 1809 666 1843 quaeritis,

465 1844 546 1871 sinite
562 1844 611 1872 hos
625 1845 664 1872 ire
676 1853 682 1871 :

465 1879 491 1906 9.
514 1884 542 1906 ιιι
553 1880 563 1895 ⁵
583 1881 727 1914 impleatur

464 1915 586 1948 verbum,
599 1916 671 1951 quod

462 1951 550 1979 dixit:
566 1953 709 1986 Quoniam,

464 1995 532 2022 qttos
547 1987 646 2016 dedisti

1664 155 1717 183 474

1133 215 1246 244 CODEX
1266 215 1493 245 VERONENSIS.

918 267 944 291 et
957 267 984 290 tu
998 262 1024 290 in
1039 270 1097 296 me;

916 304 945 326 ut
957 299 1011 326 sint
1024 306 1152 326 consum-

916 335 980 362 mati
993 335 1018 361 iu
1030 343 1112 362 unum
1124 343 1132 368 ;

915 375 943 398 et
953 375 1098 405 cognoscat

915 406 1121 448 mundusaquia

916 447 943 470 tu
958 450 1002 470 tne
1016 443 1130 475 misisti,

914 483 940 506 et
957 478 1097 519 (a).dilexi
1111 478 1132 513 1-

914 521 974 547 eos,
988 519 1056 542 SlClll
1069 519 1097 542 et

914 555 942 578 tu
956 558 1000 577 me
1015 550 1143 578 dilexisti.

913 586 960 613 24.
980 586 1069 620 Pater,
1083 594 1150 622 quos
1163 586 1209 615 de-

913 622 974 649 disti
987 622 1069 657 mihi,
1086 623 1150 651 volo

912 662 941 685 ut
955 659 1001 686 ubi
1013 666 1062 694 ego
1074 667 1145 692 sum,

912 694 988 721 etilli
1002 694 1056 722 sint
1072 703 1129 723 me-

912 737 988 763 cum;
1002 736 1029 757 ut
1039 731 1148 759 videant

912 766 1061 794 claritatem
1076 775 1180 801 meam,

911 810 990 837 quam
1002 802 1100 830 dedisti

911 837 976 865 mihi
990 847 997 865 :
1014 840 1141 874 quoniam

912 873 1029 902 dilexisti
1044 883 1087 902 me

911 915 974 938 ante
986 911 1158 939 constitutio-

911 953 972 973 nem
988 947 1090 974 mundi.

908 982 954 1009 25.
976 983 1056 1011 Pater
1067 983 1149 1018 juste.

909 1018 1024 1046 mundus
1040 1025 1065 1047 te
1080 1027 1134 1047 non

908 1055 1035 1090 cognovit
1050 1064 1056 1081 :
1072 1063 1122 1091 ego

909 1095 999 1118 autem
1017 1095 1042 1119 te
1054 1099 1156 1127 cogno-

910 1127 946 1159 vi,
963 1131 990 1154 et
1001 1127 1026 1154 lli
1041 1135 1141 1162 cogno-

905 1167 1013 1194 verunt,
1027 1164 1090 1198 quia
1103 1169 1130 1190 tu

906 1207 949 1227 me
965 1199 1071 1228 misisti.

906 1236 949 1264 26.
973 1235 1005 1263 Et
1021 1240 1113 1264 notum
1127 1235 1177 1264 feci

905 1273 946 1300 eis
959 1279 1057 1300 nomen

907 1313 993 1342 tuum,
1005 1313 1032 1336 et
1047 1313 1141 1336 notum

906 1344 1018 1378 faciam;
1037 1349 1066 1371 ut
1078 1344 1147 1371 dile~

905 1380 970 1411 ctio,
985 1388 1037 1415 qua
1052 1381 1122 1408 dile-

906 1416 968 1443 xisti
979 1424 1031 1449 me,
1051 1417 1076 1443 iu
1094 1416 1159 1450 ipsis

905 1452 950 1485 sit,
965 1456 993 1480 et
1007 1459 1057 1488 ego
1073 1452 1099 1480 in
1113 1452 1188 1487 ipsis.

975 1508 1088 1537 CAPUT
1108 1508 1202 1536 XVIII.

903 1558 930 1585 l.
951 1557 1023 1585 Haec
1036 1564 1097 1585 eum
1112 1556 1153 1584 di-

903 1594 988 1622 xisset
1002 1593 1094 1625 Jesus,
1109 1591 1193 1620 exivit

903 1637 963 1657 cum
980 1629 1120 1665 discipulis

902 1666 958 1693 suis
972 1669 1046 1693 trans
1061 1671 1115 1692 lor-

902 1705 1008 1729 reutem
1023 1700 1142 1728 ﬂuminis

903 1737 940 1773 (t)
956 1737 1035 1764 Cedri
1046 1737 1077 1773 τ,
1098 1736 1145 1763 ubi

901 1777 960 1800 erat
975 1773 1080 1805 hortus,
1098 1774 1124 1800 in

900 1816 981 1844 quem
996 1809 1118 1836 introivit

900 1843 969 1879 ipse,
983 1849 1011 1872 et
1024 1843 1148 1878 discipuli

899 1880 927 1907 2.
947 1881 1016 1915 ejus.
1030 1880 1138 1908 Sciebat

900 1921 988 1943 autem
1000 1920 1028 1943 et
1040 1915 1086 1943 .Iu-

1332 263 1421 290 loeum
1435 272 1443 290 :
1459 262 1521 298 quia

1331 298 1488 334 frequenter

1330 335 1408 362 Jesus
1422 342 1557 363 convene-

1332 375 1374 398 rat
1386 371 1451 399 illue
1464 379 1526 399 eum

1330 406 1469 441 discipulis
1483 407 1550 434 suis.

1330 443 1359 470 5.
1379 442 1462 470 Judas
1476 450 1552 478 ergo,

1329 486 1391 506 eum
1405 479 1552 514 accepisset

1329 522 1344 542 a
1357 514 1469 542 cohorte
1480 535 1486 546 .

1329 556 1356 578 et
1367 558 1382 577 a
1395 550 1523 586 Principi-

1329 586 1379 614 bus
1393 586 1580 619 Sacerdotum,

1330 627 1357 650 et
1373 622 1505 650 Farisaeis

1330 658 1479 692 ministros,
1496 658 1569 685 venit

1328 694 1391 722 illuc
1405 701 1466 721 cum
1483 694 1540 721 lan-

1329 731 1422 763 teruis,
1438 735 1465 758 et
1475 729 1590 764 facibus,

1327 771 1353 794 et
1366 766 1459 793 armis.

1328 803 1365 844 4..
1376 802 1454 830 Jesus
1468 801 1505 843 (ε)
1516 807 1607 830 autem
1619 801 1639 836 -1-

1328 845 1417 866 sciens
1432 845 1533 871 omnia,

1327 882 1397 909 quae
1412 878 1524 902 ventura
1559 886 1562 888 ·

1327 915 1405 938 erant
1419 917 1500 945 super

1327 954 1400 979 eum,
1413 946 1554 981 processit.

1327 986 1354 1009 et
1365 983 1432 1009 dixit
1445 982 1484 1010 eis
1502 991 1509 1008 :

1325 1018 1410 1052 Quem
1422 1018 1563 1053 quaeritis?

1326 1054 1352 1081 5.
1373 1053 1581 1089 Responderunt

1325 1091 1348 1118 ei
1365 1098 1370 1117 :
1386 1089 1477 1117 Jesum
1493 1089 1651 1117 Nazoreum.

1325 1126 1395 1153 Dicit
1407 1126 1447 1153 eis
1463 1134 1473 1155 :
1488 1126 1544 1161 Ego

1325 1170 1395 1189 sum.
1410 1162 1505 1189 Stabat

1324 1202 1414 1225 autem
1431 1202 1458 1225 et
1472 1198 1486 1225 Ι
1490 1206 1518 1224 ιι-

1323 1234 1382 1267 das,
1397 1234 1441 1269 qui
1455 1234 1543 1261 trade-

1322 1270 1368 1297 bat
1380 1278 1441 1298 eum
1456 1277 1517 1297 cum

1323 1306 1350 1334 6.
1372 1306 1446 1340 ipsis.
1464 1306 1499 1333 Ut
1515 1313 1581 1341 ergo

1323 1342 1391 1369 dixit
1406 1342 1461 1369 eis:
1479 1341 1536 1377 Ego

1322 1385 1382 1405 sum
1397 1386 1404 1404 :
1418 1377 1543 1404 abierunt

1322 1419 1482 1446 retrorsum,
1496 1418 1524 1440 et

1321 1449 1477 1477 ceciderunt
1492 1448 1518 1476 iu

1322 1489 1431 1512 terram.

1322 1522 1348 1549 7.
1368 1521 1467 1548 lterum
1480 1528 1546 1556 ergo

1319 1565 1367 1585 eos
1383 1557 1561 1592 interrogavit

1321 1593 1399 1621 Jesus
1413 1602 1418 1619 :
1431 1592 1517 1626 Quem

1318 1629 1464 1664 quaeritis?
1478 1628 1517 1655 Illi

1321 1670 1410 1692 autem
1427 1664 1553 1691 dixaruut
1568 1672 1575 1690 :

1320 1701 1412 1728 Jestun
1426 1700 1574 1727 Nazoreum
1581 1720 1587 1725 .

1320 1736 1347 1763 8.
1369 1736 1518 1770 Respondit
1530 1735 1628 1763 .Iesus:

1320 1772 1379 1799 Dixi
1394 1772 1483 1804 vobis,
1497 1771 1558 1806 quia

1320 1815 1369 1843 ego
1385 1816 1443 1835 sum
1459 1819 1465 1833 ‘.
1478 1807 1501 1835 si
1512 1815 1535 1835 ei
1543 1815 1577 1843 go

1319 1844 1448 1878 quaeritis
1458 1851 1511 1876 me,

1320 1879 1401 1906 sinite
1417 1879 1466 1906 ltos
1479 1879 1554 1905 abire
1571 1887 1577 1904 :

1319 1915 1346 1942 9.
1368 1919 1396 1941 ut
1409 1914 1568 1949 impleretur

1320 1957 1421 1983 SCI’IIIO,
1434 1957 1514 1984 quem

899 1952 946 1979 das
958 1972 965 1983 ,
984 1952 1028 1986 qui
1044 1950 1132 1979 trade-

1320 1986 1388 2013 dixit
1403 1995 1409 2013 :
1425 1986 1491 2018 Quia
1502 2007 1509 2019 ,
1524 1992 1592 2020 quos

900 1988 946 2015 bat
959 1995 1030 2019 eum,
1049 1988 1136 2022 ipsum

714 2035 829 2063 CODEX
848 2034 1046 2063 BBIXIANUS.

70 2079 90 2118 ft
102 2080 123 2103 tu
136 2077 158 2104 iu
174 2087 215 2118 me
227 2081 325 2118 utsiut
336 2081 446 2116 perfecti
467 2081 492 2108 iu
510 2090 602 2109 unum.
617 2087 645 2111 et
659 2088 686 2110 ut
701 2087 848 2118 cognoscat

70 2109 103 2151 bic
110 2115 215 2151 mundus
223 2117 286 2151 quia
297 2122 323 2143 tu
333 2109 374 2144 ine
384 2117 491 2145 misisti.
500 2122 527 2144 et
535 2109 651 2146 dilexisti
659 2109 846 2147 ᾇὸεῗεῖἔιιίιὶιέ

69 2145 279 2190 ιῙιΙοιίειίπ-ρειιει·
302 2160 370 2187 quos
389 2153 486 2180 dedisti
508 2145 584 2181 mihi
599 2145 847 2190 voloﬂtitiubirego

70 2188 124 2225 ξυῐῐι.
138 2190 163 2225 et
178 2187 214 2225 illi
228 2189 289 2225 sint
303 2196 408 2216 meeum
426 2198 432 2215 2
449 2194 476 2215 ut
492 2190 600 2217 videant
616 2192 731 2225 gloriam
745 2187 844 2223 meam,

69 2224 131 2260 quam
145 2221 237 2250 dedisti
249 2224 331 2260 mihi,
345 2224 407 2260 quia
424 2225 543 2252 dilexisti
560 2221 693 2254 mefante
715 2221 847 2254 constitu-

71 2257 151 2297 bouem
175 2259 277 2287 mundi.
302 2257 382 2287 Pater
400 2260 482 2295 juste.
502 2261 545 2289 hie
560 2262 679 2289 mundus
693 2268 719 2290 te
738 2271 790 2290 non
802 2270 848 2289 co—

69 2296 151 2333 ξιιριίι.
167 2301 216 2329 ego
230 2301 377 2333 autemteg
386 2304 439 2324 nou
455 2297 567 2332 cognovi
579 2302 607 2325 et
620 2298 646 2325 hi
659 2303 844 2333 cognoverunt

68 2332 115 2357 quta
137 2332 161 2355 tu
180 2338 221 2357 me
235 2332 343 2359 misisti.
359 2331 393 2359 Et
412 2331 505 2360 notum
520 2333 568 2361 feci
586 2334 625 2360 eis
640 2331 737 2361 uouieu
757 2339 841 2363 tttum.

69 2364 90 2404 et
106 2369 186 2404 uotum
199 2366 295 2394 faciam
311 2373 340 2394 ut
354 2368 472 2401 dilectio,
487 2369 546 2403 quia
562 2369 679 2397 dilexisti
696 2378 749 2398 me.
766 2371 792 2397 in
806 2371 846 2404 ip-

69 2402 146 2445 EIHSHSAit
165 2406 190 2428 et
212 2410 273 2438 ego.
299 2404 325 2430 in
351 2404 428 2445 ipsis.
447 2402 608 2445 _ilaec_cum
629 2406 744 2433 dixisset
766 2402 845 2434 Iesus

69 2438 172 2474 gressus
192 2444 232 2465 est
253 2446 315 2467 cum
340 2438 480 2474 discipulis
501 2441 568 2468 suis.
594 2446 668 2468 trans
696 2447 843 2469 torrentem

69 2467 169 2513 ξῖξᾴιὊιιἶ
192 2475 234 2513 ubi
256 2480 314 2513 erat
327 2467 432 2513 hortus.
452 2476 478 2503 in
493 2484 574 2513 quem
590 2467 718 2504 introibit
725 2467 845 2513 ‘ib's'él‘e'i

69 2501 171 2547 discipuli
185 2509 249 2547 ejus.
262 2501 387 2538 Sciebat

69 2545 114 2568 9m
124 2549 179 2572 eum
194 2545 280 2581 ipsum
294 2547 394 2575 locum.
407 2547 470 2582 quia
485 2545 730 2584 lrequeuter‘Jesus
745 2557 844 2577 conve-

899 2083 991 2110 niebat
1007 2082 1071 2110 illuc
1090 2089 1151 2109 cum
1174 2081 1312 2116 discipulis
1328 2081 1393 2109 suis.
1411 2081 1494 2109 Judas
1511 2089 1575 2116 ergo
1590 2086 1699 2117 accepta

902 2119 1041 2146 cohortem
1068 2118 1194 2145 militum.
1220 2122 1247 2144 et
1271 2117 1442 2152 quibusdam.
1467 2125 1499 2145 ex
1528 2118 1700 2152 Principibus

898 2155 1075 2182 Sacerdotum
1101 2158 1130 2181 et
1150 2153 1356 2180 Pharisaeorqu
1378 2153 1519 2180 ministris.
1541 2154 1614 2181 venit
1637 2154 1700 2181 illuc

899 2199 958 2218 eum
985 2191 1107 2217 lateruis.
1123 2194 1149 2217 et
1166 2189 1279 2216 facibus.
1295 2194 1323 2216 et
1343 2191 1436 2216 artuis.
1460 2189 1540 2217 Jesus
1554 2191 1590 2225 (ε)
1608 2194 1698 2217 autem

898 2226 919 2262 -ξ-
934 2227 1022 2253 sciens
1036 2226 1212 2262 omniaquae
1225 2231 1336 2252 ventura
1359 2231 1435 2252 erant
1451 2232 1533 2259 super
1549 2234 1621 2253 eum.
1639 2233 1701 2260 pro-

898 2261 998 2289 Cedeus
1019 2262 1093 2288 foras
1108 2261 1175 2296 dixit
1190 2261 1240 2287 eis.
1257 2262 1341 2294 Quem
1364 2262 1502 2294 quaeritis.
1525 2262 1700 2296 Responden-

901 2303 939 2325 tes
963 2298 987 2325 ei
1011 2298 1137 2325 dixerunt
1159 2295 1250 2323 .Iesum
1274 2296 1435 2324 Nazoreum.
1460 2297 1528 2323 Dicit
1549 2295 1588 2324 eis
1608 2296 1697 2324 Jesus.

900 2334 955 2369 Ego
970 2341 1041 2361 sum.
1058 2333 1152 2361 Stabat
1171 2336 1261 2359 autem
1276 2338 1303 2359 et
1317 2331 1410 2369 Jollas.
1423 2333 1477 2369 qui
1488 2332 1613 2359 tradebat
1625 2340 1697 2369 eum.

898 2367 959 2397 cum
983 2370 1057 2405 ipsis.
1077 2369 1221 2402 Postquam
1235 2375 1308 2405 ergo
1323 2367 1391 2394 dixit
1404 2368 1453 2394 eis.
1472 2368 1528 2405 Ego
1540 2375 1610 2394 sum.
1625 2368 1698 2395 abie-

898 2410 961 2433 runt
982 2403 1128 2433 retrosum.
1144 2408 1171 2431 et
1185 2403 1341 2430 ceciderunt
1356 2404 1381 2429 iu
1398 2408 1508 2430 terram.
1522 2404 1621 2430 Iterum
1633 2411 1697 2438 ergo

898 2441 1074 2476 interrogavit
1098 2447 1155 2476 eos.
1181 2439 1267 2472 Quem
1282 2439 1431 2476 quaeritis.
1453 2438 1494 2476 Illi
1518 2443 1607 2476 autem
1623 2439 1699 2476 djxcf

897 2482 960 2504 ruut
983 2474 1076 2504 .Iésum
1099 2475 1259 2502 Nazoreum.
1281 2474 1431 2509 Respondit
1456 2474 1496 2502 eis
1521 2474 1611 2502 Jesus.
1639 2475 1696 2503 Dixi

897 2513 984 2540 vobis.
1000 2513 1062 2547 quia
1077 2519 1128 2546 ego
1146 2518 1203 2538 sum
1220 2513 1243 2538 si
1261 2517 1325 2545 ergo
1341 2518 1383 2537 me
1396 2510 1534 2547 quaeritis.
1548 2511 1632 2547 sinite
1648 2510 1697 2538 hos

896 2549 981 2577 abire.
1006 2545 1034 2576 ut
1058 2545 1215 2582 impleretur
1236 2553 1328 2574 sermo
1346 2553 1427 2581 quem
1443 2546 1521 2574 dixit.
1540 2545 1607 2580 Quia
1628 2554 1697 2582 quos

684 2610 802 2639 CODEX
817 2609 1055 2639 CORBEIENSIS.

97 2650 219 2684 Codexms.
229 2658 385 2687 Corbeiensis
399 2667 479 2695 usque
492 2658 526 2686 ad
540 2666 641 2686 versant
652 2666 746 2686 nonum
760 2658 839 2693 hujus
852 2658 942 2694 capitis
955 2664 1021 2684 xvtzt
1037 2660 1172 2684 truncatus
1184 2660 1231 2683 est.

653 2716 851 2746 VARIANTES
895 2715 1077 2746 ECTIONES.

93 2744 101 2791 ξ
170 2750 243 2791 dilexi
250 2760 313 2791 eost
323 2754 517 2791 t'ulthditexisti
530 2759 582 2791 eos.

115 2780 166 2816 δζῃι.
176 2788 189 2806 a
199 2783 363 2816 Pontilieibus,
372 2780 517 2811 ‘i’harisaeis
527 2785 651 2809 ministros
661 2785 755 2816 missos,
768 2791 843 2809 vene-

197 2806 841 2848 rugi'zia‘iiotai‘caias';aestatemagis,

925 2756 935 2788 if
953 2755 1007 2788 Qut.
1020 2756 1043 2788 et
1057 2756 1116 2788 Mitt.
1127 2753 1190 2788 Quid
1209 2754 1345 2788 quaeritis?
1373 2753 1447 2786 Vulg.
1463 2756 1542 2786 Quem
1559 2756 1697 2788 quaeritis?

926 2786 937 2801 δ
955 2786 1008 2811 Gut.
1021 2786 1075 2811 Jam
1088 2787 1149 2810 dixi.
1166 2785 1239 2818 Vulg.
1249 2786 1317 2811 Dixi.

928 2818 1009 2851 "ﬂat.
1032 2818 1172 2851 impleatur.
1190 2819 1250 2843 Mm.
1271 2818 1403 2851 impleatur
1421 2819 1617 2851 serni0,:qttem
1636 2819 1695 2844 dixi.

900 2847 973 2881 Vulg.
984 2847 1128 2881 impleretur
1139 2855 1230 2881 sermo,
1241 2847 1315 2881 quem
1325 2850 1396 2876 dixit.

705 2889 889 2920 BLANCIIINI
907 2891 1022 2920 NOTAE.

100 2928 131 2964 (η)
144 2931 178 2962 ita
192 2941 216 2965 et
230 2938 287 2969 cod.
301 2936 379 2969 Cant.
401 2938 534 2976 ἣὲγέςπηέα.
549 2954 584 2960 -
599 2938 636 2975 (b)
650 2938 688 2967 Ita
699 2939 796 2976 et_cod.
807 2939 843 2967 Ca

902 2940 948 2968 lat.
960 2943 987 2968 et
999 2940 1045 2969 Gr.
1055 2944 1101 2968 τοῦ
1112 2940 1298 2981 Κέδρου.-(σ)
1311 2940 1392 2980 Ita‘et
1402 2942 1462 2972 cod.
1478 2942 1555 2972 Cant.
1569 2942 1605 2971 δέ.
