3874 6326
495 289 606 348 479
1031 291 1310 351 EUSEBII
1347 291 1692 351 VERCELL.
1727 292 2182 352 EVANGELIUM
2209 293 2347 352 CUM
2389 293 2616 353 VARllS
2653 294 2808 353 COD.
2849 297 3246 359 COLLATUM.

877 405 1110 465 CODEX
1154 407 1687 466 VERCELLENSIS.

497 497 672 572 legem
702 506 941 572 vestram

493 571 734 640 judicate
762 571 830 628 de

499 644 611 698 illo.

499 715 761 771 Dixerunt
799 716 817 746 ³
857 729 949 770 er-

494 801 563 856 go
591 787 664 841 illi
693 785 884 843 Judaei
917 806 930 841 :

493 856 661 913 Nobis
692 873 797 913 non

494 929 622 984 licet
645 945 834 999 quem-

492 1016 652 1070 quam
681 1001 900 1058 occide-

491 1071 580 1128 32.
625 1088 716 1139 re;
751 1084 808 1128 ut
835 1073 1057 1131 verbum

488 1142 616 1199 Jesu
645 1144 903 1215 implere-

493 1225 598 1281 tur,
633 1215 777 1286 quod
803 1217 885 1272 di-

489 1287 589 1352 xit,
619 1289 822 1357 signiti-

489 1373 621 1414 cans
659 1361 679 1391 ³
718 1375 823 1431 qua
854 1375 998 1416 mor-

489 1439 542 1486 te
573 1441 719 1487 esset
747 1431 911 1487 mori-

487 1511 662 1558 turus.

486 1573 576 1646 33.
619 1573 844 1632 Intravit
865 1590 994 1646 ergo

485 1645 676 1701 iterum
705 1647 756 1701 in
783 1663 921 1714 pra:-

486 1717 687 1772 torium
713 1717 856 1774 Pila-

483 1797 570 1844 lllS
597 1799 654 1845 et
679 1804 839 1846 V063-

483 1860 558 1916 vit
588 1861 656 1916 ad
684 1878 747 1918 se
769 1862 975 1929 Jesum,

481 1941 539 1986 et
560 1933 696 1988 dixit
715 1935 782 1990 ad
809 1951 933 1991 eum
960 1953 973 1989 :

481 2003 562 2059 Tn
592 2018 652 2061 es
685 2005 795 2063 Rex
819 2007 914 2063 Ju-

480 2074 571 2131 54.
613 2075 911 2134 daeorum?
933 2080 1001 2136 Et

481 2150 763 2216 restiondit

480 2218 665 2296 Jesus;
684 2221 728 2296 Α
746 2231 802 2296 _t_e
828 2222 963 2281 haec
987 2223 1146 2296 dicis,
1171 2240 1238 2283 an

481 2292 571 2346 alii
601 2290 696 2348 tibi
724 2294 875 2352 dixe-

479 2365 640 2418 runt?

478 2435 569 2490 35.
615 2435 912 2508 Respondit
935 2441 1079 2497 Pila-

481 2514 566 2563 tus
591 2524 606 2562 :
634 2508 902 2581 Numquid

479 2587 534 2634 et
559 2593 660 2650 ego
687 2581 884 2639 Judae-

480 2666 543 2706 us
564 2655 720 2708 sum?
747 2654 892 2712 Gens

480 2730 590 2790 tua,
627 2733 682 2780 et
711 2727 890 2784 Princi
905 2759 922 2771 ο

480 2809 576 2865 pes
607 2794 871 2857 Sacerdo-

480 2876 592 2920 tum
624 2871 864 2928 tradide-

480 3150 561 3205 dit
586 3149 746 3213 Jesus
775 3177 789 3213 :
814 3149 1058 3232 Regnum

480 3237 662 3280 meum
696 3245 804 3285 non

480 3304 566 3349 est
592 3296 659 3354 de
692 3301 793 3358 hoc
823 3318 978 3358 mun-

479 3365 590 3422 do:
619 3373 663 3426 si
705 3372 726 3404 ³
765 3391 830 3430 ex
861 3375 961 3432 hoc

481 3443 687 3501 mundo
715 3456 862 3502 esset

482 3525 708 3580 regnum
739 3534 852 3575 me-

481 3595 598 3663 υῳ,
631 3589 824 3663 minis-

483 3661 550 3706 tri
581 3661 686 3716 mei
713 3677 844 3717 con-

482 3738 779 3798 certarent,

1333 516 1476 558 ηυηο
1498 510 1679 557 autem

1333 588 1560 646 regnum
1588 589 1702 630 me-

1331 661 1422 701 um
1449 661 1556 701 non
1585 656 1669 702 εει

1331 717 1478 774 hinc.
1642 759 1645 762 ι

1330 790 1417 844 57.
1463 791 1553 844 Ait
1580 789 1787 848 Pilatus
1820 809 1833 846 :
1866 793 1943 848 Tu

1329 877 1459 933 ergo
1481 862 1593 917 Rex
1625 878 1684 918 es

1327 932 1654 992 Judaeorum
1681 934 1706 988 ?

1328 1004 1641 1076 Respondet
1663 1006 1822 1065 Jesus
1847 1026 1862 1064 :

1325 1077 1407 1149 Tu
1431 1078 1589 1144 dicis,
1613 1081 1738 1149 quia

1324 1148 1440 1221 Rex
1464 1164 1582 1205 sum
1611 1148 1731 1221 ego.

1323 1220 1404 1275 Ad
1438 1224 1540 1277 hoc
1569 1220 1729 1278 natus

1321 1306 1462 1358 sum,
1492 1303 1542 1349 et
1571 1294 1638 1348 ad
1669 1293 1772 1364 hoc

1321 1365 1445 1420 veni
1476 1365 1530 1420 in
1559 1365 1702 1422 hunc

1320 1438 1602 1503 mundum,

1320 1516 1378 1562 ut
1408 1509 1649 1565 testimo-

1319 1581 1467 1652 nium
1499 1581 1686 1652 perhi-

1317 1650 1473 1707 beam
1501 1650 1650 1708 veri-

1318 1725 1414 1778 tati
1446 1741 1459 1778 :
1487 1724 1664 1780 omnis
1700 1767 1714 1791 ,

1315 1796 1406 1865 qui
1437 1795 1506 1852 de
1536 1797 1678 1852 veri-

1317 1875 1425 1924 tate
1441 1876 1546 1934 est,
1571 1883 1672 1925 aus

1313 1938 1391 1994 dit
1418 1955 1608 1996 vocem

1313 2026 1512 2067 meam.

1313 2083 1404 2138 58.
1442 2084 1533 2140 Ait
1554 2083 1631 2140 illi
1651 2083 1852 2140 Pilatus
1877 2101 1888 2138 :

1313 2155 1452 2224 Quid
1477 2164 1562 2211 est
1582 2171 1674 2212 ve-

1314 2231 1448 2282 ritas
1477 2227 1502 2280 ?
1530 2227 1620 2294 Et,
1643 2242 1768 2284 cum

1317 2299 1420 2354 hoc
1440 2298 1667 2355 dixisset
1695 2341 1712 2368 ,

1315 2372 1510 2426 iterum
1538 2369 1671 2426 foris

1313 2442 1336 2474 ⁸
1364 2457 1618 2513 egressus
1645 2452 1730 2503 est

1312 2515 1382 2570 ad
1410 2515 1678 2584 Judaeos,

1313 2596 1370 2644 et
1398 2590 1472 2643 ait
1494 2588 1634 2643 illis:
1664 2587 1787 2660 Ego;

1314 2661 1518 2715 nullam
1551 2660 1604 2714 in

1315 2733 1410 2787 illo
1437 2731 1656 2788 invenio

1314 2804 1404 2860 59.
1446 2819 1685 2859 causam.
1723 2803 1820 2859 Est

1314 2885 1497 2931 autem
1517 2875 1670 2931 vobis

1314 2948 1336 2978 ⁵
1365 2958 1657 3004 consuetu-

1313 3021 1405 3087 do,
1439 3030 1497 3076 nt
1521 3034 1685 3075 unum

1315 3093 1582 3150 dimittam

1315 3165 1470 3221 vobis
1500 3183 1512 3219 :
1548 3163 1709 3218 vultis

1315 3252 1446 3308 ergo
1489 3236 1686 3308 Regem

1315 3306 1646 3365 Judaeorum
1669 3306 1693 3360 ‘l

1317 3381 1407 3436 40.
1449 3376 1836 3434 Clamaverunt

1317 3461 1496 3507 antetn
1529 3465 1740 3515 omnes,

1317 3524 1558 3579 dicentes
1589 3538 1603 3577 :
1627 3521 1744 3576 Non

1319 3594 1484 3660 hunc,
1509 3593 1605 3650 sed
1632 3593 1734 3648 Ba-

1318 3668 1545 3723 rabban.
1581 3667 1707 3720 Erat

1317 3749 1497 3794 autem
1524 3737 1726 3793 Barab-

2632 410 2865 472 CODEX
2904 414 3352 476 VERONENSIS.

2195 521 2318 591 gem
2340 515 2574 591 vestram

2189 579 2430 649 iudicate
2448 580 2516 636 de

2194 665 2280 705 ΘΟ.

2195 721 2458 794 Dixerunt
2485 738 2618 794 ergo

2192 795 2242 850 ei
2264 793 2453 850 Judaei
2481 813 2493 848 :
2525 795 2686 850 Nobis

2191 881 2297 920 non
2329 865 2455 921 licet
2483 867 2567 921 in-

2192 938 2436 992 terticere
2461 953 2649 1008 quem-

2187 1009 2278 1063 52.
2319 1026 2477 1078 quam
2499 1027 2513 1075 ;
2540 1021 2596 1064 ut
2617 1025 2731 1066 ser—

2187 1095 2278 1134 mo
2307 1080 2436 1135 Jesu
2461 1082 2562 1136 im-

2188 1152 2396 1223 pleatur
2419 1196 2433 1218 ,
2461 1169 2620 1223 quem

2185 1222 2318 1278 dixit
2343 1265 2358 1291 ,
2383 1222 2588 1296 signiﬁ-

2184 1309 2313 1350 cans
2341 1311 2443 1366 qua
2487 1305 2661 1352 morte

2186 1377 2510 1422 moreretur.

2181 1436 2271 1492 55.
2320 1439 2567 1495 Introivit

2179 1524 2310 1581 ergo
2342 1511 2535 1566 iterum

2179 1581 2232 1636 in
2259 1584 2585 1652 praetorium

2179 1652 2403 1718 Pilatus,
2435 1664 2489 1709 et

2181 1727 2393 1780 vocavit
2417 1724 2600 1781 .lesum
2632 1769 2646 1794 ,

2180 1806 2234 1852 et
2255 1797 2389 1851 dixit
2414 1797 2492 1851 illi
2527 1815 2539 1850 :

2181 1867 2260 1923 Tu
2283 1883 2342 1923 es
2371 1867 2486 1924 Rex

2176 1938 2502 1994 Judaeorum
2528 1940 2552 1995 ἲ

2177 2012 2269 2066 54.
2317 2011 2618 2082 Respondit
2662 2011 2866 2070 Jesus:

2179 2082 2225 2137 Α
2257 2093 2307 2138 te
2347 2085 2578 2152 metipso

2182 2154 2258 2226 (α)
2291 2162 2344 2210 ιιι
2373 2155 2411 2225 οξ·
2441 2157 2542 2211 hoc

2179 2226 2336 2293 dicis,
2367 2241 2434 2282 an
2457 2227 2548 2282 alii

2179 2297 2276 2353 tibi
2304 2299 2557 2354 dixerunt

2178 2369 2247 2423 de
2283 2386 2366 2424 me
2389 2371 2411 2423 ?

2179 2441 2269 2496 55.
2328 2441 2627 2514 Respondit
2669 2441 2814 2498 Pila-

2179 2524 2268 2569 tus
2295 2533 2308 2567 :
2341 2513 2610 2584 Numquid

2179 2600 2280 2656 ego
2307 2584 2546 2642 Judaeus

2179 2658 2337 2713 sum?
2366 2657 2512 2714 Gens
2541 2670 2650 2722 tua,

2180 2738 2238 2786 et
2267 2728 2529 2801 Princeps

2181 2802 2536 2859 Sacerdotum

2184 2873 2525 2929 tradiderunt

2185 2956 2238 3002 te
2255 2945 2386 3000 mihi
2415 2963 2427 2999 :
2451 2944 2578 3016 quid

2183 3017 2358 3074 fecisti
2381 3018 2405 3072 ?

2181 3090 2272 3162 36.
2324 3087 2622 3162 Respondit
2649 3086 2808 3146 Jesus
2831 3101 2847 3155 ;

2187 3161 2430 3232 Regnum
2478 3175 2658 3216 meum

2185 3249 2292 3290 non
2317 3243 2400 3290 est
2418 3233 2489 3289 de

2184 3306 2387 3361 mundo
2417 3305 2557 3360 hoc:

2185 3379 2230 3432 si
2255 3378 2323 3433 de
2344 3378 2447 3433 hoc

2185 3448 2388 3505 mundo
2415 3458 2563 3504 esset

2186 3537 2410 3592 regnum
2439 3535 2617 3576 meum
2640 3559 2655 3586 ,

2186 3593 2418 3647 ministri
2444 3592 2553 3648 mei

2185 3664 2553 3729 decertarent,

2187 3745 2244 3790 ut
2271 3752 2378 3790 non
2415 3735 2663 3792 traderer

3027 529 3208 569 meum
3235 527 3336 568 non

3027 595 3110 641 est
3139 585 3282 639 hinc.

3027 657 3124 729 57.
3153 657 3289 729 Dixit
3311 655 3479 729 itaque

3025 730 3073 782 ei
3101 728 3305 784 Pilatus
3333 747 3346 781 :

3024 800 3170 870 Ergo
3200 799 3313 855 Rex

3021 886 3082 926 es
3113 880 3166 926 tu
3189 871 3213 926 ?

3021 942 3318 1015 Respondit
3362 942 3504 1002 Jesus
3529 962 3541 998 :

3021 1013 3099 1087 '_l‘u
3130 1013 3266 1069 dicis
3285 1056 3300 1082 ,
3329 1015 3445 1087 quia

3022 1085 3137 1141 Rex
3169 1101 3288 1141 sum

3020 1172 3140 1227 ego.

3023 1229 3135 1300 Ego
3171 1228 3237 1283 ad
3263 1229 3363 1286 hoc

3020 1309 3179 1356 natus
3202 1317 3344 1368 sum,

3019 1381 3074 1428 et
3105 1373 3168 1428 ad
3207 1372 3310 1428 hoc

3018 1445 3140 1500 veni
3174 1446 3224 1500 in
3251 1445 3390 1502 hunc

3019 1515 3302 1579 mundum.
3326 1526 3383 1571 ut

3021 1588 3384 1643 testimonium

3016 1658 3330 1728 perhibeam
3359 1660 3483 1718 veri-

3016 1731 3113 1785 tati
3149 1749 3162 1785 :
3194 1733 3373 1788 omnis

3015 1801 3107 1872 qui
3135 1812 3218 1858 est
3245 1819 3315 1860 cx

3016 1875 3267 1940 veritate,
3295 1877 3441 1932 audit

3015 1961 3191 2002 meam
3218 1963 3428 2005 vocem.

3013 2018 3102 2073 58.
3131 2019 3271 2075 Dicit
3286 2021 3333 2074 ei
3371 2021 3452 2076 Pi-

3013 2089 3155 2146 latus
3186 2108 3199 2144 :
3228 2091 3385 2161 Quid;

3011 2171 3096 2216 est
3123 2163 3325 2218 veritas
3349 2164 3372 2217 ?

3012 2231 3100 2298 Et,
3130 2249 3256 2290 cum
3287 2235 3387 2290 hoc

3012 2304 3265 2371 dixisset,
3297 2307 3482 2364 iterum

3009 2377 3178 2432 exivit
3205 2377 3278 2433 ad

3009 2447 3273 2516 Iudaeos,
3305 2459 3361 2506 et

3011 2519 3141 2594 dicit
3167 2522 3246 2576 eis
3276 2539 3290 2576 :
3313 2522 3423 2594 Ego

3014 2592 3216 2647 nullam
3248 2592 3398 2650 inve-

3013 2665 3106 2719 nio
3127 2665 3178 2720 in
3205 2679 3278 2722 eo

3013 2750 3254 2793 causam.

3013 2807 3102 2864 59.
3149 2807 3246 2864 Est
3264 2817 3442 2866 antem
3461 2823 3576 2866 con-

3011 2878 3240 2935 suetudo
3271 2881 3423 2938 vobis
3453 2924 3469 2950 ,

3013 2959 3073 3006 ut
3094 2967 3263 3007 unum
3283 2954 3366 3009 di-

3014 3023 3223 3078 mittam
3249 3026 3306 3080 in
3330 3026 3430 3081 Pa-

3017 3095 3146 3150 scha
3175 3097 3334 3153 vobis
3361 3117 3374 3153 :

3017 3182 3149 3236 ergo
3177 3169 3362 3224 dimit-

3018 3248 3126 3312 tam
3149 3241 3306 3296 vobis
3333 3240 3526 3312 Regem

3017 3310 3348 3368 Judaeorum
3365 3317 3390 3367 ’ἐ

3017 3381 3110 3438 40.
3152 3380 3530 3439 Clamaverunt

3018 3469 3148 3525 ergo
3175 3470 3372 3512 omnes
3403 3474 3418 3510 :

3016 3525 3133 3580 Non
3160 3525 3328 3594 hunc,
3355 3527 3447 3584 sed

3017 3596 3328 3653 Barabban.

3018 3668 3148 3723 Erat
3170 3680 3354 3726 autem

3023 3739 3303 3797 Barabbas

3633 307 3711 365 εεθ

2185 3807 2405 3863 Judaeis
2441 3825 2454 3862 :
2483 3822 2627 3863 nunc
3022 3812 3187 3868 latro.

2187 3890 2366 3934 autem
2398 3894 2630 3950 regnum

1813 3995 2046 4056 CODEX
2085 3995 2476 4053 BRIXIANUS.

484 4092 664 4168 legem
711 4104 946 4168 vestram
993 4095 1229 4166 iudicate
1285 4111 1451 4168 eum.
1507 4095 1768 4152 Dixerunt
1825 4109 1954 4164 ergo
2030 4095 2082 4148 ei
2191 4101 2782 4168 _tem.re_gnnm_nteum
2813 4107 2919 4149 non
2944 4105 3028 4168 est
3051 4096 3194 4152 hinc.
3244 4098 3386 4153 Dixit
3414 4099 3578 4168 itaque
3600 4095 3640 4168 ei
3660 4093 3723 4168 Pi-

481 4163 693 4219 Judaei.
721 4164 926 4248 _Nobi_s
977 4163 1083 4221 non
1141 4169 1267 4223 licet
1305 4167 1561 4248 occidere
1622 4163 1969 4248 quemquam.
2024 4174 2083 4219 ut
2191 4165 2538 4248 latus._‘Ergo
2585 4163 2696 4218 Rex
2741 4174 2915 4248 esntu.
2949 4166 3271 4248 Respondit
3309 4170 3464 4226 .lesns
3504 4163 3577 4225 Tn
3609 4166 3724 4248 dicis.

483 4250 667 4289 sermo
711 4235 840 4291 .lesu
896 4238 1231 4319 impleretur_
1265 4239 1611 4319 quemdixit.
1640 4235 1951 4319 signiﬁcans
1976 4252 2079 4307 qua
2189 4237 2313 4319 quia
2347 4236 2460 4319 Rex
2505 4251 2624 4319 sum
2654 4237 2920 4319 ego._Ego
2949 4239 3000 4292 in
3044 4235 3145 4319 l_t'oc
3187 4252 3516 4319 natususum.
3559 4249 3605 4294 et
3623 4237 3726 4319 ideo

486 4316 660 4388 morte
686 4317 829 4388 esset
863 4312 1176 4364 moriturus.
1211 4307 1460 4388 Introibit
1488 4326 1616 4380 ergo
1644 4307 2083 4388 i_ternm_in_pr:c-
2188 4307 2392 4388 veni_in
2428 4307 2646 4388 mundo.
2692 4317 2750 4361 ut
2791 4307 3160 4388 testinmninm
3206 4313 3515 4382 perhibeam
3542 4307 3724 4388 veritati.

486 4378 684 4462 torium
715 4377 948 4462 Pilatus.
997 4392 1050 4462 et
1081 4384 1292 4462 vocavit
1319 4381 1502 4462 desum
1547 4377 1604 4462 et
1640 4381 1774 4436 dixit
1802 4381 1872 4462 ei.
1909 4379 1992 4462 Tn_
2022 4394 2080 4434 es
2189 4380 2369 4462 omnis
2405 4381 2494 4450 qui
2527 4389 2618 4462 est
2643 4394 2708 4462 ex
2733 4382 2980 4462 verita-te.
3014 4384 3168 4462 au_dit
3195 4377 3382 4462 vocem
3424 4399 3599 4462 meam.
3626 4377 3728 4462 Dici!

486 4449 599 4503 Rex
626 4448 976 4506 Judaeorum.
1010 4451 1310 4520 Respondit
1339 4453 1518 4508 Jesus.
1555 4455 1596 4506 Α
1630 4461 1681 4508 te
1710 4452 1941 4517 metipso
1981 4451 2082 4505 hoc
2191 4451 2240 4504 ei
2273 4448 2496 4505 Pilatus.
2522 4451 2658 4516 Quid
2688 4460 2773 4505 est
2798 4455 3016 4508 veritas.
3049 4455 3116 4510 Et
3138 4471 3262 4510 cum
3290 4457 3393 4511 hoc
3419 4457 3636 4510 dixisset.
3657 4453 3727 4504 ile-

486 4521 622 4599 dicis
649 4536 718 4599 an
739 4521 834 4599 alii
868 4523 961 4599 tibi
991 4523 1242 4599 dixerunt
1271 4525 1338 4580 de
1370 4539 1474 4599 me.
1519 4523 1830 4599 Respondit
1850 4522 2074 4599 Pilatus.
2193 4537 2309 4599 rum
2340 4523 2504 4577 exivit
2527 4523 2592 4599 ad
2615 4521 2874 4599 Judaeos.
2907 4535 2962 4580 et
2987 4528 3064 4580 ait
3093 4528 3217 4582 illis.
3257 4529 3369 4599 Ego
3397 4529 3585 4599 nullam
3609 4525 3728 4599 iuve-

487 4592 751 4673 gumquid
783 4608 882 4662 ego
913 4593 1154 4673 Judaeus
1181 4612 1321 4650 sum.
1367 4596 1515 4673 Gens
1549 4592 1676 4673 tua._
1706 4606 1760 4673 et
1801 4595 2080 4673 Principes
2191 4595 2283 4648 nio
2311 4608 2529 4673 causam
2573 4594 2625 4648 in
2656 4597 2888 4673 eo._l_’£st
2917 4606 3097 4673 au_tem
3138 4592 3476 4673 consufetudo
3513 4597 3658 4673 vobis.
3682 4599 3728 4673 out

2191 4680 2354 4720 unum
2391 4667 2662 4741 dimittam
2692 4667 2843 4741 vobis
2874 4669 2926 4722 in
2966 4669 3196 4725 Pascha.
3233 4672 3397 4726 vultis
3425 4685 3564 4741 ergo.
3591 4667 3729 4720 dimit-

2189 4747 2298 4791 tam
2322 4737 2476 4792 vobis
2500 4738 2700 4808 Regem
2729 4739 3078 4796 Judaeorum.
3112 4737 3558 4799 Exclamaverunt
3583 4741 3729 4793 iterum

482 3810 553 3851 ne
573 3819 674 3868 ego
696 3805 874 3861 trade-
1318 3810 1415 3868 bas
1448 3811 1607 3866 latro.

482 3881 572 3923 I‘OI‘
595 3877 820 3934 Judaeis
850 3896 862 3933 :

485 4664 861 4738 Sacerdotum.
899 4666 1236 4738 tradiderunt
1265 4679 1316 4723 te
1347 4667 1498 4722 mihi.
1549 4667 1679 4738 quid
1711 4665 1907 4738 iecisti.
1940 4665 2078 4721 Res-

487 4737 673 4806 pondit
699 4735 876 4791 .Icsus.
903 4737 1148 4808 Regnum
1179 4755 1354 4794 meum
1384 4754 1487 4794 non
1514 4735 1598 4796 est
1623 4738 1692 4794 de
1724 4737 1828 4793 hoc
1853 4737 2075 4792 mundo.

487 4809 529 4860 si
551 4823 626 4882 ex
669 4809 769 4863 hoc
801 4809 1002 4864 mundo
1030 4821 1177 4865 esset
1209 4827 1432 4881 regnum
1466 4827 1667 4866 meum.
1704 4809 1940 4882 ministri
1970 4808 2077 4863 mei
2187 4822 2382 4882 omnes
2407 4809 2671 4882 dicentes.
2707 4809 2825 4866 Non
2859 4813 3022 4882 hunc,
3065 4814 3162 4871 sed
3192 4814 3495 4872 Barabban.
3527 4813 3636 4869 Erat
3656 4823 3728 4862 au-

487 4879 672 4952 utique
699 4890 1098 4939 concertarent.
1140 4897 1208 4939 ne
1247 4879 1492 4941 traderer
1525 4881 1764 4940 Judaeis.
1811 4896 1955 4936 nunc
1983 4895 2078 4934 au-
2189 4887 2294 4936 tem
2334 4880 2606 4938 Barabbas
2644 4881 2803 4938 latro.

1744 5011 1752 5071 λ
1781 4995 2013 5056 CODEX
2050 4995 2521 5055 CORBEIENSIS.

557 5093 651 5149 40.
691 5093 861 5153 Rabbi
892 5097 1176 5156 Barabam.

1719 5193 2113 5252 VARIANTES
2149 5192 2555 5254 LECTIONES.

552 5283 568 5313 ¹
588 5281 1095 5358 ⁸σίξι.1‹ξι;εξο,Ιιιᾳεςιεῃε
1116 5288 1283 5339 Nobis.
1312 5292 1431 5340 Mm.
1458 5301 1580 5353 ergo
1619 5289 1702 5340 ei:
1735 5288 1907 5341 Nobis.
1935 5286 2081 5352 Vulg.
2187 5306 2289 5358 sam
2315 5295 2489 5358 mortis
2508 5295 2706 5358 invenio
2731 5297 2781 5345 in
2802 5309 2882 5347 eo.
2923 5299 3044 5348 Mm.
3072 5295 3132 5345 ad
3171 5295 3390 5348 Judaeos
3423 5297 3557 5358 foras,
3592 5298 3633 5343 et
3647 5290 3730 5358 d_icil

489 5344 919 5424 εει-εεοιςεηιιίᾳεςίς
947 5349 1143 5424 usus,
1316 5415 1343 5424 η
1516 5344 1622 5424 ξ,
1931 5423 1934 5424 ί
2033 5344 2055 5352 “
2187 5356 2356 5424 ad_eos
2386 5344 3626 5424 nego.ngessaymeammeam.
3657 5352 3732 5413 Ego

551 5409 572 5488 ξ
591 5409 732 5488 ἐξίῃ.
745 5409 857 5470 quia
876 5419 1183 5464 essetmorte
1208 5415 1489 5466 moriturus.
1526 5414 1672 5478 Vulg.
1707 5429 1802 5478 qua
1820 5423 1977 5464 morte
2001 5428 2082 5464 es-
2187 5419 2368 5488 nullam
2394 5409 2593 5470 iutilenio
2619 5409 2755 5488 inueo
2774 5434 2988 5488 causam.
3169 5409 3174 5410 ν
3207 5409 3213 5410 ⁷
3239 5409 3245 5410 ⁷
3288 5409 3301 5422 ’
3352 5409 3388 5410 Ἠ
3412 5487 3419 5488 7
3448 5409 3455 5410 ί
3495 5487 3499 5488 ί

487 5475 573 5546 set_
591 5475 876 5546 moriturus.
957 5536 970 5546 _
1263 5539 1278 5546 _
1468 5543 1511 5546 _
1554 5539 1565 5546 _
1727 5475 1740 5546 ξ
1973 5541 1986 5546 _
2221 5483 2270 5546 A5
2306 5485 2423 5532 Mm.
2473 5486 2776 5534 consuetudo
2819 5486 3087 5545 vobiscum,
3135 5494 3190 5536 ut
3214 5499 3370 5536 unum
3393 5487 3609 5535 dimittam
3631 5477 3732 5546 vobis

553 5531 1063 5616 'fgtlldimnndo...
1086 5552 1151 5589 ne
1175 5539 1417 5591 traderer.
1468 5539 1614 5606 Vulg.
1639 5540 1704 5591 de
1726 5540 1817 5590 hoc
1839 5541 2077 5592 mundo...
2185 5531 2402 5616 vinctum
2511 5531 3731 5616 VPasgbantdj."consuetudo.vobisﬁttmumdi-

491 5601 546 5645 ut
559 5607 668 5665 _no_u
689 5597 933 5665 traderer.
967 5661 980 5665 _
1011 5661 1033 5665 _
1087 5663 1097 5665 _
1566 5597 1589 5606 ”
2183 5607 2368 5658 mittam
2385 5611 2523 5661 vobis
2545 5610 2596 5660 in
2614 5609 2816 5665 Pascha.

555 5655 578 5691 δ
613 5657 718 5710 Gat.
742 5660 900 5713 exivit
923 5661 981 5713 ad
1005 5661 1242 5731 Judaeos,
1261 5665 1448 5719 etdicit
1472 5668 1606 5719 eis...
1631 5665 1738 5732 Ego
1760 5669 1941 5721 nullam
1965 5684 2080 5722 cau-

1818 5754 2187 5817 BLANCHINI
2224 5757 2478 5833 now;

569 5836 643 5912 (α)
673 5837 835 5896 Addit
876 5849 949 5913 tu,
991 5841 1151 5900 etiam
1195 5854 1302 5904 tex.
1337 5847 1431 5906 Gr.
1460 5852 1577 5907 aa.‘
