3874 6326
129 277 208 338 £89

128 528 256 614 ista
281 527 391 614 erat
417 525 606 613 trionit-
643 523 659 540 .

129 641 342 690 mentum,
375 631 392 662 ⁸
421 643 522 701 po-

128 713 306 760 suerunt
322 701 524 757 Jesum.

270 809 488 874 CAPUT
520 809 642 870 XX.

185 912 223 966 Ι.
247 909 356 966 Una
379 918 559 966 autem
587 907 712 966 sab-

130 986 210 1042 bati
231 983 364 1038 venit

131 1057 255 1114 Maria
281 1053 419 1125 ﬂag.

131 1129 277 1184 dalene
305 1166 322 1192 ,
347 1139 470 1179 cum

133 1199 264 1254 adhuc
291 1206 436 1252 tene-

133 1273 230 1326 brae
249 1271 265 1302 ²
289 1275 492 1332 essent.

131 1343 182 1398 ad
195 1355 488 1398 monumen-

1058 263 1508 333 EVANGELIUM
1547 271 1922 335 SECUNDUM
1958 275 2343 336 JOHANNEM.

465 387 698 448 CODEX
733 383 1280 447 VERCELLENSIS.

907 487 962 542 5.
997 494 1132 541 tum.
1162 485 1232 540 Et
1259 497 1418 554 pros-

905 559 1139 620 cultans,
1170 556 1318 611 videt

908 635 1085 699 posita
1111 628 1304 683 lintea-

909 703 1076 766 mina.
1106 715 1211 756 non
1244 709 1315 754 ta.

909 789 1032 829 men
1065 770 1307 827 intravit.

913 845 967 902 6.
999 845 1228 901 Secutus
1251 850 1336 898 est
1365 842 1436 898 il-

919 917 1049 972 lum.
1078 955 1091 970 .
1127 925 1188 970 .t
1225 915 1470 982 Petrus,‘

912 999 967 1045 et
989 989 1207 1043 intravit
1234 987 1290 1042 in

913 1074 1239 1116 monumen-

911 1141 1046 1199 tum,
1079 1141 1133 1187 et
1163 1129 1294 1185 vidit

912 1203 1224 1259 linteamina

913 1277 965 1330 7.
1001 1275 1197 1345 posita,
1227 1281 1282 1328 et
1305 1289 1400 1345 su~

915 1343 1148 1410 darium,
1181 1343 1328 1414 quod

3260 285 3368 342 490

2195 391 2436 450 CODEX
2478 389 2935 451 VERONENSIS.

1769 499 1886 546 erat
1910 505 2232 546 monumen-

1769 571 1907 629 tum,
1941 568 2239 633 posuerunt

1770 634 1978 691 Jesum.

1952 748 2186 806 CAPUT
2225 745 2344 803 XX.

1846 846 1898 900 1.
1930 844 2048 901 Una
2077 852 2256 899 autem

1773 917 1986 972 sabbati
2019 915 2167 970 venit

1775 989 1938 1044 Maria
1971 988 2190 1058 Magda-

1776 1061 1924 1126 lene,
1958 1057 2080 1116 cum
2110 1057 2206 1114 ad—

1775 1131 1882 1186 huc
1916 1132 2172 1188 tenebrae

1777 1213 1982 1268 essent,
2014 1201 2078 1256 ad
2125 1215 2317 1256 monu-

1776 1285 2020 1329 mentum
2043 1291 2056 1340 ;
2078 1284 2131 1327 et

1777 1346 1913 1400 vidit
1939 1345 2172 1413 lapidem

2602 496 2658 544 et
2685 489 3081 560 prospexisset,

2605 561 2740 614 vidit
2763 563 2933 629 posita

2607 632 2981 701 linlheamina,
3007 649 3116 692 non
3148 645 3228 692 ta-

2607 719 2728 760 men
2755 705 3018 762 introivit.

2609 775 2663 846 6.
2709 775 2863 830 Venit
2887 792 3016 846 ergo
3037 779 3224 836 Simon

2607 845 2800 902 Petrus
2823 845 3079 920 sequens,

2607 929 2660 974 et
2687 920 2904 974 intravit
2929 924 2981 976 in
3077 936 3088 942 '

2608 1003 3041 1061 monumentum,

2607 1072 2662 1116 et
2689 1063 2818 1116 vidit
2847 1064 3081 1120 linthea-

2615 1134 2667 1188 7.
2712 1135 2856 1188 tnina
2885 1137 3078 1205 posita,
3112 1146 3168 1192 et

2613 1205 2911 1273 sudarium,
2949 1208 3094 1278 quod

2614 1285 2733 1332 erat
2753 1291 2917 1347 super
2945 1294 3036 1334 ca-

2615 1358 2710 1418 put
2739 1349 2874 1418 eius,
2915 1367 3021 1405 non

133 1426 215 1470 tum
240 1431 252 1480 ;
275 1421 325 1469 et
345 1411 492 1467 videt

133 1486 318 1556 lapidem
349 1483 476 1538 subs

131 1555 256 1614 latum
281 1555 346 1610 de
395 1571 514 1610 Ino-

133 1637 421 1692 numentum,

130 1700 172 1754 2.
191 1709 236 1756 et
256 1700 506 1766 cucurrit,
529 1710 592 1755 et

131 1772 244 1827 venit
261 1770 320 1824 ad
347 1770 526 1827 Sim

915 1429 1032 1475 erat
1061 1415 1296 1488 positum

918 1504 1187 1552 seorsum,
1212 1489 1300 1542 in-

915 1561 1158 1617 volutum
1189 1559 1244 1614 in

918 1648 1028 1688 uno
1055 1633 1195 1686 loco.

918 1706 970 1761 8.
1002 1704 1154 1758 Tunc
1179 1711 1313 1772 ergo
1331 1701 1506 1756 introo

919 1776 1016 1830 ivit
1047 1773 1068 1806 ³
1096 1783 1152 1829 et
1171 1775 1414 1844 discipu-

1778 1417 2050 1494 sublatum
2076 1431 2106 1471 a

1777 1497 2211 1543 monumentum.

1777 1559 1834 1614 2.
1863 1559 2274 1628 Cucurritergo,

1781 1639 1840 1687 et
1863 1633 2012 1686 venit
2039 1631 2104 1684 ad
2131 1629 2220 1685 Si-

1783 1719 2000 1758 monem
2033 1703 2280 1766 Petrum,

1786 1781 1842 1830 et
1864 1775 1929 1828 ad
1953 1775 2116 1828 alium

2613 1435 2736 1474 cum
2769 1421 3040 1478 linteami-

2617 1492 2778 1546 nibus
2813 1493 3070 1562 positum,

2617 1563 2714 1636 sed
2745 1567 3038 1636 separatim

2622 1635 2924 1690 involutum
2949 1637 3005 1692 in
3031 1653 3139 1694 uno
3165 1639 3312 1696 loco.

2622 1705 2689 1780 8.7
2720 1707 2871 1762 Tunc
2891 1725 3026 1780 ergo
3058 1712 3230 1780 intro-

2623 1778 2792 1833 ivitet
2825 1779 2916 1836 ille
2946 1778 3031 1836 di-
3129 1779 3136 1788 ’

131 1857 437 1924 nmmum.
918 1849 1026 1914 lus,
1055 1849 1144 1916 qui
1171 1845 1322 1924 prior
1787 1845 2140 1924 discipulum,
2170 1857 2331 1913 quem
2545 1879 2552 1884 -
2623 1850 2887 1918 scipulus,
2918 1853 3010 1920 qui

131 1923 355 1996 et.......-..
379 1914 502 1970 dis-
924 1914 1247 1975 veneratad

1789 1914 2006 1996 amabat
2025 1916 2207 1996 Jesus,
2624 1914 2849 1996 venerat
2876 1914 3085 1992 primus

130 1989 225 2056 cipu
293 2023 308 2040 .
387 2026 401 2040 .
485 2026 498 2038 .
583 2028 596 2040 .
677 2027 691 2041 .
775 2025 787 2040 .
922 2005 1248 2046 monumen-
1792 1999 1849 2044 et
1886 1989 2020 2043 dicit
2046 1989 2168 2042 eis:
2628 1992 2696 2046 ad
2725 1989 3048 2050 monumen-

133 2100 142 2113 .
206 2099 216 2111 .
289 2097 300 2110 .
375 2098 388 2110 .
473 2099 487 2111 .
569 2097 582 2110 .
669 2097 681 2110 .
763 2099 776 2112 .
925 2071 1060 2128 tum,
1092 2069 1150 2116 et
1183 2060 1338 2135 vidit,
1789 2061 2058 2135 Tulerunt
2083 2058 2268 2112 Domi-
2631 2066 3036 2135 tutn,etvidit,

1689 2171 1702 2178 -
1793 2141 1922 2187 num
1957 2133 2024 2187 de
2055 2146 2246 2186 monu-

1793 2213 2005 2269 mento,
2031 2209 2087 2258 et
2103 2215 2200 2257 ne-

1795 2277 2000 2330 scimus
2027 2275 2116 2329 ubi

1797 2355 2100 2414 posuerunt
2129 2343 2307 2400 illum.

1797 2419 1850 2474 5.
1875 2417 2050 2473 Exivit
2075 2432 2206 2488 ergo
2359 2419 2363 2424 '

1797 2491 2015 2552 Petrus.
2041 2498 2096 2543 et
2123 2490 2214 2542 ille

1798 2561 1938 2616 alius
1967 2559 2286 2628 discipulus,

1804 2643 1859 2687 et
1881 2632 2176 2686 veniebant

1803 2704 1870 2758 ad
1894 2717 2210 2757 monumen-

1805 2777 1860 2829 4.
1898 2785 2030 2828 tum.
2061 2771 2366 2828 Currebam

1808 2854 1988 2900 autem
2015 2845 2124 2914 ipsi

1808 2918 1916 2972 duo
1945 2917 2125 2982 simul,

1811 2990 1902 3044 ille
1931 2989 2073 3043 alius
2099 2987 2264 3042 disci-

1815 3061 1970 3131 pulus
1998 3075 2324 3130 praecucur-

1813 3133 1886 3186 rit
1909 3133 2070 3188 citius
2093 3131 2199 3186 Pe-

1817 3213 1924 3270 tro,
1955 3213 2012 3259 et
2041 3204 2188 3258 venit

681 2172 692 2184 .
791 2135 851 2184 nt
922 2135 976 2190 9.
998 2143 1052 2188 et
1077 2133 1506 2190 crediditznon-

924 2205 1052 2262 dum
1079 2205 1225 2260 enim

927 2277 1174 2332 sciebant
1196 2277 1380 2347 Scrip-

384 2385 397 2398 .
475 2381 492 2398 .
577 2387 588 2400 .
674 2385 687 2400 .
772 2385 784 2398 .
931 2359 1128 2412 turam,
1162 2348 1306 2425 quod

131 2414 198 2469 ubi
219 2415 359 2470 illum
387 2430 456 2486 po
473 2446 486 2458 -
929 2427 1147 2488 Oportet
1179 2414 1330 2474 illum

129 2498 338 2541 suerunt.
930 2506 960 2545 a
989 2489 1220 2544 mortuis
1251 2505 1330 2545 re-

130 2558 172 2613 5.
197 2558 334 2616 Exiirt
355 2573 486 2629 ergo
517 2555 616 2614 Pe-
933 2577 1176 2631 surgere.

130 2639 239 2693 trus,
262 2643 320 2686 et
347 2631 486 2685 alter
931 2634 1021 2690 10.
1047 2632 1314 2687 Abierunt
1339 2643 1468 2701 ergo

129 2701 415 2773 discipulus,
435 2711 500 2757 et
933 2704 1182 2773 discipuli
1210 2705 1273 2757 ad
1307 2717 1387 2758 se.

129 2771 250 2828 ibant
272 2775 341 2828 ad
359 2788 550 2828 monu-
932 2777 1022 2831 H.
1055 2771 1218 2830 Maria
1242 2785 1422 2830 autem

127 2843 172 2898 4.
195 2861 301 2900 men
313 2855 444 2900 tum.
467 2844 613 2900 Cor-
933 2847 1072 2903 ﬂens
1099 2849 1276 2901 stabat

129 2916 292 2972 rebant
317 2927 502 2972 mitem
937 2919 1006 2974 ad
1048 2933 1372 2974 monumen-

131 2987 212 3053 ipsi
237 2989 346 3046 duo
373 2989 562 3052 simul,
941 3003 1075 3055 tum;
1109 2997 1164 3045 et
1187 3005 1310 3046 cum

129 3058 203 3132 ille
221 3071 393 3116 autem
413 3059 539 3114 'dis-
940 3062 1118 3129 ﬂeret,
1145 3102 1157 3114 .
1193 3103 1204 3114 .
1239 3100 1253 3114 .
1280 3061 1442 3132 dspe-

131 3131 310 3198 cipulus
347 3143 512 3202 prae-
943 3134 1024 3188 xit
1051 3133 1102 3188 in
1128 3147 1322 3188 monu—

129 3203 277 3256 currit
305 3204 460 3258 velo-
947 3205 1034 3259 12.
1059 3217 1338 3270 mentum;
1368 3211 1422 3258 et

937 3275 1086 3340 _vidit
1110 3277 1248 3332 duos
1275 3275 1388 3330 An-

947 3347 1120 3417 gelos.
1151 3388 1165 3403 .
1199 3389 1210 3401 .
1247 3347 1388 3401 albis

945 3419 1216 3487 sedentes,
1253 3431 1418 3474 unum

2634 2144 2690 2191 et
2719 2137 2950 2194 credidit
2977 2155 2991 2190 ε

2633 2207 2689 2263 9.
2733 2209 2968 2263 nondum
3003 2210 3151 2266 enim

2634 2279 2845 2334 sciebat
2871 2281 3120 2352 Scriptu-

2636 2365 2774 2416 ram,
2811 2353 2936 2421 quia
2967 2369 3132 2421 oporo

2641 2430 2718 2476 ιει
2744 2437 2868 2478 eum
2897 2440 2922 2476 a
2959 2440 3104 2478 mor-

2635 2493 2745 2548 tuis
2772 2509 3081 2564 resurgere.

2638 2565 2727 2640 _i0.
2769 2565 3036 2640 Abierunt
3059 2582 3192 2640 ergo

2636 2634 2832 2689 iterum
2863 2637 2930 2692 ad
2965 2653 3053 2691 se-

2639 2709 2904 2780 metipsos
2931 2707 3205 2780 discipuli.

2601 2829 2607 2836 .
2643 2779 2732 2833 ii.
2777 2779 2941 2834 Maria
2971 2779 3156 2834 autém

2645 2850 2870 2904 sedebat
2894 2851 2962 2906 ad
2991 2867 3113 2907 mo-

2649 2931 2966 2976 numentum
2991 2922 3107 2992 plo-

2648 3007 2800 3058 rans,
2829 3001 2884 3047 et
2907 3009 3030 3048 Cum

2649 3063 2825 3130 ﬂeret,
2863 3065 3147 3120 inclinavit

2649 3149 2730 3202 se,
2769 3145 2826 3191 et
2855 3138 3136 3207 prospexit

2653 3207 2706 3260 in
2735 3219 3180 3275 monumentum;

2655 3277 2744 3332 19..
2787 3287 2844 3334 et
2865 3279 3011 3334 videt
3029 3279 3176 3336 .duos

2655 3349 2897 3419 Angelos
2923 3352 2974 3406 in
3005 3351 3148 3407 albis

2661 3423 2936 3492 sedentes,
2973 3438 3141 3479 unum

130 3274 229 3327 cius
257 3275 437 3340 Petro,
467 3284 524 3330 et

130 3346 254 3416 venit
281 3347 432 3416 prior
451 3345 521 3400 ad

129 3431 394 3474 monumen
405 3447 432 3460 "

1819 3276 1968 3346 prior
1995 3276 2062 3330 ad
2093 3281 2524 3330 monumentum.

1819 3347 1878 3402 5.
1917 3347 1981 3400 Et
2010 3361 2132 3401 cum
2163 3359 2224 3403 se

1821 3419 2156 3486 inclinasset,

1439 3571 1674 3631 CODEX
1689 3571 2097 3631 iBRiXlANUS.

129 3715 236 3788 guis
271 3717 436 3788 Juxta
485 3726 606 3772 erat
653 3725 1098 3772 monumentum.
1155 3723 1452 3788 posuerunt
1503 3714 1710 3788 Iesum.
1823 3715 1991 3770 mina.
2028 3727 2134 3766 non
2163 3721 2356 3788 ιτιιιιεξιιΔ
2377 3712 2649 3788 introivit.
2665 3711 2823 3768 Venit
2841 3729 2976 3786 ergo
2999 3716 3188 3772 Simon
3215 3715 3429 3774 Petrus.

125 3783 211 3844 Die
259 3783 442 3845 autem
491 3789 666 3857 prima
711 3789 944 3844 sabbati.
997 3783 1352 3844 venitillaria
1402 3787 1716 3856 Magdalene
1823 3799 2225 3854 sequenseum.
2261 3791 2317 3857 et
2345 3783 2702 3857 introibitin
2739 3783 3174 3843 monuinentum.
3211 3797 3269 3842 et
3297 3789 3435 3842 vidit

127 3876 286 3916 marte.
319 3877 447 3917 cum
467 3855 926 3916 adhuctenebrae
945 3871 1152 3915 essent.
1179 3859 1250 3914 ad
1273 3855 1708 3913 monumentum.
1827 3858 2142 3928 linteamina
2201 3856 2396 3924 posita.
2427 3867 2482 3909 et
2519 3855 2999 3928 sudariunnquod
3058 3862 3230 3914 ﬁxerat
3267 3873 3435 3928 super

131 3943 176 3985 et
213 3933 350 3987 videt
393 3929 634 4000 lapidem
681 3935 1004 3985 revolutum.
1055 3933 1122 3984 ab
1165 3933 1306 3986 ostio
1351 3933 1714 3984 monumenti.
1825 3935 1988 3997 caput
2031 3926 2175 4000 ejus.
2232 3941 2340 3980 non
2389 3941 2510 3981 cum
2552 3927 2980 4000 lintemninibns.
3031 3933 3292 3998 positum.
3339 3926 3436 3984 sed

132 4003 364 4074 Cucurrit
405 3998 562 4074 ergo.
598 4013 650 4056 et
681 4003 827 4058 venit
869 4003 934 4058 ad
976 4004 1248 4074 Simonem
1283 4003 1522 4057 Petrum.
1567 4013 1620 4074 et
1649 4001 1716 4056 ad
1827 4001 2118 4074 separatim
2169 3999 2489 4074 involutum.
2635 4015 2808 4074 unum
2853 4002 3055 4056 locum.
3107 4003 3261 4057 Tunc
3307 4015 3437 4072 ergo

131 4073 276 4144 alium
319 4069 675 4144 discipulum.
723 4091 882 4144 quem
927 4076 1142 4128 amabat
1173 4073 1346 4130 Jesus.
1397 4084 1450 4127 et
1482 4075 1555 4127 ait
1586 4073 1714 4127 illis.
1829 4069 2093 4126 introibit.
2140 4081 2194 4125 et
2227 4071 2314 4124 ille
2345 4071 2483 4124 alius
2511 4069 2962 4144 discipulumqui
2982 4085 3204 4128 venerat
3231 4069 3438 4142 primus

133 4137 382 4202 Tulcrunt
425 4137 714 4201 Dominum
739 4137 1211 4201 ilemonutnento.
1241 4155 1295 4198 ct
1328 4147 1600 4200 nescimus
1629 4144 1720 4199 ubi
1829 4145 1894 4197 ad
1915 4153 2354 4197 monumentum.
2401 4152 2456 4196 et
2483 4143 2618 4195 vidit
2643 4153 2700 4196 et
2731 4137 2985 4198 credidit.
3023 4137 3264 4200 nondum
3291 4159 3438 4199 etum

133 4230 416 4286 posuerunt
447 4235 592 4272 eum.
627 4219 772 4272 Exiit
815 4234 943 4288 ergo
975 4218 1186 4272 Petrus.
1217 4224 1279 4270 ret
1314 4216 1408 4271 ille
1435 4217 1578 4270 alius
1607 4217 1720 4270 dis-
1828 4214 2416 4288 sciebantScribturas.
2445 4213 2566 4282 quia
2587 4224 2870 4288 oporteret
2889 4216 3098 4272 Jesum.
3139 4233 3168 4272 a
3209 4217 3439 4271 tnorluis

133 4285 346 4357 eipnlus,
401 4300 458 4344 et
509 4301 772 4344 venerunt
817 4285 901 4342 ad'
931 4299 1360 4344 niununientum.
1405 4288 1724 4342 «Currebam
1829 4302 2136 4356 resurgere.
2166 4285 2432 4340 Abierunt
2457 4287 2807 4352 ergoiterutn
2841 4289 2907 4341 ad
2932 4291 3257 4355 semetipsos
3279 4289 3437 4342 disci»

133 4375 296 4415 autem
354 4364 520 4417 ambo
569 4361 790 4430 pariter.
843 4362 935 4415 ille
985 4373 1162 4416 autem
1213 4361 1355 4414 alius
1403 4359 1718 4426 discipulus.
1829 4358 2324 4427 pnli.Mariaautem
2345 4359 3177 4430 stabulatitltOltttmettlunt'Fm‘is
3197 4362 3438 4430 plorans.

133 4435 498 4500 praecucurrit
537 4428 696 4488 citius
737 4433 918 4500 Petro.
967 4441 1023 4487 et
1063 4433 1208 4488 venit
1253 4435 1402 4501 prior
1431 4431 1496 4485 ad
1529 4445 1722 4484 monu-
1826 4443 1882 4484 et
1917 4431 2042 4484 dum
2080 4431 2237 4484 ﬂeret
2275 4428 2556 4482 inclinavit
2583 4445 2663 4484 se.
2699 4441 2753 4484 et
2807 4435 3087 4500 prospexit
3129 4428 3210 4484 in'
3245 4445 3442 4484 monu-

135 4517 386 4562 mentum.
431 4515 634 4566 etcum
663 4520 724 4561 se
761 4504 1094 4560 inclinasset.
1147 4504 1280 4560 vidit
1313 4503 1491 4574 posita
1525 4503 1720 4558 lintea-
1825 4501 2298 4558 mentum.etvidit
2313 4501 2458 4556 duos
2473 4501 2710 4570 Angelos
2725 4502 2784 4556 in
2808 4503 2947 4558 albis
2967 4502 3242 4560 sedentes.
3275 4514 3440 4556 unum

1417 4661 1648 4719 CODEX
1688 4660 2158 4718 (SORBEIENSIS.

1837 4833 2060 4890 surgere
2087 4833 2118 4871 a
2149 4816 2395 4872 mortuis.

1901 4914 1999 4970 1-0.
2043 4913 2312 4968 Abierunt
2338 4923 2468 4979 ergo
2491 4907 2632 4979 apud
2661 4921 2720 4964 se
2747 4906 3018 4978 discipuli.

1917 5007 1979 5060 11
1993 5051 2006 5064 .
2053 5003 2276 5069 Omittit,
2311 5001 2465 5058 foris.

1917 5077 2054 5132 Ibid.
2079 5077 2304 5146 plorans
2331 5093 2346 5127 :
2369 5083 2426 5130 ut
2447 5087 2586 5144 ergo
2613 5070 2867 5143 ploravit.

197 4835 282 4889 49..
305 4835 327 4865 δ
349 4841 580 4908 propter
601 4829 960 4890 Parasceven,
980 4825 1127 4896 quia,
1161 4833 1264 4878 etc.

195 4927 327 4984 CAP.
353 4925 481 4982 XX.
507 4954 579 4966 -—
599 4923 656 4977 2.
691 4924 712 4954 ⁵
740 4935 898 4993 quem
927 4917 1190 4988 diligebat
1218 4915 1259 4986 -ί-
1286 4915 1464 4971 Jesus.

199 5001 252 5056 '5.
293 5009 353 5057 et
385 4997 700 5054 veniebant.

199 5090 251 5146 5.
293 5105 428 5146 cum
456 5103 515 5144 se
547 5085 884 5151 inclinasset,
917 5078 1402 5151 etprospesisset,
1435 5077 1592 5132 vidit.

199 5183 255 5239 θ.
283 5191 414 5238 'non
445 5177 640 5238 enim"
661 5177 943 5234 Sciebat...
967 5171 1102 5246 'quia
1158 5173 1376 5244 oportet
1421 5167 1462 5242 '1-
1494 5185 1617 5227 eum
1651 5185 1740 5225 re-

1383 5345 1784 5404 ‘VARIANTES
1820 5340 2224 5400 LECTIONES.

197 5503 214 5534 ί
251 5501 364 5550 Gat.
393 5503 600 5561 propter
625 5507 750 5546 cena
787 5509 916 5606 Bura
957 5451 1280 5542 Judaeorum.
1309 5491 1430 5539 Mm.
1451 5488 1533 5536 ubi
1559 5497 1744 5562 posne-
1909 5484 1936 5514 ’³
1971 5481 2078 5532 ϐαιΔ
2100 5486 2146 5531 et
2167 5483 2284 5530 Mm.
2315 5485 2367 5529 et
2385 5475 2471 5528 ille
2496 5475 2620 5526 alius
2638 5474 2926 5539 discipulus.
2945 5472 3102 5538 Vulg.
3128 5480 3182 5524 et
3199 5472 3453 5539 ille'ﬁdisci:

197 5569 265 5606 nt-
319 5559 478 5606 νἰιια.
536 5568 738 5606 orooter
829 5569 1102 5606 arasceven
1149 5553 1514 5604 Judaeorum...
1561 5561 1744 5606 posue-
1843 5545 2012 5606 pulus.

139 5545 738 5624 runtrwi’iurlgfpropter
787 5545 1102 5607 Parasceven
1149 5553 1514 5604 Judaeorum...
1561 5545 1744 5613 posue-
1843 5545 2012 5624 pulus:

139 5607 264 5676 iiii;
327 5607 337 5612 ⁷
372 5607 477 5624 ὼγ
1297 5675 1300 5676 ν
1565 5607 1577 5613 ’
1851 5607 1865 5610 ⁷
1913 5607 1934 5676 ξ
1971 5608 2076 5676 (gat:
2107 5613 2308 5676 pr_opter
2327 5617 2452 5654 cena
2477 5615 2614 5666 pura.

191 5669 1219 5746 i'ibm.-esspnt,-et-vidtt.'Vutg.'esscut,
1265 5675 1742 5746 aEl'monqmt‘emum.
1905 5673 1935 5746 ’ξ
1977 5669 2310 5746 Εφξιαέμιμ
3021 5731 3050 5746 γι
3105 5727 3203 5746 πω

143 5724 1528 5810 etEiiiéiii,iidifiéisiiéti‘isumma“magno
1563 5724 1746 5788 manu:
1973 5729 2316 5810 Galli-sciebat
2355 5729 2650 5792 scripturam
2698 5729 2811 5792 quia
2857 5731 3072 5789 Oportet.
3103 5727 3221 5776 Mm.
3269 5724 3461 5776 sciebat

145 5799 320 5862 menti.
359 5808 516 5872 Vulg.
538 5799 752 5874 lapidein
777 5799 1424 5856 stililatum'afmomnneuto.
1855 5799 2199 5858 quia-oportet.

641 5895 924 5954 PATROL.
980 5889 1126 5952 ΧΠ.
2899 5873 2976 5933 16
