1937 3163
70 166 114 195 497
569 160 793 192 EVANGELYUM
812 163 857 192 εει

913 160 999 192 ιθωι
1014 160 1207 192 ΙΟΗΑΝΝΕΜ.

209 215 217 222 ’
241 218 356 249 (ΞΟυΕΧ
375 218 655 249 νειιοειιιειιειδ.
1109 221 1223 251 εσθειι
1247 220 1473 252 VERDNENSIS.

1641 162 1694 190 498

67 277 118 297 nem
128 287 135 301 ,
149 272 174 296 et
182 267 254 306 dedit
461 267 538 295 bulas
551 274 605 302 quo
619 268 656 295 vi.
681 288 687 294 .
708 283 721 288 -
896 277 969 306 nem,
981 274 1008 297 et
1022 269 1102 306 dabat
1312 278 1386 299 esses
1398 270 1501 306 iunior,

67 306 158 342 illis,_»et
169 303 247 339 piscis
461 310 522 330 cum
536 307 607 342 aute.
631 323 638 330 .
809 318 815 323 -
895 305 935 342 eis
947 309 998 342 ,het
1014 305 1115 340 piscem
1312 303 1505 342 praeci'ngebas

66 340 182 369 similiter.
462 339 595 367 senueris.
619 359 625 366 .
646 355 659 359 -
896 339 1032 368 similiter.
1313 339 1350 374 ie,
1364 347 1390 370 et
1403 339 1498 370 ambu-

66 377 103 404 ιι.
122 375 173 403 Hoc
183 375 236 411 jam
250 375 334 403 tertio
462 375 567 402 tendes.
590 395 597 401 .
620 389 633 395 -
896 376 940 403 M.
961 376 1018 404 Hoc
1027 376 1081 411 jam
1097 377 1179 405 tertio
1314 378 1390 405 labas
1404 387 1411 405 :
1425 386 1485 406 cum
1499 385 1548 406 au-

67 412 187 440 ‘ostendit
200 418 229 439 se
464 418 515 437 nus
528 415 598 437 tuas.
622 431 628 438 .
648 426 662 431 -
896 411 1078 439 manifestavit
1093 420 1122 440 se
1313 418 1367 441 tem
1384 414 1516 447 senueris,

67 447 133 476 Jesus
144 446 298 483 discipulis,
464 451 506 483 ter
521 451 555 474 te.
580 467 585 473 .
609 466 614 473 .
635 461 648 467 -
895 447 974 475 Iesus
985 447 1125 482 discipulis
1314 450 1444 477 extendes
1455 446 1550 478 manus

68 488 191 519 postquam
205 489 221 510 α
464 482 512 517 git.
536 503 542 509 .
566 503 573 510 .
597 502 604 509 .
628 502 635 509 .
657 502 664 510 .
896 484 964 515 suis,
979 488 1121 519 postquam
1314 489 1383 516 tuas,
1397 490 1424 512 et
1439 484 1507 513 alius
1523 491 1549 514 te

68 519 166 556 mortuis
179 526 220 556 ref
260 553 275 556 _
464 522 495 556 te
505 526 569 556 quo.
652 538 658 545 .
681 538 687 545 .
896 520 1025 556 surressit
1038 527 1052 545 a
1068 520 1191 547 mortuis.
1313 521 1476 556 praecinget,
1488 525 1516 549 et
1527 521 1578 549 du-

69 555 103 583 15.
120 555 240 591 surrexit.
254 553 323 582 Cum
465 554 517 591 19.Δ
531 555 582 591 vis.
604 554 660 591 Hoc
674 558 763 582 autem

916 555 941 591 5ἶ
961 554 1030 583 Cum
1046 562 1110 590 ergo
1125 562 1205 591 pran-
1314 553 1349 584 'cit
1363 564 1415 591 quo
1423 553 1457 583 'tu
1471 565 1525 584 non

67 598 119 626 ergo
130 590 234 625 prandi-
260 625 263 626 ν
464 589 540 621 dixit,
554 589 660 624 signill-
897 590 1039 622 didissenl,
1056 589 1133 619 dicit'
1315 592 1357 619 19.
1374 589 1430 619 ἰτίε.
1449 592 1504 620 Hoc
1518 597 1619 620 autem

67 625 164 663 derunt,
179 626 238 654 ’δὴ
250 625 331 654 Jesss
463 632 529 652 cans
543 632 623 663 quam
896 626 1000 663 §imoni
1017 626 1097 663 Petro
1127 662 1135 663 ί
1313 627 1380 655 dixit
1393 628 1549 663 signiﬁcans

68 662 132 699 Petro
146 672 169 699 :_
188 697 195 699 ξ
464 667 579 699 mortem
592 661 640 688 ho-
895 661 997 699 Jesus:
1015 661 1107 699 Simon
1122 662 1170 690 Jo-
1313 671 1364 699 qua
1381 661 1467 690 morte
1483 664 1538 691 cla-

66 698 143 725 Simon
156 697 257 725 Johan-
463 697 620 724 norilicalu—
895 697 994 724 hannis
1006 697 1101 731 diliges
1113 699 1177 727 me?
1314 697 1467 727 fili-taturus
1477 704 1550 727 esset
1564 700 1659 728 Deum.

463 740 510 760 rus
523 732 533 748 ‘
548 737 622 760 esset
633 732 727 759 Deum.

463 768 509 801 Ait
522 768 562 796 illi
576 777 582 795 :
599 768 720 801 Sequere

462 799 508 830 '20.
530 811 583 831 me.
597 803 630 831 Et
646 799 761 831 conver-

463 847 509 866 sus
524 840 620 866 Petrus
634 840 672 866 vi-

462 875 503 902 dit
525 875 700 910 discipulum,
784 874 844 902 dili-

463 911 552 944 Jesus,
569 919 685 945 sequen-
727 909 732 910 ⁷
752 909 846 946 [gebat

463 951 529 979 tem,
543 947 589 981 qui
601 951 630 974 et
640 954 681 974 re-

464 983 594 1010 cubuerat
609 983 635 1009 in

463 1026 529 1046 cena
544 1026 624 1052 supra

465 1057 558 1089 pectus
569 1053 644 1087 Jesu,
657 1059 685 1081 et

66 734 98 761 nis
108 741 176 761 amas
190 734 254 761 me?

66 770 98 797 Ait
108 768 142 796 illi
157 777 163 795 :
177 764 276 804 Utique
288 790 295 802 ,

66 804 169 832 Domine.
188 805 233 832 Ait
248 805 286 832 illi
301 813 309 831 :

65 840 133 868 Pasce
147 841 183 876 (α)
201 848 267 868 oves
280 841 300 876 λς
315 848 372 868 me-

66 876 98 903 lli.
116 884 153 903 as.
167 876 239 904 Dicit
253 876 292 904 illi
306 877 357 904 ite-

63 920 110 939 rum
122 921 128 938 :
143 912 235 944 Simon

63 947 193 980 Juhannes,
209 954 288 976 amatr
305 947 369 976 me?
381 947 427 975 Di-

63 984 92 1010 cit
101 984 134 1010 illi
147 993 153 1010 :
169 983 282 1019 Utique‘.
300 984 426 1011 Domine.

63 1019 97 1048 ll.
114 1020 156 1046 Ait
174 1020 212 1047 illi
233 1028 241 1046 ε
261 1020 344 1048 Pasce
363 1027 428 1048 oves

63 1062 132 1082 meas.
142 1055 210 1082 Dicit
225 1055 264 1082 illi
278 1056 374 1082 tertio:
385 1055 429 1084 Sl-

898 733 965 760 Dieil
977 733 1003 760 ei
1017 743 1023 760 :
1042 733 1153 769 Utique,

898 769 1022 802 Domine,
1039 774 1066 795 ιιι
1081 770 1135 797 scis

896 805 957 839 quia
969 812 1031 832 amo
1043 810 1078 832 te.

897 841 966 867 Dicit
978 840 1002 867 ei
1018 850 1024 867 :
1039 841 1123 869 Pasce

898 875 937 912 (α)
950 883 1014 912 Wes
1029 876 1051 911 τ
1066 884 1151 904 meas.

898 911 942 939 ib".
964 911 1063 939 lterum
1080 912 1145 940 dicit
1160 913 1184 941 ei
1199 922 1205 940 :

898 948 991 976 Simon
1005 947 1145 980 Johannis,

898 983 995 1018 diliges
1010 984 1072 1011 me?
1087 984 1158 1012 Dicit

898 1019 924 1047 ei
939 1029 946 1046 :
960 1019 1047 1047 Etiam
1065 1020 1117 1047 Do-

897 1055 981 1087 mine,
1000 1060 1026 1081 tu
1039 1055 1091 1083 scis

1315 735 1360 767 Et,
1374 743 1434 762 eum
1453 736 1503 762 hoc
1516 735 1557 763 di-

1315 771 1411 803 xisset,
1428 771 1492 798 dicit
1507 772 1531 798 ei
1548 781 1557 799 :

1315 806 1361 833 20.
1383 807 1504 841 Sequere
1521 815 1575 836 me.
1591 807 1662 835 Con-

1315 850 1410 869 versus
1425 843 1521 870 Petrus

1316 878 1385 904 vidil
1398 878 1472 904 illum
1487 879 1528 905 dio

1316 914 1460 948 scipulum,
1479 922 1558 947 quem

1315 950 1443 983 diligehnl
1458 950 1545 982 Jt'SllS,

1316 990 1485 1019 sequenti-nt,
1501 987 1544 1020 qui

1316 1027 1342 1048 et
1360 1021 1482 1048 recubuit
1494 1022 1527 1048 ad

1316 1064 1410 1084 cenam
1423 1064 1503 1091 super
1518 1064 1565 1092 pe-

63 1098 113 1118 mon
124 1090 269 1124 Johannes,
285 1098 361 1118 amas
465 1090 491 1118 d.
515 1110 521 1116 .
537 1094 594 1117 erat
607 1098 613 1116 :
631 1089 757 1126 Domine,
898 1090 961 1126 quia
976 1097 1038 1118 amo
1052 1096 1088 1119 te.
1316 1097 1377 1120 ctus
1392 1089 1464 1126 eius,
1477 1097 1504 1120 et
1518 1089 1560 1121 di-

62 1127 116 1153 me?
129 1125 248 1154 Contris-
468 1146 474 1152 .
498 1147 504 1152 .
527 1144 534 1152 .
556 1125 579 1153 is
594 1130 646 1157 est,
663 1125 710 1161 qui
746 1160 760 1161 η
898 1125 967 1154 Dicit
980 1126 1005 1153 ei
1023 1135 1028 1153 :
1044 1126 1129 1156 Pasce
1318 1129 1356 1155 xit
1373 1137 1380 1154 :
1396 1125 1523 1161 Domine,

63 1166 122 1189 tatus
131 1167 171 1190 est
182 1162 241 1199 Pe-r
466 1161 512 1188 21.
536 1181 542 1188 .
565 1181 571 1187 .
595 1180 602 1188 .
623 1160 727 1199 ᾱθιιβξέ
742 1160 818 1188 Hunc
900 1162 1085 1199 l'i._oviculas
1104 1170 1188 1190 meas.
1318 1163 1379 1199 quis
1394 1168 1453 1195 est,
1467 1165 1514 1199 qui

63 1203 119 1230 Irus,
133 1198 199 1233 quod
215 1198 256 1226 di-
467 1218 474 1224 .
497 1216 504 1223 .
527 1216 534 1224 .
558 1216 564 1223 .
589 1217 595 1223 .
618 1216 625 1223 .
649 1217 655 1223 .
676 1197 774 1233 videns
901 1197 970 1225 Dicit
984 1197 1008 1224 ei
1030 1199 1109 1226 tertio
1124 1208 1129 1225 :
1147 1198 1191 1226 Si-
1317 1197 1364 1227 2!.
1387 1197 1538 1228 tradetﬁte?
1554 1198 1632 1227 Hunc

61 1234 95 1260 xit
106 1232 230 1261 illi’tertio
242 1243 251 1260 :
467 1253 474 1260 .
497 1253 505 1259 .
528 1252 534 1259 .
557 1250 564 1258 .
587 1252 594 1259 .
616 1239 660 1269 us,
672 1232 711 1269 ait
724 1232 765 1269 ad
780 1268 784 1269 ν
900 1240 963 1260 mon
974 1233 1117 1267 Johannis,
1317 1242 1383 1269 ergo
1395 1242 1457 1262 cum
1470 1235 1512 1263 vl-

61 1270 131 1297 Amas
143 1269 265 1297 meiAit
468 1289 475 1295 .
498 1288 505 1295 .
528 1288 535 1296 .
559 1288 565 1294 .
588 1288 595 1295 .
617 1268 741 1304 Domine,
760 1268 803 1295 hic
900 1276 976 1296 amas
990 1270 1051 1296 me?
1064 1269 1136 1297 Con-
1318 1268 1405 1298 disset
1417 1271 1523 1304 Petrus,

61 1305 94 1332 illi
110 1305 217 1332 :Ontnia
229 1310 257 1332 tu
469 1324 476 1330 .
501 1324 507 1330 .
532 1325 536 1330 .
561 1323 567 1330 .
590 1323 597 1330 .
621 1324 627 1330 .
649 1303 732 1338 quid?
900 1305 1023 1332 tristatus
1036 1310 1078 1333 est
1089 1305 1140 1332 Pe—
1319 1307 1384 1333 dicit
1399 1307 1432 1333 ad
1446 1303 1538 1335 Jesum
1556 1316 1562 1333 :

61 1341 308 1373 nostiDoinine;tu
469 1360 475 1366 .
516 1360 522 1366 .
564 1360 571 1366 .
612 1359 618 1365 .
659 1359 666 1366 .
707 1360 714 1366 .
756 1359 763 1365 .
804 1358 810 1365 .
902 1344 971 1372 Irus,
988 1340 1051 1374 quia
1066 1341 1135 1368 dixit
1321 1342 1500 1375 Domine,hic

60 1377 189 1411 scisqnod
199 1384 261 1404 amo
294 1411 305 1412 ί
467 1375 516 1402 23.
537 1395 543 1402 .
567 1394 574 1401 .
598 1394 606 1402 .
629 1395 637 1401 .
659 1394 665 1401 .
689 1394 697 1402 .
720 1394 727 1402 .
748 1381 796 1401 νο·
901 1376 930 1412 ei
941 1376 1032 1412 tertio,
1048 1377 1205 1405 Amasme?
1320 1382 1411 1404 autem
1426 1378 1507 1412 quid?

61 1416 92 1439 te.
105 1412 114 1427 ³
129 1410 200 1440 Dixit
214 1412 256 1440 illi
273 1421 279 1438 :
293 1411 358 1439 Pas-
469 1411 494 1438 lo
508 1417 629 1443 manere,
901 1410 973 1438 Dicit
987 1411 1014 1438 ei
1028 1419 1035 1437 :
1053 1412 1142 1439 Etiam
1319 1412 1364 1440 22.
1383 1410 1451 1440 Dicit
1463 1413 1488 1440 ei
1503 1413 1583 1442 Iesus
1599 1421 1605 1439 :

61 1455 87 1474 ce
99 1456 158 1475 oves
172 1455 228 1475 me-
468 1446 532 1474 dum
545 1446 636 1480 venio,
902 1447 1027 1479 Domine,
1043 1451 1070 1474 tu
1085 1448 1140 1475 scis
1321 1447 1369 1477 Sic
1381 1449 1443 1475 volo
1456 1455 1517 1476 cum

62 1483 99 1511 l8.
118 1491 154 1510 as.
171 1485 271 1515 Amen,

61 1527 130 1547 amen
143 1519 203 1547 dico
218 1519 252 1546 ti-

61 1555 218 1584 bi.cumes.
243 1576 248 1582 .
273 1574 280 1582 .
300 1552 351 1581 do-

62 1590 206 1623 lescentior,

61 1626 209 1662 praecinges

61 1666 83 1690 te
95 1662 190 1698 ipsum,
207 1670 232 1690 e.
257 1683 264 1689 .
284 1677 297 1682 -

468 1482 531 1517 quid
547 1482 580 1509 ad
598 1482 645 1509 te?
660 1482 700 1510 in-

471 1518 575 1545 terdum
587 1522 617 1545 tu

469 1561 512 1581 me
526 1561 650 1588 sequere.

468 1589 513 1618 25.
534 1589 569 1616 Et
583 1590 593 1604 "
606 1589 673 1616 exiit
687 1589 730 1616 hic

469 1632 559 1656 sermo
573 1625 598 1652 in
613 1624 666 1652 l‘ra-

470 1666 536 1693 tres,
550 1660 622 1695 quod
636 1660 683 1688 ille

902 1482 1004 1515 omnia,
1022 1488 1049 1510 tu
1065 1484 1135 1510 nosti

903 1518 965 1550 quia
980 1525 1041 1545 amo
1057 1523 1094 1546 te.

903 1553 974 1581 Dicit
988 1554 1013 1581 ei
1027 1563 1033 1580 :
1047 1553 1130 1583 Pasce

903 1596 969 1616 ονθε
983 1597 1067 1617 meas.

905 1625 950 1652 18.
971 1627 1069 1659 Amen,
1084 1634 1165 1655 amen

905 1660 965 1689 dico
979 1661 1037 1696 tibi,
1049 1669 1110 1690 cum

709 1716 826 1745 CODEX
845 1716 1044 1747 BRIXIANUS.

1321 1492 1474 1516 remanere,
1489 1485 1576 1513 donec

1321 1520 1413 1551 venio,
1427 1521 1490 1555 quid
1503 1521 1537 1548 ad

1322 1554 1367 1592 te?
1387 1560 1415 1592 tu
1431 1554 1474 1583 me
1488 1563 1617 1592 sequere.

1320 1590 1367 1618 23.
1388 1589 1479 1619 Exivit
1493 1589 1558 1627 ergo
1570 1590 1613 1618 hic

1321 1635 1413 1654 sermo
1427 1627 1498 1661 apud
1511 1628 1565 1655 l‘ra—

1323 1666 1390 1696 tres,
1407 1664 1468 1699 quia
1484 1663 1566 1691 disci-

61 1788 113 1809 nem
124 1785 151 1809 et
164 1780 328 1809 benedicens
339 1778 415 1807 dedit
430 1778 480 1806 eis.
493 1780 520 1805 et
532 1778 633 1813 piscem
651 1776 784 1804 similiter.
799 1776 856 1804 Hoc

59 1817 106 1852 jam
119 1817 207 1845 tertio.
218 1815 406 1844 manifestotus
418 1819 460 1852 est
468 1813 548 1852 J_esus
556 1813 696 1848 discipulis
704 1814 770 1852 suis.
781 1818 855 1848 post-

61 1849 131 1888 quam
144 1851 292 1880 resurrexit
306 1859 320 1878 a
335 1849 543 1888 n_tortuis.~_Cum
553 1856 619 1888 ergo
633 1849 855 1888 munducnssent.

62 1884 119 1916 dicit
132 1888 236 1916 Simoni
251 1888 330 1914 Petro
344 1886 435 1913 Jesus.
452 1885 546 1912 Simon
560 1884 691 1912 Johannis
706 1884 796 1919 diligis
812 1892 856 1911 me

63 1925 114 1958 plus
128 1924 179 1952 his.
192 1924 262 1951 Dicit
274 1923 310 1950 ei.
327 1923 415 1949 Etiam
429 1921 552 1958 Domine.
566 1925 592 1947 tu
606 1921 660 1958 scis
670 1921 730 1958 quia
740 1926 806 1958 amo
820 1925 856 1947 te.

63 1955 124 1987 Dicit
146 1960 169 1987 ei
194 1959 279 1986 Pasce
301 1965 385 1993 agnos
410 1956 704 1993 meosslterrnmAdicit
721 1956 745 1993 ei
766 1955 855 1993 .lesus.

63 1995 147 2023 Simon
159 1995 300 2023 Johannis.
316 1990 407 2028 diligis
426 1999 481 2019 me.
496 1991 541 2019 Ait
560 1992 610 2019 illi.
627 1991 714 2019 Etiam
732 1990 856 2028 Domine.

64 2036 86 2058 lu
101 2032 153 2059 scis
166 2031 228 2066 quia
245 2037 307 2057 amo
323 2033 359 2056 te.
370 2027 456 2066 Dicit
468 2027 493 2055 ei
510 2028 594 2066 Pasce
612 2035 677 2054 oves
692 2035 775 2066 metis.
791 2027 860 2066 Dicit

63 2068 84 2093 ei
98 2063 182 2095 Jesus'
191 2067 282 2093 tertio.
299 2066 393 2093 Simon
415 2063 557 2091 Johannis.
575 2071 650 2090 amns
667 2071 719 2090 me.
737 2063 859 2090 Contris-

65 2107 128 2130 tatus
141 2108 182 2130 est
196 2103 290 2129 Petrus
303 2102 365 2135 quia
377 2100 446 2127 dixit
458 2100 482 2126 ei
497 2100 578 2126 tertio
589 2100 671 2126 Amas
681 2106 734 2126 me.
750 2098 783 2126 Et
794 2099 859 2126 dicit

64 2139 95 2165 ei.
116 2139 237 2165 Domine.
264 2142 291 2164 tu
314 2134 405 2163 omnia
427 2135 509 2162 nosti.
534 2139 561 2161 tu
582 2135 637 2162 scis
652 2134 713 2169 quia
738 2142 799 2161 amo
820 2139 857 2162 te.

65 2173 127 2203 Dicit
149 2175 173 2202 ei
193 2173 282 2201 Jesus.
305 2172 389 2200 Pasce
410 2178 475 2199 oves
491 2178 575 2198 mens.
592 2171 681 2198 Amen
702 2177 780 2198 amen
798 2170 859 2198 dico

911 1778 969 1805 tibi.
984 1787 1045 1806 cum
1059 1786 1135 1807 esses
1144 1779 1263 1815 jubenis.
1278 1780 1406 1815 cingebas
1420 1784 1446 1807 te
1462 1780 1560 1814 ipsum.
1577 1783 1605 1806 et
1615 1777 1707 1815 amhu-

908 1814 982 1841 labas
1002 1815 1047 1841 ubi
1074 1813 1193 1843 volelias.
1220 1824 1280 1844 cum
1305 1813 1395 1843 autem
1420 1813 1552 1843 senueris.
1576 1813 1709 1842 extendes

909 1857 1005 1886 manus
1024 1856 1092 1878 Iuns.
1110 1855 1138 1878 et
1150 1851 1220 1879 alios
1239 1855 1265 1879 te
1280 1852 1380 1886 cinget.
1399 1856 1426 1878 et
1439 1851 1521 1878 ducet
1539 1858 1592 1885 quo
1607 1855 1634 1876 ιιι
1656 1856 1710 1876 non

909 1886 959 1912 vis.
978 1885 1034 1912 lloc
1047 1891 1137 1914 autem
1149 1886 1227 1914 dixit.
1240 1885 1405 1922 signiﬁcans.
1418 1895 1468 1921 qua
1481 1891 1568 1913 morte
1579 1885 1709 1922 clarilica-

910 1925 986 1948 turus
1008 1926 1083 1948 esset
1107 1922 1202 1950 Deum.
1228 1920 1333 1950 Et‘hoc
1357 1920 1570 1950 cum’dixissel.
1597 1922 1633 1947 ait
1660 1920 1709 1947 illi.

911 1957 1031 1991 Sequere
1056 1965 1108 1986 me.
1135 1957 1288 1985 Conversus
1310 1962 1400 1985 autent
1423 1958 1521 1985 Petrus
1545 1956 1610 1983 \idit
1634 1956 1710 1982 illum

911 1991 1073 2025 discipulum
1086 2000 1167 2027 quem
1181 1993 1311 2028 diligebat
1326 1991 1414 2025 Jesus,
1431 1997 1611 2028 sequentem:
1622 1991 1711 2028 quiret

912 2028 1035 2055 recubuit
1049 2029 1074 2056 in
1086 2036 1162 2056 cena.
1176 2027 1265 2063 Super
1276 2034 1367 2064 pectus
1381 2028 1456 2055 Jesu.
1469 2033 1495 2055 et
1507 2028 1583 2055 dixit.
1600 2027 1713 2064 Domine

911 2064 972 2098 quis
996 2069 1036 2091 est
1055 2065 1100 2099 qui
1118 2064 1229 2091 tradidit
1248 2063 1283 2091 to.
1302 2065 1377 2092 llunc
1393 2069 1502 2099 ergout
1519 2063 1589 2090 vidit
1608 2063 1713 2089 Petrus.

912 2100 979 2126 dixit
991 2100 1024 2126 ad
1035 2099 1127 2128 Iesum
1140 2100 1253 2128 Domine
1266 2100 1310 2128 hic
1320 2105 1409 2127 autem
1422 2100 1497 2135 quid.
1510 2099 1578 2126 Dicit
1589 2100 1612 2126 ei
1624 2099 1715 2126 Jesus.

909 2136 937 2163 Si
952 2143 1014 2163 eum
1029 2137 1092 2164 volo
1106 2144 1217 2164 manere
1229 2136 1316 2164 donec
1327 2136 1442 2163 Veniam.
1456 2136 1519 2171 quid
1532 2135 1565 2162 ad
1577 2139 1613 2162 te.
1628 2139 1657 2171 tu
1671 2141 1713 2171 se—

914 2179 997 2206 quere
1012 2179 1067 2200 me.
1082 2172 1115 2200 Et
1126 2172 1210 2200 exivit
1224 2173 1267 2200 hic
1283 2179 1373 2200 sermo
1387 2172 1420 2199 ad
1430 2170 1539 2200 fratres.
1555 2171 1619 2206 quia
1634 2170 1715 2198 disci-

699 2230 815 2258 CODEX
833 2230 1069 2261 CORBEIENSIS.

97 2295 137 2323 l5.
163 2294 274 2327 Omittit,
290 2293 349 2328 plus
364 2291 424 2319 his?

96 2332 137 2359 46.
159 2332 220 2364 quia
236 2325 318 2367 diligo
334 2332 369 2355 te.
392 2346 400 2367 ._
423 2346 430 2354 .
447 2327 458 2342 ‘
471 2333 536 2367 oves
549 2325 668 2367 πιθηκι-
713 2361 719 2367 ⁸

97 2368 138 2395 l7.
163 2363 313 2399 Domine,"
328 2364 419 2391 omnia
434 2368 461 2390 tu
473 2363 537 2395 scis,
550 2366 578 2389 tu
593 2363 737 2399 nostiqnia
748 2368 808 2388 amo
822 2364 859 2388 te.

99 2404 140 2431 l8.
162 2408 224 2430 cum
250 2397 326 2429 esses
352 2399 493 2435 iuvenior,
523 2397 716 2433 praecingebas
744 2402 805 2424 te...
836 2401 862 2425 le

68 2440 229 2474 praecingat.

97 2475 140 2503 εο.
163 2469 243 2511 quem
268 2471 398 2508 diligebat
419 2470 509 2504 Jesus,
535 2474 564 2497 et
584 2469 629 2505 qui
650 2469 819 2497 recubuit....
836 2472 864 2496 et

914 2290 1020 2318 dixerat
1034 2291 1058 2318 ei
1072 2300 1078 2318 :
1095 2291 1218 2323 Domine,
1234 2291 1279 2326 qui
1291 2295 1344 2324 est,
1360 2291 1405 2325 qui
1422 2289 1510 2317 tradet
1525 2290 1571 2316 te?

949 2326 1008 2381 22.9
1016 2326 1045 2354 Si
1060 2327 1099 2355 sic
1120 2327 1183 2354 volo
1198 2323 1258 2354 eum
1276 2323 1398 2359 manere,
1411 2326 1422 2342 ⁸
1437 2326 1524 2353 donec
1539 2324 1629 2358 venio,
1652 2323 1718 2359 quid

964 2366 990 2381 In

997 2362 1008 2381 ν

914 2362 1028 2426 mg.“
1042 2398 1087 2426 Sic
1101 2406 1190 2426 sermo
1207 2397 1278 2433 apud
1300 2397 1432 2425 fratres...
1452 2395 1500 2425 sed
1526 2396 1587 2423 volo
1607 2402 1718 2423 manere

915 2442 989 2469 eum,
1007 2435 1029 2450 “‘
1041 2435 1128 2462 donec
1141 2435 1259 2467 veniam,
1276 2433 1340 2470 quid
1354 2433 1387 2461 ad
1400 2433 1448 2461 te?

686 2530 884 2560 VARIANTES
904 2529 1108 2558 LECTIONES.

98 2594 106 2609 ¹
124 2593 179 2618 Gal.
192 2590 357 2617 manilestavit
369 2596 398 2616 se
411 2589 486 2614 Jesus
495 2594 550 2613 cum
562 2588 697 2620 discipulis.
720 2589 778 2613 Mm.
789 2590 867 2613 mani-

71 2625 168 2649 !estatus
178 2627 217 2648 est
228 2630 283 2648 cum
295 2621 428 2654 discipulis.
451 2620 525 2653 Vulg.
545 2619 717 2645 manifestatus
736 2623 774 2645 est
794 2619 868 2645 Jcsus
921 2626 961 2654 m_e
980 2625 1100 2654 sequere.
1123 2619 1196 2651 Vulg.
1218 2619 1285 2645 lixiit
1304 2624 1414 2651 (ξι-κου...

70 2656 199 2686 discipulis.

99 2688 109 2703 ²
124 2682 179 2712 Cat.
192 2689 215 2711 ιι
226 2687 285 2711 Mm.
298 2684 384 2709 Atille
396 2685 447 2709 ait:
460 2682 568 2709 Etiam...
584 2682 648 2708 Dicit
658 2683 682 2708 ei
694 2683 777 2708 Jesus.
793 2682 867 2716 Vulg.

76 2718 136 2743 Dicit
144 2719 180 2743 ei:
191 2716 381 2743 Etiam...Dixit
393 2716 426 2740 ei.

102 2751 111 2766 ³
127 2751 182 2775 ϐαι.
195 2752 218 2774 et
228 2749 286 2773 Mm.
300 2748 365 2772 Dicit
378 2749 402 2772 ei
416 2754 423 2770 ε
435 2747 513 2772 Pasce
532 2752 609 2777 agnos
620 2752 698 2771 meos.
716 2746 788 2778 Vulg.
801 2745 871 2771 Dixit

75 2782 95 2806 ei
108 2788 113 2805 2
125 2781 201 2805 Pasce
214 2786 274 2804 oves
285 2786 363 2804 meas.

104 2813 112 2828 ‘
130 2813 183 2838 Gal.
198 2814 266 2836 esset
276 2810 417 2836 Dominum.
430 2810 504 2842 Vulg.
518 2812 586 2835 esset
596 2808 686 2834 Deum.

952 2589 962 2604 ⁸
980 2589 1034 2613 Gal.
1055 2587 1138 2613 Exivit
1160 2594 1272 2619 ergo.....
1293 2593 1343 2612 non
1354 2588 1518 2613 moriretnr...
1529 2588 1587 2619 quid
1600 2588 1630 2613 ad
1643 2587 1686 2613 te?
1697 2590 1725 2613 tu

1434 2625 1482 2644 non
1501 2620 1646 2645 meritum...
1665 2620 1724 2651 quid

920 2651 951 2676 ad
961 2650 1005 2676 te?

954 2682 965 2698 ⁸
982 2682 1013 2707 Et
1024 2681 1059 2707 ita
1070 2681 1125 2707 Gal.
1138 2686 1161 2708 et
1171 2683 1228 2707 Mm.

955 2714 964 2728 ⁷
983 2714 1037 2739 Gal.
1047 2717 1070 2739 et
1080 2715 1139 2739 Mm.
1151 2717 1178 2738 tu
1190 2714 1271 2738 omnia
1281 2713 1330 2738 scis
1341 2713 1397 2745 quia
1406 2718 1462 2738 amo
1472 2716 1506 2738 te.

954 2745 965 2761 ⁸
983 2747 1037 2771 Gul.
1049 2746 1128 2770 donec.
1138 2747 1219 2770 venio.

954 2776 965 2792 '
983 2778 1036 2802 σαι.
1047 2777 1087 2801 hic
1097 2783 1190 2801 sermo.

957 2809 979 2824 ¹ο
997 2810 1051 2834 Gal.
1064 2809 1143 2834 donec
1153 2807 1234 2833 venio.

754 2871 938 2901 BLANCHINI
957 2869 1073 2901 NOTAE.

110 2935 148 2972 (ιι)
162 2935 203 2964 Ita
224 2939 252 2964 et
273 2935 336 2964 cod.
357 2933 436 2964 Cant.
451 2933 581 2975 πρόϐατα.
