  <div class='ocr_page' id='page_1' title='image "/cluster/home/n/w/nwhite01/storage/ocr_20150623/12/hvd.32044015471980/260.png"; bbox 0 0 3874 6326; ppageno 0'>
   <div class='ocr_carea' id='block_1_1' title="bbox 1202 255 2348 319">
    <p class='ocr_par' dir='ltr' id='par_1_1' title="bbox 1202 255 2348 319">
     <span class='ocr_line' id='line_1_1' title="bbox 1202 255 2348 319; baseline 0.003 -6"><span class='ocrx_word' id='word_1_1' title='bbox 1202 255 1649 315; x_wconf 81' lang='lat' dir='ltr'><strong>EVANGELIUM</strong></span> <span class='ocrx_word' id='word_1_2' title='bbox 1686 258 2057 317; x_wconf 81' lang='lat' dir='ltr'><strong>SECUNDUM</strong></span> <span class='ocrx_word' id='word_1_3' title='bbox 2097 260 2348 319; x_wconf 80' lang='lat' dir='ltr'><strong>LUCAM.</strong></span> 
     </span>
    </p>
   </div>
   <div class='ocr_carea' id='block_1_2' title="bbox 3329 264 3434 323">
    <p class='ocr_par' dir='ltr' id='par_1_2' title="bbox 3329 264 3434 323">
     <span class='ocr_line' id='line_1_2' title="bbox 3329 264 3434 323; baseline 0.019 -2"><span class='ocrx_word' id='word_1_4' title='bbox 3329 264 3434 323; x_wconf 67' lang='grc'><strong>102</strong></span> 
     </span>
    </p>
   </div>
   <div class='ocr_carea' id='block_1_3' title="bbox 493 378 3064 477">
    <p class='ocr_par' dir='ltr' id='par_1_3' title="bbox 493 378 3064 477">
     <span class='ocr_line' id='line_1_3' title="bbox 493 378 3064 477; baseline 0.003 -13"><span class='ocrx_word' id='word_1_5' title='bbox 493 378 926 465; x_wconf 87' lang='lat' dir='ltr'><strong>INCIPIT</strong></span> <span class='ocrx_word' id='word_1_6' title='bbox 1001 380 1797 471; x_wconf 86' lang='lat' dir='ltr'><strong>EVANGELIUM</strong></span> <span class='ocrx_word' id='word_1_7' title='bbox 1871 385 2541 475; x_wconf 87' lang='lat' dir='ltr'><strong>SECUNDUM</strong></span> <span class='ocrx_word' id='word_1_8' title='bbox 2613 390 3064 477; x_wconf 84' lang='lat' dir='ltr'><strong>LUCAM.</strong></span> 
     </span>
    </p>
   </div>
   <div class='ocr_carea' id='block_1_4' title="bbox 520 541 1329 604">
    <p class='ocr_par' dir='ltr' id='par_1_4' title="bbox 520 541 1329 604">
     <span class='ocr_line' id='line_1_4' title="bbox 520 541 1329 604; baseline 0.002 -7"><span class='ocrx_word' id='word_1_9' title='bbox 520 541 752 598; x_wconf 75' lang='lat' dir='ltr'><strong>CODEX</strong></span> <span class='ocrx_word' id='word_1_10' title='bbox 797 543 1329 604; x_wconf 79' lang='lat' dir='ltr'><strong>VERCELLENSIS.</strong></span> 
     </span>
    </p>
   </div>
   <div class='ocr_carea' id='block_1_5' title="bbox 248 656 790 716">
    <p class='ocr_par' dir='ltr' id='par_1_5' title="bbox 248 656 790 716">
     <span class='ocr_line' id='line_1_5' title="bbox 248 656 790 716; baseline 0.002 -2"><span class='ocrx_word' id='word_1_11' title='bbox 248 656 458 715; x_wconf 78' lang='lat' dir='ltr'><strong>CAPUT</strong></span> <span class='ocrx_word' id='word_1_12' title='bbox 498 657 790 716; x_wconf 71' lang='lat' dir='ltr'><strong>PRIMUM.</strong></span> 
     </span>
    </p>
   </div>
   <div class='ocr_carea' id='block_1_6' title="bbox 226 774 682 849">
    <p class='ocr_par' dir='ltr' id='par_1_6' title="bbox 226 774 682 849">
     <span class='ocr_line' id='line_1_6' title="bbox 226 774 682 849; baseline 0.009 -21"><span class='ocrx_word' id='word_1_13' title='bbox 226 774 533 849; x_wconf 74' lang='lat' dir='ltr'><strong>LQuqniam</strong></span> <span class='ocrx_word' id='word_1_14' title='bbox 562 776 682 849; x_wconf 79' lang='lat' dir='ltr'><strong>qui-</strong></span> 
     </span>
    </p>
   </div>
   <div class='ocr_carea' id='block_1_7' title="bbox 158 846 439 901">
    <p class='ocr_par' dir='ltr' id='par_1_7' title="bbox 158 846 439 901">
     <span class='ocr_line' id='line_1_7' title="bbox 158 846 439 901; baseline -0.004 0"><span class='ocrx_word' id='word_1_15' title='bbox 158 846 267 901; x_wconf 85' lang='lat' dir='ltr'><strong>dem</strong></span> <span class='ocrx_word' id='word_1_16' title='bbox 293 846 439 901; x_wconf 82' lang='lat' dir='ltr'><strong>inulti</strong></span> 
     </span>
    </p>
   </div>
   <div class='ocr_carea' id='block_1_8' title="bbox 160 916 817 990">
    <p class='ocr_par' dir='ltr' id='par_1_8' title="bbox 160 916 817 990">
     <span class='ocr_line' id='line_1_8' title="bbox 160 916 817 990; baseline 0.005 -18"><span class='ocrx_word' id='word_1_17' title='bbox 160 916 437 990; x_wconf 84' lang='lat' dir='ltr'><strong>(a)tetn..</strong></span> <span class='ocrx_word' id='word_1_18' title='bbox 520 956 536 972; x_wconf 95' lang='lat'><strong>.</strong></span> <span class='ocrx_word' id='word_1_19' title='bbox 610 960 626 975; x_wconf 93' lang='lat'><strong>.</strong></span> <span class='ocrx_word' id='word_1_20' title='bbox 709 960 817 975; x_wconf 95' lang='lat'><strong>..</strong></span> 
     </span>
    </p>
   </div>
   <div class='ocr_carea' id='block_1_9' title="bbox 969 677 1653 695">
    <p class='ocr_par' dir='ltr' id='par_1_9' title="bbox 969 677 1653 695">
     <span class='ocr_line' id='line_1_9' title="bbox 969 677 1653 695; baseline 0.001 -1"><span class='ocrx_word' id='word_1_21' title='bbox 969 677 987 694; x_wconf 75' lang='grc' dir='ltr'><strong>ο</strong></span> <span class='ocrx_word' id='word_1_22' title='bbox 1068 679 1081 693; x_wconf 99' lang='lat'><strong>0</strong></span> <span class='ocrx_word' id='word_1_23' title='bbox 1164 678 1177 693; x_wconf 82' lang='lat'><strong>0</strong></span> <span class='ocrx_word' id='word_1_24' title='bbox 1260 680 1273 692; x_wconf 85' lang='lat'><strong>0</strong></span> <span class='ocrx_word' id='word_1_25' title='bbox 1357 681 1369 691; x_wconf 77' lang='grc' dir='ltr'>ι</span> <span class='ocrx_word' id='word_1_26' title='bbox 1452 684 1464 695; x_wconf 74' lang='grc' dir='ltr'><strong><em>ο</em></strong></span> <span class='ocrx_word' id='word_1_27' title='bbox 1546 678 1561 694; x_wconf 77' lang='grc' dir='ltr'><strong><em>ο</em></strong></span> <span class='ocrx_word' id='word_1_28' title='bbox 1640 681 1653 695; x_wconf 88' lang='lat'><strong>0</strong></span> 
     </span>
    </p>
   </div>
   <div class='ocr_carea' id='block_1_10' title="bbox 972 893 1653 910">
    <p class='ocr_par' dir='ltr' id='par_1_10' title="bbox 972 893 1653 910">
     <span class='ocr_line' id='line_1_10' title="bbox 972 893 1653 910; baseline 0.003 -2"><span class='ocrx_word' id='word_1_29' title='bbox 972 895 985 908; x_wconf 76' lang='grc' dir='ltr'><strong>ο</strong></span> <span class='ocrx_word' id='word_1_30' title='bbox 1068 895 1080 907; x_wconf 78' lang='grc' dir='ltr'><strong><em>ο</em></strong></span> <span class='ocrx_word' id='word_1_31' title='bbox 1163 896 1177 910; x_wconf 77' lang='grc' dir='ltr'><strong>ο</strong></span> <span class='ocrx_word' id='word_1_32' title='bbox 1258 896 1271 908; x_wconf 82' lang='lat'><strong>0</strong></span> <span class='ocrx_word' id='word_1_33' title='bbox 1353 894 1367 909; x_wconf 82' lang='lat'><strong>0</strong></span> <span class='ocrx_word' id='word_1_34' title='bbox 1450 895 1462 907; x_wconf 84' lang='lat'><strong>0</strong></span> <span class='ocrx_word' id='word_1_35' title='bbox 1546 893 1559 909; x_wconf 73' lang='grc' dir='ltr'>Ο</span> <span class='ocrx_word' id='word_1_36' title='bbox 1641 896 1653 910; x_wconf 85' lang='lat'><strong>0</strong></span> 
     </span>
    </p>
   </div>
   <div class='ocr_carea' id='block_1_11' title="bbox 969 924 1507 997">
    <p class='ocr_par' dir='ltr' id='par_1_11' title="bbox 969 924 1507 997">
     <span class='ocr_line' id='line_1_11' title="bbox 969 924 1507 997; baseline 0.007 -19"><span class='ocrx_word' id='word_1_37' title='bbox 969 927 1023 997; x_wconf 84' lang='lat'><strong>6.</strong></span> <span class='ocrx_word' id='word_1_38' title='bbox 1064 924 1207 980; x_wconf 88' lang='lat' dir='ltr'><strong>datis</strong></span> <span class='ocrx_word' id='word_1_39' title='bbox 1223 967 1239 992; x_wconf 87' lang='lat'><strong>,</strong></span> <span class='ocrx_word' id='word_1_40' title='bbox 1268 935 1324 982; x_wconf 88' lang='lat' dir='ltr'><strong>et</strong></span> <span class='ocrx_word' id='word_1_41' title='bbox 1344 926 1507 997; x_wconf 88' lang='lat' dir='ltr'><strong>justi-</strong></span> 
     </span>
    </p>
   </div>
   <div class='ocr_carea' id='block_1_12' title="bbox 967 996 1309 1054">
    <p class='ocr_par' dir='ltr' id='par_1_12' title="bbox 967 996 1309 1054">
     <span class='ocr_line' id='line_1_12' title="bbox 967 996 1309 1054; baseline 0.006 -3"><span class='ocrx_word' id='word_1_42' title='bbox 967 996 1309 1054; x_wconf 84' lang='lat' dir='ltr'><strong>ﬁcationibus</strong></span> 
     </span>
    </p>
   </div>
   <div class='ocr_carea' id='block_1_13' title="bbox 966 1069 1204 1125">
    <p class='ocr_par' dir='ltr' id='par_1_13' title="bbox 966 1069 1204 1125">
     <span class='ocr_line' id='line_1_13' title="bbox 966 1069 1204 1125; baseline -0.004 -1"><span class='ocrx_word' id='word_1_43' title='bbox 966 1069 1204 1125; x_wconf 85' lang='lat' dir='ltr'><strong>Domini.</strong></span> 
     </span>
    </p>
   </div>
   <div class='ocr_carea' id='block_1_14' title="bbox 146 2463 1647 2556">
    <p class='ocr_par' dir='ltr' id='par_1_14' title="bbox 146 2467 1647 2556">
     <span class='ocr_line' id='line_1_14' title="bbox 146 2467 1647 2556; baseline 0.004 -8"><span class='ocrx_word' id='word_1_44' title='bbox 146 2495 632 2552; x_wconf 79' lang='lat' dir='ltr'><strong>l.noscaseorum</strong></span> <span class='ocrx_word' id='word_1_45' title='bbox 1057 2540 1068 2552; x_wconf 96' lang='lat'><strong>.</strong></span> 
     </span>
    </p>
   </div>
   <div class='ocr_carea' id='block_1_15' title="bbox 146 2577 1647 2629">
    <p class='ocr_par' dir='ltr' id='par_1_15' title="bbox 146 2577 1647 2629">
     <span class='ocr_line' id='line_1_15' title="bbox 146 2577 1647 2629; baseline 0.006 -9"><span class='ocrx_word' id='word_1_46' title='bbox 146 2577 433 2623; x_wconf 84' lang='lat' dir='ltr'><strong>sermonum</strong></span> <span class='ocrx_word' id='word_1_47' title='bbox 959 2608 1647 2629; x_wconf 80' lang='grc'><strong>........</strong></span> 
     </span>
    </p>
   </div>
   <div class='ocr_carea' id='block_1_16' title="bbox 148 2638 1402 2713">
    <p class='ocr_par' dir='ltr' id='par_1_16' title="bbox 148 2638 1402 2713">
     <span class='ocr_line' id='line_1_16' title="bbox 148 2638 1402 2713; baseline 0.004 -20"><span class='ocrx_word' id='word_1_48' title='bbox 148 2674 161 2693; x_wconf 92' lang='grc'><strong>.</strong></span> <span class='ocrx_word' id='word_1_49' title='bbox 196 2678 209 2693; x_wconf 93' lang='grc'><strong>.</strong></span> <span class='ocrx_word' id='word_1_50' title='bbox 250 2678 261 2693; x_wconf 93' lang='grc'><strong>.</strong></span> <span class='ocrx_word' id='word_1_51' title='bbox 309 2680 324 2694; x_wconf 92' lang='grc'><strong>.</strong></span> <span class='ocrx_word' id='word_1_52' title='bbox 368 2680 381 2693; x_wconf 95' lang='grc'><strong>.</strong></span> <span class='ocrx_word' id='word_1_53' title='bbox 427 2680 443 2694; x_wconf 94' lang='grc'><strong>.</strong></span> <span class='ocrx_word' id='word_1_54' title='bbox 475 2638 600 2695; x_wconf 89' lang='lat' dir='ltr'><strong>ibus</strong></span> <span class='ocrx_word' id='word_1_55' title='bbox 955 2641 1011 2697; x_wconf 89' lang='lat'><strong>9.</strong></span> <span class='ocrx_word' id='word_1_56' title='bbox 1051 2655 1281 2701; x_wconf 86' lang='lat' dir='ltr'><strong>censum</strong></span> <span class='ocrx_word' id='word_1_57' title='bbox 1304 2656 1402 2713; x_wconf 88' lang='lat' dir='ltr'><strong>po-</strong></span> 
     </span>
    </p>
   </div>
   <div class='ocr_carea' id='block_1_17' title="bbox 369 2714 1349 2785">
    <p class='ocr_par' dir='ltr' id='par_1_17' title="bbox 369 2714 1349 2785">
     <span class='ocr_line' id='line_1_17' title="bbox 369 2714 1349 2785; baseline 0.002 -18"><span class='ocrx_word' id='word_1_58' title='bbox 369 2752 383 2767; x_wconf 95' lang='lat'><strong>.</strong></span> <span class='ocrx_word' id='word_1_59' title='bbox 432 2719 557 2767; x_wconf 89' lang='lat' dir='ltr'><strong>.tu.</strong></span> <span class='ocrx_word' id='word_1_60' title='bbox 606 2751 619 2763; x_wconf 94' lang='lat'><strong>.</strong></span> <span class='ocrx_word' id='word_1_61' title='bbox 954 2714 1349 2785; x_wconf 79' lang='lat' dir='ltr'><strong>neretingres-</strong></span> 
     </span>
    </p>
   </div>
   <div class='ocr_carea' id='block_1_18' title="bbox 958 2795 1565 2842">
    <p class='ocr_par' dir='ltr' id='par_1_18' title="bbox 958 2795 1565 2842">
     <span class='ocr_line' id='line_1_18' title="bbox 958 2795 1565 2842; baseline 0 -1"><span class='ocrx_word' id='word_1_62' title='bbox 958 2795 1565 2842; x_wconf 88' lang='lat' dir='ltr'><strong>........tem-</strong></span> 
     </span>
    </p>
   </div>
   <div class='ocr_carea' id='block_1_19' title="bbox 965 3252 1647 3274">
    <p class='ocr_par' dir='ltr' id='par_1_19' title="bbox 965 3252 1647 3274">
     <span class='ocr_line' id='line_1_19' title="bbox 965 3252 1647 3274; baseline 0.003 -6"><span class='ocrx_word' id='word_1_63' title='bbox 965 3254 978 3268; x_wconf 74' lang='grc' dir='ltr'><strong><em>ο</em></strong></span> <span class='ocrx_word' id='word_1_64' title='bbox 1058 3252 1073 3268; x_wconf 75' lang='grc' dir='ltr'><strong>ο</strong></span> <span class='ocrx_word' id='word_1_65' title='bbox 1154 3253 1169 3269; x_wconf 80' lang='grc' dir='ltr'><strong><em>ο</em></strong></span> <span class='ocrx_word' id='word_1_66' title='bbox 1250 3256 1263 3268; x_wconf 77' lang='grc' dir='ltr'><strong>ο</strong></span> <span class='ocrx_word' id='word_1_67' title='bbox 1346 3256 1359 3269; x_wconf 77' lang='lat'><strong>0</strong></span> <span class='ocrx_word' id='word_1_68' title='bbox 1440 3257 1456 3274; x_wconf 76' lang='grc' dir='ltr'><strong><em>ο</em></strong></span> <span class='ocrx_word' id='word_1_69' title='bbox 1538 3255 1553 3270; x_wconf 75' lang='grc' dir='ltr'><strong><em>ο</em></strong></span> <span class='ocrx_word' id='word_1_70' title='bbox 1634 3254 1647 3267; x_wconf 77' lang='grc' dir='ltr'><strong><em>ο</em></strong></span> 
     </span>
    </p>
   </div>
   <div class='ocr_carea' id='block_1_20' title="bbox 964 3326 1648 3344">
    <p class='ocr_par' dir='ltr' id='par_1_20' title="bbox 964 3326 1648 3344">
     <span class='ocr_line' id='line_1_20' title="bbox 964 3326 1648 3344; baseline 0.009 -5"><span class='ocrx_word' id='word_1_71' title='bbox 964 3326 976 3339; x_wconf 68' lang='grc' dir='ltr'>ι</span> <span class='ocrx_word' id='word_1_72' title='bbox 1058 3326 1073 3341; x_wconf 75' lang='grc' dir='ltr'><strong><em>ο</em></strong></span> <span class='ocrx_word' id='word_1_73' title='bbox 1153 3326 1168 3341; x_wconf 66' lang='grc' dir='ltr'>ι</span> <span class='ocrx_word' id='word_1_74' title='bbox 1252 3326 1265 3341; x_wconf 68' lang='grc' dir='ltr'><strong>ο</strong></span> <span class='ocrx_word' id='word_1_75' title='bbox 1348 3329 1361 3343; x_wconf 82' lang='lat'><strong>0</strong></span> <span class='ocrx_word' id='word_1_76' title='bbox 1445 3327 1458 3342; x_wconf 89' lang='lat'><strong>0</strong></span> <span class='ocrx_word' id='word_1_77' title='bbox 1540 3330 1554 3344; x_wconf 76' lang='grc' dir='ltr'><strong><em>ο</em></strong></span> <span class='ocrx_word' id='word_1_78' title='bbox 1633 3326 1648 3342; x_wconf 73' lang='grc' dir='ltr'><strong>ο</strong></span> 
     </span>
    </p>
   </div>
   <div class='ocr_carea' id='block_1_21' title="bbox 965 3825 1646 3843">
    <p class='ocr_par' dir='ltr' id='par_1_21' title="bbox 965 3825 1646 3843">
     <span class='ocr_line' id='line_1_21' title="bbox 965 3825 1646 3843; baseline 0.009 -6"><span class='ocrx_word' id='word_1_79' title='bbox 965 3827 974 3837; x_wconf 78' lang='grc' dir='ltr'><strong><em>ο</em></strong></span> <span class='ocrx_word' id='word_1_80' title='bbox 1054 3827 1070 3843; x_wconf 72' lang='grc' dir='ltr'><strong>ο</strong></span> <span class='ocrx_word' id='word_1_81' title='bbox 1154 3828 1165 3840; x_wconf 91' lang='lat'><strong>0</strong></span> <span class='ocrx_word' id='word_1_82' title='bbox 1248 3830 1260 3843; x_wconf 74' lang='grc' dir='ltr'><strong><em>ο</em></strong></span> <span class='ocrx_word' id='word_1_83' title='bbox 1342 3826 1358 3841; x_wconf 78' lang='grc' dir='ltr'><strong>ο</strong></span> <span class='ocrx_word' id='word_1_84' title='bbox 1440 3825 1453 3841; x_wconf 79' lang='grc' dir='ltr'><strong>ο</strong></span> <span class='ocrx_word' id='word_1_85' title='bbox 1535 3830 1547 3842; x_wconf 72' lang='grc' dir='ltr'><strong>ο</strong></span> <span class='ocrx_word' id='word_1_86' title='bbox 1634 3830 1646 3843; x_wconf 90' lang='lat'><strong>0</strong></span> 
     </span>
    </p>
   </div>
   <div class='ocr_carea' id='block_1_22' title="bbox 2258 550 2982 611">
    <p class='ocr_par' dir='ltr' id='par_1_22' title="bbox 2258 550 2982 611">
     <span class='ocr_line' id='line_1_22' title="bbox 2258 550 2982 611; baseline 0.003 -4"><span class='ocrx_word' id='word_1_87' title='bbox 2258 550 2491 607; x_wconf 81' lang='lat' dir='ltr'><strong>CODEX</strong></span> <span class='ocrx_word' id='word_1_88' title='bbox 2530 552 2982 611; x_wconf 81' lang='lat' dir='ltr'><strong>VERONENSIS.</strong></span> 
     </span>
    </p>
   </div>
   <div class='ocr_carea' id='block_1_23' title="bbox 1857 641 2995 725">
    <p class='ocr_par' dir='ltr' id='par_1_23' title="bbox 1857 641 2995 725">
     <span class='ocr_line' id='line_1_23' title="bbox 1857 641 2995 725; baseline 0.004 -3"><span class='ocrx_word' id='word_1_89' title='bbox 1857 641 1861 644; x_wconf 71' lang='grc'><em>’</em></span> <span class='ocrx_word' id='word_1_90' title='bbox 1926 665 2159 724; x_wconf 85' lang='lat' dir='ltr'><strong>CAPUT</strong></span> <span class='ocrx_word' id='word_1_91' title='bbox 2195 666 2485 725; x_wconf 78' lang='lat' dir='ltr'><strong>PRIMUM.</strong></span> <span class='ocrx_word' id='word_1_92' title='bbox 2665 649 2995 725; x_wconf 49' lang='lat' dir='ltr'><strong>instigame</strong></span> 
     </span>
    </p>
   </div>
   <div class='ocr_carea' id='block_1_24' title="bbox 2668 720 3141 789">
    <p class='ocr_par' dir='ltr' id='par_1_24' title="bbox 2668 720 3141 789">
     <span class='ocr_line' id='line_1_24' title="bbox 2668 720 3141 789; baseline 0 -14"><span class='ocrx_word' id='word_1_93' title='bbox 2668 732 2798 775; x_wconf 87' lang='lat' dir='ltr'><strong>ante</strong></span> <span class='ocrx_word' id='word_1_94' title='bbox 2828 720 3141 789; x_wconf 84' lang='lat' dir='ltr'><strong>Dominum,</strong></span> 
     </span>
    </p>
   </div>
   <div class='ocr_carea' id='block_1_25' title="bbox 1904 783 3071 855">
    <p class='ocr_par' dir='ltr' id='par_1_25' title="bbox 1904 783 3071 855">
     <span class='ocr_line' id='line_1_25' title="bbox 1904 783 3071 855; baseline 0.008 -18"><span class='ocrx_word' id='word_1_95' title='bbox 1904 783 1956 837; x_wconf 78' lang='grc'><strong>1.</strong></span> <span class='ocrx_word' id='word_1_96' title='bbox 1997 784 2264 849; x_wconf 87' lang='lat' dir='ltr'><strong>Quoniam</strong></span> <span class='ocrx_word' id='word_1_97' title='bbox 2297 784 2420 855; x_wconf 87' lang='lat' dir='ltr'><strong>qui-</strong></span> <span class='ocrx_word' id='word_1_98' title='bbox 2669 792 2991 847; x_wconf 77' lang='lat' dir='ltr'><strong>incedentes</strong></span> <span class='ocrx_word' id='word_1_99' title='bbox 3016 792 3071 846; x_wconf 89' lang='lat' dir='ltr'><strong>in</strong></span> 
     </span>
    </p>
   </div>
   <div class='ocr_carea' id='block_1_26' title="bbox 1829 852 2141 910">
    <p class='ocr_par' dir='ltr' id='par_1_26' title="bbox 1829 852 2141 910">
     <span class='ocr_line' id='line_1_26' title="bbox 1829 852 2141 910; baseline 0.006 -2"><span class='ocrx_word' id='word_1_100' title='bbox 1829 852 1957 909; x_wconf 90' lang='lat' dir='ltr'><strong>dem</strong></span> <span class='ocrx_word' id='word_1_101' title='bbox 1983 855 2141 910; x_wconf 89' lang='lat' dir='ltr'><strong>multi</strong></span> 
     </span>
    </p>
   </div>
   <div class='ocr_carea' id='block_1_27' title="bbox 2000 864 3103 937">
    <p class='ocr_par' dir='ltr' id='par_1_27' title="bbox 2000 864 3103 937">
     <span class='ocr_line' id='line_1_27' title="bbox 2000 864 3103 937; baseline 0.012 -30"><span class='ocrx_word' id='word_1_102' title='bbox 2000 864 2159 937; x_wconf 77' lang='lat' dir='ltr'><strong>nutti</strong></span> <span class='ocrx_word' id='word_1_103' title='bbox 2667 864 2922 937; x_wconf 77' lang='lat' dir='ltr'><strong>omnibus</strong></span> <span class='ocrx_word' id='word_1_104' title='bbox 2936 878 3103 937; x_wconf 24' lang='lat' dir='ltr'><strong>Aman-</strong></span> 
     </span>
    </p>
   </div>
   <div class='ocr_carea' id='block_1_28' title="bbox 1830 935 2167 981">
    <p class='ocr_par' dir='ltr' id='par_1_28' title="bbox 1830 935 2167 981">
     <span class='ocr_line' id='line_1_28' title="bbox 1830 935 2167 981; baseline 0.003 -1"><span class='ocrx_word' id='word_1_105' title='bbox 1830 935 2011 980; x_wconf 87' lang='lat' dir='ltr'><strong>conati</strong></span> <span class='ocrx_word' id='word_1_106' title='bbox 2041 935 2167 981; x_wconf 89' lang='lat' dir='ltr'><strong>sunt</strong></span> 
     </span>
    </p>
   </div>
   <div class='ocr_carea' id='block_1_29' title="bbox 1937 934 3016 1009">
    <p class='ocr_par' dir='ltr' id='par_1_29' title="bbox 1937 934 3016 1009">
     <span class='ocr_line' id='line_1_29' title="bbox 1937 934 3016 1009; baseline 0.007 -29"><span class='ocrx_word' id='word_1_107' title='bbox 1937 934 2011 1009; x_wconf 71' lang='lat' dir='ltr'><strong>ali</strong></span> <span class='ocrx_word' id='word_1_108' title='bbox 2041 935 2167 981; x_wconf 89' lang='lat' dir='ltr'><strong>sunt</strong></span> <span class='ocrx_word' id='word_1_109' title='bbox 2664 934 2828 1009; x_wconf 77' lang='lat' dir='ltr'><strong>datis,</strong></span> <span class='ocrx_word' id='word_1_110' title='bbox 2852 944 2906 1009; x_wconf 82' lang='lat' dir='ltr'><strong>et</strong></span> <span class='ocrx_word' id='word_1_111' title='bbox 2930 934 3016 1009; x_wconf 79' lang='lat' dir='ltr'><strong>ju-</strong></span> 
     </span>
    </p>
   </div>
   <div class='ocr_carea' id='block_1_30' title="bbox 1829 996 3087 1078">
    <p class='ocr_par' dir='ltr' id='par_1_30' title="bbox 1829 996 3087 1078">
     <span class='ocr_line' id='line_1_30' title="bbox 1829 996 3087 1078; baseline 0.007 -27"><span class='ocrx_word' id='word_1_112' title='bbox 1829 996 2089 1078; x_wconf 84' lang='lat' dir='ltr'><strong>ordiuare</strong></span> <span class='ocrx_word' id='word_1_113' title='bbox 2116 1014 2240 1052; x_wconf 85' lang='lat' dir='ltr'><strong>nar-</strong></span> <span class='ocrx_word' id='word_1_114' title='bbox 2663 996 3087 1061; x_wconf 72' lang='lat' dir='ltr'><strong>stilicationibns</strong></span> 
     </span>
    </p>
   </div>
   <div class='ocr_carea' id='block_1_31' title="bbox 1828 1077 3111 1146">
    <p class='ocr_par' dir='ltr' id='par_1_31' title="bbox 1828 1077 3111 1146">
     <span class='ocr_line' id='line_1_31' title="bbox 1828 1077 3111 1146; baseline 0.009 -23"><span class='ocrx_word' id='word_1_115' title='bbox 1828 1077 2095 1146; x_wconf 80' lang='lat' dir='ltr'><strong>rationem</strong></span> <span class='ocrx_word' id='word_1_116' title='bbox 2127 1084 2310 1146; x_wconf 81' lang='lat' dir='ltr'><strong>rerum</strong></span> <span class='ocrx_word' id='word_1_117' title='bbox 2330 1110 2344 1136; x_wconf 90' lang='lat'><strong>,</strong></span> <span class='ocrx_word' id='word_1_118' title='bbox 2665 1079 2759 1133; x_wconf 87' lang='lat' dir='ltr'><strong>Dei</strong></span> <span class='ocrx_word' id='word_1_119' title='bbox 2790 1077 2909 1133; x_wconf 86' lang='lat' dir='ltr'><strong>sine</strong></span> <span class='ocrx_word' id='word_1_120' title='bbox 2936 1092 3111 1146; x_wconf 88' lang='lat' dir='ltr'><strong>quae-</strong></span> 
     </span>
    </p>
   </div>
   <div class='ocr_carea' id='block_1_32' title="bbox 1828 1141 3043 1210">
    <p class='ocr_par' dir='ltr' id='par_1_32' title="bbox 1828 1141 3043 1210">
     <span class='ocr_line' id='line_1_32' title="bbox 1828 1141 3043 1210; baseline 0.008 -18"><span class='ocrx_word' id='word_1_121' title='bbox 1828 1154 1965 1210; x_wconf 88' lang='lat' dir='ltr'><strong>quae</strong></span> <span class='ocrx_word' id='word_1_122' title='bbox 1992 1141 2043 1194; x_wconf 92' lang='lat' dir='ltr'><strong>in</strong></span> <span class='ocrx_word' id='word_1_123' title='bbox 2075 1142 2233 1197; x_wconf 87' lang='lat' dir='ltr'><strong>nobis</strong></span> <span class='ocrx_word' id='word_1_124' title='bbox 2666 1150 2828 1209; x_wconf 85' lang='lat' dir='ltr'><strong>rella.</strong></span> <span class='ocrx_word' id='word_1_125' title='bbox 2856 1156 2912 1201; x_wconf 88' lang='lat' dir='ltr'><strong>et</strong></span> <span class='ocrx_word' id='word_1_126' title='bbox 2936 1141 3043 1202; x_wconf 82' lang='lat' dir='ltr'><strong>non</strong></span> 
     </span>
    </p>
   </div>
   <div class='ocr_carea' id='block_1_33' title="bbox 1826 1212 2922 1282">
    <p class='ocr_par' dir='ltr' id='par_1_33' title="bbox 1826 1212 2922 1282">
     <span class='ocr_line' id='line_1_33' title="bbox 1826 1212 2922 1282; baseline 0.005 -15"><span class='ocrx_word' id='word_1_127' title='bbox 1826 1212 2138 1282; x_wconf 80' lang='lat' dir='ltr'><strong>Completae</strong></span> <span class='ocrx_word' id='word_1_128' title='bbox 2665 1231 2784 1275; x_wconf 87' lang='lat' dir='ltr'><strong>erat</strong></span> <span class='ocrx_word' id='word_1_129' title='bbox 2813 1218 2922 1273; x_wconf 84' lang='lat' dir='ltr'><strong>illis</strong></span> 
     </span>
    </p>
   </div>
   <div class='ocr_carea' id='block_1_34' title="bbox 1826 1287 3027 1356">
    <p class='ocr_par' dir='ltr' id='par_1_34' title="bbox 1826 1287 3027 1356">
     <span class='ocr_line' id='line_1_34' title="bbox 1826 1287 3027 1356; baseline 0.007 -20"><span class='ocrx_word' id='word_1_130' title='bbox 1826 1292 1987 1356; x_wconf 76' lang='lat' dir='ltr'><strong>sunt,</strong></span> <span class='ocrx_word' id='word_1_131' title='bbox 2014 1287 2180 1351; x_wconf 49' lang='lat' dir='ltr'><strong>sicut.</strong></span> <span class='ocrx_word' id='word_1_132' title='bbox 2664 1292 2719 1346; x_wconf 88' lang='lat'><strong>7.</strong></span> <span class='ocrx_word' id='word_1_133' title='bbox 2762 1291 2929 1356; x_wconf 76' lang='lat' dir='ltr'><strong>(ilius,</strong></span> <span class='ocrx_word' id='word_1_134' title='bbox 2959 1304 3027 1345; x_wconf 90' lang='lat' dir='ltr'><strong>eo</strong></span> 
     </span>
    </p>
   </div>
   <div class='ocr_carea' id='block_1_35' title="bbox 1824 1352 2267 1411">
    <p class='ocr_par' dir='ltr' id='par_1_35' title="bbox 1824 1352 2267 1411">
     <span class='ocr_line' id='line_1_35' title="bbox 1824 1352 2267 1411; baseline 0.009 -4"><span class='ocrx_word' id='word_1_135' title='bbox 1824 1352 1882 1407; x_wconf 78' lang='lat'><strong>2.</strong></span> <span class='ocrx_word' id='word_1_136' title='bbox 1927 1356 2267 1411; x_wconf 86' lang='lat' dir='ltr'><strong>tradiderunt</strong></span> 
     </span>
    </p>
   </div>
   <div class='ocr_carea' id='block_1_36' title="bbox 1825 1425 2226 1494">
    <p class='ocr_par' dir='ltr' id='par_1_36' title="bbox 1825 1425 2226 1494">
     <span class='ocr_line' id='line_1_36' title="bbox 1825 1425 2226 1494; baseline 0.005 -14"><span class='ocrx_word' id='word_1_137' title='bbox 1825 1425 2007 1492; x_wconf 85' lang='lat' dir='ltr'><strong>nobis,</strong></span> <span class='ocrx_word' id='word_1_138' title='bbox 2037 1428 2128 1494; x_wconf 88' lang='lat' dir='ltr'><strong>qui</strong></span> <span class='ocrx_word' id='word_1_139' title='bbox 2156 1427 2226 1482; x_wconf 90' lang='lat' dir='ltr'><strong>ab</strong></span> 
     </span>
    </p>
   </div>
   <div class='ocr_carea' id='block_1_37' title="bbox 1825 1496 2113 1565">
    <p class='ocr_par' dir='ltr' id='par_1_37' title="bbox 1825 1496 2113 1565">
     <span class='ocr_line' id='line_1_37' title="bbox 1825 1496 2113 1565; baseline 0 -13"><span class='ocrx_word' id='word_1_140' title='bbox 1825 1496 1985 1552; x_wconf 78' lang='lat' dir='ltr'><strong>initio</strong></span> <span class='ocrx_word' id='word_1_141' title='bbox 2011 1497 2113 1565; x_wconf 87' lang='lat' dir='ltr'><strong>ipsi</strong></span> 
     </span>
    </p>
   </div>
   <div class='ocr_carea' id='block_1_38' title="bbox 1824 1567 2195 1631">
    <p class='ocr_par' dir='ltr' id='par_1_38' title="bbox 1824 1567 2195 1631">
     <span class='ocr_line' id='line_1_38' title="bbox 1824 1567 2195 1631; baseline 0.005 -9"><span class='ocrx_word' id='word_1_142' title='bbox 1824 1567 2079 1623; x_wconf 90' lang='lat' dir='ltr'><strong>viderunt</strong></span> <span class='ocrx_word' id='word_1_143' title='bbox 2098 1610 2112 1631; x_wconf 82' lang='lat'><strong>,</strong></span> <span class='ocrx_word' id='word_1_144' title='bbox 2141 1578 2195 1624; x_wconf 89' lang='lat' dir='ltr'><strong>et</strong></span> 
     </span>
    </p>
   </div>
   <div class='ocr_carea' id='block_1_39' title="bbox 3242 1208 3275 1223">
    <p class='ocr_par' dir='ltr' id='par_1_39' title="bbox 3242 1208 3275 1223">
     <span class='ocr_line' id='line_1_39' title="bbox 3242 1208 3275 1223; baseline 0 0"><span class='ocrx_word' id='word_1_145' title='bbox 3242 1208 3275 1223; x_wconf 69' lang='grc' dir='ltr'><strong>Ι⁴</strong></span> 
     </span>
    </p>
   </div>
   <div class='ocr_carea' id='block_1_40' title="bbox 2704 1362 2990 1416">
    <p class='ocr_par' dir='ltr' id='par_1_40' title="bbox 2704 1362 2990 1416">
     <span class='ocr_line' id='line_1_40' title="bbox 2704 1362 2990 1416; baseline -0.003 0"><span class='ocrx_word' id='word_1_146' title='bbox 2704 1362 2809 1416; x_wconf 87' lang='lat' dir='ltr'><strong>nod</strong></span> <span class='ocrx_word' id='word_1_147' title='bbox 2842 1368 2990 1416; x_wconf 88' lang='lat' dir='ltr'><strong>esset</strong></span> 
     </span>
    </p>
   </div>
   <div class='ocr_carea' id='block_1_41' title="bbox 2714 1433 3041 1488">
    <p class='ocr_par' dir='ltr' id='par_1_41' title="bbox 2714 1433 3041 1488">
     <span class='ocr_line' id='line_1_41' title="bbox 2714 1433 3041 1488; baseline -0.009 -1"><span class='ocrx_word' id='word_1_148' title='bbox 2714 1433 2900 1488; x_wconf 84' lang='lat' dir='ltr'><strong>lisabel</strong></span> <span class='ocrx_word' id='word_1_149' title='bbox 2928 1440 3041 1485; x_wconf 90' lang='lat' dir='ltr'><strong>ste-</strong></span> 
     </span>
    </p>
   </div>
   <div class='ocr_carea' id='block_1_42' title="bbox 2662 1503 3076 1569">
    <p class='ocr_par' dir='ltr' id='par_1_42' title="bbox 2662 1503 3076 1569">
     <span class='ocr_line' id='line_1_42' title="bbox 2662 1503 3076 1569; baseline -0.002 -10"><span class='ocrx_word' id='word_1_150' title='bbox 2662 1505 2803 1569; x_wconf 81' lang='lat' dir='ltr'><strong>rilis,</strong></span> <span class='ocrx_word' id='word_1_151' title='bbox 2838 1512 2893 1560; x_wconf 88' lang='lat' dir='ltr'><strong>et</strong></span> <span class='ocrx_word' id='word_1_152' title='bbox 2914 1503 3076 1558; x_wconf 85' lang='lat' dir='ltr'><strong>ambo</strong></span> 
     </span>
    </p>
   </div>
   <div class='ocr_carea' id='block_1_43' title="bbox 2662 1574 3144 1645">
    <p class='ocr_par' dir='ltr' id='par_1_43' title="bbox 2662 1574 3144 1645">
     <span class='ocr_line' id='line_1_43' title="bbox 2662 1574 3144 1645; baseline 0.008 -20"><span class='ocrx_word' id='word_1_153' title='bbox 2662 1578 2683 1608; x_wconf 83' lang='grc'><strong><em>²</em></strong></span> <span class='ocrx_word' id='word_1_154' title='bbox 2719 1574 2961 1645; x_wconf 77' lang='lat' dir='ltr'><strong>processi</strong></span> <span class='ocrx_word' id='word_1_155' title='bbox 2984 1582 3144 1629; x_wconf 87' lang='lat' dir='ltr'><strong>erant</strong></span> 
     </span>
    </p>
   </div>
   <div class='ocr_carea' id='block_1_44' title="bbox 1823 1640 2941 1703">
    <p class='ocr_par' dir='ltr' id='par_1_44' title="bbox 1823 1640 2941 1703">
     <span class='ocr_line' id='line_1_44' title="bbox 1823 1640 2941 1703; baseline 0.007 -11"><span class='ocrx_word' id='word_1_156' title='bbox 1823 1641 2059 1694; x_wconf 73' lang='lat' dir='ltr'><strong>ministri</strong></span> <span class='ocrx_word' id='word_1_157' title='bbox 2089 1640 2204 1696; x_wconf 84' lang='lat' dir='ltr'><strong>fue-</strong></span> <span class='ocrx_word' id='word_1_158' title='bbox 2662 1640 2731 1702; x_wconf 53' lang='lat' dir='ltr'><strong>in&#39;</strong></span> <span class='ocrx_word' id='word_1_159' title='bbox 2748 1647 2941 1703; x_wconf 88' lang='lat' dir='ltr'><strong>diebus</strong></span> 
     </span>
    </p>
   </div>
   <div class='ocr_carea' id='block_1_45' title="bbox 1824 1721 2796 1773">
    <p class='ocr_par' dir='ltr' id='par_1_45' title="bbox 1824 1721 2796 1773">
     <span class='ocr_line' id='line_1_45' title="bbox 1824 1721 2796 1773; baseline 0.007 -7"><span class='ocrx_word' id='word_1_160' title='bbox 1824 1723 1954 1766; x_wconf 87' lang='lat' dir='ltr'><strong>runt</strong></span> <span class='ocrx_word' id='word_1_161' title='bbox 1974 1726 2184 1766; x_wconf 90' lang='lat' dir='ltr'><strong>sermo-</strong></span> <span class='ocrx_word' id='word_1_162' title='bbox 2661 1721 2796 1773; x_wconf 85' lang='lat' dir='ltr'><strong>suis.</strong></span> 
     </span>
    </p>
   </div>
   <div class='ocr_carea' id='block_1_46' title="bbox 1824 1782 3104 1849">
    <p class='ocr_par' dir='ltr' id='par_1_46' title="bbox 1824 1782 3104 1849">
     <span class='ocr_line' id='line_1_46' title="bbox 1824 1782 3104 1849; baseline 0.005 -13"><span class='ocrx_word' id='word_1_163' title='bbox 1824 1782 1941 1849; x_wconf 87' lang='lat' dir='ltr'><strong>nis;</strong></span> <span class='ocrx_word' id='word_1_164' title='bbox 2661 1791 2715 1846; x_wconf 91' lang='lat'><strong>8.</strong></span> <span class='ocrx_word' id='word_1_165' title='bbox 2759 1789 2985 1845; x_wconf 88' lang='lat' dir='ltr'><strong>Factum</strong></span> <span class='ocrx_word' id='word_1_166' title='bbox 3018 1799 3104 1844; x_wconf 92' lang='lat' dir='ltr'><strong>est</strong></span> 
     </span>
    </p>
   </div>
   <div class='ocr_carea' id='block_1_47' title="bbox 1827 1854 3031 1929">
    <p class='ocr_par' dir='ltr' id='par_1_47' title="bbox 1827 1854 3031 1929">
     <span class='ocr_line' id='line_1_47' title="bbox 1827 1854 3031 1929; baseline 0.005 -21"><span class='ocrx_word' id='word_1_167' title='bbox 1827 1854 1881 1929; x_wconf 60' lang='grc' dir='ltr'><strong>ξ).</strong></span> <span class='ocrx_word' id='word_1_168' title='bbox 1926 1854 2203 1929; x_wconf 22' lang='grc' dir='ltr'><strong>ρξᾳριιῑιλει</strong></span> <span class='ocrx_word' id='word_1_169' title='bbox 2230 1854 2334 1929; x_wconf 85' lang='lat' dir='ltr'><strong>mi-</strong></span> <span class='ocrx_word' id='word_1_170' title='bbox 2660 1869 2843 1916; x_wconf 88' lang='lat' dir='ltr'><strong>autem</strong></span> <span class='ocrx_word' id='word_1_171' title='bbox 2859 1905 2875 1929; x_wconf 89' lang='lat'><strong>,</strong></span> <span class='ocrx_word' id='word_1_172' title='bbox 2903 1875 3031 1915; x_wconf 90' lang='lat' dir='ltr'><strong>cum</strong></span> 
     </span>
    </p>
   </div>
   <div class='ocr_carea' id='block_1_48' title="bbox 1826 1924 2987 1997">
    <p class='ocr_par' dir='ltr' id='par_1_48' title="bbox 1826 1924 2987 1997">
     <span class='ocr_line' id='line_1_48' title="bbox 1826 1924 2987 1997; baseline 0.006 -19"><span class='ocrx_word' id='word_1_173' title='bbox 1826 1925 1907 1997; x_wconf 82' lang='lat' dir='ltr'><strong>bi,</strong></span> <span class='ocrx_word' id='word_1_174' title='bbox 1937 1924 2014 1997; x_wconf 75' lang='grc' dir='ltr'><strong>(ὁ)</strong></span> <span class='ocrx_word' id='word_1_175' title='bbox 2043 1937 2099 1981; x_wconf 86' lang='lat' dir='ltr'><strong>et</strong></span> <span class='ocrx_word' id='word_1_176' title='bbox 2126 1926 2366 1997; x_wconf 86' lang='lat' dir='ltr'><strong>Spirituo</strong></span> <span class='ocrx_word' id='word_1_177' title='bbox 2665 1924 2987 1989; x_wconf 81' lang='lat' dir='ltr'><strong>Sacerdotio</strong></span> 
     </span>
    </p>
   </div>
   <div class='ocr_carea' id='block_1_49' title="bbox 1829 1996 2986 2073">
    <p class='ocr_par' dir='ltr' id='par_1_49' title="bbox 1829 1996 2986 2073">
     <span class='ocr_line' id='line_1_49' title="bbox 1829 1996 2986 2073; baseline 0.003 -20"><span class='ocrx_word' id='word_1_178' title='bbox 1829 1996 2031 2053; x_wconf 81' lang='lat' dir='ltr'><strong>Sancto</strong></span> <span class='ocrx_word' id='word_1_179' title='bbox 2052 1997 2114 2068; x_wconf 54' lang='grc' dir='ltr'><strong>τ,</strong></span> <span class='ocrx_word' id='word_1_180' title='bbox 2143 2000 2157 2028; x_wconf 75' lang='grc' dir='ltr'>ί</span> <span class='ocrx_word' id='word_1_181' title='bbox 2182 1998 2284 2073; x_wconf 80' lang='lat' dir='ltr'><strong>ad-</strong></span> <span class='ocrx_word' id='word_1_182' title='bbox 2658 2002 2986 2073; x_wconf 75' lang='lat' dir='ltr'><strong>fungeretur</strong></span> 
     </span>
    </p>
   </div>
   <div class='ocr_carea' id='block_1_50' title="bbox 1828 2069 2982 2138">
    <p class='ocr_par' dir='ltr' id='par_1_50' title="bbox 1828 2069 2982 2138">
     <span class='ocr_line' id='line_1_50' title="bbox 1828 2069 2982 2138; baseline 0.003 -15"><span class='ocrx_word' id='word_1_183' title='bbox 1828 2077 2020 2123; x_wconf 82' lang='lat' dir='ltr'><strong>secuto</strong></span> <span class='ocrx_word' id='word_1_184' title='bbox 2049 2084 2077 2121; x_wconf 94' lang='lat' dir='ltr'><strong>a</strong></span> <span class='ocrx_word' id='word_1_185' title='bbox 2116 2069 2260 2138; x_wconf 87' lang='lat' dir='ltr'><strong>prin-</strong></span> <span class='ocrx_word' id='word_1_186' title='bbox 2659 2069 2982 2131; x_wconf 75' lang='lat' dir='ltr'><strong>Zaccharias</strong></span> 
     </span>
    </p>
   </div>
   <div class='ocr_carea' id='block_1_51' title="bbox 1826 2139 2994 2222">
    <p class='ocr_par' dir='ltr' id='par_1_51' title="bbox 1826 2139 2994 2222">
     <span class='ocr_line' id='line_1_51' title="bbox 1826 2139 2994 2222; baseline 0.003 -29"><span class='ocrx_word' id='word_1_187' title='bbox 1826 2140 1974 2222; x_wconf 66' lang='lat' dir='ltr'><strong>cipio</strong></span> <span class='ocrx_word' id='word_1_188' title='bbox 1997 2139 2272 2222; x_wconf 80' lang='lat' dir='ltr'><strong>(c_)_omni-</strong></span> <span class='ocrx_word' id='word_1_189' title='bbox 2658 2147 2713 2222; x_wconf 82' lang='lat' dir='ltr'><strong>in</strong></span> <span class='ocrx_word' id='word_1_190' title='bbox 2745 2146 2994 2222; x_wconf 85' lang='lat' dir='ltr'><strong>ordinem</strong></span> 
     </span>
    </p>
   </div>
   <div class='ocr_carea' id='block_1_52' title="bbox 1820 2209 2956 2282">
    <p class='ocr_par' dir='ltr' id='par_1_52' title="bbox 1820 2209 2956 2282">
     <span class='ocr_line' id='line_1_52' title="bbox 1820 2209 2956 2282; baseline 0.005 -16"><span class='ocrx_word' id='word_1_191' title='bbox 1820 2209 1923 2266; x_wconf 82' lang='lat' dir='ltr'><strong>bus</strong></span> <span class='ocrx_word' id='word_1_192' title='bbox 1948 2210 1989 2282; x_wconf 68' lang='grc' dir='ltr'><strong>’ξ’</strong></span> <span class='ocrx_word' id='word_1_193' title='bbox 2008 2209 2251 2282; x_wconf 79' lang='lat' dir='ltr'><strong>diligen~</strong></span> <span class='ocrx_word' id='word_1_194' title='bbox 2656 2217 2791 2273; x_wconf 74' lang='lat' dir='ltr'><strong>vicis</strong></span> <span class='ocrx_word' id='word_1_195' title='bbox 2823 2231 2956 2272; x_wconf 87' lang='lat' dir='ltr'><strong>suae</strong></span> 
     </span>
    </p>
   </div>
   <div class='ocr_carea' id='block_1_53' title="bbox 1824 2284 3001 2351">
    <p class='ocr_par' dir='ltr' id='par_1_53' title="bbox 1824 2284 3001 2351">
     <span class='ocr_line' id='line_1_53' title="bbox 1824 2284 3001 2351; baseline 0.005 -15"><span class='ocrx_word' id='word_1_196' title='bbox 1824 2291 1930 2349; x_wconf 87' lang='lat' dir='ltr'><strong>ter,</strong></span> <span class='ocrx_word' id='word_1_197' title='bbox 1956 2300 2021 2337; x_wconf 82' lang='lat' dir='ltr'><strong>ex</strong></span> <span class='ocrx_word' id='word_1_198' title='bbox 2049 2284 2242 2339; x_wconf 87' lang='lat' dir='ltr'><strong>ordine</strong></span> <span class='ocrx_word' id='word_1_199' title='bbox 2657 2299 2783 2344; x_wconf 88' lang='lat' dir='ltr'><strong>ante</strong></span> <span class='ocrx_word' id='word_1_200' title='bbox 2810 2289 3001 2351; x_wconf 89' lang='lat' dir='ltr'><strong>Deum,</strong></span> 
     </span>
    </p>
   </div>
   <div class='ocr_carea' id='block_1_54' title="bbox 1823 2354 2958 2422">
    <p class='ocr_par' dir='ltr' id='par_1_54' title="bbox 1823 2354 2958 2422">
     <span class='ocr_line' id='line_1_54' title="bbox 1823 2354 2958 2422; baseline 0.004 -15"><span class='ocrx_word' id='word_1_201' title='bbox 1823 2356 1919 2407; x_wconf 93' lang='lat' dir='ltr'><strong>tibi</strong></span> <span class='ocrx_word' id='word_1_202' title='bbox 1950 2354 2191 2410; x_wconf 87' lang='lat' dir='ltr'><strong>scribere</strong></span> <span class='ocrx_word' id='word_1_203' title='bbox 2207 2396 2223 2422; x_wconf 89' lang='lat'><strong>,</strong></span> <span class='ocrx_word' id='word_1_204' title='bbox 2656 2360 2958 2416; x_wconf 85' lang='lat' dir='ltr'><strong>secundum</strong></span> 
     </span>
    </p>
   </div>
   <div class='ocr_carea' id='block_1_55' title="bbox 1821 2426 3003 2495">
    <p class='ocr_par' dir='ltr' id='par_1_55' title="bbox 1821 2426 3003 2495">
     <span class='ocr_line' id='line_1_55' title="bbox 1821 2426 3003 2495; baseline 0.004 -15"><span class='ocrx_word' id='word_1_205' title='bbox 1821 2426 2027 2495; x_wconf 89' lang='lat' dir='ltr'><strong>optime</strong></span> <span class='ocrx_word' id='word_1_206' title='bbox 2057 2426 2240 2482; x_wconf 88' lang='lat' dir='ltr'><strong>Tbeo-</strong></span> <span class='ocrx_word' id='word_1_207' title='bbox 2655 2429 3003 2487; x_wconf 87' lang='lat' dir='ltr'><strong>consuetudi-</strong></span> 
     </span>
    </p>
   </div>
   <div class='ocr_carea' id='block_1_56' title="bbox 2656 2504 3006 2558">
    <p class='ocr_par' dir='ltr' id='par_1_56' title="bbox 2656 2504 3006 2558">
     <span class='ocr_line' id='line_1_56' title="bbox 2656 2504 3006 2558; baseline -0.006 -1"><span class='ocrx_word' id='word_1_208' title='bbox 2656 2519 2779 2558; x_wconf 87' lang='lat' dir='ltr'><strong>nem</strong></span> <span class='ocrx_word' id='word_1_209' title='bbox 2812 2504 3006 2558; x_wconf 80' lang='lat' dir='ltr'><strong>Sacer-</strong></span> 
     </span>
    </p>
   </div>
   <div class='ocr_carea' id='block_1_57' title="bbox 2654 2574 2995 2641">
    <p class='ocr_par' dir='ltr' id='par_1_57' title="bbox 2654 2574 2995 2641">
     <span class='ocr_line' id='line_1_57' title="bbox 2654 2574 2995 2641; baseline -0.006 -12"><span class='ocrx_word' id='word_1_210' title='bbox 2654 2574 2813 2641; x_wconf 88' lang='lat' dir='ltr'><strong>dotii,</strong></span> <span class='ocrx_word' id='word_1_211' title='bbox 2846 2583 2995 2627; x_wconf 87' lang='lat' dir='ltr'><strong>sorte</strong></span> 
     </span>
    </p>
   </div>
   <div class='ocr_carea' id='block_1_58' title="bbox 1820 2495 2295 2567">
    <p class='ocr_par' dir='ltr' id='par_1_58' title="bbox 1820 2495 2295 2567">
     <span class='ocr_line' id='line_1_58' title="bbox 1820 2495 2295 2567; baseline 0.006 -18"><span class='ocrx_word' id='word_1_212' title='bbox 1820 2495 1877 2549; x_wconf 69' lang='grc'><strong>4.</strong></span> <span class='ocrx_word' id='word_1_213' title='bbox 1920 2498 2089 2567; x_wconf 80' lang='lat' dir='ltr'><strong>pltile,</strong></span> <span class='ocrx_word' id='word_1_214' title='bbox 2119 2507 2176 2552; x_wconf 87' lang='lat' dir='ltr'><strong>nt</strong></span> <span class='ocrx_word' id='word_1_215' title='bbox 2201 2512 2295 2552; x_wconf 79' lang='lat' dir='ltr'><strong>co-</strong></span> 
     </span>
    </p>
   </div>
   <div class='ocr_carea' id='block_1_59' title="bbox 1822 2583 2268 2635">
    <p class='ocr_par' dir='ltr' id='par_1_59' title="bbox 1822 2583 2268 2635">
     <span class='ocr_line' id='line_1_59' title="bbox 1822 2583 2268 2635; baseline 0.002 -13"><span class='ocrx_word' id='word_1_216' title='bbox 1822 2583 2056 2635; x_wconf 80' lang='lat' dir='ltr'><strong>gnoscas</strong></span> <span class='ocrx_word' id='word_1_217' title='bbox 2081 2584 2268 2625; x_wconf 88' lang='lat' dir='ltr'><strong>eorum</strong></span> 
     </span>
    </p>
   </div>
   <div class='ocr_carea' id='block_1_60' title="bbox 1822 2640 3021 2710">
    <p class='ocr_par' dir='ltr' id='par_1_60' title="bbox 1822 2640 3021 2710">
     <span class='ocr_line' id='line_1_60' title="bbox 1822 2640 3021 2710; baseline 0.004 -18"><span class='ocrx_word' id='word_1_218' title='bbox 1822 2640 2112 2695; x_wconf 81' lang='lat' dir='ltr'><strong>verborum</strong></span> <span class='ocrx_word' id='word_1_219' title='bbox 2131 2681 2146 2707; x_wconf 89' lang='lat'><strong>,</strong></span> <span class='ocrx_word' id='word_1_220' title='bbox 2654 2640 2809 2710; x_wconf 53' lang='lat' dir='ltr'><strong>exiit.</strong></span> <span class='ocrx_word' id='word_1_221' title='bbox 2850 2652 2907 2698; x_wconf 95' lang='lat' dir='ltr'><strong>ut</strong></span> <span class='ocrx_word' id='word_1_222' title='bbox 2938 2643 3021 2697; x_wconf 80' lang='lat' dir='ltr'><strong>in—</strong></span> 
     </span>
    </p>
   </div>
   <div class='ocr_carea' id='block_1_61' title="bbox 1822 2710 3127 2782">
    <p class='ocr_par' dir='ltr' id='par_1_61' title="bbox 1822 2710 3127 2782">
     <span class='ocr_line' id='line_1_61' title="bbox 1822 2710 3127 2782; baseline 0.002 -17"><span class='ocrx_word' id='word_1_223' title='bbox 1822 2710 1891 2766; x_wconf 90' lang='lat' dir='ltr'><strong>de</strong></span> <span class='ocrx_word' id='word_1_224' title='bbox 1913 2712 2111 2781; x_wconf 89' lang='lat' dir='ltr'><strong>quibus</strong></span> <span class='ocrx_word' id='word_1_225' title='bbox 2656 2717 2707 2771; x_wconf 88' lang='lat'><strong>9.</strong></span> <span class='ocrx_word' id='word_1_226' title='bbox 2750 2729 2972 2772; x_wconf 89' lang='lat' dir='ltr'><strong>censum</strong></span> <span class='ocrx_word' id='word_1_227' title='bbox 2998 2712 3127 2782; x_wconf 73' lang='grc' dir='ltr'><strong>’ρο-</strong></span> 
     </span>
    </p>
   </div>
   <div class='ocr_carea' id='block_1_62' title="bbox 1822 2784 3139 2852">
    <p class='ocr_par' dir='ltr' id='par_1_62' title="bbox 1822 2784 3139 2852">
     <span class='ocr_line' id='line_1_62' title="bbox 1822 2784 3139 2852; baseline 0 -15"><span class='ocrx_word' id='word_1_228' title='bbox 1822 2784 2067 2837; x_wconf 87' lang='lat' dir='ltr'><strong>eruditus</strong></span> <span class='ocrx_word' id='word_1_229' title='bbox 2090 2798 2149 2838; x_wconf 88' lang='lat' dir='ltr'><strong>es</strong></span> <span class='ocrx_word' id='word_1_230' title='bbox 2171 2824 2185 2848; x_wconf 91' lang='lat'>,</span> <span class='ocrx_word' id='word_1_231' title='bbox 2656 2795 2832 2852; x_wconf 88' lang='lat' dir='ltr'><strong>neret,</strong></span> <span class='ocrx_word' id='word_1_232' title='bbox 2863 2786 3139 2851; x_wconf 73' lang='lat' dir='ltr'><strong>ingressus</strong></span> 
     </span>
    </p>
   </div>
   <div class='ocr_carea' id='block_1_63' title="bbox 1822 2855 3002 2926">
    <p class='ocr_par' dir='ltr' id='par_1_63' title="bbox 1822 2855 3002 2926">
     <span class='ocr_line' id='line_1_63' title="bbox 1822 2855 3002 2926; baseline 0.001 -19"><span class='ocrx_word' id='word_1_233' title='bbox 1822 2855 2127 2926; x_wconf 78' lang='lat' dir='ltr'><strong>veritatem.</strong></span> <span class='ocrx_word' id='word_1_234' title='bbox 2165 2924 2194 2926; x_wconf 22' lang='grc' dir='ltr'><em>Η</em></span> <span class='ocrx_word' id='word_1_235' title='bbox 2657 2860 2711 2915; x_wconf 87' lang='lat' dir='ltr'><strong>in</strong></span> <span class='ocrx_word' id='word_1_236' title='bbox 2735 2857 3002 2926; x_wconf 71' lang='lat' dir='ltr'><strong>templum:</strong></span> 
     </span>
    </p>
   </div>
   <div class='ocr_carea' id='block_1_64' title="bbox 1822 2924 2261 2982">
    <p class='ocr_par' dir='ltr' id='par_1_64' title="bbox 1822 2924 2261 2982">
     <span class='ocr_line' id='line_1_64' title="bbox 1822 2924 2261 2982; baseline -0.002 0"><span class='ocrx_word' id='word_1_237' title='bbox 1822 2926 1879 2982; x_wconf 88' lang='grc'><strong>5.</strong></span> <span class='ocrx_word' id='word_1_238' title='bbox 1925 2925 2045 2980; x_wconf 87' lang='lat' dir='ltr'><strong>Fuit</strong></span> <span class='ocrx_word' id='word_1_239' title='bbox 2072 2928 2123 2980; x_wconf 93' lang='lat' dir='ltr'><strong>in</strong></span> <span class='ocrx_word' id='word_1_240' title='bbox 2146 2924 2261 2981; x_wconf 80' lang='lat' dir='ltr'><strong>die-</strong></span> 
     </span>
    </p>
   </div>
   <div class='ocr_carea' id='block_1_65' title="bbox 1822 2996 2188 3053">
    <p class='ocr_par' dir='ltr' id='par_1_65' title="bbox 1822 2996 2188 3053">
     <span class='ocr_line' id='line_1_65' title="bbox 1822 2996 2188 3053; baseline 0.003 -2"><span class='ocrx_word' id='word_1_241' title='bbox 1822 2996 1927 3053; x_wconf 77' lang='lat' dir='ltr'><strong>lins</strong></span> <span class='ocrx_word' id='word_1_242' title='bbox 1956 2998 2188 3053; x_wconf 70' lang='lat' dir='ltr'><strong>Herodis</strong></span> 
     </span>
    </p>
   </div>
   <div class='ocr_carea' id='block_1_66' title="bbox 1821 3067 2224 3140">
    <p class='ocr_par' dir='ltr' id='par_1_66' title="bbox 1821 3067 2224 3140">
     <span class='ocr_line' id='line_1_66' title="bbox 1821 3067 2224 3140; baseline 0.002 -17"><span class='ocrx_word' id='word_1_243' title='bbox 1821 3068 1988 3140; x_wconf 76' lang='lat' dir='ltr'><strong>Regis</strong></span> <span class='ocrx_word' id='word_1_244' title='bbox 2018 3067 2224 3124; x_wconf 80' lang='lat' dir='ltr'><strong>Judeae</strong></span> 
     </span>
    </p>
   </div>
   <div class='ocr_carea' id='block_1_67' title="bbox 1824 3140 2096 3196">
    <p class='ocr_par' dir='ltr' id='par_1_67' title="bbox 1824 3140 2096 3196">
     <span class='ocr_line' id='line_1_67' title="bbox 1824 3140 2096 3196; baseline 0 0"><span class='ocrx_word' id='word_1_245' title='bbox 1824 3140 2025 3196; x_wconf 88' lang='lat' dir='ltr'><strong>Sacerd</strong></span> <span class='ocrx_word' id='word_1_246' title='bbox 2035 3157 2096 3196; x_wconf 88' lang='lat' dir='ltr'><strong>os</strong></span> 
     </span>
    </p>
   </div>
   <div class='ocr_carea' id='block_1_68' title="bbox 2656 2927 3111 2992">
    <p class='ocr_par' dir='ltr' id='par_1_68' title="bbox 2656 2927 3111 2992">
     <span class='ocr_line' id='line_1_68' title="bbox 2656 2927 3111 2992; baseline -0.013 -7"><span class='ocrx_word' id='word_1_247' title='bbox 2656 2930 2748 2985; x_wconf 81' lang='grc'><strong>10.</strong></span> <span class='ocrx_word' id='word_1_248' title='bbox 2784 2927 3017 2992; x_wconf 87' lang='lat' dir='ltr'><strong>Domini,</strong></span> <span class='ocrx_word' id='word_1_249' title='bbox 3053 2934 3111 2983; x_wconf 87' lang='lat' dir='ltr'><strong>et</strong></span> 
     </span>
    </p>
   </div>
   <div class='ocr_carea' id='block_1_69' title="bbox 2658 2998 3009 3057">
    <p class='ocr_par' dir='ltr' id='par_1_69' title="bbox 2658 2998 3009 3057">
     <span class='ocr_line' id='line_1_69' title="bbox 2658 2998 3009 3057; baseline -0.014 0"><span class='ocrx_word' id='word_1_250' title='bbox 2658 3002 2836 3057; x_wconf 69' lang='lat' dir='ltr'><strong>cunnis</strong></span> <span class='ocrx_word' id='word_1_251' title='bbox 2867 2998 3009 3052; x_wconf 83' lang='lat' dir='ltr'><strong>mul-</strong></span> 
     </span>
    </p>
   </div>
   <div class='ocr_carea' id='block_1_70' title="bbox 2659 3071 2985 3127">
    <p class='ocr_par' dir='ltr' id='par_1_70' title="bbox 2659 3071 2985 3127">
     <span class='ocr_line' id='line_1_70' title="bbox 2659 3071 2985 3127; baseline -0.012 0"><span class='ocrx_word' id='word_1_252' title='bbox 2659 3071 2832 3127; x_wconf 67' lang='lat' dir='ltr'><strong>titutlo</strong></span> <span class='ocrx_word' id='word_1_253' title='bbox 2862 3084 2985 3124; x_wconf 85' lang='lat' dir='ltr'><strong>ora-</strong></span> 
     </span>
    </p>
   </div>
   <div class='ocr_carea' id='block_1_71' title="bbox 2656 3141 2982 3199">
    <p class='ocr_par' dir='ltr' id='par_1_71' title="bbox 2656 3141 2982 3199">
     <span class='ocr_line' id='line_1_71' title="bbox 2656 3141 2982 3199; baseline -0.012 0"><span class='ocrx_word' id='word_1_254' title='bbox 2656 3143 2748 3199; x_wconf 85' lang='lat' dir='ltr'><strong>bat</strong></span> <span class='ocrx_word' id='word_1_255' title='bbox 2770 3157 2865 3199; x_wconf 91' lang='lat' dir='ltr'><strong>ora</strong></span> <span class='ocrx_word' id='word_1_256' title='bbox 2898 3141 2982 3195; x_wconf 89' lang='lat' dir='ltr'><strong>in-</strong></span> 
     </span>
    </p>
   </div>
   <div class='ocr_carea' id='block_1_72' title="bbox 2657 3215 2829 3270">
    <p class='ocr_par' dir='ltr' id='par_1_72' title="bbox 2657 3215 2829 3270">
     <span class='ocr_line' id='line_1_72' title="bbox 2657 3215 2829 3270; baseline -0.012 0"><span class='ocrx_word' id='word_1_257' title='bbox 2657 3215 2829 3270; x_wconf 86' lang='lat' dir='ltr'><strong>censi.</strong></span> 
     </span>
    </p>
   </div>
   <div class='ocr_carea' id='block_1_73' title="bbox 2658 3286 3180 3355">
    <p class='ocr_par' dir='ltr' id='par_1_73' title="bbox 2658 3286 3180 3355">
     <span class='ocr_line' id='line_1_73' title="bbox 2658 3286 3180 3355; baseline 0 -16"><span class='ocrx_word' id='word_1_258' title='bbox 2658 3287 2748 3341; x_wconf 79' lang='lat'><strong>“.</strong></span> <span class='ocrx_word' id='word_1_259' title='bbox 2788 3286 3058 3355; x_wconf 81' lang='lat' dir='ltr'><strong>Apparuit</strong></span> <span class='ocrx_word' id='word_1_260' title='bbox 3084 3298 3180 3339; x_wconf 83' lang='lat' dir='ltr'><strong>au-</strong></span> 
     </span>
    </p>
   </div>
   <div class='ocr_carea' id='block_1_74' title="bbox 2660 3357 3029 3413">
    <p class='ocr_par' dir='ltr' id='par_1_74' title="bbox 2660 3357 3029 3413">
     <span class='ocr_line' id='line_1_74' title="bbox 2660 3357 3029 3413; baseline 0.005 -2"><span class='ocrx_word' id='word_1_261' title='bbox 2660 3365 2769 3412; x_wconf 92' lang='lat' dir='ltr'><strong>tem</strong></span> <span class='ocrx_word' id='word_1_262' title='bbox 2801 3357 2884 3411; x_wconf 88' lang='lat' dir='ltr'><strong>illi</strong></span> <span class='ocrx_word' id='word_1_263' title='bbox 2919 3362 3029 3413; x_wconf 82' lang='lat' dir='ltr'><strong>An—</strong></span> 
     </span>
    </p>
   </div>
   <div class='ocr_carea' id='block_1_75' title="bbox 1821 3212 2166 3282">
    <p class='ocr_par' dir='ltr' id='par_1_75' title="bbox 1821 3212 2166 3282">
     <span class='ocr_line' id='line_1_75' title="bbox 1821 3212 2166 3282; baseline 0 -17"><span class='ocrx_word' id='word_1_264' title='bbox 1821 3212 2040 3282; x_wconf 81' lang='lat' dir='ltr'><strong>qnidam</strong></span> <span class='ocrx_word' id='word_1_265' title='bbox 2072 3226 2166 3282; x_wconf 75' lang='lat' dir='ltr'><strong>no-</strong></span> 
     </span>
    </p>
   </div>
   <div class='ocr_carea' id='block_1_76' title="bbox 1819 3281 2242 3339">
    <p class='ocr_par' dir='ltr' id='par_1_76' title="bbox 1819 3281 2242 3339">
     <span class='ocr_line' id='line_1_76' title="bbox 1819 3281 2242 3339; baseline -0.002 0"><span class='ocrx_word' id='word_1_266' title='bbox 1819 3281 1969 3339; x_wconf 71' lang='lat' dir='ltr'><strong>mine</strong></span> <span class='ocrx_word' id='word_1_267' title='bbox 1999 3281 2242 3338; x_wconf 87' lang='lat' dir='ltr'><strong>Zaccba-</strong></span> 
     </span>
    </p>
   </div>
   <div class='ocr_carea' id='block_1_77' title="bbox 1819 3354 2174 3411">
    <p class='ocr_par' dir='ltr' id='par_1_77' title="bbox 1819 3354 2174 3411">
     <span class='ocr_line' id='line_1_77' title="bbox 1819 3354 2174 3411; baseline -0.003 -1"><span class='ocrx_word' id='word_1_268' title='bbox 1819 3356 1933 3410; x_wconf 86' lang='lat' dir='ltr'><strong>rias</strong></span> <span class='ocrx_word' id='word_1_269' title='bbox 1959 3356 2027 3411; x_wconf 89' lang='lat' dir='ltr'><strong>de</strong></span> <span class='ocrx_word' id='word_1_270' title='bbox 2054 3354 2174 3411; x_wconf 88' lang='lat' dir='ltr'><strong>vice</strong></span> 
     </span>
    </p>
   </div>
   <div class='ocr_carea' id='block_1_78' title="bbox 1821 3427 3004 3500">
    <p class='ocr_par' dir='ltr' id='par_1_78' title="bbox 1821 3427 3004 3500">
     <span class='ocr_line' id='line_1_78' title="bbox 1821 3427 3004 3500; baseline 0.001 -18"><span class='ocrx_word' id='word_1_271' title='bbox 1821 3427 1981 3493; x_wconf 83' lang='lat' dir='ltr'><strong>Avia,</strong></span> <span class='ocrx_word' id='word_1_272' title='bbox 2007 3436 2064 3500; x_wconf 87' lang='lat' dir='ltr'><strong>et</strong></span> <span class='ocrx_word' id='word_1_273' title='bbox 2654 3429 2831 3500; x_wconf 77' lang='lat' dir='ltr'><strong>gelus,</strong></span> <span class='ocrx_word' id='word_1_274' title='bbox 2855 3439 3004 3485; x_wconf 83' lang='lat' dir='ltr'><strong>stans</strong></span> 
     </span>
    </p>
   </div>
   <div class='ocr_carea' id='block_1_79' title="bbox 1822 3499 3075 3555">
    <p class='ocr_par' dir='ltr' id='par_1_79' title="bbox 1822 3499 3075 3555">
     <span class='ocr_line' id='line_1_79' title="bbox 1822 3499 3075 3555; baseline 0 -1"><span class='ocrx_word' id='word_1_275' title='bbox 1822 3514 1961 3554; x_wconf 80' lang='lat' dir='ltr'><strong>uxor</strong></span> <span class='ocrx_word' id='word_1_276' title='bbox 1984 3499 2126 3553; x_wconf 91' lang='lat' dir='ltr'><strong>illius</strong></span> <span class='ocrx_word' id='word_1_277' title='bbox 2652 3499 2682 3552; x_wconf 91' lang='lat' dir='ltr'><strong>a</strong></span> <span class='ocrx_word' id='word_1_278' title='bbox 2712 3500 2919 3555; x_wconf 68' lang='lat' dir='ltr'><strong>dextris</strong></span> <span class='ocrx_word' id='word_1_279' title='bbox 2944 3500 2967 3531; x_wconf 71' lang='grc' dir='ltr'>δ</span> <span class='ocrx_word' id='word_1_280' title='bbox 2993 3499 3075 3554; x_wconf 85' lang='lat' dir='ltr'><strong>al-</strong></span> 
     </span>
    </p>
   </div>
   <div class='ocr_carea' id='block_1_80' title="bbox 1821 3570 3058 3627">
    <p class='ocr_par' dir='ltr' id='par_1_80' title="bbox 1821 3570 3058 3627">
     <span class='ocr_line' id='line_1_80' title="bbox 1821 3570 3058 3627; baseline -0.002 -1"><span class='ocrx_word' id='word_1_281' title='bbox 1821 3570 1889 3626; x_wconf 89' lang='lat' dir='ltr'><strong>de</strong></span> <span class='ocrx_word' id='word_1_282' title='bbox 1917 3571 2128 3626; x_wconf 80' lang='lat' dir='ltr'><strong>ﬁliabus</strong></span> <span class='ocrx_word' id='word_1_283' title='bbox 2655 3573 2778 3625; x_wconf 84' lang='lat' dir='ltr'><strong>tarii</strong></span> <span class='ocrx_word' id='word_1_284' title='bbox 2812 3572 3018 3627; x_wconf 89' lang='lat' dir='ltr'><strong>incensi</strong></span> <span class='ocrx_word' id='word_1_285' title='bbox 3043 3587 3058 3623; x_wconf 88' lang='lat'><strong>:</strong></span> 
     </span>
    </p>
   </div>
   <div class='ocr_carea' id='block_1_81' title="bbox 1820 3640 3195 3704">
    <p class='ocr_par' dir='ltr' id='par_1_81' title="bbox 1820 3640 3195 3704">
     <span class='ocr_line' id='line_1_81' title="bbox 1820 3640 3195 3704; baseline -0.001 -7"><span class='ocrx_word' id='word_1_286' title='bbox 1820 3644 2027 3704; x_wconf 84' lang='lat' dir='ltr'><strong>Aaron,</strong></span> <span class='ocrx_word' id='word_1_287' title='bbox 2058 3650 2114 3695; x_wconf 86' lang='lat' dir='ltr'><strong>et</strong></span> <span class='ocrx_word' id='word_1_288' title='bbox 2656 3642 2745 3696; x_wconf 72' lang='grc'><strong>12.</strong></span> <span class='ocrx_word' id='word_1_289' title='bbox 2787 3652 2844 3697; x_wconf 92' lang='lat' dir='ltr'><strong>et</strong></span> <span class='ocrx_word' id='word_1_290' title='bbox 2872 3642 3062 3698; x_wconf 90' lang='lat' dir='ltr'><strong>videns</strong></span> <span class='ocrx_word' id='word_1_291' title='bbox 3092 3640 3195 3696; x_wconf 82' lang='lat' dir='ltr'><strong>Za-</strong></span> 
     </span>
    </p>
   </div>
   <div class='ocr_carea' id='block_1_82' title="bbox 1822 3711 3033 3782">
    <p class='ocr_par' dir='ltr' id='par_1_82' title="bbox 1822 3711 3033 3782">
     <span class='ocr_line' id='line_1_82' title="bbox 1822 3711 3033 3782; baseline 0.001 -15"><span class='ocrx_word' id='word_1_292' title='bbox 1822 3728 2022 3767; x_wconf 88' lang='lat' dir='ltr'><strong>nomen</strong></span> <span class='ocrx_word' id='word_1_293' title='bbox 2052 3711 2171 3782; x_wconf 79' lang='lat' dir='ltr'><strong>ejus</strong></span> <span class='ocrx_word' id='word_1_294' title='bbox 2654 3712 2893 3779; x_wconf 80' lang='lat' dir='ltr'><strong>Charias,</strong></span> <span class='ocrx_word' id='word_1_295' title='bbox 2918 3726 3033 3769; x_wconf 88' lang='lat' dir='ltr'><strong>tur-</strong></span> 
     </span>
    </p>
   </div>
   <div class='ocr_carea' id='block_1_83' title="bbox 1820 3784 2942 3847">
    <p class='ocr_par' dir='ltr' id='par_1_83' title="bbox 1820 3784 2942 3847">
     <span class='ocr_line' id='line_1_83' title="bbox 1820 3784 2942 3847; baseline -0.001 -7"><span class='ocrx_word' id='word_1_296' title='bbox 1820 3784 2082 3840; x_wconf 80' lang='lat' dir='ltr'><strong>EliSubel.</strong></span> <span class='ocrx_word' id='word_1_297' title='bbox 2655 3784 2815 3839; x_wconf 87' lang='lat' dir='ltr'><strong>batus</strong></span> <span class='ocrx_word' id='word_1_298' title='bbox 2836 3794 2942 3847; x_wconf 89' lang='lat' dir='ltr'><strong>est,</strong></span> 
     </span>
    </p>
   </div>
   <div class='ocr_carea' id='block_1_84' title="bbox 1823 3854 3024 3911">
    <p class='ocr_par' dir='ltr' id='par_1_84' title="bbox 1823 3854 3024 3911">
     <span class='ocr_line' id='line_1_84' title="bbox 1823 3854 3024 3911; baseline 0.001 -2"><span class='ocrx_word' id='word_1_299' title='bbox 1823 3856 1877 3909; x_wconf 83' lang='grc'><strong>6.</strong></span> <span class='ocrx_word' id='word_1_300' title='bbox 1922 3854 2097 3909; x_wconf 85' lang='lat' dir='ltr'><strong>Erant</strong></span> <span class='ocrx_word' id='word_1_301' title='bbox 2148 3861 2327 3909; x_wconf 89' lang='lat' dir='ltr'><strong>autem</strong></span> <span class='ocrx_word' id='word_1_302' title='bbox 2657 3863 2715 3909; x_wconf 88' lang='lat' dir='ltr'><strong>et</strong></span> <span class='ocrx_word' id='word_1_303' title='bbox 2746 3857 2911 3910; x_wconf 84' lang='lat' dir='ltr'><strong>timor</strong></span> <span class='ocrx_word' id='word_1_304' title='bbox 2935 3869 3024 3911; x_wconf 84' lang='lat' dir='ltr'><strong>ce-</strong></span> 
     </span>
    </p>
   </div>
   <div class='ocr_carea' id='block_1_85' title="bbox 1459 3977 2127 4036">
    <p class='ocr_par' dir='ltr' id='par_1_85' title="bbox 1459 3977 2127 4036">
     <span class='ocr_line' id='line_1_85' title="bbox 1459 3977 2127 4036; baseline -0.003 0"><span class='ocrx_word' id='word_1_305' title='bbox 1459 3979 1693 4036; x_wconf 81' lang='lat' dir='ltr'><strong>CODEX</strong></span> <span class='ocrx_word' id='word_1_306' title='bbox 1731 3977 2127 4035; x_wconf 76' lang='lat' dir='ltr'><strong>BRIXIANUS.</strong></span> 
     </span>
    </p>
   </div>
   <div class='ocr_carea' id='block_1_86' title="bbox 208 4069 1733 4142">
    <p class='ocr_par' dir='ltr' id='par_1_86' title="bbox 208 4069 1733 4142">
     <span class='ocr_line' id='line_1_86' title="bbox 208 4069 1733 4142; baseline 0.003 -17"><span class='ocrx_word' id='word_1_307' title='bbox 208 4069 465 4139; x_wconf 82' lang='lat' dir='ltr'><strong>Quoniam</strong></span> <span class='ocrx_word' id='word_1_308' title='bbox 498 4072 717 4142; x_wconf 87' lang='lat' dir='ltr'><strong>quidem</strong></span> <span class='ocrx_word' id='word_1_309' title='bbox 749 4074 906 4128; x_wconf 88' lang='lat' dir='ltr'><strong>multi</strong></span> <span class='ocrx_word' id='word_1_310' title='bbox 937 4075 1115 4129; x_wconf 85' lang='lat' dir='ltr'><strong>conati</strong></span> <span class='ocrx_word' id='word_1_311' title='bbox 1146 4086 1273 4129; x_wconf 88' lang='lat' dir='ltr'><strong>sunt</strong></span> <span class='ocrx_word' id='word_1_312' title='bbox 1322 4075 1574 4130; x_wconf 86' lang='lat' dir='ltr'><strong>ordinare</strong></span> <span class='ocrx_word' id='word_1_313' title='bbox 1607 4091 1733 4129; x_wconf 85' lang='lat' dir='ltr'><strong>nar-</strong></span> 
     </span>
    </p>
   </div>
   <div class='ocr_carea' id='block_1_87' title="bbox 150 4146 1726 4218">
    <p class='ocr_par' dir='ltr' id='par_1_87' title="bbox 150 4146 1726 4218">
     <span class='ocr_line' id='line_1_87' title="bbox 150 4146 1726 4218; baseline 0.004 -23"><span class='ocrx_word' id='word_1_314' title='bbox 150 4146 398 4218; x_wconf 76' lang='lat' dir='ltr'><strong>rationem</strong></span> <span class='ocrx_word' id='word_1_315' title='bbox 426 4160 612 4218; x_wconf 86' lang='lat' dir='ltr'><strong>rerum</strong></span> <span class='ocrx_word' id='word_1_316' title='bbox 638 4160 776 4218; x_wconf 81' lang='lat' dir='ltr'><strong>quae</strong></span> <span class='ocrx_word' id='word_1_317' title='bbox 806 4148 857 4199; x_wconf 91' lang='lat' dir='ltr'><strong>in</strong></span> <span class='ocrx_word' id='word_1_318' title='bbox 889 4148 1046 4202; x_wconf 90' lang='lat' dir='ltr'><strong>nobis</strong></span> <span class='ocrx_word' id='word_1_319' title='bbox 1069 4149 1377 4218; x_wconf 85' lang='lat' dir='ltr'><strong>completae</strong></span> <span class='ocrx_word' id='word_1_320' title='bbox 1406 4158 1550 4201; x_wconf 87' lang='lat' dir='ltr'><strong>sunt.</strong></span> <span class='ocrx_word' id='word_1_321' title='bbox 1584 4148 1726 4201; x_wconf 86' lang='lat' dir='ltr'><strong>sicut</strong></span> 
     </span>
    </p>
   </div>
   <div class='ocr_carea' id='block_1_88' title="bbox 151 4214 1731 4290">
    <p class='ocr_par' dir='ltr' id='par_1_88' title="bbox 151 4214 1731 4290">
     <span class='ocr_line' id='line_1_88' title="bbox 151 4214 1731 4290; baseline 0.004 -24"><span class='ocrx_word' id='word_1_322' title='bbox 151 4214 471 4290; x_wconf 83' lang='lat' dir='ltr'><strong>tradiderunt</strong></span> <span class='ocrx_word' id='word_1_323' title='bbox 528 4217 718 4282; x_wconf 82' lang='lat' dir='ltr'><strong>nobis,</strong></span> <span class='ocrx_word' id='word_1_324' title='bbox 775 4217 867 4286; x_wconf 86' lang='lat' dir='ltr'><strong>qui</strong></span> <span class='ocrx_word' id='word_1_325' title='bbox 914 4218 980 4271; x_wconf 84' lang='lat' dir='ltr'><strong>ab</strong></span> <span class='ocrx_word' id='word_1_326' title='bbox 1034 4214 1210 4273; x_wconf 47' lang='lat' dir='ltr'><strong>initio&#39;</strong></span> <span class='ocrx_word' id='word_1_327' title='bbox 1240 4220 1338 4290; x_wconf 77' lang='lat' dir='ltr'><strong>ipsi</strong></span> <span class='ocrx_word' id='word_1_328' title='bbox 1374 4219 1641 4273; x_wconf 81' lang='lat' dir='ltr'><strong>viderunt.</strong></span> <span class='ocrx_word' id='word_1_329' title='bbox 1676 4228 1731 4273; x_wconf 85' lang='lat' dir='ltr'><strong>el</strong></span> 
     </span>
    </p>
   </div>
   <div class='ocr_carea' id='block_1_89' title="bbox 151 4288 1731 4357">
    <p class='ocr_par' dir='ltr' id='par_1_89' title="bbox 151 4288 1731 4357">
     <span class='ocr_line' id='line_1_89' title="bbox 151 4288 1731 4357; baseline 0.004 -20"><span class='ocrx_word' id='word_1_330' title='bbox 151 4288 361 4341; x_wconf 80' lang='lat' dir='ltr'><strong>ministri</strong></span> <span class='ocrx_word' id='word_1_331' title='bbox 422 4292 641 4341; x_wconf 86' lang='lat' dir='ltr'><strong>luerunt</strong></span> <span class='ocrx_word' id='word_1_332' title='bbox 692 4290 842 4342; x_wconf 84' lang='lat' dir='ltr'><strong>verbi</strong></span> <span class='ocrx_word' id='word_1_333' title='bbox 894 4289 1096 4357; x_wconf 79' lang='lat' dir='ltr'><strong>placuit</strong></span> <span class='ocrx_word' id='word_1_334' title='bbox 1137 4298 1193 4344; x_wconf 85' lang='lat' dir='ltr'><strong>et</strong></span> <span class='ocrx_word' id='word_1_335' title='bbox 1249 4288 1378 4345; x_wconf 86' lang='lat' dir='ltr'><strong>mihi</strong></span> <span class='ocrx_word' id='word_1_336' title='bbox 1422 4292 1731 4345; x_wconf 73' lang='lat' dir='ltr'><strong>adseculoa</strong></span> 
     </span>
    </p>
   </div>
   <div class='ocr_carea' id='block_1_90' title="bbox 153 4357 1730 4431">
    <p class='ocr_par' dir='ltr' id='par_1_90' title="bbox 153 4357 1730 4431">
     <span class='ocr_line' id='line_1_90' title="bbox 153 4357 1730 4431; baseline 0.005 -23"><span class='ocrx_word' id='word_1_337' title='bbox 153 4357 418 4428; x_wconf 89' lang='lat' dir='ltr'><strong>principio.</strong></span> <span class='ocrx_word' id='word_1_338' title='bbox 471 4358 546 4426; x_wconf 79' lang='grc' dir='ltr'><strong>(ε)</strong></span> <span class='ocrx_word' id='word_1_339' title='bbox 582 4360 834 4431; x_wconf 77' lang='lat' dir='ltr'><strong>omnibus</strong></span> <span class='ocrx_word' id='word_1_340' title='bbox 854 4359 907 4431; x_wconf 14' lang='grc' dir='ltr'><strong>γ-ξ·</strong></span> <span class='ocrx_word' id='word_1_341' title='bbox 959 4361 1250 4431; x_wconf 83' lang='lat' dir='ltr'><strong>diligenter</strong></span> <span class='ocrx_word' id='word_1_342' title='bbox 1277 4378 1343 4417; x_wconf 81' lang='lat' dir='ltr'><strong>ex</strong></span> <span class='ocrx_word' id='word_1_343' title='bbox 1390 4362 1581 4416; x_wconf 82' lang='lat' dir='ltr'><strong>ordine</strong></span> <span class='ocrx_word' id='word_1_344' title='bbox 1635 4361 1730 4416; x_wconf 90' lang='lat' dir='ltr'><strong>tibi</strong></span> 
     </span>
    </p>
   </div>
   <div class='ocr_carea' id='block_1_91' title="bbox 153 4430 1736 4503">
    <p class='ocr_par' dir='ltr' id='par_1_91' title="bbox 153 4430 1736 4503">
     <span class='ocr_line' id='line_1_91' title="bbox 153 4430 1736 4503; baseline 0.004 -23"><span class='ocrx_word' id='word_1_345' title='bbox 153 4431 397 4503; x_wconf 72' lang='lat' dir='ltr'><strong>scribere.</strong></span> <span class='ocrx_word' id='word_1_346' title='bbox 426 4431 634 4499; x_wconf 85' lang='lat' dir='ltr'><strong>optime</strong></span> <span class='ocrx_word' id='word_1_347' title='bbox 682 4430 928 4485; x_wconf 70' lang='lat' dir='ltr'><strong>&#39;l‘beoﬁle</strong></span> <span class='ocrx_word' id='word_1_348' title='bbox 954 4441 1005 4485; x_wconf 92' lang='lat' dir='ltr'><strong>nt</strong></span> <span class='ocrx_word' id='word_1_349' title='bbox 1030 4430 1351 4503; x_wconf 65' lang='lat' dir='ltr'><strong>cognoscas.</strong></span> <span class='ocrx_word' id='word_1_350' title='bbox 1385 4449 1571 4487; x_wconf 71' lang='lat' dir='ltr'><strong>col-inn</strong></span> <span class='ocrx_word' id='word_1_351' title='bbox 1615 4448 1736 4486; x_wconf 71' lang='lat' dir='ltr'><strong>vor-</strong></span> 
     </span>
    </p>
   </div>
   <div class='ocr_carea' id='block_1_92' title="bbox 155 4496 1734 4570">
    <p class='ocr_par' dir='ltr' id='par_1_92' title="bbox 155 4496 1734 4570">
     <span class='ocr_line' id='line_1_92' title="bbox 155 4496 1734 4570; baseline 0.006 -21"><span class='ocrx_word' id='word_1_352' title='bbox 155 4496 343 4570; x_wconf 70' lang='lat' dir='ltr'><strong>liorum.</strong></span> <span class='ocrx_word' id='word_1_353' title='bbox 372 4502 441 4557; x_wconf 85' lang='lat' dir='ltr'><strong>de</strong></span> <span class='ocrx_word' id='word_1_354' title='bbox 467 4496 666 4570; x_wconf 68' lang='lat' dir='ltr'><strong>ipiibns</strong></span> <span class='ocrx_word' id='word_1_355' title='bbox 704 4503 950 4556; x_wconf 68' lang='lat' dir='ltr'><strong>eruditus</strong></span> <span class='ocrx_word' id='word_1_356' title='bbox 980 4520 1038 4557; x_wconf 89' lang='lat' dir='ltr'><strong>es</strong></span> <span class='ocrx_word' id='word_1_357' title='bbox 1061 4496 1343 4560; x_wconf 76' lang='lat' dir='ltr'><strong>veritatem</strong></span> <span class='ocrx_word' id='word_1_358' title='bbox 1378 4505 1502 4559; x_wconf 86' lang='lat' dir='ltr'><strong>Fuit</strong></span> <span class='ocrx_word' id='word_1_359' title='bbox 1534 4506 1583 4557; x_wconf 91' lang='lat' dir='ltr'><strong>in</strong></span> <span class='ocrx_word' id='word_1_360' title='bbox 1618 4503 1734 4558; x_wconf 88' lang='lat' dir='ltr'><strong>die-</strong></span> 
     </span>
    </p>
   </div>
   <div class='ocr_carea' id='block_1_93' title="bbox 154 4568 1733 4642">
    <p class='ocr_par' dir='ltr' id='par_1_93' title="bbox 154 4568 1733 4642">
     <span class='ocr_line' id='line_1_93' title="bbox 154 4568 1733 4642; baseline 0.003 -18"><span class='ocrx_word' id='word_1_361' title='bbox 154 4568 237 4642; x_wconf 79' lang='lat' dir='ltr'><strong>l_)us</strong></span> <span class='ocrx_word' id='word_1_362' title='bbox 273 4568 500 4628; x_wconf 75' lang='lat' dir='ltr'><strong>Herodis</strong></span> <span class='ocrx_word' id='word_1_363' title='bbox 544 4572 706 4641; x_wconf 80' lang='lat' dir='ltr'><strong>Regis</strong></span> <span class='ocrx_word' id='word_1_364' title='bbox 731 4572 926 4629; x_wconf 86' lang='lat' dir='ltr'><strong>Judae.</strong></span> <span class='ocrx_word' id='word_1_365' title='bbox 957 4574 1223 4630; x_wconf 62' lang='lat' dir='ltr'><strong>Sacerdos</strong></span> <span class='ocrx_word' id='word_1_366' title='bbox 1268 4576 1482 4642; x_wconf 75' lang='lat' dir='ltr'><strong>quidam</strong></span> <span class='ocrx_word' id='word_1_367' title='bbox 1514 4574 1733 4629; x_wconf 87' lang='lat' dir='ltr'><strong>nomine</strong></span> 
     </span>
    </p>
   </div>
   <div class='ocr_carea' id='block_1_94' title="bbox 156 4638 1733 4702">
    <p class='ocr_par' dir='ltr' id='par_1_94' title="bbox 156 4638 1733 4702">
     <span class='ocr_line' id='line_1_94' title="bbox 156 4638 1733 4702; baseline 0.005 -10"><span class='ocrx_word' id='word_1_368' title='bbox 156 4638 477 4699; x_wconf 73' lang='lat' dir='ltr'><strong>chcbarias.</strong></span> <span class='ocrx_word' id='word_1_369' title='bbox 513 4644 581 4698; x_wconf 83' lang='lat' dir='ltr'><strong>de</strong></span> <span class='ocrx_word' id='word_1_370' title='bbox 614 4638 728 4699; x_wconf 67' lang='lat' dir='ltr'><strong>vici:</strong></span> <span class='ocrx_word' id='word_1_371' title='bbox 759 4644 915 4701; x_wconf 86' lang='lat' dir='ltr'><strong>Abia.</strong></span> <span class='ocrx_word' id='word_1_372' title='bbox 949 4658 1002 4701; x_wconf 86' lang='lat' dir='ltr'><strong>et</strong></span> <span class='ocrx_word' id='word_1_373' title='bbox 1034 4662 1171 4702; x_wconf 83' lang='lat' dir='ltr'><strong>uxor</strong></span> <span class='ocrx_word' id='word_1_374' title='bbox 1200 4638 1371 4702; x_wconf 79' lang='lat' dir='ltr'><strong>illius.</strong></span> <span class='ocrx_word' id='word_1_375' title='bbox 1400 4664 1464 4701; x_wconf 79' lang='lat' dir='ltr'><strong>ex</strong></span> <span class='ocrx_word' id='word_1_376' title='bbox 1522 4647 1733 4700; x_wconf 88' lang='lat' dir='ltr'><strong>liliabns</strong></span> 
     </span>
    </p>
   </div>
   <div class='ocr_carea' id='block_1_95' title="bbox 156 4712 1731 4786">
    <p class='ocr_par' dir='ltr' id='par_1_95' title="bbox 156 4712 1731 4786">
     <span class='ocr_line' id='line_1_95' title="bbox 156 4712 1731 4786; baseline 0.004 -22"><span class='ocrx_word' id='word_1_377' title='bbox 156 4712 331 4786; x_wconf 77' lang='lat' dir='ltr'><strong>Aaron.</strong></span> <span class='ocrx_word' id='word_1_378' title='bbox 365 4726 420 4770; x_wconf 84' lang='lat' dir='ltr'><strong>et</strong></span> <span class='ocrx_word' id='word_1_379' title='bbox 447 4732 644 4771; x_wconf 86' lang='lat' dir='ltr'><strong>nomen</strong></span> <span class='ocrx_word' id='word_1_380' title='bbox 677 4717 816 4786; x_wconf 83' lang='lat' dir='ltr'><strong>ejus.</strong></span> <span class='ocrx_word' id='word_1_381' title='bbox 864 4717 1164 4773; x_wconf 84' lang='lat' dir='ltr'><strong>Elisabetb.</strong></span> <span class='ocrx_word' id='word_1_382' title='bbox 1192 4719 1363 4774; x_wconf 77' lang='lat' dir='ltr'><strong>Erant</strong></span> <span class='ocrx_word' id='word_1_383' title='bbox 1392 4729 1572 4773; x_wconf 87' lang='lat' dir='ltr'><strong>autem</strong></span> <span class='ocrx_word' id='word_1_384' title='bbox 1600 4718 1731 4786; x_wconf 87' lang='lat' dir='ltr'><strong>justi</strong></span> 
     </span>
    </p>
   </div>
   <div class='ocr_carea' id='block_1_96' title="bbox 157 4784 1732 4859">
    <p class='ocr_par' dir='ltr' id='par_1_96' title="bbox 157 4784 1732 4859">
     <span class='ocr_line' id='line_1_96' title="bbox 157 4784 1732 4859; baseline 0.006 -25"><span class='ocrx_word' id='word_1_385' title='bbox 157 4784 313 4842; x_wconf 80' lang='lat' dir='ltr'><strong>ambo.</strong></span> <span class='ocrx_word' id='word_1_386' title='bbox 338 4789 393 4843; x_wconf 90' lang='lat' dir='ltr'><strong>in</strong></span> <span class='ocrx_word' id='word_1_387' title='bbox 424 4784 719 4858; x_wconf 61' lang='lat' dir='ltr'><strong>consliecui</strong></span> <span class='ocrx_word' id='word_1_388' title='bbox 748 4787 864 4844; x_wconf 92' lang='lat' dir='ltr'><strong>Dei.</strong></span> <span class='ocrx_word' id='word_1_389' title='bbox 893 4789 1207 4847; x_wconf 84' lang='lat' dir='ltr'><strong>incedentes</strong></span> <span class='ocrx_word' id='word_1_390' title='bbox 1233 4791 1286 4845; x_wconf 91' lang='lat' dir='ltr'><strong>in</strong></span> <span class='ocrx_word' id='word_1_391' title='bbox 1303 4791 1553 4846; x_wconf 88' lang='lat' dir='ltr'><strong>omnibus</strong></span> <span class='ocrx_word' id='word_1_392' title='bbox 1580 4784 1732 4859; x_wconf 72' lang='lat' dir='ltr'><strong>prae-</strong></span> 
     </span>
    </p>
   </div>
   <div class='ocr_carea' id='block_1_97' title="bbox 1835 4070 3435 4144">
    <p class='ocr_par' dir='ltr' id='par_1_97' title="bbox 1835 4070 3435 4144">
     <span class='ocr_line' id='line_1_97' title="bbox 1835 4070 3435 4144; baseline -0.003 -16"><span class='ocrx_word' id='word_1_393' title='bbox 1835 4074 2027 4144; x_wconf 89' lang='lat' dir='ltr'><strong>ceptis.</strong></span> <span class='ocrx_word' id='word_1_394' title='bbox 2047 4084 2098 4125; x_wconf 93' lang='lat' dir='ltr'><strong>et</strong></span> <span class='ocrx_word' id='word_1_395' title='bbox 2121 4071 2603 4142; x_wconf 85' lang='lat' dir='ltr'><strong>jnstiﬁcationibns</strong></span> <span class='ocrx_word' id='word_1_396' title='bbox 2626 4071 2859 4127; x_wconf 87' lang='lat' dir='ltr'><strong>Domini.</strong></span> <span class='ocrx_word' id='word_1_397' title='bbox 2890 4072 3010 4144; x_wconf 68' lang='lat' dir='ltr'><strong>sine</strong></span> <span class='ocrx_word' id='word_1_398' title='bbox 3031 4070 3435 4144; x_wconf 74' lang='lat' dir='ltr'><strong>quaerelia._et</strong></span> 
     </span>
    </p>
   </div>
   <div class='ocr_carea' id='block_1_98' title="bbox 1837 4140 3429 4212">
    <p class='ocr_par' dir='ltr' id='par_1_98' title="bbox 1837 4140 3429 4212">
     <span class='ocr_line' id='line_1_98' title="bbox 1837 4140 3429 4212; baseline -0.004 -12"><span class='ocrx_word' id='word_1_399' title='bbox 1837 4140 1943 4200; x_wconf 75' lang='lat' dir='ltr'><strong>non</strong></span> <span class='ocrx_word' id='word_1_400' title='bbox 1976 4154 2092 4199; x_wconf 89' lang='lat' dir='ltr'><strong>erat</strong></span> <span class='ocrx_word' id='word_1_401' title='bbox 2119 4140 2227 4199; x_wconf 75' lang='lat' dir='ltr'><strong>illis</strong></span> <span class='ocrx_word' id='word_1_402' title='bbox 2259 4144 2418 4198; x_wconf 75' lang='lat' dir='ltr'><strong>(ilius:</strong></span> <span class='ocrx_word' id='word_1_403' title='bbox 2449 4160 2515 4197; x_wconf 91' lang='lat' dir='ltr'><strong>eo</strong></span> <span class='ocrx_word' id='word_1_404' title='bbox 2545 4145 2686 4212; x_wconf 82' lang='lat' dir='ltr'><strong>quod</strong></span> <span class='ocrx_word' id='word_1_405' title='bbox 2713 4154 2859 4199; x_wconf 64' lang='lat' dir='ltr'><strong>esspt</strong></span> <span class='ocrx_word' id='word_1_406' title='bbox 2889 4143 3168 4198; x_wconf 73' lang='lat' dir='ltr'><strong>Elisabeth</strong></span> <span class='ocrx_word' id='word_1_407' title='bbox 3208 4140 3429 4196; x_wconf 79' lang='lat' dir='ltr'><strong>sterilis.</strong></span> 
     </span>
    </p>
   </div>
   <div class='ocr_carea' id='block_1_99' title="bbox 1838 4213 3432 4287">
    <p class='ocr_par' dir='ltr' id='par_1_99' title="bbox 1838 4213 3432 4287">
     <span class='ocr_line' id='line_1_99' title="bbox 1838 4213 3432 4287; baseline -0.004 -15"><span class='ocrx_word' id='word_1_408' title='bbox 1838 4226 1894 4272; x_wconf 92' lang='lat' dir='ltr'><strong>et</strong></span> <span class='ocrx_word' id='word_1_409' title='bbox 1920 4218 2080 4271; x_wconf 83' lang='lat' dir='ltr'><strong>ambo</strong></span> <span class='ocrx_word' id='word_1_410' title='bbox 2112 4216 2387 4287; x_wconf 70' lang='lat' dir='ltr'><strong>progressi</strong></span> <span class='ocrx_word' id='word_1_411' title='bbox 2420 4226 2619 4287; x_wconf 85' lang='lat' dir='ltr'><strong>essent</strong></span> <span class='ocrx_word' id='word_1_412' title='bbox 2674 4214 2727 4269; x_wconf 92' lang='lat' dir='ltr'><strong>in</strong></span> <span class='ocrx_word' id='word_1_413' title='bbox 2780 4216 2972 4269; x_wconf 86' lang='lat' dir='ltr'><strong>diebus</strong></span> <span class='ocrx_word' id='word_1_414' title='bbox 3026 4218 3161 4269; x_wconf 74' lang='lat' dir='ltr'><strong>suis.</strong></span> <span class='ocrx_word' id='word_1_415' title='bbox 3198 4213 3432 4287; x_wconf 65' lang='lat' dir='ltr'><strong>factum</strong></span> 
     </span>
    </p>
   </div>
   <div class='ocr_carea' id='block_1_100' title="bbox 1837 4283 3438 4357">
    <p class='ocr_par' dir='ltr' id='par_1_100' title="bbox 1837 4283 3438 4357">
     <span class='ocr_line' id='line_1_100' title="bbox 1837 4283 3438 4357; baseline -0.004 -14"><span class='ocrx_word' id='word_1_416' title='bbox 1837 4300 1922 4344; x_wconf 91' lang='lat' dir='ltr'><strong>est</strong></span> <span class='ocrx_word' id='word_1_417' title='bbox 1968 4298 2169 4342; x_wconf 79' lang='lat' dir='ltr'><strong>autem.</strong></span> <span class='ocrx_word' id='word_1_418' title='bbox 2218 4283 2355 4341; x_wconf 30' lang='lat' dir='ltr'><strong>chm</strong></span> <span class='ocrx_word' id='word_1_419' title='bbox 2408 4286 2726 4342; x_wconf 82' lang='lat' dir='ltr'><strong>Sacerdotio</strong></span> <span class='ocrx_word' id='word_1_420' title='bbox 2804 4290 3136 4357; x_wconf 78' lang='lat' dir='ltr'><strong>fungeretur.</strong></span> <span class='ocrx_word' id='word_1_421' title='bbox 3198 4283 3438 4339; x_wconf 83' lang='lat' dir='ltr'><strong>Zaccba-</strong></span> 
     </span>
    </p>
   </div>
   <div class='ocr_carea' id='block_1_101' title="bbox 1837 4359 3435 4415">
    <p class='ocr_par' dir='ltr' id='par_1_101' title="bbox 1837 4359 3435 4415">
     <span class='ocr_line' id='line_1_101' title="bbox 1837 4359 3435 4415; baseline -0.004 0"><span class='ocrx_word' id='word_1_422' title='bbox 1837 4362 1969 4415; x_wconf 84' lang='lat' dir='ltr'><strong>rias.</strong></span> <span class='ocrx_word' id='word_1_423' title='bbox 2034 4362 2084 4414; x_wconf 91' lang='lat' dir='ltr'><strong>in</strong></span> <span class='ocrx_word' id='word_1_424' title='bbox 2158 4360 2350 4414; x_wconf 84' lang='lat' dir='ltr'><strong>ordine</strong></span> <span class='ocrx_word' id='word_1_425' title='bbox 2398 4359 2532 4413; x_wconf 79' lang='lat' dir='ltr'><strong>vicis</strong></span> <span class='ocrx_word' id='word_1_426' title='bbox 2596 4374 2726 4412; x_wconf 87' lang='lat' dir='ltr'><strong>suae</strong></span> <span class='ocrx_word' id='word_1_427' title='bbox 2779 4369 2907 4413; x_wconf 86' lang='lat' dir='ltr'><strong>ante</strong></span> <span class='ocrx_word' id='word_1_428' title='bbox 2968 4359 3155 4413; x_wconf 87' lang='lat' dir='ltr'><strong>Deum.</strong></span> <span class='ocrx_word' id='word_1_429' title='bbox 3242 4371 3435 4410; x_wconf 82' lang='lat' dir='ltr'><strong>secun-</strong></span> 
     </span>
    </p>
   </div>
   <div class='ocr_carea' id='block_1_102' title="bbox 1838 4429 3439 4487">
    <p class='ocr_par' dir='ltr' id='par_1_102' title="bbox 1838 4429 3439 4487">
     <span class='ocr_line' id='line_1_102' title="bbox 1838 4429 3439 4487; baseline -0.005 -1"><span class='ocrx_word' id='word_1_430' title='bbox 1838 4432 1965 4486; x_wconf 88' lang='lat' dir='ltr'><strong>dnm</strong></span> <span class='ocrx_word' id='word_1_431' title='bbox 2015 4431 2461 4487; x_wconf 65' lang='lat' dir='ltr'><strong>consuetudinem</strong></span> <span class='ocrx_word' id='word_1_432' title='bbox 2512 4429 2841 4486; x_wconf 77' lang='lat' dir='ltr'><strong>Sacertlotii.</strong></span> <span class='ocrx_word' id='word_1_433' title='bbox 2872 4446 2991 4483; x_wconf 86' lang='lat' dir='ltr'><strong>sors</strong></span> <span class='ocrx_word' id='word_1_434' title='bbox 3032 4430 3220 4484; x_wconf 80' lang='lat' dir='ltr'><strong>exivit.</strong></span> <span class='ocrx_word' id='word_1_435' title='bbox 3264 4438 3322 4481; x_wconf 92' lang='lat' dir='ltr'><strong>ut</strong></span> <span class='ocrx_word' id='word_1_436' title='bbox 3353 4429 3439 4479; x_wconf 87' lang='lat' dir='ltr'><strong>in-</strong></span> 
     </span>
    </p>
   </div>
   <div class='ocr_carea' id='block_1_103' title="bbox 1839 4497 3441 4572">
    <p class='ocr_par' dir='ltr' id='par_1_103' title="bbox 1839 4497 3441 4572">
     <span class='ocr_line' id='line_1_103' title="bbox 1839 4497 3441 4572; baseline -0.004 -15"><span class='ocrx_word' id='word_1_437' title='bbox 1839 4517 2062 4557; x_wconf 84' lang='lat' dir='ltr'><strong>censum</strong></span> <span class='ocrx_word' id='word_1_438' title='bbox 2115 4512 2362 4572; x_wconf 68' lang='lat' dir='ltr'><strong>ponorut.</strong></span> <span class='ocrx_word' id='word_1_439' title='bbox 2400 4504 2679 4572; x_wconf 78' lang='lat' dir='ltr'><strong>ingressus</strong></span> <span class='ocrx_word' id='word_1_440' title='bbox 2720 4500 2774 4555; x_wconf 87' lang='lat' dir='ltr'><strong>in</strong></span> <span class='ocrx_word' id='word_1_441' title='bbox 2808 4497 3341 4572; x_wconf 6' lang='lat' dir='ltr'><strong>templumpDomini</strong></span> <span class='ocrx_word' id='word_1_442' title='bbox 3384 4506 3441 4552; x_wconf 89' lang='lat' dir='ltr'><strong>et</strong></span> 
     </span>
    </p>
   </div>
   <div class='ocr_carea' id='block_1_104' title="bbox 1836 4570 3436 4643">
    <p class='ocr_par' dir='ltr' id='par_1_104' title="bbox 1836 4570 3436 4643">
     <span class='ocr_line' id='line_1_104' title="bbox 1836 4570 3436 4643; baseline -0.004 -16"><span class='ocrx_word' id='word_1_443' title='bbox 1836 4577 2014 4629; x_wconf 85' lang='lat' dir='ltr'><strong>omnis</strong></span> <span class='ocrx_word' id='word_1_444' title='bbox 2043 4570 2335 4629; x_wconf 84' lang='lat' dir='ltr'><strong>multitudo</strong></span> <span class='ocrx_word' id='word_1_445' title='bbox 2362 4570 2564 4643; x_wconf 83' lang='lat' dir='ltr'><strong>populi.</strong></span> <span class='ocrx_word' id='word_1_446' title='bbox 2586 4584 2701 4627; x_wconf 85' lang='lat' dir='ltr'><strong>erat</strong></span> <span class='ocrx_word' id='word_1_447' title='bbox 2722 4589 2885 4626; x_wconf 84' lang='lat' dir='ltr'><strong>orans</strong></span> <span class='ocrx_word' id='word_1_448' title='bbox 2909 4570 3058 4625; x_wconf 81' lang='lat' dir='ltr'><strong>loris.</strong></span> <span class='ocrx_word' id='word_1_449' title='bbox 3093 4570 3223 4625; x_wconf 81' lang='lat' dir='ltr'><strong>liora</strong></span> <span class='ocrx_word' id='word_1_450' title='bbox 3248 4570 3436 4623; x_wconf 88' lang='lat' dir='ltr'><strong>incen-</strong></span> 
     </span>
    </p>
   </div>
   <div class='ocr_carea' id='block_1_105' title="bbox 1836 4644 3434 4717">
    <p class='ocr_par' dir='ltr' id='par_1_105' title="bbox 1836 4644 3434 4717">
     <span class='ocr_line' id='line_1_105' title="bbox 1836 4644 3434 4717; baseline -0.004 -18"><span class='ocrx_word' id='word_1_451' title='bbox 1836 4646 1903 4700; x_wconf 87' lang='lat' dir='ltr'><strong>si.</strong></span> <span class='ocrx_word' id='word_1_452' title='bbox 1965 4644 2230 4717; x_wconf 86' lang='lat' dir='ltr'><strong>Apparuit</strong></span> <span class='ocrx_word' id='word_1_453' title='bbox 2281 4660 2461 4698; x_wconf 80' lang='lat' dir='ltr'><strong>autem</strong></span> <span class='ocrx_word' id='word_1_454' title='bbox 2518 4645 2594 4717; x_wconf 87' lang='lat' dir='ltr'><strong>ili_i</strong></span> <span class='ocrx_word' id='word_1_455' title='bbox 2645 4644 3148 4717; x_wconf 53' lang='lat' dir='ltr'><strong>AngelusUmnini.</strong></span> <span class='ocrx_word' id='word_1_456' title='bbox 3202 4650 3352 4717; x_wconf 78' lang='lat' dir='ltr'><strong>stans</strong></span> <span class='ocrx_word' id='word_1_457' title='bbox 3402 4653 3434 4692; x_wconf 88' lang='lat' dir='ltr'><strong>a</strong></span> 
     </span>
    </p>
   </div>
   <div class='ocr_carea' id='block_1_106' title="bbox 1832 4713 3433 4772">
    <p class='ocr_par' dir='ltr' id='par_1_106' title="bbox 1832 4713 3433 4772">
     <span class='ocr_line' id='line_1_106' title="bbox 1832 4713 3433 4772; baseline -0.004 0"><span class='ocrx_word' id='word_1_458' title='bbox 1832 4713 2039 4772; x_wconf 80' lang='lat' dir='ltr'><strong>dextris</strong></span> <span class='ocrx_word' id='word_1_459' title='bbox 2055 4713 2259 4772; x_wconf 72' lang='lat' dir='ltr'><strong>&#39;nbaris</strong></span> <span class='ocrx_word' id='word_1_460' title='bbox 2294 4716 2521 4770; x_wconf 87' lang='lat' dir='ltr'><strong>incensi.</strong></span> <span class='ocrx_word' id='word_1_461' title='bbox 2554 4714 2626 4770; x_wconf 86' lang='lat' dir='ltr'><strong>Et</strong></span> <span class='ocrx_word' id='word_1_462' title='bbox 2648 4716 2837 4772; x_wconf 88' lang='lat' dir='ltr'><strong>videns</strong></span> <span class='ocrx_word' id='word_1_463' title='bbox 2864 4713 3211 4771; x_wconf 82' lang='lat' dir='ltr'><strong>Zaccbarias.</strong></span> <span class='ocrx_word' id='word_1_464' title='bbox 3247 4713 3433 4771; x_wconf 85' lang='lat' dir='ltr'><strong>turba-</strong></span> 
     </span>
    </p>
   </div>
   <div class='ocr_carea' id='block_1_107' title="bbox 1836 4790 2451 4845">
    <p class='ocr_par' dir='ltr' id='par_1_107' title="bbox 1836 4790 2451 4845">
     <span class='ocr_line' id='line_1_107' title="bbox 1836 4790 2451 4845; baseline -0.003 -1"><span class='ocrx_word' id='word_1_465' title='bbox 1836 4799 1925 4844; x_wconf 91' lang='lat' dir='ltr'><strong>tus</strong></span> <span class='ocrx_word' id='word_1_466' title='bbox 1947 4800 2051 4845; x_wconf 88' lang='lat' dir='ltr'><strong>est.</strong></span> <span class='ocrx_word' id='word_1_467' title='bbox 2076 4801 2132 4844; x_wconf 91' lang='lat' dir='ltr'><strong>et</strong></span> <span class='ocrx_word' id='word_1_468' title='bbox 2155 4790 2317 4843; x_wconf 87' lang='lat' dir='ltr'><strong>timor</strong></span> <span class='ocrx_word' id='word_1_469' title='bbox 2355 4802 2451 4843; x_wconf 88' lang='lat' dir='ltr'><strong>ce-</strong></span> 
     </span>
    </p>
   </div>
   <div class='ocr_carea' id='block_1_108' title="bbox 1411 4902 2138 4962">
    <p class='ocr_par' dir='ltr' id='par_1_108' title="bbox 1411 4902 2138 4962">
     <span class='ocr_line' id='line_1_108' title="bbox 1411 4902 2138 4962; baseline -0.003 0"><span class='ocrx_word' id='word_1_470' title='bbox 1411 4902 1646 4962; x_wconf 74' lang='lat' dir='ltr'><strong>CODEX</strong></span> <span class='ocrx_word' id='word_1_471' title='bbox 1672 4902 2138 4960; x_wconf 80' lang='lat' dir='ltr'><strong>CORBEIENSIS.</strong></span> 
     </span>
    </p>
   </div>
   <div class='ocr_carea' id='block_1_109' title="bbox 215 4994 1735 5071">
    <p class='ocr_par' dir='ltr' id='par_1_109' title="bbox 215 4994 1735 5071">
     <span class='ocr_line' id='line_1_109' title="bbox 215 4994 1735 5071; baseline -0.001 -20"><span class='ocrx_word' id='word_1_472' title='bbox 215 4994 336 5052; x_wconf 59' lang='lat' dir='ltr'><strong>Car.</strong></span> <span class='ocrx_word' id='word_1_473' title='bbox 364 4997 815 5067; x_wconf 78' lang='lat' dir='ltr'><strong>l.—l.Quoniam</strong></span> <span class='ocrx_word' id='word_1_474' title='bbox 844 5000 1061 5071; x_wconf 90' lang='lat' dir='ltr'><strong>quidem</strong></span> <span class='ocrx_word' id='word_1_475' title='bbox 1095 5000 1249 5056; x_wconf 91' lang='lat' dir='ltr'><strong>multi</strong></span> <span class='ocrx_word' id='word_1_476' title='bbox 1278 5000 1458 5056; x_wconf 88' lang='lat' dir='ltr'><strong>conati</strong></span> <span class='ocrx_word' id='word_1_477' title='bbox 1486 5006 1735 5071; x_wconf 87' lang='lat' dir='ltr'><strong>sunt_or-</strong></span> 
     </span>
    </p>
   </div>
   <div class='ocr_carea' id='block_1_110' title="bbox 159 5062 1738 5144">
    <p class='ocr_par' dir='ltr' id='par_1_110' title="bbox 159 5062 1738 5144">
     <span class='ocr_line' id='line_1_110' title="bbox 159 5062 1738 5144; baseline 0.005 -28"><span class='ocrx_word' id='word_1_478' title='bbox 159 5062 325 5125; x_wconf 82' lang='lat' dir='ltr'><strong>dinare</strong></span> <span class='ocrx_word' id='word_1_479' title='bbox 362 5086 545 5126; x_wconf 88' lang='lat' dir='ltr'><strong>rerum</strong></span> <span class='ocrx_word' id='word_1_480' title='bbox 559 5062 968 5139; x_wconf 65' lang='lat' dir='ltr'><strong>narrationem,</strong></span> <span class='ocrx_word' id='word_1_481' title='bbox 998 5087 1121 5144; x_wconf 82' lang='lat' dir='ltr'><strong>quae</strong></span> <span class='ocrx_word' id='word_1_482' title='bbox 1159 5073 1212 5127; x_wconf 92' lang='lat' dir='ltr'><strong>in</strong></span> <span class='ocrx_word' id='word_1_483' title='bbox 1245 5072 1401 5128; x_wconf 87' lang='lat' dir='ltr'><strong>nobis</strong></span> <span class='ocrx_word' id='word_1_484' title='bbox 1453 5069 1738 5140; x_wconf 72' lang='lat' dir='ltr'><strong>completa:</strong></span> 
     </span>
    </p>
   </div>
   <div class='ocr_carea' id='block_1_111' title="bbox 161 5147 285 5194">
    <p class='ocr_par' dir='ltr' id='par_1_111' title="bbox 161 5147 285 5194">
     <span class='ocr_line' id='line_1_111' title="bbox 161 5147 285 5194; baseline 0.04 -5"><span class='ocrx_word' id='word_1_485' title='bbox 161 5147 285 5194; x_wconf 89' lang='lat' dir='ltr'><strong>sunt.</strong></span> 
     </span>
    </p>
   </div>
   <div class='ocr_carea' id='block_1_112' title="bbox 217 5350 1421 5418">
    <p class='ocr_par' dir='ltr' id='par_1_112' title="bbox 217 5350 1421 5418">
     <span class='ocr_line' id='line_1_112' title="bbox 217 5350 1421 5418; baseline 0.004 -18"><span class='ocrx_word' id='word_1_486' title='bbox 217 5350 236 5418; x_wconf 64' lang='grc' dir='ltr'><strong>ξ</strong></span> <span class='ocrx_word' id='word_1_487' title='bbox 266 5353 366 5418; x_wconf 66' lang='grc' dir='ltr'><strong>(ξω.</strong></span> <span class='ocrx_word' id='word_1_488' title='bbox 391 5353 665 5415; x_wconf 85' lang='lat' dir='ltr'><strong>adsequuto</strong></span> <span class='ocrx_word' id='word_1_489' title='bbox 688 5366 735 5403; x_wconf 90' lang='lat' dir='ltr'><strong>a.</strong></span> <span class='ocrx_word' id='word_1_490' title='bbox 771 5355 915 5418; x_wconf 75' lang='lat' dir='ltr'><strong>Vulg.</strong></span> <span class='ocrx_word' id='word_1_491' title='bbox 941 5361 1171 5418; x_wconf 84' lang='lat' dir='ltr'><strong>assecth</strong></span> <span class='ocrx_word' id='word_1_492' title='bbox 1192 5358 1353 5406; x_wconf 86' lang='lat' dir='ltr'><strong>omnia</strong></span> <span class='ocrx_word' id='word_1_493' title='bbox 1377 5370 1421 5405; x_wconf 86' lang='lat' dir='ltr'><strong>a.</strong></span> 
     </span>
    </p>
   </div>
   <div class='ocr_carea' id='block_1_113' title="bbox 219 5412 1683 5483">
    <p class='ocr_par' dir='ltr' id='par_1_113' title="bbox 219 5412 1683 5483">
     <span class='ocr_line' id='line_1_113' title="bbox 219 5412 1683 5483; baseline 0.003 -21"><span class='ocrx_word' id='word_1_494' title='bbox 219 5412 237 5483; x_wconf 70' lang='grc' dir='ltr'><strong>ξ</strong></span> <span class='ocrx_word' id='word_1_495' title='bbox 268 5414 371 5483; x_wconf 68' lang='lat' dir='ltr'><strong>Qut.</strong></span> <span class='ocrx_word' id='word_1_496' title='bbox 398 5412 750 5483; x_wconf 78' lang='lat' dir='ltr'><strong>processerunt</strong></span> <span class='ocrx_word' id='word_1_497' title='bbox 771 5412 935 5483; x_wconf 71' lang='lat' dir='ltr'><strong>aetate</strong></span> <span class='ocrx_word' id='word_1_498' title='bbox 963 5420 1030 5468; x_wconf 91' lang='lat' dir='ltr'><strong>in.</strong></span> <span class='ocrx_word' id='word_1_499' title='bbox 1064 5416 1210 5483; x_wconf 79' lang='lat' dir='ltr'><strong>Vulg.</strong></span> <span class='ocrx_word' id='word_1_500' title='bbox 1234 5418 1596 5483; x_wconf 72' lang='lat' dir='ltr'><strong>processissent</strong></span> <span class='ocrx_word' id='word_1_501' title='bbox 1616 5420 1683 5483; x_wconf 79' lang='lat' dir='ltr'><strong>in.</strong></span> 
     </span>
    </p>
   </div>
   <div class='ocr_carea' id='block_1_114' title="bbox 220 5474 1742 5545">
    <p class='ocr_par' dir='ltr' id='par_1_114' title="bbox 220 5474 1742 5545">
     <span class='ocr_line' id='line_1_114' title="bbox 220 5474 1742 5545; baseline 0.004 -22"><span class='ocrx_word' id='word_1_502' title='bbox 220 5474 238 5504; x_wconf 83' lang='grc'>⁸</span> <span class='ocrx_word' id='word_1_503' title='bbox 268 5476 371 5529; x_wconf 75' lang='lat' dir='ltr'><strong>Gal.</strong></span> <span class='ocrx_word' id='word_1_504' title='bbox 392 5474 622 5541; x_wconf 73' lang='lat' dir='ltr'><strong>poneret,</strong></span> <span class='ocrx_word' id='word_1_505' title='bbox 648 5480 698 5529; x_wconf 88' lang='lat' dir='ltr'><strong>in</strong></span> <span class='ocrx_word' id='word_1_506' title='bbox 718 5480 903 5543; x_wconf 89' lang='lat' dir='ltr'><strong>templo</strong></span> <span class='ocrx_word' id='word_1_507' title='bbox 925 5474 1199 5544; x_wconf 72' lang='lat' dir='ltr'><strong>ingressus.</strong></span> <span class='ocrx_word' id='word_1_508' title='bbox 1235 5474 1388 5545; x_wconf 66' lang='lat' dir='ltr'><strong>Vulg.</strong></span> <span class='ocrx_word' id='word_1_509' title='bbox 1415 5487 1647 5544; x_wconf 84' lang='lat' dir='ltr'><strong>poneret,</strong></span> <span class='ocrx_word' id='word_1_510' title='bbox 1667 5482 1742 5529; x_wconf 85' lang='lat' dir='ltr'><strong>in-</strong></span> 
     </span>
    </p>
   </div>
   <div class='ocr_carea' id='block_1_115' title="bbox 1914 4995 2684 5053">
    <p class='ocr_par' dir='ltr' id='par_1_115' title="bbox 1914 4995 2684 5053">
     <span class='ocr_line' id='line_1_115' title="bbox 1914 4995 2684 5053; baseline -0.006 -1"><span class='ocrx_word' id='word_1_511' title='bbox 1914 5000 1968 5053; x_wconf 81' lang='lat'><strong>5.</strong></span> <span class='ocrx_word' id='word_1_512' title='bbox 2002 4999 2069 5052; x_wconf 88' lang='lat' dir='ltr'><strong>Et</strong></span> <span class='ocrx_word' id='word_1_513' title='bbox 2098 5012 2235 5053; x_wconf 82' lang='lat' dir='ltr'><strong>uxor</strong></span> <span class='ocrx_word' id='word_1_514' title='bbox 2256 4995 2336 5051; x_wconf 90' lang='lat' dir='ltr'><strong>illi</strong></span> <span class='ocrx_word' id='word_1_515' title='bbox 2363 4995 2431 5052; x_wconf 93' lang='lat' dir='ltr'><strong>de</strong></span> <span class='ocrx_word' id='word_1_516' title='bbox 2454 4995 2684 5051; x_wconf 80' lang='lat' dir='ltr'><strong>ﬁliabus.</strong></span> 
     </span>
    </p>
   </div>
   <div class='ocr_carea' id='block_1_116' title="bbox 1916 5066 2646 5141">
    <p class='ocr_par' dir='ltr' id='par_1_116' title="bbox 1916 5066 2646 5141">
     <span class='ocr_line' id='line_1_116' title="bbox 1916 5066 2646 5141; baseline -0.007 -15"><span class='ocrx_word' id='word_1_517' title='bbox 1916 5072 2007 5126; x_wconf 83' lang='grc'><strong>10.</strong></span> <span class='ocrx_word' id='word_1_518' title='bbox 2040 5069 2231 5141; x_wconf 80' lang='lat' dir='ltr'><strong>Pupuli</strong></span> <span class='ocrx_word' id='word_1_519' title='bbox 2256 5069 2447 5126; x_wconf 88' lang='lat' dir='ltr'><strong>orabat</strong></span> <span class='ocrx_word' id='word_1_520' title='bbox 2494 5066 2646 5123; x_wconf 79' lang='lat' dir='ltr'><strong>foris.</strong></span> 
     </span>
    </p>
   </div>
   <div class='ocr_carea' id='block_1_117' title="bbox 1383 5251 2232 5319">
    <p class='ocr_par' dir='ltr' id='par_1_117' title="bbox 1383 5251 2232 5319">
     <span class='ocr_line' id='line_1_117' title="bbox 1383 5251 2232 5319; baseline -0.014 0"><span class='ocrx_word' id='word_1_521' title='bbox 1383 5258 1783 5319; x_wconf 82' lang='lat' dir='ltr'><strong>VARIANTES</strong></span> <span class='ocrx_word' id='word_1_522' title='bbox 1818 5251 2232 5313; x_wconf 84' lang='lat' dir='ltr'><strong>LECTIONES.</strong></span> 
     </span>
    </p>
   </div>
   <div class='ocr_carea' id='block_1_118' title="bbox 1845 5344 2399 5411">
    <p class='ocr_par' dir='ltr' id='par_1_118' title="bbox 1845 5344 2399 5411">
     <span class='ocr_line' id='line_1_118' title="bbox 1845 5344 2399 5411; baseline -0.007 -14"><span class='ocrx_word' id='word_1_523' title='bbox 1845 5359 2050 5411; x_wconf 82' lang='lat' dir='ltr'><strong>gressus</strong></span> <span class='ocrx_word' id='word_1_524' title='bbox 2070 5346 2136 5411; x_wconf 70' lang='lat' dir='ltr'><strong>id</strong></span> <span class='ocrx_word' id='word_1_525' title='bbox 2144 5344 2399 5411; x_wconf 84' lang='lat' dir='ltr'><strong>templum.</strong></span> 
     </span>
    </p>
   </div>
   <div class='ocr_carea' id='block_1_119' title="bbox 1908 5402 3285 5470">
    <p class='ocr_par' dir='ltr' id='par_1_119' title="bbox 1908 5402 3285 5470">
     <span class='ocr_line' id='line_1_119' title="bbox 1908 5402 3285 5470; baseline -0.006 -9"><span class='ocrx_word' id='word_1_526' title='bbox 1908 5410 1931 5442; x_wconf 67' lang='grc'><strong>⁸</strong></span> <span class='ocrx_word' id='word_1_527' title='bbox 1966 5411 2075 5461; x_wconf 85' lang='lat' dir='ltr'><strong>Gal.</strong></span> <span class='ocrx_word' id='word_1_528' title='bbox 2096 5402 2265 5461; x_wconf 77' lang='lat' dir='ltr'><strong>altaris</strong></span> <span class='ocrx_word' id='word_1_529' title='bbox 2301 5405 2682 5469; x_wconf 80' lang='lat' dir='ltr'><strong>supplicationis.</strong></span> <span class='ocrx_word' id='word_1_530' title='bbox 2716 5402 2863 5470; x_wconf 75' lang='lat' dir='ltr'><strong>Vulg.</strong></span> <span class='ocrx_word' id='word_1_531' title='bbox 2897 5403 3064 5456; x_wconf 76' lang='lat' dir='ltr'><strong>altaris</strong></span> <span class='ocrx_word' id='word_1_532' title='bbox 3083 5405 3285 5455; x_wconf 75' lang='lat' dir='ltr'><strong>incensi.</strong></span> 
     </span>
    </p>
   </div>
   <div class='ocr_carea' id='block_1_120' title="bbox 1458 5586 2093 5645">
    <p class='ocr_par' dir='ltr' id='par_1_120' title="bbox 1458 5586 2093 5645">
     <span class='ocr_line' id='line_1_120' title="bbox 1458 5586 2093 5645; baseline -0.006 0"><span class='ocrx_word' id='word_1_533' title='bbox 1458 5586 1823 5645; x_wconf 77' lang='lat' dir='ltr'><strong>BLANCHINI</strong></span> <span class='ocrx_word' id='word_1_534' title='bbox 1859 5586 2093 5645; x_wconf 65' lang='grc' dir='ltr'><strong>ΝΟΤΔΕ.</strong></span> 
     </span>
    </p>
   </div>
   <div class='ocr_carea' id='block_1_121' title="bbox 233 5674 3445 5781">
    <p class='ocr_par' dir='ltr' id='par_1_121' title="bbox 233 5674 3445 5781">
     <span class='ocr_line' id='line_1_121' title="bbox 233 5674 3445 5781; baseline -0.001 -26"><span class='ocrx_word' id='word_1_535' title='bbox 233 5700 303 5774; x_wconf 73' lang='lat' dir='ltr'><strong>to)</strong></span> <span class='ocrx_word' id='word_1_536' title='bbox 326 5704 462 5781; x_wconf 43' lang='lat' dir='ltr'><strong>Pege</strong></span> <span class='ocrx_word' id='word_1_537' title='bbox 487 5715 876 5781; x_wconf 65' lang='lat' dir='ltr'><strong>temptaverunt.</strong></span> <span class='ocrx_word' id='word_1_538' title='bbox 899 5737 968 5749; x_wconf 89' lang='lat'><strong>-—-</strong></span> <span class='ocrx_word' id='word_1_539' title='bbox 998 5706 1074 5781; x_wconf 88' lang='lat' dir='ltr'><strong>(b)</strong></span> <span class='ocrx_word' id='word_1_540' title='bbox 1099 5706 1272 5781; x_wconf 75' lang='lat' dir='ltr'><strong>Addit</strong></span> <span class='ocrx_word' id='word_1_541' title='bbox 1292 5716 1339 5761; x_wconf 81' lang='lat' dir='ltr'><strong>et</strong></span> <span class='ocrx_word' id='word_1_542' title='bbox 1369 5706 1593 5779; x_wconf 73' lang='lat' dir='ltr'><strong>Spiritui</strong></span> <span class='ocrx_word' id='word_1_543' title='bbox 1634 5716 1809 5762; x_wconf 82' lang='lat' dir='ltr'><strong>sancto</strong></span> <span class='ocrx_word' id='word_1_544' title='bbox 1832 5748 1848 5771; x_wconf 88' lang='lat'><strong>,</strong></span> <span class='ocrx_word' id='word_1_545' title='bbox 1881 5706 2041 5761; x_wconf 83' lang='lat' dir='ltr'><strong>etiam</strong></span> <span class='ocrx_word' id='word_1_546' title='bbox 2070 5703 2232 5760; x_wconf 83' lang='lat' dir='ltr'><strong>Goth.</strong></span> <span class='ocrx_word' id='word_1_547' title='bbox 2264 5704 2350 5757; x_wconf 72' lang='grc' dir='ltr'><strong>καὶ</strong></span> <span class='ocrx_word' id='word_1_548' title='bbox 2376 5709 2447 5755; x_wconf 79' lang='grc' dir='ltr'>τῶ</span> <span class='ocrx_word' id='word_1_549' title='bbox 2469 5702 2721 5771; x_wconf 78' lang='grc' dir='ltr'><strong>Πνεύματι</strong></span> <span class='ocrx_word' id='word_1_550' title='bbox 2765 5696 2913 5768; x_wconf 67' lang='grc' dir='ltr'><strong>ᾃγίῳ.</strong></span> <span class='ocrx_word' id='word_1_551' title='bbox 2964 5700 3028 5750; x_wconf 68' lang='lat' dir='ltr'><strong>ex</strong></span> <span class='ocrx_word' id='word_1_552' title='bbox 3056 5694 3176 5749; x_wconf 79' lang='lat' dir='ltr'><strong>Act.</strong></span> <span class='ocrx_word' id='word_1_553' title='bbox 3227 5693 3329 5765; x_wconf 85' lang='lat' dir='ltr'><strong>Ap.</strong></span> <span class='ocrx_word' id='word_1_554' title='bbox 3350 5674 3445 5752; x_wconf 57' lang='lat' dir='ltr'><strong>sv.</strong></span> 
     </span>
    </p>
   </div>
   <div class='ocr_carea' id='block_1_122' title="bbox 172 5774 1569 5849">
    <p class='ocr_par' dir='ltr' id='par_1_122' title="bbox 172 5774 1569 5849">
     <span class='ocr_line' id='line_1_122' title="bbox 172 5774 1569 5849; baseline 0.001 -22"><span class='ocrx_word' id='word_1_555' title='bbox 172 5782 297 5828; x_wconf 62' lang='lat' dir='ltr'><strong>vers.</strong></span> <span class='ocrx_word' id='word_1_556' title='bbox 323 5774 485 5830; x_wconf 69' lang='lat'><strong>28.--</strong></span> <span class='ocrx_word' id='word_1_557' title='bbox 508 5776 583 5849; x_wconf 76' lang='grc' dir='ltr'><strong>(ε)</strong></span> <span class='ocrx_word' id='word_1_558' title='bbox 612 5778 771 5833; x_wconf 80' lang='lat' dir='ltr'><strong>Juxta</strong></span> <span class='ocrx_word' id='word_1_559' title='bbox 797 5774 1355 5847; x_wconf 43' lang='lat' dir='ltr'><strong>Graecam&#39;synlaxim,</strong></span> <span class='ocrx_word' id='word_1_560' title='bbox 1386 5774 1569 5835; x_wconf 55' lang='grc' dir='ltr'><strong>πλᾶσιὺ.</strong></span> 
     </span>
    </p>
   </div>
  </div>
