3874 6326
440 198 543 254 δοδ
704 251 714 258 ,
979 197 1248 257 EUSEBll
1289 195 1627 255 VERCELL.
1668 198 2122 259 EVANGELIUM
2159 201 2304 259 CUM
2345 200 2575 262 VARIIS
2609 200 2768 260 COD.
2801 203 3196 262 COLLATUM.

834 316 1065 374 CODEX
1107 315 1656 376 VERCELLENSIS.

444 453 456 465 ο
540 454 552 468 ο
639 454 651 467 ο
733 456 744 467 ι
827 451 840 466 ο
923 456 936 467 ο
1019 455 1031 466 ο
1114 451 1127 467 ο

442 593 458 608 ο
537 597 552 616 ο
637 599 649 612 ο
731 599 746 614 ο
827 597 838 608 ο
920 597 934 610 ο
1016 598 1027 610 ο
1111 594 1127 611 ο

441 843 529 896 15.
573 843 715 897 niam
739 856 866 899 ecce

440 915 690 969 exaudita
713 923 799 970 est

441 986 618 1040 oratio
647 997 735 1041 tua
774 1005 785 1040 :

440 1066 494 1112 ει
524 1073 661 1112 11101⁸
694 1067 788 1113 tua

437 1127 686 1184 EIiSabet
718 1145 815 1200 pa-

437 1201 542 1255 riet
574 1201 672 1255 tibi
702 1203 808 1255 lili-

439 1287 553 1336 um,
579 1280 634 1326 et
662 1287 822 1328 voca-

437 1343 520 1396 vis
544 1359 744 1398 nomen

400 1459 402 1461 .
439 1415 556 1483 ejus
586 1414 795 1470 Johan-

439 1487 531 1541 14.
563 1501 696 1561 nem
726 1487 977 1561 :eritque

437 1557 692 1627 gaudium
724 1560 793 1612 ti-

441 1630 525 1694 bi,
556 1641 610 1684 et
641 1631 842 1684 exulta-

440 1700 542 1764 tio,
575 1709 630 1754 ct
664 1702 821 1757 multi

441 1773 496 1825 in
525 1773 777 1828 nativita-

443 1854 496 1897 te
526 1843 644 1911 ejus
673 1845 879 1914 gaude-

443 1915 531 1968 15.
577 1915 710 1969 bunt
741 1933 754 1970 :
784 1919 889 1973 erit

442 1986 587 2041 enim
618 2001 770 2056 mag-

441 2071 543 2111 nus
573 2058 624 2111 in
655 2072 818 2112 cons-

442 2138 601 2199 pectu
627 2129 842 2187 Domini
870 2151 883 2186 :

440 2209 496 2256 et
526 2199 732 2263 vinum,
765 2211 823 2258 et

441 2272 615 2326 sicera
646 2288 754 2328 non

441 2343 619 2419 bibet;
651 2355 704 2419 et
733 2345 830 2419 Sp.
881 2388 894 2403 .
941 2389 956 2404 .
1001 2390 1016 2404 .
1064 2394 1076 2406 .

441 2415 641 2471 Sancm
670 2416 757 2470 in-

444 2486 678 2552 plebitur
699 2489 766 2542 ad
781 2520 796 2530 -

443 2557 550 2611 huc
580 2574 647 2612 ex
677 2570 832 2617 utero
857 2565 1046 2622 matris

445 2629 536 2683 16.
580 2644 742 2697 suae;
767 2643 823 2690 et
851 2637 991 2691 ιηυι-

444 2710 531 2754 tos
555 2699 789 2759 ﬁliorum

444 2772 673 2827 Istrahel
701 2790 834 2832 con-

443 2851 620 2898 vertet
646 2846 712 2900 ad

444 2915 737 2996 Dominum
767 2921 936 2977 Deum
964 2921 1045 2996 ip-

448 2988 539 3041 17.
582 3003 798 3055 sorum;
829 3003 884 3048 et

1310 413 1453 467 tilum
1488 428 1609 484 per-

1294 495 1497 540 ectum.

1275 556 1361 611 18.
1408 557 1474 611 Et
1503 557 1577 611 ait
1602 556 1802 614 Zaclia.
1850 599 1861 611 .

1272 643 1334 700 as
1359 627 1428 682 ad
1469 631 1650 700 Ange-

1275 699 1423 754 lum:
1455 699 1613 758 Unde
1638 702 1740 758 hoc

1273 771 1467 826 sciam?
1495 787 1594 842 ego

1277 842 1423 897 enim
1454 858 1623 898 senex

1277 928 1421 980 sum,
1447 923 1502 969 et
1529 930 1664 971 uxor

1277 1000 1398 1040 mea
1432 995 1650 1055 proces-

1277 1057 1349 1110 sit
1379 1058 1431 1111 in
1461 1057 1654 1112 diebus
1692 1059 1826 1113 suis.

1282 1128 1366 1183 19.
1395 1129 1460 1182 Et
1499 1130 1840 1199 respondens

1278 1199 1518 1269 Angelus
1545 1201 1628 1254 di-

1278 1269 1359 1342 xit
1390 1271 1439 1326 ei
1467 1290 1478 1324 :
1509 1272 1620 1342 Ego
1655 1285 1775 1328 sum

1277 1341 1520 1408 Gabriel,
1550 1341 1640 1413 Qui

1276 1413 1482 1468 adsisto
1505 1415 1558 1468 in

1275 1495 1576 1554 conspectu

1277 1556 1374 1610 Dei
1403 1575 1416 1610 :
1448 1566 1504 1611 et
1530 1557 1729 1612 missus

1277 1643 1396 1682 sum
1426 1629 1573 1698 loqui

1277 1698 1343 1752 ad
1369 1709 1439 1762 te,
1466 1709 1519 1753 et
1540 1701 1663 1754 veni
1698 1715 1759 1754 n-

1279 1771 1492 1824 untiare
1524 1771 1622 1826 tibi

1276 1840 1367 1896 20.
1412 1841 1564 1896 haec.
1594 1843 1659 1898 Et
1674 1858 1803 1900 ecce

1279 1912 1390 1967 eris
1415 1914 1435 1942 ¹
1461 1922 1666 1979 tacens,

1281 1992 1336 2039 et
1376 1999 1483 2038 non
1519 1995 1661 2054 pote-

1281 2055 1356 2109 ris
1383 2054 1531 2124 loqui
1564 2073 1652 2111 us—

1284 2167 1296 2179 .
1344 2165 1358 2178 .
1392 2141 1460 2182 ue
1488 2128 1540 2180 in
1574 2128 1742 2195 diem,

1285 2238 1295 2249 .
1345 2237 1357 2249 .
1404 2239 1416 2250 .
1442 2216 1474 2252 ο
1503 2200 1810 2265 ﬁatithaec,

1281 2270 1534 2338 quoniam
1560 2286 1669 2326 non

1282 2340 1559 2395 credidisti

1284 2412 1468 2466 verbis
1497 2427 1610 2468 me—

1281 2484 1346 2556 is,
1374 2498 1498 2553 qua.
1544 2524 1558 2539 .
1603 2522 1618 2538 .
1648 2484 1823 2556 mple-

1282 2552 1486 2608 buntur
1511 2566 1648 2612 tem-

1281 2641 1414 2692 pore
1444 2641 1563 2681 suo.

1280 2697 1370 2751 21.
1413 2697 1480 2751 Ει
1507 2707 1630 2754 erat
1654 2713 1823 2770 popu-

1282 2769 1364 2822 lus
1395 2783 1690 2840 expectans

1281 2841 1597 2896 Zachariam
1622 2863 1634 2896 :

1281 2922 1337 2968 et
1365 2912 1638 2968 miraban-

1285 2997 1391 3050 tur,
1423 2987 1566 3055 quod
1601 3003 1715 3042 ino-

2572 321 2808 377 CODEX
2851 321 3303 380 VERONENSIS.

2143 415 2275 470 cidit
2313 430 2476 485 super
2986 416 3199 472 lectam.

2144 485 2318 542 illum.
2986 488 3072 542 18.
3117 488 3179 543 Et
3204 487 3343 544 dixit
3369 487 3492 544 Zac-

2146 558 2236 611 13.
2280 556 2356 629 (a)
2391 557 2706 628 Et-j'aitad
2982 560 3195 615 cliarias
3213 560 3282 616 ad

2144 629 2295 700 illum
2325 630 2585 700 Angelus,
2983 631 3246 700 Angelum
3274 649 3287 686 :

2144 699 2333 755 dicens
2363 720 2378 755 :
2406 699 2482 755 Ne
2985 699 3140 758 Unde
3173 705 3276 760 hoc

2151 771 2343 845 timeas
2373 771 2392 801 ⁸
2423 771 2525 826 Za-
2986 776 3181 828 sciam?
3206 791 3310 845 ego

2146 842 2357 907 cliaria,
2382 859 2516 914 quo-
2985 847 3130 900 enim
3160 842 3332 903 senex

2149 914 2290 967 niam
2319 916 2482 970 obse-
2721 957 2724 960 .
2987 933 3130 982 sum,
3155 927 3209 974 et
3251 934 3388 974 uxor

2148 985 2319 1058 cratio
2334 1057 2337 1058 ν
2352 994 2438 1040 tua
2987 1003 3107 1044 mea
3129 991 3434 1058 processior

2149 1056 2400 1112 exaudita
2418 1067 2536 1114 est:
2567 1071 2622 1117 et
2988 1061 3039 1114 in
3065 1056 3256 1121 diebus
3296 1062 3427 1116 suis.

2149 1142 2287 1202 uiror
2301 1138 2402 1202 tua
2987 1130 3076 1202 19.
3120 1132 3187 1186 Ει
3216 1132 3545 1202 respondens

2149 1196 2385 1271 Elisabel
2418 1217 2509 1271 pa-
2531 1241 2534 1244 .

2149 1269 2251 1324 rie't
2276 1271 2369 1326 tibi
2394 1269 2456 1326 ti-

2148 1339 2303 1408 lium,
2330 1348 2386 1395 et
2419 1359 2497 1399 vo-

2151 1413 2301 1467 cabis
2326 1429 2523 1472 nomen

2151 1483 2269 1551 ejus
2297 1483 2501 1541 Johan-

2156 1553 2243 1608 M.
2284 1571 2390 1611 neu
2419 1575 2430 1611 :
2463 1568 2519 1614 et
2543 1563 2646 1615 erit

2151 1626 2409 1694 gaudium
2436 1631 2553 1698 tibi,

2152 1704 2209 1750 et
2232 1699 2522 1768 exultatio,

2154 1777 2208 1822 et
2239 1770 2396 1825 multi
2427 1773 2480 1827 in

2154 1840 2440 1914 nativitate
2470 1844 2590 1914 ejus

2153 1911 2510 1980 gaudebunti

2155 1983 2247 2037 15.
2289 1985 2393 2039 erit
2423 1987 2567 2041 enim

2157 2069 2384 2125 magnus
2408 2072 2592 2113 coram

2159 2124 2420 2194 Domino;

2158 2204 2215 2278 et
2241 2197 2446 2272 viuum,
2480 2208 2537 2256 et

2157 2281 2385 2324 srceram
2419 2287 2528 2327 non

2157 2339 2341 2408 bibet;
2366 2351 2423 2396 et

2156 2410 2360 2481 Spiritu
2385 2413 2522 2470 San-

2076 2479 2083 2486 ”
2156 2479 2246 2538 cto
2275 2486 2508 2555 replebi-

2158 2565 2246 2609 lUl‘
2273 2572 2338 2639 C_X
2373 2567 2532 2616 Illel'O

2155 2636 2346 2683 matris
2375 2645 2526 2696 suae;

2155 2699 2244 2753 16.
2286 2709 2341 2756 et
2391 2704 2592 2758 multos

2155 2771 2296 2826 ﬁlios
2325 2773 2550 2830 Istrahel
2577 2788 2805 2831 conver-

2157 2852 2234 2896 tet
2254 2843 2321 2896 ad
2358 2845 2460 2897 Do-

2157 2914 2362 2969 minum
2393 2916 2562 2972 Deum

2156 2989 2245 3043 17.
2289 2989 2553 3058 ipsorum;
2580 2995 2635 3044 et

2988 1201 3228 1274 Angelus
3257 1204 3396 1260 dixit

2988 1275 3036 1328 ei
3062 1291 3076 1329 ε
3115 1276 3227 1344 Ego
3259 1291 3381 1331 sum

2989 1344 3231 1411 Gabriel,
3264 1348 3356 1416 qui

2990 1417 3197 1471 adsisto
3227 1427 3356 1473 ante

2993 1488 3283 1543 Dominum
3320 1508 3332 1543 :
3356 1498 3410 1544 et

2994 1559 3220 1615 missum
3246 1561 3395 1630 loqui

2993 1637 3049 1683 at
3069 1638 3143 1696 te,
3176 1643 3233 1686 et
3258 1632 3392 1688 haec

2995 1703 3090 1754 tibi
3122 1718 3292 1758 evan-

2993 1772 3084 1828 20.
3128 1774 3390 1844 gelizare.
3423 1771 3485 1828 Et

2996 1859 3125 1899 CCCC
3153 1860 3266 1900 ΕΗΒ

3000 1925 3206 1982 tacens,
3241 1925 3298 1971 et
3325 1932 3429 1971 non

2999 1988 3202 2056 poteris
3232 1987 3383 2056 loqui

2999 2072 3168 2126 usque
3200 2059 3258 2113 in
3291 2057 3453 2125 diem,

2997 2144 3106 2198 quo
3127 2129 3268 2186 haec

3000 2202 3150 2272 liant,
3184 2209 3410 2272 propter

2963 2300 2965 2303 -
2998 2271 3123 2339 hoc,
3148 2271 3278 2343 quia

2997 2357 3105 2398 non
3133 2343 3416 2399 credidisti

2996 2416 3179 2469 verbis
3205 2417 3371 2481 meis,

2996 2501 3135 2556 quae
3167 2487 3362 2557 imple-

2995 2557 3196 2612 buntur
3224 2559 3282 2611 in

2999 2637 3244 2700 tempore
3275 2645 3394 2684 suo.

2993 2700 3086 2754 2i.
3130 2703 3196 2756 Et
3226 2715 3345 2757 erat
3364 2701 3508 2774 plebs

2992 2783 3296 2842 expectans

2995 2843 3351 2900 Zacchariam
3375 2862 3389 2899 :

2994 2924 3047 2970 et
3071 2915 3433 2980 mirabantur,

2995 3003 3060 3041 eo
3088 2988 3236 3057 quod
3264 2997 3375 3042 tar-

1284 3073 1398 3112 ram
1423 3059 1625 3113 faceret.

442 3059 562 3126 ipse
590 3064 821 3128 praeibit

446 3131 498 3183 iu
531 3145 796 3199 couspec-
1286 3131 1338 3184 in
1369 3131 1590 3199 templo.

444 3146 498 3183 ιιι
531 3145 796 3202 conspec-

444 3211 500 3256 tu
533 3202 650 3272 ejus
672 3201 732 3258 in
754 3204 970 3278 spiritu,
1284 3201 1376 3255 22.
1425 3203 1686 3272 Egressus
1714 3216 1809 3260 att-

444 3282 502 3328 et
535 3278 735 3331 virtute
1289 3283 1396 3327 tem
1429 3289 1536 3326 nun
1563 3290 1656 3341 po-

444 3345 634 3401 Heliae
661 3365 673 3400 :
707 3347 774 3401 ad
796 3363 925 3403 con-
1286 3350 1427 3399 terat
1450 3344 1595 3415 loqui

444 3419 706 3473 vertenda
1286 3415 1353 3468 ad
1383 3431 1496 3478 eos,
1524 3427 1578 3471 et
1605 3431 1732 3487 cog-

1285 3497 1556 3541 noverunt

1287 3558 1407 3627 quia
1442 3557 1707 3613 visionem

1289 3628 1426 3682 vidit
1459 3631 1509 3683 in
1545 3639 1682 3686 tem—

1288 3701 1396 3769 plo.
1423 3700 1488 3755 Et
1516 3702 1633 3771 ipse
1661 3711 1778 3757 erat

1291 3771 1311 3801 ³
1356 3813 1368 3825 .
1415 3811 1428 3825 .
1472 3789 1642 3829 nuens
1673 3774 1730 3828 il-

1291 3843 1379 3908 lis,
1413 3855 1467 3900 et
1497 3862 1748 3916 perman—

1286 3927 1358 3970 δη
1383 3927 1586 3973 ιηυιιιε.

445 3489 606 3542 corda
633 3489 851 3546 Patrum

445 3559 512 3612 ad
539 3559 700 3626 ﬁlios,
731 3572 786 3620 et
819 3563 903 3622 itt-

445 3631 738 3687 credibiles

444 3701 512 3771 ad
539 3703 776 3771 pruden-

438 3770 574 3827 tiam
592 3775 783 3848 justo-3

440 3859 586 3910 rum,
619 3848 634 3877 ⁸
664 3862 820 3916 para-

446 3932 506 3972 re
537 3918 768 3975 Domino
793 3935 887 3990 po-

2993 3058 3170 3114 daret.
3218 3098 3233 3113 .
3284 3101 3296 3113 .

2995 3132 3221 3199 templo.

2990 3201 3081 3255 22.
3128 3203 3393 3273 Egressus
3420 3210 3579 3256 autem

2993 3289 3099 3328 non
3129 3283 3344 3341 poterat

2994 3346 3141 3416 loqui
3167 3345 3234 3399 ad
3266 3345 3409 3410 illos,

2993 3427 3051 3470 et
3077 3431 3350 3486 cognove-

3000 3497 3127 3569 runt
3151 3487 3296 3556 quod
3330 3559 3341 3570 .

2998 3574 3268 3614 visronem
3293 3575 3370 3612 νι-

2999 3629 3142 3684 derit
3168 3631 3220 3683 in
3255 3639 3391 3684 tem-

2998 3702 3106 3770 plo.
3149 3701 3212 3754 Et
3244 3702 3362 3771 ipse

2997 3781 3116 3826 erat
3144 3772 3393 3828 adnuens

3001 3843 3130 3905 illis.
3166 3855 3220 3898 et
3254 3858 3374 3914 per-

3001 3914 3202 3969 mansit
3229 3926 3431 3971 mutus.

2155 3061 2272 3130 ipse
2295 3060 2585 3130 praecedet

2154 3140 2280 3186 ante
2299 3131 2448 3186 illum

2154 3201 2208 3256 in
2237 3204 2450 3273 spiritu,
2483 3213 2538 3257 et

2154 3275 2353 3329 virtute
2387 3275 2492 3329 lle-

2155 3346 2260 3400 liae
2293 3364 2305 3399 :
2341 3356 2396 3400 ut
2419 3361 2552 3401 con-

2157 3427 2332 3472 vertat
2361 3419 2528 3475 corda

2156 3487 2372 3542 Patrum
2392 3489 2443 3543 in

2157 3559 2320 3621 ﬁlios,
2353 3569 2408 3615 et
2439 3561 2519 3617 in-

2157 3630 2447 3686 credibiles
2477 3635 2544 3687 ad

2160 3701 2505 3768 prudentiam
2563 3759 2572 3764 .

2153 3772 2446 3842 justorum,
2477 3791 2562 3845 pa-

2160 3859 2280 3899 rare
2315 3845 2545 3902 Domino

2159 3915 2374 3985 plebem
2407 3932 2531 3987 per-

1780 4009 2015 4067 CODEX
2053 4008 2454 4068 BRleANUS.

448 4106 580 4161 cidit
623 4123 790 4175 super
815 4122 962 4163 eum.
1020 4107 1169 4162 Dixit
1228 4114 1407 4160 autem
1461 4105 1527 4159 ad
1582 4103 1734 4158 illum
1799 4105 2059 4172 Angelus.

446 4179 526 4231 Ne
596 4179 788 4232 timeas
865 4179 1178 4234 Zaccharia.
1250 4178 1507 4248 quoniam
1539 4177 1918 4248 ex‘attditarest
1968 4175 2063 4248 def

452 4251 695 4316 precatio
753 4260 864 4303 tua.
916 4261 970 4304 et
1020 4265 1155 4303 uiror
1209 4243 1297 4302 tua
1351 4243 1648 4301 Elisabetli.
1713 4247 1904 4314 pariet.
1965 4246 2060 4300 tibi

448 4322 641 4375 tilium.
683 4331 737 4375 et
791 4322 1014 4376 vocabis
1063 4335 1259 4373 nomen
1307 4319 1426 4389 ejus
1495 4319 1751 4374 Joannes.
1830 4327 1883 4372 et
1957 4319 2062 4372 erit

451 4393 712 4466 gaudium
767 4394 884 4447 tibi.
937 4404 991 4466 et
1036 4393 1321 4466 exultatio.
1378 4401 1432 4443 et
1495 4390 1651 4444 multi
1741 4391 1792 4442 in
1857 4390 2059 4466 nati-vi-

447 4463 564 4519 tate
607 4466 725 4534 ejus
769 4465 1078 4533 gaudebunt
1104 4463 1205 4517 erit
1241 4473 1422 4516 autem
1451 4477 1676 4529 magnus
1731 4463 2058 4534 coranrl'm-

448 4541 618 4591 mino.
640 4532 710 4592 ret
738 4532 924 4591 viuum
948 4547 1001 4590 et
1029 4537 1222 4589 sicera.
1253 4551 1359 4588 non
1393 4534 1560 4589 bibet.
1591 4547 1645 4588 et
1688 4534 1892 4602 Spiritu
1914 4532 2054 4588 Sau-

446 4617 534 4664 (τω
568 4609 890 4678 replebitur.
928 4608 1104 4661 adhuc
1135 4623 1199 4660 ex
1247 4614 1402 4661 utero
1435 4606 1625 4660 matris
1653 4621 1804 4659 suae.
1839 4605 2055 4678 et‘mul-

446 4690 532 4733 tos
571 4675 807 4736 ﬁliorum
846 4679 1098 4735 Sdrabel.
1131 4687 1415 4732 convertet
1450 4680 1516 4732 ad
1553 4678 1839 4732 Dominum
1884 4675 2054 4730 Deum

449 4751 716 4819 ἱρεητιιιιι.
745 4764 798 4806 et
833 4753 948 4821 ipse
977 4751 1269 4819 praecedet
1319 4759 1443 4804 ante
1473 4751 1648 4805 illum.
1683 4750 1738 4802 in
1769 4749 1958 4821 spiritu
1999 4756 2056 4801 et

449 4824 650 4877 virtute
676 4819 881 4878 lleliae.
917 4836 976 4877 ut
1012 4831 1297 4876 convertat
1328 4821 1492 4876 corda
1533 4821 1754 4875 Patrum
1788 4822 1839 4873 in
1891 4819 2054 4885 illius,

452 4903 505 4964 et
526 4894 822 4948 ineruditos
849 4895 914 4948 ad
937 4893 1274 4964 prudentiam
1293 4893 1585 4964 justorum.
1611 4907 1802 4962 parare
1822 4892 2056 4946 Domino

455 4962 669 5031 plebem
696 4962 1016 5035 perfectam.
1061 4965 1127 5020 Et
1156 4965 1294 5020 dixit
1327 4963 1651 5020 Zaccbarias
1672 4965 1740 5019 ad
1764 4963 2052 5032 Angelum.

2167 4103 2320 4159 Unde
2349 4105 2454 4161 hoc
2474 4119 2824 4174 cognoscam.
2858 4117 2960 4175 ego
2986 4102 3129 4158 enim
3161 4116 3281 4156 smn
3333 4113 3504 4175 senes.
3534 4103 3703 4175 etum

2166 4191 2309 4231 mea.
2339 4165 2605 4245 processit
2637 4179 2688 4232 in
2736 4165 2927 4231 diebus
2955 4175 3089 4229 suis.
3125 4175 3192 4229 Et
3219 4171 3544 4245 respondens
3568 4165 3702 4231 Ange-

2166 4247 2250 4301 lus
2275 4242 2504 4328 diiitei.
2541 4251 2655 4320 Ego
2681 4265 2800 4328 sum
2820 4246 3099 4328 Gabribel.
3141 4247 3230 4328 qui
3276 4245 3480 4328 adsisto
3517 4242 3580 4328 in_
3607 4249 3703 4328 τρες

2164 4330 2350 4388 Specta
2407 4322 2520 4376 Dei.
2554 4305 2617 4377 et
2639 4321 2836 4375 missus
2865 4335 2982 4373 sunt
3029 4305 3180 4387 loqui
3224 4315 3290 4371 ad
3345 4325 3414 4370 te.
3469 4314 3582 4367 haec
3630 4305 3698 4385 tibi

2162 4391 2560 4461 evangelizare.
2619 4394 2685 4446 Et
2731 4407 2859 4447 ecce
2903 4391 3012 4445 eris
3043 4399 3252 4444 tacens.
3305 4397 3359 4443 et
3407 4401 3504 4440 non
3543 4390 3700 4461 poteris

2163 4453 2331 4533 loqui".
2363 4479 2532 4535 usque
2567 4467 2618 4518 iu
2643 4465 2785 4519 diem
2815 4477 2922 4533 quo
2954 4464 3084 4535 haec
3110 4462 3240 4535 [iant
3265 4476 3360 4528 pro
3390 4473 3451 4535 eo
3480 4453 3599 4524 quod
3621 4461 3698 4535 uoti

2161 4531 2653 4591 credidisti'verbis
2688 4531 2849 4601 meis,
2881 4548 3020 4604 quae
3049 4532 3411 4604 iinplebuutur
3431 4532 3477 4582 in
3508 4531 3698 4601 tempore

2162 4621 2281 4661 suo.
2330 4608 2396 4662 Et
2438 4618 2557 4664 erat
2589 4608 2760 4675 plebs.
2792 4601 3090 4672 expectans
3119 4601 3479 4675 Z-iccbariaiu.
3506 4606 3552 4650 et
3575 4604 3698 4646 mira-

2167 4680 2385 4735 bantur.
2417 4679 2560 4750 quod
2589 4673 2829 4733 tardaret
2855 4676 2972 4746 ipse
3028 4675 3339 4750 iii-templo.
3365 4673 3597 4741 Egressus
3625 4676 3698 4750 att—

2167 4761 2297 4806 tem.
2351 4739 2461 4806 non
2519 4761 2728 4821 poterat
2787 4739 2929 4821 loqui
2973 4747 3044 4801 ad
3072 4739 3244 4821 illosf
3272 4755 3326 4821 ει
3365 4739 3692 4821 cognoverunt.

2163 4824 2308 4894 quod
2336 4816 2598 4878 visionem
2647 4816 2872 4894 vidisset
2914 4819 2968 4872 in
3029 4817 3232 4889 templo
3277 4817 3343 4872 Et
3373 4816 3478 4885 ipse
3504 4817 3603 4864 erat
3637 4818 3695 4856 ui-

2165 4891 2337 4950 nuens
2367 4895 2494 4949 illis.
2525 4904 2577 4949 et
2602 4891 2902 4966 permansit
2932 4901 3130 4946 mutus.

1749 5055 1979 5112 CODEX
2021 5049 2490 5110 CORBEIENSIS.

532 5149 624 5204 15.
659 5148 730 5204 Et
776 5150 854 5205 ait
902 5153 980 5206 illi
1026 5152 1268 5222 Angelus
1317 5151 1551 5217 Domini,
1587 5151 1776 5206 dicens
1810 5167 1823 5202 :
1852 5148 1930 5204 Ne
1989 5149 2055 5203 ti-

457 5234 730 5275 meas.....
750 5223 1015 5290 quoniam
1045 5240 1172 5279 ecce
1201 5225 1512 5278 obsecratio
1541 5231 1628 5276 tua
1669 5222 1854 5276 audita
1881 5231 1984 5275 est.

535 5291 623 5345 17.
664 5299 720 5346 et
745 5287 1094 5350 incredibiles
1113 5295 1180 5350 ad
1203 5297 1548 5366 prudentiam
1572 5295 1873 5364 justoruni.

2233 5146 2339 5230 j9._
2365 5155 2421 5230 et
2450 5145 2589 5200 dixit
2610 5146 2660 5200 ei
2687 5162 2700 5198 :
2737 5144 2848 5215 Ego
2877 5143 3024 5199 enim
3081 5156 3203 5199 sum
3255 5139 3480 5212 Angelus
3506 5124 3692 5191 Gabriel.

2161 5216 2342 5344 W193?
2347 5226 2591 5358 5153mm
2621 5287 2743 5356 hoc,
2771 5287 2916 5360 quod
2938 5302 3052 5345 non
3077 5286 3257 5345 credis
3282 5283 3456 5341 verbis
3481 5275 3611 5334 meis

1673 5383 2067 5444 VARIANTES
2103 5381 2506 5440 LECTIONES.

522 5481 540 5510 ¹
714 5491 886 5540 parare
907 5479 1131 5545 Domino.
1164 5480 1310 5544 Vulg.
1337 5496 1512 5545 parare
1536 5483 1764 5545 Domino.

525 5547 546 5610 ξ
581 5544 687 5610 Gut.
714 5549 901 5592 tacens.
927 5541 1298 5610 i'etjentintanu',
1324 5541 1686 5610 mutus.__Vulg.
1716 5550 1905 5594 tacens.

526 5605 548 5637 ³
581 5606 688 5655 Gut.
720 5617 941 5654 annuens
962 5607 1053 5654 eis.
1083 5604 1230 5672 Vulg.
1251 5604 1464 5658 innuens
1483 5607 1596 5658 illis.

2229 5478 2250 5508 ⁸
2285 5479 2392 5528 Gal.
2419 5476 2697 5542 Zacharias,
2723 5481 2833 5542 quia
2859 5491 2976 5530 ecce
3013 5480 3244 5531 exaudita
3283 5482 3373 5529 est.
3399 5471 3526 5532 Vulg.
3548 5457 3686 5514 Zacha-

2161 5541 2255 5604 ria,
2274 5545 2505 5605 quoniam
2532 5519 2765 5593 exaudit?!
2781 5550 2875 5594 est.

1796 5691 2162 5756 BLANCHINI
2199 5693 2424 5752 NOTAE.

530 5760 605 5833 (a)
637 5759 715 5817 lta
744 5768 798 5818 et
817 5761 941 5820 cod.
973 5760 1130 5818 Cant.
1163 5764 1269 5823 καί.
