3874 6326
95 323 100 328 ’
156 309 236 366 505

153 525 219 579 2'5.
255 521 308 576 Et
335 517 514 572 factum
529 524 652 582 est,-

151 605 195 651 ut
215 591 371 661 inpleti
385 596 502 644 sunt

151 667 241 720 dies
267 663 500 719 Sacerdo—

153 737 194 792 tii
217 736 330 805 ejus,
353 731 474 788 abiit

151 810 189 861 in
212 807 394 860 domum

151 878 220 934 24.
238 891 382 932 suam.
411 873 534 928 Post
558 872 626 928 is-

111 947 116 954 ’
151 959 214 1004 tos
233 957 384 1002 autem
407 945 482 1000 di-

153 1038 194 1074 es
211 1017 422 1086 concepit

151 1091 344 1146 Elisabet
368 1103 490 1142 uxor

151 1163 254 1232 ejus,
281 1171 328 1216 et
353 1157 522 1214 occul-

151 1234 262 1287 tabat
284 1247 334 1287 se
349 1246 489 1286 men-

149 1304 262 1359 sibus
279 1304 416 1373 quin-

149 1390 244 1444 que,
266 1375 430 1430 dicens
455 1391 468 1428 :

147 1445 215 1500 25.
247 1445 362 1514 Quid
386 1449 450 1498 ita
481 1443 612 1500 mihi

149 1516 244 1571 fecit
267 1517 502 1572 Dominus
519 1515 574 1571 in

149 1587 312 1654 diebus,
343 1586 522 1658 quibus

149 1661 336 1730 respexit
367 1674 454 1712 au—

151 1771 158 1782 .
191 1769 202 1784 .
234 1746 338 1786 erre
356 1731 544 1800 obpro-

147 1840 158 1854 .
191 1841 200 1853 .
233 1803 350 1856 rium
375 1815 546 1858 meum

147 1872 252 1927 inter
277 1873 431 1927 bomi-
459 1931 466 1937 ,

144 1943 210 1998 26.
242 1959 338 2000 nes.
366 1945 562 2000 Eodem

151 2053 203 2068 ..
238 2024 514 2074 .temtent.
557 2047 634 2072 ο-

145 2087 561 2144 remi......

145 2159 333 2226 Angelus

143 2225 316 2310 Dabriel
342 2244 370 2283 a
391 2229 500 2288 Deo

143 2314 531 2358 IﬂCl.-....

143 2368 290 2426 Galile.
339 2415 350 2427 .
390 2412 403 2427 .
445 2413 460 2426 .
505 2415 520 2432 .

145 2456 464 2500 MDL...-

143 2527 518 2572 tare......

139 2583 518 2656 πείθευ..
568 2629 583 2644 .
635 2627 712 2644 ..
760 2629 773 2644 .

139 2836 580 2950 a.a.:.'.:-'
667 2847 774 2860 ··

143 2954 580 3003 νι........

140 3009 618 3073 Vir........

137 3079 462 3146 28.ria.E..
508 3132 521 3144 .
569 3131 584 3145 .
637 3127 710 3144 ..
757 3131 772 3146 .

139 3167 618 3218 SliS........

139 3223 564 3289 ben.......

138 3299 610 3363 eam,d......

1139 293 1588 358 EVANGELIUM
1627 291 1996 359 SECUNDUM
2033 295 2293 359 LUCAM.

481 418 700 476 CODEX
737 415 1284 476 VERCELLENSIS.

907 512 1170 567 tacstin.
1217 551 1231 566 .
1277 551 1290 565 .
1337 549 1354 564 .
1399 537 1455 566 .-

909 584 988 640 itu
1005 583 1144 654 ejus,
1170 595 1224 640 et
1251 591 1370 638 erat

915 693 928 708 .
975 697 990 711 .
1037 696 1049 707 .
1098 695 1112 710 .
1159 671 1292 720 .ns,
1323 654 1466 725 quod

915 727 1486 782 .......bene-

923 1604 1390 1647 .......en

916 1659 1008 1714 52.
1057 1698 1070 1713 .
1119 1699 1132 1714 .
1179 1700 1192 1714 .
1239 1661 1482 1716 .Jesum.
1517 1661 1614 1718 Hic

1047 1772 1059 1786 .
1104 1770 1116 1783 .
1161 1747 1388 1802 magnus

983 1843 994 1855 .
1047 1843 1059 1856 .
1106 1841 1122 1886 τ
1165 1819 1228 1858 us
1257 1804 1428 1859 Altis-

985 1912 999 1927 .
1047 1914 1060 1927 .
1101 1891 1120 1929 ι
1149 1889 1310 1930 νουθ-

925 1955 1271 2012 ..tur,et.
1321 1987 1395 2003 ..
1443 1961 1650 2005 ’

926 2061 938 2072 .
983 2059 996 2071 .
1045 2059 1059 2072 .
1103 2017 1157 2074 ei
1184 2018 1448 2075 Dominus

925 2131 938 2144 .
986 2132 999 2145 .
1043 2089 1167 2146 dem
1201 2089 1290 2144 Da-

925 2201 937 2214 .
987 2202 1000 2216 .
1048 2203 1060 2214 .
1103 2162 1279 2218 Patris

925 2271 939 2285 .
983 2269 1000 2287 .
1045 2275 1058 2288 .
1102 2249 1151 2299 s,
1183 2243 1382 2304 etreg-

923 2305 1071 2360 navit
1099 2305 1151 2360 in
1182 2305 1280 2360 do-

923 2393 1070 2431 mum
1090 2376 1258 2432 Jacob

923 2447 976 2502 iu
1002 2449 1219 2504 saecula
1239 2489 1254 2513 ,

921 2519 1013 2576 55.
1055 2529 1114 2574 et
1139 2519 1290 2588 regni
1320 2519 1436 2590 ejus

923 2605 1032 2646 non
1064 2592 1172 2646 erit
1200 2593 1262 2644 ti-

923 2661 1014 2717 54.
1058 2664 1164 2717 nis.
1200 2662 1270 2718 Et
1295 2663 1370 2718 ait

925 2734 1000 2788 illi
1028 2733 1194 2790 Maria
1222 2756 1234 2791 :

925 2804 1212 2874 Quomodo

926 2878 1032 2960 erit
1063 2877 1164 2933 hoc
1183 2919 1198 2944 ,
1231 2891 1366 2949 quo-

927 2965 1072 3004 niam
1103 2965 1210 3004 non

925 3019 1056 3075 novi
1080 3021 1300 3076 virum?

925 3092 1014 3148 35.
1062 3091 1130 3148 Et
1163 3105 1364 3163 respuit
1379 3123 1396 3134 -

926 3164 1064 3236 dens
1089 3165 1274 3236 Ange-

926 3235 1031 3304 lus,
1066 3235 1213 3291 dixit
1239 3239 1290 3293 ei
1317 3253 1332 3290 :

924 3307 1160 3377 Spiritus
1183 3309 1418 3365 Sanctus

2199 407 2430 472 CODEX
2469 413 2921 474 VERONENSIS.

1773 513 1862 568 25.
1905 511 1974 567 Ει
2001 513 2198 568 factum
2233 521 2346 580 est,

1777 595 1834 640 ut
1859 585 2066 654 impleti
2099 592 2225 639 sunt

1775 657 1894 712 dies
1919 655 2086 712 ofﬁcii

1777 728 1918 798 ejus,
1953 728 2089 783 abiit

1781 800 1834 854 in
1865 800 2085 855 domum
2117 814 2292 855 suam.

1779 871 1872 928 Ἃ.
1905 872 2034 926 Post
2065 871 2169 926 hos
2195 879 2374 926 autem

1783 943 1901 998 dies
1931 945 2187 1013 concepit

1784 1015 2018 1070 Elisabel
2046 1031 2182 1070 uxor

1785 1089 1926 1156 ejus,
1957 1095 2013 1141 et
2037 1087 2220 1142 occul-

1787 1158 1934 1212 tabat
1961 1175 2020 1214 se
2051 1169 2206 1214 men-

1787 1231 1936 1301 sibus
1962 1233 2225 1301 quinque,

1786 1299 1876 1356 25.
1919 1299 2144 1356 dicens:
2173 1301 2312 1370 Quid

1789 1373 1922 1428 mihi
1949 1373 2030 1428 sic
2061 1373 2188 1429 fecit

1791 1445 2052 1498 Dominus
2077 1447 2131 1500 in

1789 1511 1982 1572 diebus
2010 1519 2129 1587 qui-

1790 1587 1890 1643 bus
1911 1590 2152 1658 reSpexit
2239 1611 2244 1618 ·

1792 1659 2006 1715 auferre
2037 1662 2234 1729 obpro—
2335 1687 2338 1690 -

1785 1730 1962 1786 brium
1992 1748 2172 1786 meum

1785 1803 1927 1858 inter
1955 1803 2225 1858 homines.

1783 1875 1874 1929 9.6.
1921 1875 2126 1930 Eodem
2150 1885 2328 1930 autem

1787 1953 2036 2015 tempore
2065 1947 2196 2000 mis-

1786 2033 1882 2073 sus
1911 2027 1966 2072 et
1991 2019 2170 2088 Ange-

1791 2089 1876 2144 lus
1899 2088 2124 2146 Gabriel
2149 2105 2178 2144 a
2201 2089 2438 2144 Domino

1789 2161 1842 2215 in
1865 2162 2144 2217 civitatem

1787 2231 2049 2296 Galileae.
2073 2233 2161 2288 cui

1787 2319 1986 2360 nomen
2027 2306 2201 2360 Naza-

1786 2376 1877 2430 27.
1923 2375 2046 2432 retb
2068 2420 2083 2441 ,
2113 2375 2180 2432 ad
2209 2375 2425 2448 Virgine

1787 2449 1956 2503 Maria
1989 2449 2222 2518 despon-

1789 2531 1960 2574 satam
1989 2520 2105 2574 viro
2121 2561 2138 2586 ,

1789 2593 1876 2646 cui
1897 2606 2096 2646 nomen

1789 2673 1908 2718 erat
1929 2661 2135 2732 Josepb
2152 2704 2165 2727 ,

1787 2733 1858 2789 de
1882 2734 2046 2790 domo
2077 2733 2185 2788 Da-

1788 2803 1902 2870 vid,
1934 2815 1987 2860 et
2017 2819 2218 2862 nomen

1791 2877 2030 2934 Vmcmrs
2071 2877 2271 2933 Manu.

1787 2949 1879 3004 28.
1925 2951 1991 3004 Et
2011 2949 2291 3020 ingressus

1789 3022 2052 3092 Angelus,
2093 3037 2264 3077 evan-

1787 3094 2040 3164 gelizavit
2069 3107 2188 3148 eam
2204 3136 2222 3163 ,

1789 3177 1844 3220 et
1870 3165 2010 3220 dixit
2031 3165 2105 3219 illi
2139 3187 2150 3218 :

1789 3235 2052 3291 Dominus
2083 3246 2165 3290 te-

1788 3323 1910 3362 cum
1944 3327 1955 3361 :
1993 3307 2218 3365 benedi-

1789 3389 1874 3434 cta
1899 3389 1952 3434 tu
1977 3381 2118 3436 inter

2607 521 2726 566 tans
2743 553 2756 572 .
2791 508 2934 582 quod

2604 585 2683 638 sic
2715 582 3096 638 benedixissel

2604 655 2694 710 50.
2737 671 2878 710 eam.
2913 653 2981 708 Et
3005 653 3082 707 ait

2603 729 2650 783 ei
2684 726 2923 796 Angelus

2604 799 2820 853 Domini
2863 816 2874 850 :
2906 797 2986 852 Ne

2617 873 2810 925 timeas
2839 870 3002 924 Maria
3021 911 3035 934 ,

2617 943 2868 996 invenisti
2899 943 3045 1005 enim

2616 1016 2844 1080 gratiam
2875 1022 3004 1082 aput

2611 1076 2701 1142 3|.
2749 1076 2923 1167 Deum:
2950 1082 3070 1167 :_(a)
3095 1087 3149 1137 et
3177 1076 3219 1152 ἰ’

2613 1173 2741 1212 ecce
2769 1169 3047 1225 concrpies

2617 1229 2669 1284 in
2695 1237 2854 1282 utero
2873 1263 2890 1294 ,
2923 1235 2978 1281 et

2613 1301 2793 1371 paries
2825 1299 3020 1354 Filium
3051 1331 3065 1362 ,

2613 1383 2668 1428 et
2697 1371 2922 1432 vocabis

2615 1459 2813 1499 nomen
2845 1441 2962 1512 ejus

2613 1517 2700 1570 52.
2744 1515 2950 1570 Jesum.
2983 1513 3078 1570 Hic

2615 1589 2718 1643 erit
2745 1601 2996 1656 magnus,

2617 1669 2672 1714 et
2709 1658 2879 1712 Filius
2905 1659 3000 1714 Αι-

2620 1730 2812 1786 tissimi
2841 1745 2934 1786 vo-

2617 1803 2853 1866 cabitur,
2878 1810 2934 1856 et

2615 1873 2765 1928 dabit
2791 1875 2864 1927 illi
2893 1874 2998 1928 Do-
3083 1897 3088 1902 ·

2617 1947 2795 2000 minus
2817 1945 2962 1999 Deus

2618 2017 2802 2072 sedem
2833 2016 2999 2072 David

2619 2089 2796 2142 Patris
2824 2089 2963 2157 ejus,

2621 2169 2676 2216 et
2705 2157 2954 2230 regnabit

2509 2251 2528 2266 ε
2619 2231 2670 2286 in
2693 2229 2858 2287 domo
2879 2231 3046 2286 Jacob
3073 2229 3126 2284 in

2618 2304 2709 2360 55.
2754 2313 3071 2366 aeternum,
3115 2309 3170 2354 et

2619 2377 2770 2448 regni
2799 2375 2916 2444 ejus

2619 2446 2726 2502 non
2758 2457 2862 2502 erit
2913 2446 3053 2502 finis.

2619 2509 2709 2576 54.
2754 2518 2901 2572 Dixit
2927 2529 3105 2574 autem

2619 2590 2786 2645 Maria
2816 2609 2830 2642 :
2863 2589 3008 2647 Ecce

2617 2661 2828 2716 Ancilla
2857 2662 2961 2718 Do-

2616 2734 2769 2800 mini,
2800 2733 3012 2787 contin-

2617 2815 2702 2875 gat
2726 2804 2861 2858 mihi
2882 2818 2970 2860 se-

2619 2877 2854 2931 cundum
2888 2890 3006 2930 ver-

2621 2948 2746 3002 bum
2781 2957 2951 3001 tuum.

2620 3021 2709 3075 55.
2755 3018 2823 3073 Et
2851 3033 3080 3090 respon-

2621 3091 2754 3146 dens
2783 3105 2950 3161 ange-
3075 3113 3078 3116 ·

2622 3163 2724 3227 Ius,
2759 3163 2898 3217 dixit

2622 3235 2698 3289 illi
2727 3253 2741 3289 :
2771 3235 2942 3304 Spiri—

2621 3315 2707 3362 tus
2737 3315 2957 3362 Sﬂl’lCtllS

2621 3378 2933 3447 supervenit
2961 3377 3013 3431 in
3046 3384 3120 3440 te,

3285 287 3366 353 seu

137 3365 310 3452 llabeg.
354 3416 366 3428 .
409 3416 422 3430 .
467 3417 480 3432 .
524 3415 542 3432 .
923 3365 1244 3452 sdperveni-

135 3439 326 3505 plenaI.
369 3489 382 3503 .
423 3488 436 3502 .
482 3489 494 3502 .
541 3487 556 3504 .
604 3489 618 3503 .
923 3439 1058 3506 et'in
1093 3460 1178 3512 te.
1207 3461 1262 3509 et
1289 3453 1396 3508 vir-

135 3517 292 3590 tecum.
328 3557 346 3575 .
383 3560 396 3573 .
445 3561 457 3573 .
493 3551 518 3562 -
923 3531 1010 3578 tus
1037 3524 1252 3580 Altissi-

135 3581 246 3639 dieta
274 3595 323 3643 tu
349 3591 362 3621 ¹
391 3592 472 3647 in-
924 3595 997 3648 mi
1029 3595 1217 3650 inumb
1261 3638 1276 3648 .
1323 3633 1339 3650 .
1369 3627 1395 3637 -

137 3661 306 3723 termu.
347 3699 362 3717 .
402 3702 416 3718 .
461 3704 472 3716 .
521 3701 536 3718 .
584 3707 600 3720 .
647 3703 662 3718 .
925 3666 1000 3720 vit
1041 3665 1160 3722 tibi.
1190 3665 1349 3723 'lde.
1397 3709 1409 3721 .
1452 3697 1480 3709 -

332 3747 389 3788 sa
407 3745 552 3795 aute.
603 3777 616 3790 .
640 3778 656 3805 ,
923 3753 1030 3807 que
1060 3721 1255 3808 quod;
1278 3721 1342 3794 ζῖ

133 3804 176 3850 nt
197 3801 326 3858 vidit.
369 3837 426 3858 .-
519 3859 524 3864 .
641 3801 651 3805 ’
922 3801 1184 3865 cetur'ex.
1235 3853 1247 3864 .
1295 3851 1308 3864 .
1355 3851 1368 3866 .
1415 3851 1429 3866 .
1480 3843 1537 3867 .-

1789 3453 2067 3508 mulieres.
2620 3459 2676 3505 et
2703 3449 2876 3505 virtus

1787 3521 1876 3578 99.
1922 3523 2040 3590 Ipsa
2068 3531 2250 3582 autem
2270 3568 2284 3590 ,
2624 3522 2890 3578 Altissimi

1787 3595 2008 3650 ut-vidit
2035 3612 2158 3652 eum
2181 3641 2195 3664 ,
2623 3593 2966 3650 obumbravit

1787 3675 1931 3720 mota
1967 3677 2050 3722 est
2083 3671 2134 3723 in
2624 3675 2696 3720 te.
2730 3666 2968 3734 Ideoque

1787 3741 2014 3793 introitu
2045 3741 2163 3808 ejus
2182 3783 2196 3806 ,
2619 3735 2764 3807 quod
2787 3735 2862 3808 (b)
2885 3749 2980 3808 na—

1786 3823 1840 3866 et
1873 3820 1994 3867 erat
2018 3807 2164 3882 cogi-
2621 3807 2806 3862 scetur
2832 3809 2872 3877 -ι-
2898 3807 3039 3861 San-
3381 3849 3398 3876 κ

1407 3929 1634 3985 CODEX
1675 3927 2072 3987 BRIXIANUS.

131 4007 175 4090 lit
198 4012 369 4095 factum
399 4031 498 4078 est.
523 4031 586 4078 ut
619 4023 826 4095 impleti
869 4035 994 4095 sunt
1037 4024 1156 4080 dies
1186 4024 1348 4080 ofﬁcii
1381 4023 1518 4095 ejus.
1543 4025 1678 4084 abiit

131 4085 404 4166 domum
455 4109 654 4166 suam,
686 4085 814 4150 Post
867 4093 966 4151 hos
1023 4106 1202 4154 autem
1261 4085 1680 4165 diesfconcepit

129 4149 392 4236 Elisabetb.
431 4181 568 4221 uxor
605 4165 744 4236 ejus.
777 4149 844 4222 et
870 4149 1201 4224 ascanius;
1253 4149 1341 4222 se:
1364 4149 1680 4226 ﬁniens—ibus-

127 4233 320 4306 quinque
348 4233 549 4293 dicens.
581 4233 721 4306 Quia
751 4237 832 4295 sic
861 4239 990 4294 mibi
1025 4239 1150 4294 fecit
1183 4239 1462 4294 Dominus.
1485 4241 1534 4294 in
1565 4241 1682 4296 die-

129 4295 407 4380 inmunibus
436 4295 702 4380 respeirit.
750 4307 967 4367 auferre
1015 4311 1366 4380 obprobrium
1398 4327 1573 4365 meum
1601 4295 1684 4366 in-

129 4375 192 4422 ter
214 4370 460 4434 homines.
495 4370 552 4438 In
608 4396 796 4436 mense
841 4397 1022 4438 autem
1047 4370 1204 4439 sexto
1231 4385 1429 4436 missus
1453 4393 1533 4437 est
1565 4383 1680 4438 An-

127 4439 246 4524 gulus
265 4445 472 4524 Gabriel
499 4469 524 4502 a
559 4453 746 4508 Deoin
778 4454 1056 4524 civitatem
1083 4455 1344 4510 Galileae.
1365 4455 1450 4509 cui
1483 4472 1680 4511 nomen

128 4507 234 4567 Nam
243 4531 310 4572 ret
322 4521 348 4574 ll
360 4563 372 4575 .
383 4523 470 4595 ‘ad
503 4507 649 4595 Virgi
659 4507 801 4580 nem-
816 4507 1210 4595 desponsatam
1240 4507 1427 4582 ‘viro:
1441 4507 1540 4581 cui
1558 4507 1684 4582 “tibi

126 4595 226 4670 men.
247 4591 697 4670 eratlosephfde
725 4597 889 4670 domo
919 4591 1103 4670 David.
1132 4608 1186 4652 et
1204 4613 1411 4670 nomen
1437 4597 1679 4670 Virginis

127 4650 278 4740 diaria.
318 4664 392 4740 _Et
439 4650 744 4740 ingressus
774 4650 840 4723 ad
869 4650 1011 4724 eam
1037 4650 1500 4740 Angelusidixit
1531 4650 1680 4726 iialie

124 4731 261 4800 gratia
285 4735 454 4800 plena.
487 4731 751 4794 Dominus
783 4749 957 4795 tecum
1017 4731 1306 4797 benEdicta
1337 4741 1462 4796 tuin
1494 4743 1680 4796 mulie-
1721 4763 1724 4766 ·

124 4795 259 4856 ribus.
287 4795 396 4875 ipsa
427 4819 610 4866 autem
639 4823 697 4866 ut
727 4812 868 4868 vidit
889 4795 1039 4869 eum.
1062 4795 1280 4868 turbata
1311 4823 1394 4868 est
1424 4815 1478 4867 in
1511 4795 1678 4868 verbo

1787 4025 1926 4093 ejus.
1948 4029 2016 4096 Aet
2036 4023 2308 4094 cogitabat
2327 4022 2502 4096 qualis
2528 4031 2676 4096 esset
2707 4021 2822 4074 haec
2849 4014 3100 4096 salutatio
3129 4009 3270 4096 quod
3304 4009 3380 4092 sic

1791 4085 2440 4150 lienedixiss‘éteamet
2491 4093 2566 4148 ait
2631 4094 2682 4148 ei
2715 4092 2978 4162 Angelus.
3013 4085 3090 4142 Ne
3141 4085 3385 4162 tioium-is

1787 4167 1954 4223 Maria
2019 4167 2272 4220 invenisti
2330 4169 2474 4221 enim
2507 4167 2733 4236 gratiam
2765 4151 3124 4236 a‘jiudHDeum
3152 4155 3228 4223 (α)
3255 4159 3308 4206 et
3339 4151 3378 4234 :j'

1788 4255 1913 4294 cccc
1943 4239 2220 4310 concipies
2267 4237 2318 4292 in
2347 4233 2595 4310 utero—ct
2635 4236 2813 4306 paries
2862 4233 3142 4310 Filium-et
3169 4233 3384 4310 vocaris

1789 4327 1988 4366 nomen
2009 4301 2128 4381 ejus
2151 4309 2358 4365 Jesum.
2395 4309 2490 4364 ilic
2522 4301 2882 4381 eritimagnus
2937 4301 3189 4381 ct_Filius
3227 4301 3385 4381 Ᾱξιξεε

1789 4382 1911 4438 simi
1960 4371 2240 4437 voéabitur
2282 4391 2336 4437 et
2367 4381 2514 4436 dabit
2547 4371 2932 4435 illi‘Do'niinus
2985 4375 3146 4429 Deus.
3196 4371 3381 4424 sedem

1791 4454 1956 4509 David
2011 4455 2186 4510 Patris
2240 4455 2378 4523 ejus.
2414 4467 2466 4506 et
2499 4451 2748 4522 regnabit
2776 4450 3188 4524 superueniunt}
3217 4437 3382 4523 .iacob

1791 4528 1841 4581 in
1873 4535 2178 4580 aeternum.
2212 4515 2286 4581 ρι’
2317 4527 2468 4590 regni
2514 4515 2651 4592 ejirs.
2687 4537 2796 4577 non
2824 4515 2926 4574 erit
2951 4520 3092 4593 linis.
3121 4515 3382 4593 Diminu-

1791 4608 1896 4652 tem
1927 4593 2088 4652 Maria
2123 4599 2186 4652 ad
2223 4599 2506 4668 Angelnm.
2529 4595 2808 4668 Quomodo
2839 4593 2944 4668 erit
2973 4591 3094 4668 hoc.
3126 4591 3379 4668 qucum}!

1787 4671 1961 4724 virum
1991 4685 2094 4722 non
2120 4658 2412 4736 cognosco.
2433 4667 2494 4721 Et
2527 4658 2868 4736 respondens
2897 4658 3285 4737 Angelusdixit
3306 4658 3378 4732 (ἐξ.

1785 4743 2017 4814 ὃρῑγὶίιις
2041 4729 2262 4798 sanctius
2285 4729 2635 4814 superveniet
2661 4739 2713 4792 in
2741 4749 2811 4814 te:
2830 4743 2890 4814 et
2907 4729 3377 4814 virtusAlli‘ssi‘nii.

1787 4795 2555 4883 obuinbrabittibi.Ideoque.
2582 4820 2635 4864 et
2664 4805 2804 4880 quod
2822 4805 2896 4880 (b)
2913 4813 3162 4860 nascetur
3181 4796 3217 4868 ’ξ’
3248 4795 3385 4850 Sau-

1361 4926 1600 4984 CODEX
1635 4924 2112 4984 COBBEIENSIS.

153 5031 552 5120 32$..jngressus
575 5043 788 5120 ad;eam
823 5043 1087 5120 Angelus,
1118 5043 1394 5101 benedixit
1436 5047 1593 5118 eam;
1619 5055 1674 5101 et

122 5098 360 5164 diutini?
387 5153 402 5167 .
445 5155 460 5168 .
507 5098 544 5170 .i
607 5098 1068 5172 ῑιὶέάιήιιιίὲὶεὲζ

175 5174 252 5255 29.
289 5179 444 5256 ‘-_lpsa
501 5197 708 5254 autem,
756 5199 810 5243 ut
851 5189 986 5244 vidit
1025 5203 1168 5256 eum,
1203 5199 1350 5244 mota
1395 5197 1482 5244 est
1509 5191 1560 5244 in
1593 5190 1676 5244 in-

123 5249 256 5304 troitu
291 5249 420 5323 ejus,
465 5267 522 5312 et
578 5249 705 5314 erat
748 5260 1015 5331 cogitans,
1047 5249 1192 5331 quod
1245 5262 1324 5316 sic
1369 5261 1681 5317 benedixis-

1783 5055 1866 5103 set
1892 5061 2032 5101 eam.

1852 5119 1942 5172 5t.
1975 5119 2094 5188 Ego
2118 5116 2260 5172 enim
2285 5113 2686 5172 nescio-virum.
2781 5182 2794 5188 _
3073 5175 3088 5188 ι
3208 5174 3222 5188 ,

1975 5170 2217 5252 gini—tus
2247 5170 2477 5243 Sanctus
2505 5182 2855 5256 superveniet
2881 5189 3006 5235 te...
3037 5170 3388 5256 obumbrabit

1789 5277 1896 5327 me,
1933 5247 2088 5333 (lege)
2121 5269 2191 5316 te.
2238 5261 2392 5329 Quod
2446 5247 2700 5314 nascetur
2747 5254 3032 5318 Sanctum,
3077 5247 3382 5304 vocabitur.

1293 5373 1696 5434 VABIANTES
1735 5369 2140 5433 LECTIONES.

171 5456 310 5534 Gut.
337 5465 382 5515 in
407 5467 719 5534 mulieribus,
748 5477 802 5520 et
817 5471 1114 5521 benedictus
1157 5469 1346 5521 fructus
1367 5473 1555 5522 ventris
1582 5473 1673 5522 tui.

128 5518 244 5581 Vulg.
269 5527 310 5574 in
332 5518 636 5581 mulieribus.

123 5583 308 5704 Βεῖηξιὲῗ
324 5589 537 5706 :Ertigixit
554 5596 601 5644 ei
619 5594 843 5660 Angelus
863 5594 1060 5646 Domini
1081 5610 1095 5648 :
1115 5595 1210 5648 Ne.
1241 5595 1386 5660 Vulg.
1403 5593 1476 5648 Et.
1490 5597 1560 5647 ait
1581 5591 1680 5646 An-

1848 5473 1869 5504 ³
1904 5473 2009 5523 Gal.
2034 5479 2086 5522 et
2105 5471 2169 5533 id,
2193 5455 2327 5534 quod
2341 5469 2557 5518 nascitur
2577 5479 2638 5518 ex
2668 5471 2737 5517 te.
2765 5461 2910 5532 Vulg.
2928 5467 2980 5513 et.
3003 5459 3132 5526 quod
3153 5463 3384 5510 nascetur

1788 5541 2026 5648 εχεῐίέαε.
2047 5599 2150 5661 ipsa
2175 5605 2338 5648 autem
2363 5608 2472 5646 cum
2499 5594 2719 5656 vidisset,
2745 5592 2934 5648 turbata
2960 5595 3052 5638 est.

1385 5745 1760 5804 BLANCHLNI—
1790 5745 2034 5804 Νθτῶ..

181 5847 246 5920 (α)
273 5851 424 5916 Addit
450 5867 521 5930 et,
551 5861 712 5920 etiam
735 5869 842 5922 tex.
877 5862 972 5922 Gr.
995 5864 1100 5924 καί.
1121 5861 1258 5940 —(b)
1289 5865 1420 5924 Post
1447 5875 1706 5938 nascetur,
1737 5866 1892 5926 deest
1919 5883 1984 5924 ex
2009 5873 2078 5937 le,
2107 5865 2269 5924 etiam
2299 5865 2352 5923 in
2382 5875 2490 5924 lex.
2521 5865 2616 5924 Gr.
