3874 6326
843 432 1070 492 CODEX
1117 431 1660 492 VERCELLENSIS.

453 527 860 583 solutaestlin—
1296 569 1309 583 .
1391 569 1404 583 .
1486 567 1500 582 .
1581 567 1594 582 .
1677 568 1690 581 .
1773 555 1788 580 ε
1869 566 1884 580 .
1961 561 1977 591 ι

454 599 867 673 guaejus,-j-et
1489 638 1503 651 .
1585 641 1597 652 .
1680 639 1694 653 .
1773 633 1792 653 .
1869 635 1890 655 .-
1965 637 1979 652 .

456 673 631 726 mirati
661 671 787 725 sunt
1293 671 1381 727 70.
1427 679 1511 726 tus
1540 679 1624 728 est
1654 684 1752 741 per

460 757 670 797 omnes.
1292 758 1354 799 os
1385 743 1708 800 Sanctorum

457 816 714 881 Apertum
745 822 830 868 est
1294 815 1333 871 P
1365 855 1380 870 .
1428 855 1440 868 .
1489 857 1503 871 .
1545 815 1580 870 h
1623 853 1640 870 .
1685 855 1700 870 .
1743 856 1759 870 .
1803 825 1920 870 rum

455 893 633 938 autem
659 899 722 939 os
746 885 890 955 ejus,

1293 902 1640 952 su...m,
1683 888 1775 958 qui

457 955 798 1025 etloqueba-
1296 996 1311 1012 .
1358 998 1372 1013 .
1424 960 1644 1014 saeculo
1669 955 1800 1016 sunt

459 1035 566 1093 tur,
595 1026 814 1084 benedi-i
1301 1075 1311 1084 .
1390 1071 1402 1084 .
1482 1069 1496 1085 .
1581 1070 1594 1084 .
1675 1069 1689 1084 .
1773 1071 1786 1086 .
1852 1032 1883 1084 “.
1965 1069 1976 1082 .

455 1095 540 1152 65.
591 1113 721 1154 cens
753 1103 940 1156 Deum.
1001 1099 1074 1156 Et
1293 1104 1313 1133 ¹
1391 1143 1404 1156 .
1488 1143 1500 1156 .
1583 1139 1597 1156 .
1678 1143 1690 1156 .
1771 1137 1790 1156 .-

519 1209 531 1222 .
577 1209 591 1223 .
645 1182 764 1226 ctus
793 1182 878 1228 est
909 1188 1000 1228 su-
1295 1173 1382 1230 7i.
1429 1172 1582 1228 micis
1616 1188 1744 1229 nos-

460 1280 473 1293 .
523 1270 537 1294 δ
590 1257 618 1297 r
647 1258 839 1299 omnes
1293 1283 1307 1301 .
1355 1285 1368 1298 .
1412 1245 1510 1312 ris,
1543 1245 1693 1300 etde
1730 1261 1842 1301 ma-

462 1339 472 1364 ~.
519 1351 535 1366 .
593 1330 736 1379 mor.
766 1317 856 1385 qui
879 1317 985 1372 cir-
1298 1357 1312 1372 .
1359 1356 1374 1371 .
1420 1356 1434 1371 .
1478 1317 1744 1382 omnium,

519 1423 534 1438 .
595 1399 685 1440 um
718 1388 843 1443 illos
871 1388 968 1442 ha-
1299 1432 1311 1443 .
1359 1431 1370 1442 .
1420 1429 1432 1442 .
1476 1403 1573 1442 nos
1599 1388 1732 1443 ode-

519 1496 532 1509 .
583 1456 808 1522 itabant,
1295 1462 1384 1514 72.
1427 1470 1572 1515 runt.
1606 1458 1806 1516 Facere

459 1563 472 1577 .
530 1529 604 1599 (ὸ)
638 1569 651 1582 .
681 1547 712 1584 n
745 1530 893 1584 omni
1298 1533 1607 1587 misericor-

457 1609 711 1655 montana
737 1602 776 1658 +
795 1602 889 1657 Ju-
1295 1604 1438 1658 diam
1471 1619 1593 1658 cum

795 1637 889 1657 ..υ-
1295 1637 1593 1658 manu..."

454 1669 590 1743 deae
621 1637 862 1743 divulga-
1297 1675 1548 1730 Patribus
1589 1692 1620 1729 n
1666 1716 1678 1728 .
1725 1715 1739 1730 .
1771 1704 1797 1716 -

454 1740 652 1799 bantur
678 1740 796 1799 om;
1293 1748 1424 1813 tris;
1454 1757 1549 1802 et.
1599 1788 1612 1800 .
1659 1788 1671 1800 .
1719 1787 1732 1799 .
1774 1777 1800 1787 ι-

517 1818 953 1874 ..ahaecver-

455 1885 1084 1960 66......posue-

582 1976 927 2029 ..omnes,

579 2033 892 2089 ..audie-

516 2103 981 2163 .ntinco..-

453 2171 863 2238 desum-dicen-
1296 2220 1308 2232 .
1391 2219 1406 2234 .
1487 2218 1500 2230 .
1580 2220 1594 2234 .
1675 2215 1692 2232 .
1774 2217 1788 2230 .
1869 2213 1888 2233 .~
1970 2216 1982 2229 .

353 2253 357 2258 ‘
455 2246 896 2313 teszQuidnam
1297 2289 1312 2304 .
1392 2288 1406 2303 .
1487 2289 1500 2302 .
1584 2291 1598 2306 .
1678 2289 1691 2302 .
1772 2286 1788 2303 .
1869 2287 1883 2302 .
1967 2285 1982 2302 .

453 2318 897 2385 pueristeerit?
1303 2363 1316 2376 .
1398 2360 1413 2374 .
1496 2360 1508 2376 .
1589 2359 1602 2373 .
1682 2359 1697 2375 .
1778 2358 1792 2373 .
1875 2361 1888 2376 .
1969 2360 1981 2372 .

465 2419 477 2440 .
558 2427 572 2442 .
652 2422 668 2444 .
747 2429 760 2443 .
843 2427 858 2445 .
938 2429 954 2448 .
1032 2433 1050 2450 .
1127 2429 1142 2452 .
1303 2395 1738 2463 75.trumpare

456 2467 560 2514 nus
614 2500 626 2512 .
674 2498 687 2512 .
736 2502 746 2514 .
795 2502 808 2514 .
868 2504 882 2518 .
926 2500 942 2518 .
995 2479 1118 2523 cum
1301 2466 1392 2520 74.
1435 2465 1628 2520 nobis:
1665 2464 1825 2522 utsis

457 2527 547 2583 67.
599 2530 714 2586 illo.
766 2533 833 2588 Et
855 2535 957 2593 Za-
1302 2551 1370 2593 ne
1399 2537 1596 2596 timore

457 2614 1074 2666 c.......a—
1292 2607 1737 2664 ’demanuini-

456 2681 538 2726 ter
565 2674 727 2748 ejus,t
756 2677 932 2748 inple-
1288 2681 1556 2737 micorum

455 2752 540 2818 t_us
570 2757 655 2800 est
681 2747 886 2818 Spiritu
1284 2760 1601 2808 nostrorum

454 2815 676 2892 Sancto,
709 2815 764 2874 et
793 2838 825 2892 p
867 2864 881 2878 .
928 2864 940 2877 .
974 2854 1000 2866 -
1289 2825 1554 2881 liberatos

453 2887 728 2959 phetavit,
776 2887 805 2947 ,⁷
836 2933 850 2948 .
881 2924 909 2936 -

454 2973 585 3014 cens
619 2979 631 3014 Ζ

458 3030 547 3085 68.
589 3031 919 3095 Benedictus

459 3101 601 3158 Deus
630 3104 886 3178 Istrahel,

1290 2894 1499 2966 servire
1536 2895 1660 2966 ipsi.

1300 2967 1388 3022 75.
1433 2965 1488 3020 In
1516 2965 1792 3032 castitate,

1298 3049 1350 3095 ct
1373 3037 1506 3109 justi
1537 3073 1551 3091 .
1586 3073 1600 3091 .
1636 3074 1652 3089 .

1299 3111 1354 3166 in
1380 3124 1550 3180 consp
1580 3147 1596 3163 .
1627 3147 1641 3163 .

581 3215 596 3229 .
643 3192 674 3232 a
705 3178 890 3234 visita-
1299 3190 1353 3236 tu
1385 3178 1649 3251 ejus'om-

457 3263 476 3302 ι
521 3285 551 3318 ,γ
582 3288 596 3302 .
649 3258 689 3318 t,
713 3260 768 3306 et
797 3252 928 3309 fecit
1298 3268 1396 3309 nes
1421 3251 1540 3307 dies
1560 3290 1574 3306 .
1602 3292 1618 3308 .
1652 3271 1706 3303 .‹ι

459 3317 794 3393 redemptio-
1298 3334 1432 3381 tros.

458 3404 528 3468 '39
691 3409 863 3464 ΡοΡυ·
1298 3397 1384 3452 76.
1423 3396 1491 3452 Et
1519 3406 1574 3453 tu
1605 3411 1759 3468 puer,
1792 3433 1809 3452 .
1847 3435 1860 3451 .
1894 3433 1909 3449 .
1932 3427 1958 3438 -

458 3460 548 3515 69.
594 3463 647 3518 lo
677 3460 705 3518 .“
736 3460 777 3520 .“
800 3505 813 3519 .
856 3507 870 3522 .
920 3505 935 3523 .
980 3511 996 3525 .
1026 3479 1149 3526 cor-
1296 3470 1457 3540 pheta
1488 3460 1624 3524 Alt'.
1656 3511 1708 3522 ..

1297 3541 1610 3596 simivoca-

588 3647 600 3659 .
648 3649 661 3662 .
708 3609 886 3683 nobis,
920 3612 973 3666 in
1302 3612 1445 3668 beris
1477 3631 1489 3667 :
1525 3627 1683 3683 prae‘

587 3681 1148 3740 .oDa......
1303 3681 1742 3739 ibisenim..-

1305 3755 1626 3811 tefaci...

466 3854 482 3872 ο
561 3861 574 3873 .
655 3862 670 3878 .
749 3861 766 3880 .
847 3867 859 3880 .
944 3870 957 3883 .
1039 3871 1050 3882 .
1135 3869 1148 3882 .
1304 3828 1773 3898 Dominip....

465 3931 481 3947 .
562 3931 576 3950 .
658 3936 671 3948 .
752 3937 764 3950 .
849 3939 862 3952 .
944 3939 956 3951 .
1041 3943 1053 3956 .
1137 3942 1149 3954 .
1306 3899 1712 3970 viasejus...

974 316 1247 377 EUSEBII
1283 315 1622 376 VERCELL.
1667 313 2114 376 EVANGELIUJI
2162 317 2306 376 CUM
2351 310 2577 375 VARllS
2612 313 2768 375 COD.
2811 317 3205 378 COLLATUM.
3636 317 3728 374 5i!

2583 431 2820 489 ῦοῡΕΧ.
2859 429 3311 490 ἺΕΠΟΝΕΝΒΙΒ.

2154 528 2265 584 luta
2297 537 2380 583 est
2411 528 2591 599 lingua
2985 529 3074 585 70.
3117 529 3197 584 sui
3224 546 3236 582 :
3264 528 3406 584 sicut

2153 599 2274 669 ejus
2301 599 2363 670 1-,
2397 608 2453 654 et
2474 615 2591 654 om-
2986 602 3196 657 locutus
3225 611 3310 656 est

2155 687 2250 726 nes
2279 672 2460 726 mirati
2987 689 3086 745 per
3105 688 3166 728 os
3195 672 3334 728 San-

2154 751 2299 798 sunt.
2331 744 2588 812 Apertum
2985 744 3194 801 etorum
3225 757 3358 799 suoh

2154 824 2238 870 est
2265 825 2447 870 autem
2478 829 2546 868 os
2987 833 3106 872 rum
3137 818 3259 870 Pro-

2155 886 2294 955 ejus,
2325 895 2379 940 et
2404 887 2482 941 Io-

2155 959 2437 1026 quebatur,

2157 1029 2486 1084 benedicens

2157 1096 2246 1155 65.
2285 1101 2470 1154 Deum.
2505 1099 2573 1154 Et

2157 1171 2329 1226 factus
2354 1181 2438 1227 est
2467 1172 2534 1225 ti-

2158 1259 2277 1297 mor
2307 1245 2382 1312 (a)
2412 1258 2524 1297 ma-

2159 1330 2297 1386 gnus
2326 1315 2367 1386 -ί-
2398 1329 2562 1386 super

2157 1402 2348 1442 omnes
2379 1401 2582 1442 νιοιιιοε

2158 1473 2373 1523 eorum,
2406 1469 2460 1513 et

2161 1530 2236 1602 (ὁ)
2280 1533 2330 1584 in
2355 1533 2604 1602 universa

2158 1612 2411 1656 montana
2441 1601 2482 1672 -ι-
2509 1602 2603 1657 Ju-

2163 1673 2316 1738 deae,
2348 1684 2401 1728 et
2429 1674 2507 1727 di-

2161 1746 2522 1815 vulgabantur

2162 1816 2294 1872 baec
2325 1819 2504 1871 omnia

2159 1887 2248 1943 66.
2293 1889 2456 1943 verba
2487 1907 2499 1942 :
2529 1897 2584 1944 et

2159 1971 2459 2031 posuerunt

2161 2048 2368 2098 omnes,
2402 2032 2494 2102 qui

2162 2103 2468 2170 audierant,
2503 2105 2554 2157 in

2985 888 3269 960 phetarum
3295 930 3312 954 ,

2985 959 3333 1025 quiabaevo

2987 1032 3076 1086 71.
3119 1041 3264 1087 sunt.
3294 1031 3361 1086 Et

2986 1103 3238 1159 liberavit

2988 1189 3088 1230 nos
3109 1175 3176 1228 ab
3203 1174 3307 1228 ini-

2989 1246 3146 1302 micis
3175 1245 3382 1300 nostris
3395 1287 3409 1311 ,

2988 1327 3042 1374 et
3071 1319 3136 1372 de
3167 1333 3326 1372 manu

2989 1390 3229 1444 omnium
3257 1424 3270 1453 ς

2991 1462 3081 1526 qui
3118 1477 3217 1515 nos
3243 1458 3376 1514 ode-

2989 1527 3079 1588 72.
3123 1542 3267 1587 runt.
3301 1530 3383 1586 Ad
3415 1527 3499 1585 fa-

2988 1604 3242 1659 ciendam
3263 1605 3431 1658 mise-

2990 1675 3278 1731 ricordiam
3302 1691 3425 1728 cum

2990 1748 3242 1802 Patribns
3272 1745 3513 1809 nostris;

2911 1859 2920 1865 ι
2990 1827 3049 1875 et
3077 1819 3364 1874 memorari

2995 1890 3303 1945 testamenti

2995 1962 3165 2018 sancti
3206 1962 3310 2017 sui.

2996 2035 3086 2089 75.
3126 2029 3538 2104 Jusjurandum,

2999 2105 3141 2176 quod
3168 2105 3376 2174 juravit-

2165 2176 2328 2230 corde
2352 2191 2472 2242 suo,
2997 2175 3064 2231 ad
3100 2175 3375 2232 Abraham

2166 2245 2410 2302 dicentes
2441 2265 2452 2300 :
2996 2249 3210 2303 Patrem
3243 2262 3341 2303 no-

2166 2317 2303 2386 Quid
2336 2318 2526 2388 utique
2995 2328 3190 2386 strum,
3219 2319 3316 2374 da-

2165 2391 2269 2444 erit
2298 2404 2432 2460 puer
2463 2390 2604 2446 iste?
2995 2401 3171 2446 turum
3198 2406 3257 2446 se

2168 2461 2382 2516 Etenim
2416 2476 2528 2514 ma-
2995 2465 3082 2517 74.
3128 2463 3324 2517 nobis:
3355 2470 3419 2516 ut

2996 2535 3114 2590 sine
3143 2535 3341 2590 timore

2996 2606 3067 2660 de
3090 2619 3286 2660 manus

2999 2679 3344 2732 inimicorum

2999 2758 3308 2804 nostrorum
3341 2745 3479 2803 libe-

2999 2821 3101 2874 rati
3125 2822 3430 2876 serviamus

3001 2893 3090 2949 75.
3133 2891 3232 2945 illi.
3264 2892 3321 2946 ln
3349 2905 3474 2946 san-

2995 2965 3200 3030 ctitate,
3226 2974 3281 3018 et

2994 3035 3204 3106 justitia
3247 3050 3342 3090 co-

2168 2548 2269 2588 nus
2296 2533 2509 2588 Domini

2168 2619 2291 2659 cum
2321 2601 2414 2658 illo

2166 2675 2254 2731 67.
2299 2685 2401 2731 est.
2433 2675 2502 2730 Et
2527 2675 2626 2730 Za-

2163 2748 2377 2804 charias
2405 2747 2508 2802 im-

2167 2820 2343 2888 pletus
2371 2830 2456 2874 est

2163 2892 2368 2961 Spiritu

2165 2964 2388 3028 Sancto,
2420 2970 2476 3018 et
2501 2976 2630 3030 pro-

2165 3035 2444 3105 phetabat,
2477 3034 2664 3089 dicens
2687 3047 2700 3086 :

2164 3107 2255 3161 68.
2299 3105 2626 3161 Benedictus
2998 3123 3113 3163 ram
3145 3106 3266 3176 ipso

2165 3177 2308 3232 Deus
2335 3177 2502 3232 Istra-
2999 3179 3252 3233 omnibus

2165 3249 2278 3316 hei,
2308 3250 2434 3317 quia
3000 3249 3192 3305 diebus
3221 3265 3322 3304 no-

2165 3321 2405 3376 visitavit
2422 3362 2435 3386 ,
3001 3321 3090 3376 76.
3133 3323 3281 3377 stris.
3316 3320 3386 3376 Et
3411 3328 3470 3374 tu

2166 3402 2219 3448 et
2251 3393 2378 3448 fecit
2404 3403 2494 3448 τε·
3003 3408 3162 3464 puer,
3191 3394 3324 3448 Pro-

2166 3465 2536 3526 deruptionem

2169 3536 2344 3606 plebis
2372 3551 2523 3590 suae.

2168 3608 2258 3664 69.
2305 3609 2368 3661 Et
2400 3608 2575 3663 erexit

2168 3694 2392 3735 cornum
2422 3694 2508 3735 sa-

2171 3753 2296 3806 lutis
2319 3751 2498 3817 nobis,

2171 3825 2223 3878 in
2253 3824 2417 3877 domo

2169 3893 2334 3950 David
2366 3896 2516 3966 pueri

3005 3465 3166 3547 pheta
3196 3465 3362 3520 Altis-

3002 3551 3123 3589 sum
3152 3551 3314 3591 voca-
3371 3574 3380 3585 .

3003 3607 3149 3662 veris
3179 3625 3193 3660 :
3227 3621 3382 3677 prae-

3003 3680 3107 3734 ibis
3131 3680 3277 3734 enim

3005 3760 3133 3805 ante
3159 3750 3353 3805 faciem

3009 3821 3220 3876 Domini
3249 3835 3406 3890 para-

3009 3909 3068 3948 re
3091 3893 3206 3948 vias
3229 3893 3367 3963 ejus.

1788 4015 2024 4074 CODEX
2061 4013 2456 4072 BRleANUS.
2477 4015 2556 4083 ’ΞΓ

464 4104 532 4182 Et
561 4104 738 4182 mirati
767 4113 894 4164 sunt
934 4123 1144 4166 omnes.
1180 4111 1442 4182 Apertum
1473 4119 1557 4167 est
1603 4119 1784 4165 autem
1809 4111 1974 4165 illico.
2003 4124 2065 4165 os

463 4177 599 4253 ejus.
625 4185 681 4231 et
706 4177 884 4249 lingua
918 4182 1055 4251 ejus.
1076 4177 1481 4253 etloquebatur.
1516 4183 1841 4237 benediCcns
1873 4183 2062 4238 Deum.

465 4247 532 4329 βε
559 4245 729 4327 factus
760 4245 843 4305 est
873 4245 1050 4306 timor.
1069 4245 1238 4329 super
1262 4269 1450 4329 omnes
1465 4256 1678 4329 vicinos
1704 4265 1972 4308 eorum.et
1993 4253 2068 4329 (ρ)

465 4323 517 4371 in
552 4323 802 4395 universa
851 4333 1103 4379 montana
1131 4325 1172 4395 ἰ-
1212 4323 1404 4380 Judae.
1447 4325 1861 4393 divulgabantur
1888 4326 2069 4381 omnia

466 4389 861 4466 verba‘ltnecct
879 4389 1179 4463 posuerunt
1201 4411 1390 4452 omnes
1409 4398 1497 4466 qui
1515 4389 1817 4451 audierunt.
1841 4397 1892 4452 in
1911 4399 2073 4452 corde

463 4475 584 4540 suo.
607 4461 888 4540 dicentes.
901 4465 1037 4534 Quid
1061 4477 1216 4537 putas
1237 4469 1342 4540 erit
1363 4461 1498 4540 pu'er
1521 4468 1862 4524 iste.Etenim
1883 4481 2073 4522 manus

466 4532 679 4609 Domini
721 4545 841 4592 erat
870 4532 990 4592 cum
1025 4532 1138 4594 illo.
1177 4541 1240 4594 Et
1271 4532 1591 4594 Zic'charias
1621 4547 1776 4608 pater
1815 4541 1950 4609 ejus.
1987 4555 2071 4594 re-

463 4608 661 4683 pletus
693 4618 778 4663 est
825 4609 1042 4683 Spiritu
1093 4613 1311 4667 Sancto.
1365 4619 1420 4667 et
1471 4613 1816 4683 prophetarit
1849 4608 2066 4665 dicens.

462 4677 788 4753 Benedictus
820 4682 1079 4738 Dominus
1113 4685 1254 4739 Deus
1283 4677 1533 4738 Sdrahel.
1567 4677 1690 4753 quia
1723 4685 1984 4736 visitavit.
2013 4693 2070 4736 et

462 4749 591 4825 fecit
620 4752 1016 4825 redemtionem
1045 4756 1217 4825 plebis
1249 4771 1401 4810 suae.
1436 4756 1500 4808 Et
1523 4749 1699 4809 erexit
1723 4769 1949 4825 cornum
1980 4768 2071 4805 sa-

464 4822 592 4876 lutis
623 4824 802 4882 nobis.
833 4826 884 4880 in
916 4822 1078 4882 domo
1129 4827 1301 4883 David
1351 4827 1508 4898 pueri
1553 4827 1657 4881 sui.
1691 4826 1830 4881 sicut
1855 4824 2071 4880 locums

2170 4119 2272 4164 est.
2302 4125 2398 4179 per
2428 4125 2489 4164 os
2520 4108 2839 4164 Sanctorum
2874 4108 3266 4178 Prophetarum
3305 4107 3551 4179 suorum.
3577 4105 3738 4179 quae}

2173 4171 2395 4236 saeculo
2418 4192 2560 4236 sunt.
2593 4183 2727 4236 Dare
2752 4171 3074 4236 salutem'ex
3110 4171 3601 4252 ininiicisnostris.
3621 4183 3666 4227 et

2175 4269 2335 4307 manu
2363 4255 2628 4308 omnium.
2676 4253 2894 4323 quinos
2934 4252 3186 4307 oderunt.
3213 4250 3294 4305 Ad
3345 4247 3743 4323 laciendam-mi-

2176 4325 2551 4379 sericordiam.
2585 4318 2709 4379 cuni
2755 4323 3004 4379 Patribns
3055 4323 3257 4377 nostris
3303 4329 3359 4376 et
3381 4318 3656 4393 memorari
3681 4324 3742 4393 tef

2180 4397 2432 4451 Stamenti
2485 4399 2568 4454 sui
2624 4398 2818 4450 sancti.
2845 4396 2942 4450 Jus
2966 4393 3352 4466 jusjurandum
3384 4391 3526 4466 quod
3569 4389 3741 4466 iam?

2183 4470 2433 4524 Abrahae
2461 4469 2605 4524 Patri
2637 4477 2846 4522 nostro.
2874 4463 3122 4522 daturum
3168 4481 3228 4521 se
3272 4464 3450 4519 nobis.
3481 4472 3532 4517 ut
3562 4463 3668 4514 sine.
3689 4463 3741 4508 tis

2181 4555 2352 4594 morc.
2385 4541 2452 4594 de
2479 4557 2638 4613 manu
2675 4541 3018 4613 inimicorum
3047 4537 3364 4613 nostrorum
3403 4532 3741 4613 liberatusq-

2179 4615 2387 4666 viamus
2444 4612 2625 4667 illi.|n
2681 4611 2969 4666 sanctitate
3008 4621 3062 4666 et
3109 4609 3344 4681 justitia.
3402 4620 3579 4681 coram
3618 4609 3738 4681 ips?-

2179 4685 2431 4737 omnibus
2461 4685 2650 4739 diebus
2675 4685 2895 4737 nosu'is.
2930 4683 2994 4736 Et
3014 4691 3070 4736 tu
3109 4673 3270 4752 puer.
3319 4680 3580 4752 Propheta
3606 4673 3741 4750 Αιμῑξ-

2178 4756 2298 4808 simi
2345 4757 2651 4810 vocaberis.
2707 4755 2944 4826 praeibis
2989 4748 3133 4810 enim
3162 4763 3290 4808 ante
3317 4753 3502 4806 faciem
3533 4748 3738 4802 Domini.

2182 4841 2378 4898 parare
2402 4828 2517 4882 vias
2545 4828 2686 4898 ejus.

1765 4939 1997 4996 CODEX
2033 4939 2504 4998 CORBEIENSIS.

539 5059 630 5115 64.
659 5061 725 5117 Et
747 5063 1011 5117 continuo
1035 5060 1273 5117 resoluta
1305 5070 1391 5118 est
1429 5061 1614 5132 lingua
1643 5059 1784 5131 ejus,
1822 5069 1878 5116 et
1907 5073 2069 5130 aper-

471 5137 697 5203 turpest
722 5147 783 5187 os
815 5137 952 5203 ejus.

661 5200 1057 5276 :Quid'utique
1079 5205 1182 5260 erit
1209 5220 1343 5276 puer
1372 5203 1497 5276 iste?

540 5273 630 5327 70.
655 5272 807 5329 Sicut
837 5272 1047 5333 locutus
1086 5287 1172 5333 est
1202 5272 1298 5348 per
1327 5291 1389 5332 os
1431 5275 1754 5332 Sanctorum
1778 5273 2078 5344 PrOpheta-

2179 5075 2324 5126 rum,
2349 5062 2438 5131 qui
2467 5063 2534 5115 ab
2561 5074 2696 5131 aevo
2716 5068 2862 5115 sunt.

2252 5134 2342 5188 7t.
2369 5126 2435 5187 Et
2457 5130 2706 5187 liberavit
2725 5143 2824 5187 nos
2847 5130 2918 5185 ab
2942 5128 3176 5184 inimicis
3204 5126 3424 5182 nostris.

2253 5205 2342 5259 72.
2376 5206 2439 5260 Et
2475 5204 2828 5260 rememorari
2859 5201 3170 5258 testamenti
3190 5200 3370 5256 sancti
3392 5198 3488 5253 sui.

1703 5373 2102 5447 VARIANTES
2143 5377 2549 5446 LECTIONES.

508 5501 958 5613 rgpﬁgtthitinpletus
983 5510 1118 5555 est...
1139 5504 1482 5569 prOphetabat.
1515 5503 1661 5572 Vulg.
1687 5501 1916 5568 repletus
1932 5509 2069 5555 est...

474 5575 810 5624 prOpnetavu.

540 5626 558 5656 ¹
595 5627 705 5678 σω.
732 5626 956 5677 Salutem
982 5641 994 5678 :
1023 5634 1076 5680 et
1098 5629 1328 5680 liberavit
1352 5643 1442 5681 nos
1465 5643 1530 5681 ex
1553 5630 1783 5682 inimicis.
1814 5629 1963 5696 Vulg.
1984 5630 2075 5679 Sa-

2179 5504 2338 5554 lutem
2361 5516 2424 5553 ex
2449 5501 2675 5552 Inimicis.

2247 5569 2268 5600 ³
2303 5569 2410 5617 Gat.
2437 5567 2500 5616 de
2528 5566 2771 5629 manibus.
2795 5559 2944 5629 Vulg.
2969 5556 3035 5616 de
3052 5571 3219 5615 manu.

2246 5630 2268 5661 ‘
2305 5633 2412 5681 Gal.
2439 5628 2556 5694 quid
2585 5627 2758 5691 putas?

1835 5730 2207 5791 BLANCHINI
2245 5729 2476 5790 NOTAE.

559 5846 644 5920 (a)
697 5847 860 5917 Addit
888 5863 1130 5925 magnus,
1179 5853 1341 5911 etiam
1365 5851 1486 5911 cod.
1514 5851 1672 5911 Cant.
1703 5852 1882 5928 μέγας.
1909 5881 1981 5893 -
2001 5847 2078 5922 (ι)
2118 5848 2195 5907 Ita
2219 5856 2273 5905 et
2299 5855 2408 5906 tex.
2441 5847 2538 5907 Gr.
2562 5850 2614 5908 ἓν
2637 5847 2725 5928 ὅλῃ
2747 5848 3010 5927 τῇὁρσινῇ.
