1937 3163
62 154 105 184 M5

222 212 338 243 CM!
358 213 631 244 VBRCELLENSIS.

67 264 102 291 π.
120 261 244 290 ..andam
258 275 286 290 η
306 272 336 289 ,δ
445 263 462 290 5
490 270 542 291 no:
556 267 584 290 et
599 262 674 291 ibant

68 299 146 327 entiam
159 306 198 325 sa-
445 306 540 326 omnes
556 306 617 333 pro-

69 335 117 362 lulis
130 335 136 349 ¹
150 334 239 368 populo
450 335 466 362 li
482 354 489 361 .
506 353 514 360 .
532 353 539 361 .
554 335 576 362 ri
593 334 684 368 unuH

68 370 161 405 ejus:in
175 377 214 397 re-
450 391 455 398 .
475 391 481 397 .
501 391 507 397 .
527 391 533 396 .
550 378 602 405 que
617 370 627 385 ⁸
643 370 685 405 in]

67 406 194 433 missionem
449 426 455 432 .
472 425 480 433 .
497 427 502 433 .
520 414 546 433 m
561 406 628 434 civi-

67 446 206 474 peccatorum
448 463 453 470 .
471 462 478 469 .
493 462 499 468 .
517 463 524 469 .
541 465 549 469 .
566 449 602 469 m.

67 477 99 505 78.
115 478 230 510 ipsorum.
245 476 296 504 Per
445 479 472 505 4.
493 476 621 505 Ascendit
633 482 722 506 autem

65 514 145 540 viscera
158 513 203 540 mi-
446 518 473 541 et
485 513 587 547 Joseph
601 521 615 540 a
631 512 686 541 Ga-

65 548 181 576 serieordi-
445 549 525 576 lilaea
539 549 572 576 de
585 549 624 576 ci—

64 592 87 611 ae
99 584 137 611 Dei
149 592 207 611 nos-
446 585 529 612 vitate
541 585 640 612 Nazar-

65 620 97 651 tri.
110 620 131 647 in
144 620 231 654 quibus
446 625 473 648 et
485 620 511 647 in
526 624 627 648 terram

65 655 157 683 risitavit
172 662 217 683 nos
225 673 234 689 ,
446 656 561 684 Judeam
573 656 601 683 in

64 692 133 719 oriens
145 699 172 718 cx
187 692 223 718 al-
446 692 586 719 civitatem

64 727 95 754 79.
107 732 145 754 to:
160 727 299 755 inlumina—
447 727 542 760 David,
560 735 630 763 quae

63 770 84 789 re
96 763 101 789 i
113 763 134 789 in
147 767 212 790 tene-
448 768 562 791 vocatur
575 764 626 791 Be-

63 798 111 830 bris,
124 803 146 825 et
159 806 212 826 um-
448 799 531 826 tblem
550 809 555 825 :
572 807 604 826 eo
614 798 684 833 quod

63 833 96 861 bra
109 835 189 861 mortis
447 840 518 862 esset
535 835 567 861 de
583 835 632 861 do-

62 869 160 897 sedentes
173 879 179 897 :
192 869 223 898 ad
447 878 501 902 mo,
518 876 545 897 et
558 871 643 904 patria

62 904 185 937 dirigenda:
446 906 473 932 5.
496 906 588 937 David,
606 906 686 939 proii-

61 940 123 974 pedes
135 949 190 968 nos-
446 945 487 968 ter
501 961 508 968 .
526 961 533 968 .
547 949 591 969 um
604 942 660 969 Ma-

62 981 103 1003 Iros
114 976 135 1003 in
147 977 210 1004 viam
445 977 491 1004 ri.
509 997 516 1005 .
534 996 541 1004 .
558 997 565 1004 .
584 997 589 1003 .
607 985 637 1005 re

61 1012 93 1039 80.
108 1012 179 1046 pacis.
194 1013 262 1041 Puer
445 1020 458 1040 s
475 1034 482 1040 .
501 1033 507 1040 .
526 1034 532 1040 .
552 1034 559 1040 .
576 1020 638 1048 reg-

61 1052 127 1075 autem
140 1055 207 1076 ores;
444 1055 496 1075 nan
515 1069 521 1075 .
539 1069 546 1075 .
561 1069 568 1076 .

61 1083 125 1116 nebat,
136 1089 159 1111 et
170 1092 232 1112 eon-
259 1089 262 1090 ⁷
444 1083 472 1111 ϐ.
486 1083 596 1111 Factum
608 1089 650 1112 est
664 1092 712 1113 au-

60 1117 186 1147 ﬁrmabatur
224 1127 225 1132 η
445 1123 510 1153 tem,
530 1140 536 1147 .
551 1139 558 1147 .
573 1128 598 1147 m
615 1120 650 1148 ibi

61 1154 186 1194 {inspiritu
199 1166 205 1183 :
220 1162 247 1186 et
260 1162 323 1186 erat
443 1161 544 1194 essent,
559 1156 600 1183 in—

61 1189 80 1215 in
91 1189 187 1220 desertis

60 1231 123 1260 usque
137 1227 160 1254 in
170 1228 207 1255 di-

59 1267 89 1287 em
99 1264 211 1291 ostensio-

59 1296 89 1323 nis
97 1304 150 1325 suae
163 1300 194 1327 ad

445 1191 510 1225 pleti
525 1197 588 1219 sunt

445 1227 662 1255 diesut.....

445 1262 472 1289 7.
487 1267 539 1289 ret.
556 1262 590 1290 Et
604 1270 637 1297 pe
652 1284 658 1290 .
677 1283 684 1289 .
699 1283 705 1289 .

445 1298 479 1325 rit
494 1298 545 1325 Fili
560 1319 566 1325 .
584 1319 590 1325 .
610 1318 617 1324 .

59 1330 155 1361 lstrabel.
445 1340 523 1361 suum
541 1334 596 1367 pri-

136 1389 242 1420 caeu'r
262 1390 296 1420 ll.
444 1375 622 1440 ξξθξξξέξξων

83 1436 218 1478 1.,Ρᾳςῳηι
228 1444 270 1468 est
284 1447 337 1467 tm-
444 1436 506 1478 eum
522 1441 628 1478 involu-

59 1474 97 1510 leru
107 1473 128 1499 in
141 1473 189 1501 illis
443 1475 492 1510 vit,
507 1482 535 1504 et
549 1477 643 1505 conlo-

58 1505 137 1547 diebus,
147 1510 208 1537 exiit
444 1505 518 1540 cavit
531 1520 593 1541 eum

56 1541 147 1583 edictum
188 1582 191 1583 ν
445 1547 471 1574 in
487 1548 628 1583 praesepio
638 1558 645 1581 ;

55 1584 65 1602 a
76 1577 170 1609 Caesare
180 1582 198 1609 A
214 1599 221 1607 .
239 1600 246 1609 .
261 1597 278 1603 —
443 1577 570 1618 quoniam

53 1618 120 1654 gusto,
132 1621 158 1644 ut
169 1625 227 1652 pro-
445 1626 498 1646 non
514 1625 573 1647 erat
588 1620 614 1647 Io
621 1635 628 1640 -

55 1649 150 1692 literetur
170 1649 176 1652 '
444 1662 499 1692 cus
507 1655 532 1682 in
549 1655 638 1683 diver-

55 1691 89 1717 per
100 1691 192 1716 univer.
445 1691 530 1718 sorio.

54 1727 137 1763 ii‘tlltLO.
153 1744 160 1750 .
174 1724 242 1753 bern.
445 1726 471 1754 8.
490 1727 615 1763 Pastores
626 1727 666 1763 (α)
680 1734 728 1755 au-

53 1754 73 1797 ἓ-
89 1757 150 1787 Haec
165 1779 173 1787 .
189 1781 195 1787 .
213 1781 219 1787 .
236 1765 285 1788 ma
446 1767 499 1789 tem
511 1762 532 1797 -ι-
545 1754 623 1790 erant

54 1790 83 1833 [ac
96 1814 101 1819 .
114 1813 120 1821 .
136 1815 142 1822 .
159 1815 165 1823 .
181 1815 187 1823 .
206 1817 211 1823 .
229 1804 299 1833 prq-
445 1797 472 1824 in
486 1790 530 1825 illa
547 1799 635 1833 regio-

53 1825 100 1869 lgs.
115 1850 120 1856 .
137 1852 143 1858 .
159 1852 169 1869 ._
183 1825 302 1869 .Aaéside
446 1840 492 1865 ne,
509 1825 623 1869 vigilan—

54 1861 113 1895 Svria
123 1886 129 1893 .
143 1886 149 1893 .
161 1867 171 1883 ³
183 1867 236 1903 Cyr
253 1887 260 1895 .
284 1890 289 1894 .
306 1883 319 1888 -
448 1861 491 1897 tes
498 1874 525 1897 et
536 1861 629 1897 custo-

559 151 783 183 EVAMEMUI
801 152 986 184 SECUNDUM
1006 154 1133 184 LUCAM.

1622 155 1675 186 8Ιό

1095 215 1211 245 CODEX
1231 213 1458 246 VBRONENSIS.

879 264 922 291 77.
944 263 983 291 Ad
997 263 1112 291 dandam
1292 265 1327 293 de
1343 264 1431 293 Siriae
1446 264 1499 300 Cy-

878 300 1018 327 scientialn
1032 306 1077 326 sa-
1295 301 1356 328 rino
1372 309 1378 327 :
1394 304 1420 327 et
1437 299 1512 327 ibant

877 335 941 363 Iutis
957 334 1028 370 plebi
1041 335 1100 369 ejus
1120 344 1126 362 :
1294 337 1320 362 5.
1343 344 1452 368 omnes,
1470 340 1500 362 ut.

878 371 905 398 in
919 370 1060 399 remissio—
1295 373 1489 407 proﬁterentur

879 415 938 433 ne")
953 414 1048 441 peeca-
1295 408 1392 440 singuli
1408 408 1433 434 in
1451 414 1526 434 suam

880 443 922 469 78.
947 448 1034 468 tornin
1049 445 1154 470 eorum.
1295 444 1442 470 civitatem.

880 478 932 505 Pcr
948 479 1049 505 viscera
1296 479 1323 505 4.
1346 478 1473 506 Ascendit
1488 484 1533 506 at!-

880 514 1085 540 misericordiae

880 550 925 576 Dei
941 550 1040 583 nostri,

880 587 906 611 in
920 586 1017 620 quibus

879 620 1000 648 visitavit

1297 519 1350 542 tem
1365 520 1391 542 et
1405 514 1449 541 Jo-

1296 552 1362 585 sepb
1380 558 1393 576 n
1410 550 1462 577 Ga-

1298 587 1376 613 lilaea
1393 586 1426 612 de

1296 622 1405 649 civitate
1421 621 1472 648 Na-

880 664 944 689 nos,
961 656 1053 683 oriens
1296 657 1390 685 zaretb
1404 657 1430 684 in

880 692 925 719 79.
946 699 977 719 ex
994 692 1050 719 alto
1063 700 1070 718 :
1083 691 1124 719 in-
1295 692 1425 720 Judaeam
1441 693 1468 719 in

880 728 1012 755 luminare
1026 727 1059 754 iis
1068 748 1075 760 ,
1296 729 1434 756 civitatem

880 764 924 797 qui
941 763 967 790 in
983 768 1059 790 tene—
1297 764 1381 791 David
1393 785 1400 797 ,
1416 770 1487 798 quae

881 799 955 831 bris,
973 803 1000 826 et
1018 800 1044 825 in
1298 804 1412 827 vocatur
1432 800 1483 827 Be-

881 835 976 862 umbra
993 834 1088 861 mortis
1298 835 1384 862 tblem
1399 844 1405 861 :
1422 842 1455 863 eo

882 870 978 898 sedent
991 879 998 897 :
1012 869 1046 897 ad
1298 871 1369 898 auod
1385 875 1458 898 esset

881 906 1036 941 dirigendae
1299 906 1333 934 de
1344 906 1440 938 domo,
1454 910 1482 933 et

882 941 964 976 pedes
981 946 1088 969 nostros
1297 942 1384 977 patria
1400 941 1484 969 David
1494 962 1501 974 ,

882 977 907 1004 in
920 977 989 1005 viam
1297 977 1324 1006 ὅ.
1347 981 1377 1004 ut
1391 985 1453 1012 pro-

881 1013 965 1048 pacis.
1297 1013 1419 1040 meretur

880 1050 924 1076 80.
946 1048 1017 1076 Puer
1032 1052 1122 1075 autem
1297 1056 1358 1076 cum
1371 1048 1454 1075 Maria

880 1084 1020 1112 crescebat
1033 1104 1040 1116 ,
1055 1088 1083 1111 et
1299 1092 1384 1112 uxore
1399 1091 1446 1111 sua
1463 1083 1540 1119 preg—

880 1120 1085 1147 confortabatur
1282 1132 1285 1136 ι
1299 1125 1391 1147 name.

880 1156 907 1183 in
922 1156 1019 1189 spiritu
1038 1165 1044 1182 :
1300 1155 1326 1183 6.
1348 1156 1461 1183 Factum
1476 1158 1520 1183 est

881 1196 909 1218 et
923 1196 982 1218 erat.
999 1191 1026 1219 in
1297 1196 1398 1223 autem,
1412 1198 1473 1218 cum

1298 1232 1371 1254 esset
1382 1227 1417 1255 ibi
1424 1248 1431 1259 ,

1298 1262 1404 1297 impleti
1418 1267 1482 1290 sunt

881 1227 991 1254 deserto
1004 1234 1050 1253 us—

881 1270 933 1297 que
944 1264 971 1289 in
985 1262 1056 1290 diem

880 1306 959 1325 suum
977 1298 1009 1325 ad
1029 1298 1067 1325 ls-
1298 1298 1356 1325 dies
1370 1303 1400 1325 ut

881 1333 977 1361 trabe].
1299 1333 1325 1360 7.
1348 1337 1466 1368 pareret.
1481 1332 1517 1361 Et

1299 1370 1404 1403 peperit
1419 1368 1519 1396 Filium

986 1404 1101 1432 CAPUT
1120 1404 1152 1432 ll.
1298 1404 1463 1439 primogeni-

1299 1445 1355 1467 tum
1368 1461 1376 1473 ,
1390 1444 1418 1467 et
1433 1447 1500 1474 pan-

917 1476 944 1503 Ι.
966 1475 1077 1504 Factum
1092 1480 1134 1504 est
1298 1475 1341 1503 nis
1351 1483 1413 1503 eum
1428 1476 1469 1502 in-

881 1516 972 1539 autem
987 1512 1013 1539 In
1297 1511 1395 1545 volvit,
1411 1516 1439 1539 et

881 1547 977 1575 diebus
990 1548 1054 1582 illis,
1299 1547 1390 1582 pnsuit
1405 1547 1432 1574 in

881 1584 947 1611 exiit
966 1583 1040 1612 edic—
1299 1583 1459 1618 praesepio;

883 1625 940 1646 tum
955 1627 969 1646 a
986 1620 1053 1647 Cae-
1299 1619 1361 1653 quia
1371 1618 1448 1645 locus

881 1663 943 1682 sare
961 1655 1053 1690 Augu—
1300 1661 1353 1690 non
1370 1658 1429 1681 erat
1444 1653 1472 1681 in

881 1694 939 1721 sto.
953 1694 983 1717 ut
998 1689 1109 1725 prolite-
1298 1689 1463 1717 diversorio.

881 1731 956 1754 retur
968 1727 1112 1754 universus
1299 1725 1326 1753 8.
1349 1725 1477 1753 Pastores
1491 1725 1531 1761 (α)
1545 1731 1593 1752 au-

881 1762 956 1789 orbis
971 1765 1026 1789 ter-
1302 1766 1355 1788 tem
1368 1760 1389 1796 ἰ-
1403 1764 1481 1788 erant

880 1805 1033 1825 rarum.....
1049 1805 1112 1832 pro-
1302 1796 1329 1824 in
1346 1797 1391 1823 illa
1406 1804 1449 1824 re.

881 1834 908 1859 2.
930 1832 1013 1861 fessio
1032 1833 1087 1868 pri-
1301 1832 1392 1867 gione,
1407 1832 1476 1867 vigi-

881 1876 924 1896 ma
946 1876 961 1896 a
982 1869 1089 1896 Praesi—
1303 1868 1407 1902 tantes,
1421 1873 1448 1895 et

691 1920 807 1954 CODEX
829 1923 1043 1959 BRleANUS,

53 1981 82 2021 lbi
103 1981 209 2023 dandam
236 1984 380 2013 scientiam
413 1984 510 2012 salutis
538 1984 610 2023 plebi
636 1984 707 2023 eius.
735 1982 762 2012 in
777 1992 830 2023 _re-

53 2020 182 2056 missionem
205 2026 382 2055 peccatorum
408 2029 513 2048 eorum.
539 2021 592 2048 Per
616 2021 721 2048 viscera
748 2020 830 2048 mise-

53 2054 160 2092 ricordiae
182 2056 228 2084 Dei
257 2057 356 2084 nostri.
387 2057 413 2083 in
439 2057 537 2091 quibus
566 2056 685 2083 visitavit
712 2061 762 2084 nos
800 2063 830 2084 0-

52 2095 108 2126 rieas
126 2098 157 2118 ex
179 2093 243 2119 allo.
265 2092 432 2120 inluminare
462 2092 561 2126 bisqui
576 2092 602 2118 in
627 2092 748 2119 tenebris
764 2092 831 2119 etin

53 2124 125 2163 titulun
149 2129 241 2155 mortis
264 2129 373 2156 sedent.
394 2127 426 2154 ad
453 2124 610 2162 dirigendos
624 2128 706 2162 pedes
723 2130 832 2155 nn‘stros

52 2161 72 2185 in
84 2161 140 2188 viam
156 2163 237 2196 pacis.
250 2164 323 2191 Puer
341 2169 431 2191 autem
447 2161 597 2191 crescebat.
614 2161 640 2190 et
654 2162 830 2190 confortaba-

52 2199 83 2235 ltlr
95 2198 189 2235 Spiritu.
199 2203 228 2227 et
241 2205 302 2227 erat.
317 2199 342 2226 in
357 2199 482 2235 desertis.
500 2207 585 2234 usque
608 2199 635 2226 in
649 2199 720 2226 diem
737 2204 830 2235 osten—

52 2232 119 2271 sionis
131 2241 190 2262 suae
204 2236 237 2262 ad
261 2234 389 2271 Sdrabel.
402 2233 512 2262 Factum
528 2232 569 2262 est
584 2239 674 2262 autem
692 2235 717 2271 in
733 2234 829 2271 diebus

52 2265 102 2299 illis.
120 2270 180 2297 exiit
200 2271 321 2298 edictum
337 2279 351 2297 a
365 2268 482 2298 Caesare
496 2270 628 2306 Angusto.
649 2273 678 2297 ut
691 2270 830 2306 describe-

52 2307 263 2341 reluruniversus
288 2307 372 2334 orbis.
398 2306 469 2334 Haec
484 2305 635 2334 describtio
655 2307 741 2341 prima
759 2305 830 2332 facta

51 2343 91 2365 est.
104 2339 221 2370 Praesidc
236 2340 333 2379 Syriae
348 2341 460 2379 Cyrino.
477 2347 504 2370 et
518 2342 593 2371 ibant
609 2339 705 2370 omnes
718 2345 747 2368 ut
762 2341 830 2368 scri-

881 1984 1014 2012 berentur
1027 1982 1135 2017 singhll.
1149 1981 1175 2009 in
1187 1984 1265 2009 suam
1279 1981 1427 2009 civitatem.
1441 1974 1572 2008 Ascendit
1582 1984 1685 2017 autem.-

882 2026 910 2047 et
937 2019 1038 2053 Josepb
1060 2015 1202 2046 a'Galilea.
1219 2018 1252 2044 de
1279 2018 1388 2045 civitate
1416 2017 1558 2053 Nazarent.
1583 2016 1609 2043 in
1637 2015 1686 2043 Ju-

882 2056 989 2083 daeam.
1005 2055 1143 2082 civitatem
1161 2053 1255 2080 David.
1272 2061 1341 2088 quac
1357 2058 1469 2080 vocatur
1486 2052 1636 2079 Bethleem.
1653 2059 1686 2079 eo

883 2091 956 2127 quod
971 2096 1043 2127 esset
1061 2090 1096 2127 de
1118 2090 1200 2117 domo
1212 2095 1240 2116 et
1256 2087 1340 2127 patria
1355 2088 1439 2115 David
1459 2092 1488 2115 ut
1511 2087 1687 2127 proﬁteretur

883 2125 945 2154 eum
974 2125 1056 2154 Maria
1082 2125 1246 2160 desponsata
1273 2125 1336 2152 sibi.
1367 2131 1436 2159 quae
1458 2127 1517 2160 erat
1537 2125 1685 2160 pregnans.

883 2162 995 2190 Factum
1019 2166 1061 2190 est
1084 2158 1174 2189 autem
1189 2169 1249 2188 eum
1264 2164 1355 2188 essent
1365 2158 1410 2187 ibi.
1426 2159 1527 2195 impleti
1549 2163 1613 2186 sunt
1627 2158 1686 2186 dies

885 2204 913 2225 ιιι
928 2203 1046 2234 pareret.
1073 2198 1104 2225 Et
1123 2197 1229 2234 peperit
1249 2197 1333 2224 lilium
1360 2199 1440 2234 suum
1463 2196 1686 2234 primogenitum.

885 2239 911 2262 et
925 2231 1022 2268 pannis
1036 2241 1098 2261 eum
1123 2231 1245 2261 involvit.
1269 2237 1296 2260 et
1310 2232 1400 2268 posuit
1412 2239 1473 2259 eum
1496 2231 1523 2268 in
1534 2231 1686 2268 praesepio:

884 2264 945 2305 quia
962 2278 1015 2297 non
1035 2274 1094 2297 erat
1109 2268 1148 2297 eis
1176 2269 1254 2296 locus
1278 2264 1489 2305 in'diversorio.
1508 2264 1687 2301 Pastores(a)

885 2303 976 2333 autem
991 2305 1011 2341 ἦ·
1027 2309 1105 2333 erant
1128 2305 1154 2333 in
1166 2304 1262 2332 eadem
1276 2304 1389 2339 regione
1400 2303 1543 2338 vigilantes
1557 2307 1584 2329 et
1595 2306 1687 2329 custo-

672 2398 789 2427 CODEX
803 2396 1041 2426 CORBEIENSIS.

79 2445 114 2483 'i'l.
128 2447 166 2483 Ad
179 2444 296 2476 dandam
312 2447 451 2475 scientiam
467 2447 554 2483 plebis
567 2447 635 2482 ejus.

77 2479 251 2512 Cn.ll’.—l.‘
267 2482 300 2511 Ut
309 2479 482 2517 proﬁteretur
495 2479 637 2511 univer'sus
648 2482 721 2509 orbis
735 2483 825 2509 terrae.

77 2517 100 2555 2.
114 2519 123 2555 ξ
136 2519 203 2547 Haec
218 2521 228 2536 ⁷
246 2518 379 2554 proiessio
393 2519 413 2555 -ί-
430 2527 514 2554 prima
529 2520 598 2547 facta
610 2523 675 2547 esta
687 2517 825 2546 Praeside.

79 2554 102 2581 l.
113 2554 147 2582 De
160 2555 253 2589 domo,
268 2555 279 2571 ⁸
295 2560 322 2583 et
336 2556 424 2590 patria
436 2555 531 2583 David.
547 2555 568 2590 ἢ·

919 2440 946 2472 5.
964 2443 1031 2471 Cum
1043 2440 1126 2470 Maria
1140 2441 1305 2477 desponsata
1329 2439 1381 2468 sibi
1396 2440 1492 2472 uxore,
1505 2438 1515 2454 θ
1528 2439 1588 2465 cum
1614 2440 1688 2465 esset

883 2481 909 2508 in
922 2485 1000 2507 utero
1015 2479 1129 2506 habens.

920 2516 946 2543 7.
960 2515 1027 2549 Quia
1043 2522 1095 2542 non
1107 2517 1166 2542 erat
1180 2513 1256 2543 locus
1267 2511 1295 2541 in
1307 2511 1468 2540 diversurio.

629 2610 826 2642 VARI‘RNTES
844 2611 1058 2645 LECTIONES.3

75 2662 83 2707 i
152 2663 480 2707 Plebisfj'lSLYulq.-.l)lg§l
491 2663 610 2707 $115.)...»
622 2692 663 2707 ςιιρ.
685 2696 709 2707 η.
720 2696 773 2707 ,οι-...ι
792 2693 797 2707 :

75 2693 83 2707 ¹
93 2693 141 2720 Gut.
152 2692 176 2719 in
185 2692 273 2726 spiritu
285 2701 325 2723 τι·
338 2692 417 2727 gratia
434 2694 482 2719 Dei
493 2692 612 2720 eratcum
622 2692 673 2723 illo,
684 2696 711 2718 et
720 2696 775 2718 erat.
792 2693 826 2717 in.

54 2722 113 2754 Vllg.
126 2726 305 2753 corifortabamr
316 2727 415 2754 spiritu.
424 2729 452 2754 et
462 2729 516 2751 erat
527 2726 562 2752 in.

74 2735 113 2781 ri:
125 2735 452 2783 gotélorlmalucsplrtiyan
528 2735 562 2752 Ill.

74 2786 84 2801 ⁸
153 2765 405 2815 ἱυςὲιῐλῗκῃξὲἓίἓῗιξητ.
417 2763 615 2815 θεὶιαῗῗῖῗέυθω
626 2787 672 2812 civi

94 2788 141 2824 Qui.
153 2787 180 2814 in'
187 2797 257 2815 somn
268 2791 406 2824 regionem.
417 2787 490 2821 Vulg.
504 2790 528 2814 in
544 2794 619 2824 suam.
626 2787 762 2813 civitatem.

75 2818 84 2833 ⁵
94 2819 141 2844 ϐαι.
158 2825 185 2847 ut
195 2818 311 2848 cemm'
318 2818 515 2851 describereiur,
527 2818 620 2847 rem“
637 2825 721 2850 mu,
731 2818 832 2850 proﬁte-

881 2658 979 2683 rentur.

914 2689 925 2723 ξ
936 2690 990 2723 (gat:
1004 2686 1089 2723 prjmis
1097 2686 1247 2723 σανίδι-11ης
1258 2686 1402 2723 descriptio.

913 2722 924 2737 τ
938 2722 967 2746 Et
978 2720 1012 2746 ita
1020 2721 1075 2746 Gut.
1085 2719 1198 2745 secundis
1209 2719 1286 2745 caris.

913 2752 1077 2785 §ElitaGaL
1172 2782 1180 2785 _
1210 2781 1281 2785 __.,

912 2784 923 2800 ⁸
937 2785 991 2809 Gat.
1002 2785 1155 2815 praegnante
1165 2782 1197 2808 de
1209 2781 1303 2814 Spiritu
1315 2781 1409 2807 Sancto.

695 2869 881 2901 ΒΕᾸιΝϐΗΙΝι
898 2871 1013 2901 ΝΟΤᾸΕ.

82 2917 114 2955 (α)
126 2919 162 2949 Ita
170 2921 263 2950 etcod.
283 2922 360 2951 (lant.
374 2921 410 2951 δέ.
