1937 3163
240 133 293 164 515
505 133 642 165 EUSEBH
659 133 832 163 VERCELL.
853 133 1005 163 EVANGEI

1112 132 1168 164 ιυιί
1189 131 1305 163 νΑιιιιε
1324 132 1404 163 COD.
1422 131 1623 163 COLLATUM.
1837 131 1877 164 illi

439 192 555 222 CODEX
574 192 847 222 VERCELLENSIS.
1307 191 1425 222 (Ξοὒεί
1444 191 1675 221 VERONENSIS.

240 240 347 269 dientes
361 239 428 275 vigi—
655 248 706 268 nae
722 240 846 267 volunta-
1094 240 1279 268 custodientes
1514 238 1663 275 bonaervo-

240 276 290 304 lias
304 274 400 304 noctis’
657 276 701 303 15.
718 276 763 303 tis.
781 276 814 303 Et
829 276 883 303 lac-
1094 276 1200 311 vigilias
1211 275 1298 303 noctis
1514 274 1639 311 mutatis.

240 319 322 347 super
337 319 398 346 gre—
658 316 714 339 tum
730 315 787 343 est.
803 316 833 338 ut

241 348 267 377 9.
280 355 340 383 gem
356 355 445 375 suum.
458 347 493 375 Et
658 347 784 375 abierunt

1093 310 1174 346 supra
1189 318 1317 347 graegem
1514 310 1559 338 15.
1583 310 1617 338 ΕΙ.
1631 310 1731 337 iactum
1745 313 1804 342 est,

1093 354 1183 375 suum.
1512 350 1543 383 ut
1554 345 1681 383 discessit
1694 345 1730 374 ab

240 381 304 411 ecce
316 385 404 418 Ange—
661 403 668 410 .
685 403 692 409 .
712 403 718 410 .
736 403 743 410 .
766 391 782 410 n
794 389 856 411 cae-
1093 383 1121 411 9.
1143 383 1176 410 Ει
1189 390 1253 411 ecce
1266 383 1324 411 An-
1513 381 1697 417 illisAugeluS

239 419 282 448 lus
295 418 401 446 Dmnilli
415 423 469 447 ste-
660 419 714 446 lum
731 418 844 453 Angeli,
1092 419 1169 454 gelus
1185 419 1292 447 Domini
1513 418 1540 445 in
1555 418 1676 454 caelum,

240 454 271 482 tit
284 455 292 470 '
308 461 390 489 super
400 462 460 487 eos,
659 459 784 490 pastores
798 454 838 481 lo-
1093 453 1169 483 Stetit
1180 454 1257 490 juxta
1514 457 1637 488 pastores
1651 453 1691 481 lo-

239 494 267 518 ct
282 490 409 524 maiestas
658 489 811 526 Querbantur
1094 490 1156 518 illos
1166 511 1173 522 ,
1189 495 1216 517 et
1231 489 1268 526 (α)
1281 490 1338 519 cla-
1513 490 1667 526 quebantur
1701 516 1704 518 _

239 525 346 562 Domini
362 527 481 562 circum-
658 526 691 553 ad
708 525 836 562 invicem,
1093 526 1159 554 ritas
1172 526 1193 562 -ι-
1205 526 1260 554 cir-
1514 525 1547 553 ad
1562 525 1690 562 invicem.

238 560 308 589 luxit
321 570 379 595 eos,
393 566 422 589 et
432 561 465 589 ti-
658 566 687 589 et
698 561 828 589 dixerunt
841 569 847 587 ε
1093 560 1231 589 cumlulsit
1514 566 1542 589 et
1556 561 1687 588 dixerunt
1702 569 1709 587 :

238 601 368 625 mueruut
659 596 834 625 Pertransea-
1092 597 1164 629 illos.
1179 602 1207 625 et
1222 597 1372 626 timuerunt
1514 596 1697 624 Transeamus

239 633 337 660 timore
348 640 422 668 [ηας-
659 640 720 660 mus
731 639 816 667 usque
1094 633 1192 661 timore
1206 640 1264 660 ma—
1513 640 1599 668 usque
1614 632 1756 662 Bethleem
1766 653 1775 667 ,

238 668 283 696 10.
297 676 342 695 no.
356 668 442 695 Dixit-
657 668 779 696 Bethlem
789 688 797 700 ,
813 671 841 695 et
1095 668 1139 696 10.
1154 676 1219 704 guo.
1235 669 1267 696 Et
1279 669 1320 697 di-
1514 674 1541 696 et
1556 668 1698 696 videamus

237 711 291 739 que
302 704 342 732 eis
356 704 413 731 An-
659 704 800 732 videamus
1093 706 1134 731 xit
1146 705 1198 732 illis
1210 713 1217 732 :
1233 704 1289 732 No-
1514 704 1567 732 hoc
1579 704 1692 732 verbum
1701 725 1710 738 ,

237 740 314 776 gelus
324 748 330 767 :
342 739 432 768 Nolite
659 739 711 767 hoc
724 740 835 776 verbum
1093 739 1140 767 lite
1155 740 1265 773 timere;
1514 739 1586 776 quod
1599 740 1697 776 laetum

239 774 352 809 timere;
366 783 431 803 ecce
658 775 730 810 quod
746 774 846 811 factum
875 809 882 811 _
1093 782 1158 803 ecce
1173 776 1246 803 enim
1514 774 1574 807 est,
1590 775 1663 811 quod

238 811 311 839 enim
324 812 334 827 ²
353 819 437 839 evan-
657 809 710 843 est,
723 811 792 847 sicut
806 809 938 837 Dominus
1093 812 1251 847 cvangelizo
1513 811 1553 839 sic
1568 809 1697 839 Dominus

236 847 326 882 gelilo
337 847 415 874 vobis
658 846 781 882 ostendit
790 853 835 882 no—
1095 846 1175 874 vohis'
1184 854 1246 881 μυ·
1513 847 1633 874 Ostendit
1644 847 1733 875 nobis.

236 881 366 918 gaudium
659 881 703 909 16.
724 882 775 909 bis.
794 881 828 909 Et
838 888 921 909 vene-
1095 882 1168 910 dium
1185 890 1311 917 maguum
1323 904 1331 916 ,
1514 883 1558 910 l6.
1580 883 1612 911 Et
1625 887 1759 911 venerunt

237 917 376 960 magnum,
658 923 723 960 runt
734 918 746 934 ⁸
759 917 834 945 festi-
1095 918 1169 959 quod
1180 918 1237 960 er_it_
1249 954 1255 959 l
1514 918 1688 960 festinantes;

236 953 310 988 quod
320 954 373 982 erit
386 961 445 982 om-
658 958 769 986 nantes;
783 961 809 981 e.
826 973 833 980 .
851 972 859 980 .
872 960 903 980 n-
1095 953 1170 981 Omni
1186 953 1256 989 plebi
1270 962 1277 982 :
1513 958 1542 982 et
1557 955 1668 982 invene-

238 989 282 1017 ll.
300 990 327 1017 ni
336 990 437 1025 potiqu
448 998 455 1017 :
467 989 529 1025 quia
657 994 793 1025 venerunt
1098 989 1141 1017 ll.
1158 990 1220 1023 quia
1232 994 1311 1018 natus
1513 997 1576 1018 runt
1589 989 1699 1018 Mariam
1711 1011 1719 1024 ,

236 1029 316 1053 natus
330 1024 371 1053 est
384 1033 432 1052 vo-
476 1024 483 1025 7
659 1024 781 1058 Mariam,
798 1028 826 1052 et
1095 1029 1137 1052 est
1150 1025 1227 1052 Vobis
1513 1030 1542 1054 et
1553 1025 1653 1060 Joseph
1665 1047 1674 1060 ,

236 1060 280 1088 bis
294 1061 374 1089 hodie
390 1061 450 1090 Sal-
656 1060 743 1093 Josel',
754 1065 782 1088 et
795 1060 868 1088 inlan
882 1075 895 1080 -
1095 1060 1177 1088 hodie
1188 1060 1249 1088 Sal-
1513 1066 1541 1089 et
1555 1061 1684 1090 infantem

235 1101 325 1132 vator.
340 1097 386 1132 qui
398 1102 440 1125 est
657 1101 710 1125 tem
724 1096 841 1131 positum
1092 1102 1180 1130 vator,
1196 1097 1241 1131 qui
1514 1097 1633 1132 positum
1647 1097 1674 1125 in

235 1131 360 1160 Christus
370 1132 514 1167 Dominus,
526 1131 554 1160 in
655 1132 683 1168 in
700 1132 855 1168 praesepio.
1093 1138 1134 1160 est
1148 1132 1271 1160 Christus
1514 1131 1667 1168 praesepio.

235 1168 345 1205 civitate
361 1168 420 1205 Da-r
657 1167 701 1195 17.
724 1167 853 1205 Videntes
867 1173 915 1194 au-
1094 1168 1242 1205 Dominus,
1514 1168 1558 1196 17.
1580 1167 1712 1205 Etoogno

236 1203 281 1240 12.
296 1203 351 1232 vid.
368 1204 402 1232 Et
414 1204 495 1240 hujus
656 1206 711 1231 tem
724 1224 733 1237 ,
750 1208 778 1231 et
791 1203 802 1219 ⁶
817 1210 880 1238 cog-
1093 1203 1121 1240 in
1136 1205 1246 1240 civitate
1512 1209 1610 1240 verunt
1622 1204 1657 1232 de

236 1238 288 1276 hoc
302 1240 381 1268 vobis
451 1238 458 1240 ’
657 1246 702 1276 no.
727 1260 733 1265 .
758 1259 765 1267 .
788 1258 796 1266 .
820 1258 828 1266 .
849 1257 857 1265 .
1095 1239 1214 1276 David._
1250 1275 1253 1276 ν
1512 1238 1693 1276 verbo,quod

235 1275 343 1310 signum
360 1276 396 1303 is-
656 1274 691 1302 de
706 1283 763 1311 ver.
788 1292 825 1311 ._.
838 1295 845 1306 ,
1094 1274 1139 1311 12.
1162 1275 1194 1302 Et
1208 1274 1289 1311 hujus
1513 1275 1614 1303 dictum
1629 1274 1671 1304 est

237 1309 296 1338 tut:
313 1311 396 1339 iuve—
656 1310 729 1346 quod
741 1311 781 1338 eis
794 1309 854 1337 dic-
1094 1310 1147 1338 hoc
1158 1309 1252 1339 vobis‘
1513 1311 1568 1339 illis
1582 1312 1616 1340 de
1632 1319 1696 1346 pue-

237 1346 318 1374 nietis
329 1346 416 1375 iul'an-
656 1350 713 1374 tum
729 1351 788 1374 erat
798 1346 833 1373 de
1093 1347 1200 1382 signum
1213 1356 1219 1373 :
1515 1347 1560 1375 18.
1581 1355 1612 1376 ro
1627 1347 1690 1376 hoc.
1703 1348 1739 1377 Et

237 1386 291 1419 tem
304 1383 401 1417 pannis
657 1382 701 1410 18.
720 1389 819 1419 puero;
834 1385 863 1419 et
871 1387 930 1408 om-
1092 1382 1240 1419 invenietis
1514 1390 1623 1416 omnes,
1639 1384 1687 1419 qui

235 1417 387 1460 involutum
397 1438 405 1452 ,
656 1426 705 1446 nes
715 1417 725 1452 ,'
739 1418 784 1459 qui
799 1417 892 1445 audiev
1092 1417 1223 1460 infantem
1513 1417 1658 1460 audierunt
1666 1439 1675 1452 ,

234 1455 353 1489 positum
368 1455 396 1481 in
655 1459 728 1486 runt,
744 1455 827 1481 mira-
874 1488 887 1489 η
925 1487 930 1489 _
1091 1455 1119 1481 in
1135 1455 1232 1489 pannis
1513 1455 1603 1482 mirati
1617 1460 1681 1482 sunt

235 1487 398 1526 praesepio.
448 1524 455 1526 _
578 1509 581 1512 ι
657 1489 677 1517 ti
690 1489 808 1526 suntlb)
824 1488 858 1517 de
872 1488 905 1516 iis
917 1487 937 1522 -ι-
949 1507 958 1521 ,
1091 1487 1246 1517 involutum
1257 1510 1265 1523 ,
1514 1489 1552 1525 (ὁ)
1565 1490 1601 1518 de
1616 1490 1659 1518 his
1672 1490 1704 1526 1-,

236 1525 281 1552 15.
297 1524 430 1552 Ειειιὺὶιο
444 1524 501 1552 lac-
655 1533 724 1558 quae
735 1525 768 1552 ad
781 1532 829 1552 eos
1091 1530 1119 1552 et
1133 1526 1250 1560 positum
1512 1524 1581 1560 quae
1595 1526 1670 1554 dicta

235 1564 260 1588 ta
272 1565 315 1588 est
328 1561 409 1588 'cum
655 1560 739 1588 locuti
754 1564 818 1588 sunt
1092 1561 1119 1588 in
1133 1560 1287 1596 praesepio.
1511 1565 1590 1589 erant
1602 1569 1616 1589 a
1632 1569 1679 1596 pa-

234 1595 290 1623 illis
306 1596 427 1633 Angelo-
655 1600 791 1633 pastores.
1093 1595 1139 1624 l5.
1159 1597 1191 1624 Et
1205 1596 1294 1633 subito
1309 1596 1347 1624 l‘a-
1511 1595 1677 1633 storibus'ad
1697 1597 1782 1633 ipsos.

234 1639 295 1659 rttm
311 1632 403 1659 ntulti-
656 1632 700 1661 19.
715 1631 798 1660 Maria
809 1637 875 1659 vero
1091 1637 1133 1660 cta
1149 1637 1191 1660 est
1204 1632 1296 1660 multi-
1513 1632 1556 1660 19.
1578 1633 1660 1660 Maria
1676 1631 1769 1661 autem

234 1666 299 1695 tudo
314 1675 396 1696 exer-
655 1667 836 1695 conservabat
1091 1667 1158 1695 tudo
1170 1675 1249 1696 exer-
1513 1669 1694 1696 cause-babat

233 1702 304 1730 citus
314 1703 420 1731 caeles-
655 1703 744 1731 omnia
762 1710 825 1730 ver-
1091 1704 1161 1731 citus
1176 1703 1266 1732 caele-
1511 1704 1604 1732 omnia
1616 1705 1700 1732 verba

235 1738 270 1766 tis
285 1739 398 1766 laudan-
656 1739 690 1766 ba
706 1739 756 1766 ista
767 1760 774 1772 ,
791 1745 867 1766 com-
1091 1740 1173 1767 stium
1190 1739 1303 1767 laudan-
1512 1739 1589 1770 haec.
1604 1739 1697 1767 cattle-

233 1774 301 1802 tiuut
315 1775 399 1803 Deum
408 1795 416 1809 ,
430 1779 459 1803 et
656 1775 768 1802 mittens
779 1775 808 1801 in
1092 1775 1158 1802 tium
1175 1775 1258 1802 Deum
1270 1795 1278 1808 ,
1511 1783 1576 1803 rens
1588 1775 1614 1802 in
1625 1775 1708 1804 Corde

233 1809 383 1838 dicentium
399 1819 406 1838 :
656 1810 739 1838 corde
753 1817 814 1838 suo.
1091 1815 1120 1838 et
1135 1810 1285 1838 dicentium
1302 1819 1310 1838 :
1510 1811 1556 1838 20.
1577 1818 1637 1838 suo.
1653 1810 1689 1839 Et
1699 1819 1744 1840 re-

233 1845 278 1873 14.
300 1845 415 1874 Gloria‘
429 1846 458 1874 in
469 1853 517 1874 ex-
653 1846 701 1874 20.
718 1846 752 1873 Et
766 1844 869 1873 reversi
885 1850 949 1872 sunt
1090 1845 1136 1873 M.
1157 1846 1249 1874 Gloria
1261 1847 1287 1874 in
1510 1846 1585 1874 versi
1597 1851 1662 1874 sunt

233 1888 258 1909 c.
274 1903 283 1911 .
298 1882 336 1910 sis
348 1882 421 1917 Dco,
655 1882 665 1897 ⁷
681 1888 804 1918 pastores
817 1888 892 1916 mag—
1090 1881 1233 1918 altissimis
1511 1888 1634 1918 pastores
1647 1890 1704 1910 ma-

232 1922 260 1945 et
273 1925 355 1953 super
369 1924 419 1946 ter—
655 1917 798 1946 nilicantes
811 1938 820 1951 ,
1090 1917 1164 1950 Deo,
1181 1923 1208 1945 et
1224 1918 1251 1945 in
1509 1918 1689 1953 gniﬁcanles,

232 1961 292 1981 ram
309 1962 359 1988 pax
377 1953 425 1982 ho—
654 1958 682 1981 et
697 1954 839 1981 laudantes

232 1989 351 2017 minibus
364 1990 414 2018 bo-
654 1989 740 2018 Deum
753 1989 780 2017 in
795 1989 882 2017 omni-

1090 1958 1163 1980 terra
1181 1960 1232 1988 pax
1510 1958 1539 1981 et
1553 1954 1697 1982 laudantes

1090 1988 1248 2017 hominibus
1513 2010 1519 2016 .
1543 2010 1549 2016 .
1574 2010 1581 2017 .
1605 2011 1613 2017 .
1630 1991 1658 2018 itt
1673 1990 1815 2024 omnibus,

898 2039 1016 2068 CODEX
1034 2039 1235 2069 BRIXIANUS.

233 2086 340 2118 dientes
351 2087 457 2123 vigilias
467 2089 555 2116 noctis
569 2095 650 2122 supra
673 2094 797 2122 gressum
812 2094 902 2116 suum.
919 2087 953 2114 Et
968 2095 1032 2115 ecce
1089 2087 1129 2115 cis
1144 2087 1240 2122 Angeli
1257 2087 1284 2115 in
1299 2087 1419 2116 caelum.
1436 2091 1560 2123 pastores
1575 2088 1760 2123 loquebantur
1773 2088 1804 2115 ad
1817 2086 1877 2115 iuvi-

234 2123 354 2158 Angelus
368 2123 486 2150 Domini.
509 2123 615 2151 adstitit
628 2123 681 2150 illis
695 2129 722 2150 et
737 2124 848 2150 claritas
862 2123 968 2150 Domini
982 2124 1035 2150 cir-
1089 2131 1160 2151 cem.
1190 2124 1374 2156 Transeamus
1400 2131 1484 2158 usque
1517 2123 1668 2152 Bethleem.
1698 2129 1727 2152 et
1751 2124 1880 2151 videamus

234 2158 373 2195 cunululsit
390 2159 459 2195 illos.
473 2164 502 2195 et
514 2158 662 2186 timuerunt
684 2158 782 2186 timore
795 2166 903 2194 magno.
922 2159 953 2195 Et
967 2158 1036 2186 dixit
1090 2159 1141 2186 hoc
1155 2160 1280 2186 verhum.
1291 2159 1362 2194 quod
1378 2160 1476 2187 lactant
1501 2165 1552 2187 est.
1572 2160 1645 2195 quod
1658 2160 1786 2188 Dominus
1796 2165 1879 2186 osten-

235 2193 289 2221 illis
313 2193 443 2230 Angelus.
472 2194 559 2221 Nolite
586 2197 691 2222 limere.
716 2202 779 2222 ecce
803 2203 875 2222 etmu
899 2194 1035 2222 aduuuCto
1088 2194 1128 2222 dit
1151 2196 1238 2222 nobis.
1264 2193 1447 2223 Et’venerunt
1475 2193 1645 2223 festinantes.
1676 2201 1704 2223 et
1727 2197 1878 2222 invenerunt

233 2229 310 2257 vobis
329 2230 456 2264 gaudium
483 2237 621 2266 magnum.
651 2230 724 2266 quod
750 2230 804 2257 erit
829 2231 903 2257 onmi
920 2231 1028 2265 populo.
1088 2230 1198 2266 Mariam
1212 2235 1240 2258 et
1253 2230 1366 2265 Ιυδεμιι.
1378 2236 1405 2258 et
1420 2230 1550 2258 infantem
1565 2232 1682 2266 positum
1695 2232 1720 2258 in
1738 2230 1876 2266 ρι-ίιεςιιρίο.

232 2267 393 2302 quiat-atus
407 2272 448 2293 est
464 2265 638 2302 vtibisjititlie
658 2264 785 2293 Salvator
797 2267 841 2301 qui
855 2271 896 2294 est
909 2264 972 2293 Cltri
991 2270 1034 2293 tus
1090 2265 1221 2294 thcntes
1239 2271 1328 2294 autem
1344 2271 1532 2301 cognoverunt
1556 2264 1590 2294 de
1605 2268 1690 2294 verbo
1704 2264 1774 2302 quod
1786 2267 1879 2293 dictum

233 2300 365 2328 Dominus
379 2302 530 2337 incivitate
548 2301 642 2329 David.
658 2302 691 2329 Et
711 2303 762 2329 hoc
778 2302 855 2329 vobis
873 2303 979 2337 signum
996 2303 1035 2329 in-
1088 2307 1147 2329 erat
1174 2302 1227 2329 illis
1253 2302 1287 2329 de
1303 2310 1398 2336 puero.
1416 2302 1450 2329 Et
1472 2310 1567 2329 omnes
1580 2304 1625 2337 qui
1641 2300 1783 2330 audierunt
1802 2301 1879 2337 mira;

232 2337 349 2365 venietis
371 2336 501 2365 infantem
523 2338 618 2373 pannis
647 2339 808 2365 involutum.
831 2343 859 2365 et
874 2335 990 2373 pri-ilum
1008 2338 1034 2364 in
1088 2337 1186 2365 bantur
1199 2338 1236 2373 (θ)
1251 2338 1284 2365 tle
1301 2335 1342 2365 his
1365 2338 1386 2373 ’ί-
1400 2345 1469 2373 quae
1485 2335 1647 2366 dicebantur
1661 2346 1676 2365 a
1689 2337 1837 2373 past-nribus
1851 2335 1879 2362 ad

233 2373 386 2408 praesepio.
413 2373 445 2400 Et
458 2373 548 2400 subito
563 2372 632 2400 facta
643 2379 686 2401 est
696 2381 756 2402 cum
772 2372 879 2409 Augelu
889 2373 1036 2400 multitudo
1088 2373 1172 2407 ipsas.
1197 2372 1281 2401 Maria
1298 2378 1389 2401 autem
1410 2372 1594 2401 conservabat
1615 2372 1707 2401 omnia
1732 2373 1809 2402 verba
1822 2372 1880 2398 haec

234 2409 336 2436 militiae
352 2410 489 2436 caelestis.
514 2409 681 2437 laudantium
712 2410 796 2437 Denut
824 2416 851 2436 et
874 2409 1033 2436 dicentium.
1087 2409 1233 2436 conferens
1261 2410 1287 2437 in
1315 2409 1398 2437 corde
1419 2417 1479 2437 suo.
1505 2410 1538 2437 Et
1560 2410 1665 2437 reversi
1685 2414 1750 2437 sunt
1768 2413 1880 2444 pastores

233 2444 324 2480 Gloria
353 2445 378 2471 in
400 2444 519 2472 exi-elsis
533 2445 599 2472 Deo.
615 2450 643 2472 et
669 2445 696 2472 in
713 2450 785 2473 terra
799 2453 860 2480 pax.
879 2444 1035 2472 hominibus
1087 2444 1290 2480 magniﬁcantes
1313 2450 1341 2473 et
1356 2445 1502 2474 laudantes
1525 2445 1622 2474 Deum.
1639 2445 1668 2473 in
1691 2445 1812 2473 omnibus

233 2479 320 2507 bonae
330 2482 487 2508 voluntatis.
505 2479 542 2508 Et
562 2480 664 2509 factum
687 2487 740 2510 est.
757 2485 786 2509 ut
800 2479 987 2509 discesserunt
1000 2480 1035 2507 ab

878 2538 996 2568 CODEX
1015 2537 1250 2567 CORBEIENSIS.
1262 2539 1271 2544 ”

268 2585 296 2614 9.
312 2586 438 2622 Majestas
450 2586 630 2616 circummisit
645 2587 716 2616 illos.
1129 2586 1174 2614 12.
1188 2586 1220 2613 Et
1233 2585 1313 2622 hujus
1328 2585 1381 2614 hoc
1393 2586 1500 2622 signum
1513 2585 1601 2614 vobis.

847 2633 1047 2664 VARIANTES
1066 2633 1272 2663 LECTIONES.

265 2680 275 2714 ξ
293 2680 348 2714 Gut.
360 2680 426 2714 circa
437 2687 489 2714 eos.
504 2681 577 2714 Vulg.
599 2681 670 2714 juxta
682 2681 745 2708 illos.
820 2713 825 2714 γ
1118 2681 1129 2714 ξ
1146 2681 1200 2714 (ξω.
1213 2680 1369 2706 festinanter.
1386 2681 1459 2714 Vulg.
1472 2680 1648 2714 festinantuf

264 2712 275 2751 ξ
361 2713 445 2751 nuntio
454 2713 532 2751 vobis.
550 2709 621 2751 Vulg.
635 2714 777 2751 evangeliso
789 2713 888 2751 vobis.”
986 2744 993 2751 ι
1093 2712 1128 2751 μ·
1146 2712 1205 2751 Gal.
1214 2716 1383 2744 cognoverunt
1402 2709 1460 2737 euin
1480 2713 1512 2738 de
1525 2712 1612 2737 verbo.
1634 2709 1709 2745 Vulg.
1721 2712 1877 2742 cognoram“

265 2744 276 2777 ξ
293 2744 346 2768 Gal.
360 2750 415 2777 cum
428 2743 530 2777 Angelis
538 2743 666 2770 multitudo
678 2743 810 2770 eiercitus.
824 2743 898 2777 Vulg.
912 2750 969 2770 cum
979 2744 1031 2769 Διι-
1085 2744 1220 2777 de_verbo.

231 2775 291 2807 gelo
302 2774 432 2807 multitudo
444 2772 554 2807 militiae.
575 2806 579 2807 ν
872 2772 884 2777 ’
1117 2775 1199 2807 ’,σαι
1218 2778 1331 2806 pastores
1346 2775 1490 2804 laudantes.
1508 2778 1535 2807 et
1548 2775 1726 2807 benedicentes
1742 2772 1876 2798 Dominum.

265 2806 277 2822 ⁸
293 2807 348 2832 Gal.
360 2806 387 2831 lu
398 2805 514 2831 excelsis.
531 2806 604 2838 Vulg.
617 2807 642 2832 in
653 2806 787 2833 altissimis.
1090 2805 1162 2838 Vulg.
1177 2805 1288 2838 pastores
1299 2806 1465 2838 gloriﬁcantes
1476 2810 1503 2833 et
1513 2806 1643 2832 laudantes
1653 2806 1739 2832 Deum.

903 2849 1088 2879 BLANCHINI
1107 2848 1222 2878 NOTJE.

269 2898 311 2936 (ο)
330 2897 395 2927 Post
410 2896 524 2931 claritas,
539 2897 616 2928 deest
632 2898 689 2935 Dei,
710 2898 791 2927 etiam
806 2898 833 2927 in
847 2897 909 2927 cod.
921 2896 1077 2934 Cant.—(b)
1088 2896 1159 2926 Ante
1172 2897 1203 2925 de
1214 2896 1267 2932 his,
1282 2897 1400 2932 deestel,
1417 2898 1498 2927 etiam
1514 2898 1541 2927 in
1556 2902 1612 2927 tes.
1624 2898 1673 2927 Gr.
1703 2916 1708 2925 .
