3874 6326
123 299 210 361 till

490 418 721 480 CODEX
758 420 1302 493 VERCELLENSIS.

121 516 221 577 Ιιυς,
252 527 388 583 quae
417 527 515 570 au-
925 522 1011 576 cui
1044 524 1065 553 ²
1097 539 1293 580 nomen

118 585 337 665 dieruot,
370 594 427 665 e_t
923 591 1160 665 Symeon
1180 638 1196 660 ,
1226 607 1281 652 ct

117 657 343 738 viderunt
368 656 443 710 si-
482 736 488 738 Α
923 656 1088 719 homo
1121 656 1221 723 iste
1242 668 1359 738 jus-

117 727 344 803 cotdicta
372 736 497 783 sunt
925 744 1010 790 tus
1032 779 1046 803 ,
1074 748 1127 793 et
1158 727 1380 795 tini'ora-

118 800 171 877 ad
198 814 305 877 eos.
508 872 520 877 _
602 873 615 877 _
681 875 689 877 _
926 800 1041 873 tus;
1069 821 1364 877 expectans

118 871 194 926 21.
232 871 326 935 Et,
355 885 478 926 cum
506 872 693 943 inpleti
925 871 1218 937 exon-tatio-

119 952 227 997 sunt
252 944 362 998 dies
390 957 475 999 oc-
492 1015 504 1019 _
923 966 1045 1005 nem
1078 952 1303 1008 Istrahel
1328 996 1342 1019 ,

121 1026 166 1069 to
190 1056 204 1079 ,
231 1024 431 1091 u_t_eum
457 1015 566 1071 cir-
924 1031 979 1077 et
1000 1022 1235 1091 Spiritus
1259 1015 1396 1081 San-

120 1085 490 1153 cumciderent,
925 1103 1011 1149 tus
1037 1085 1155 1149 erat
1180 1112 1344 1164 super

120 1167 338 1213 vocatum
360 1167 445 1212 est
920 1164 1013 1220 26.
1054 1182 1199 1221 eum.
1242 1167 1309 1222 Et
1335 1179 1454 1226 erat

122 1244 290 1284 nomen
310 1228 427 1298 ejus

118 1300 275 1356 Jesuin
296 1343 311 1367 ,
337 1300 481 1371 quod
512 1316 608 1358 vo-

118 1383 271 1427 catum
297 1380 415 1427 erat

118 1445 175 1498 ab
198 1444 387 1513 Angelo
410 1445 521 1513 pri-

921 1238 970 1292 ei
985 1252 1316 1308 responsum

920 1321 951 1362 a
977 1307 1182 1377 Spiritu
1208 1309 1407 1369 Sancto
1427 1353 1441 1378 ,

922 1394 1028 1433 non
1058 1396 1301 1437 VlSlll‘llm

921 1465 1042 1505 eum
1072 1461 1300 1509 mortem
1318 1494 1333 1520 ,

118 1531 313 1591 usquam
341 1530 475 1571 con-
922 1523 1232 1591 priusquam

118 1588 358 1653 ciperetur
920 1588 1127 1649 videret
1155 1594 1432 1652 Christum

115 1658 191 1711 22.
228 1659 274 1713 in
297 1668 467 1714 utero.
494 1658 565 1715 Et
591 1701 605 1726 ,
921 1664 1154 1720 Domini.

114 1746 220 1783 cum
247 1732 440 1799 expleti

915 1736 1008 1810 27.
1052 1736 1118 1791 Ει
1144 1738 1291 1793 venit
1314 1738 1365 1794 in
1393 1739 1588 1810 spiritu

114 1812 272 1856 essent
298 1802 414 1858 dies

924 1808 976 1879 in
1002 1810 1282 1879 templum.

112 1873 357 1943 purgatio-
922 1878 992 1933 Et
1013 1922 1027 1942 ,
1062 1873 1186 1935 cum
1218 1880 1374 1936 indu-

111 1945 184 1997 nis
207 1945 312 2020 ejus
336 1959 422 2020 se-
921 1961 1110 2006 cerent
1154 1967 1247 2020 pa-

109 2016 313 2092 cundum
352 2017 428 2092 le-
919 2034 1103 2078 rentes
1134 2016 1267 2092 pne-

108 2103 212 2163 geni
235 2089 427 2159 Moysi,
682 2137 691 2147 .
919 2109 1037 2147 rum
1065 2089 1247 2149 Jesom
1272 2137 1289 2163 ,

108 2161 350 2215 duxerunt
917 2174 978 2219 ut
1008 2165 1250 2221 facerent

109 2246 213 2286 eum
236 2233 283 2285 in
308 2231 431 2287 ﬂie-
915 2235 983 2291 de
1015 2236 1107 2291 illo
1138 2252 1332 2296 secun-

108 2303 313 2357 rusalein
338 2344 355 2370 ,
914 2306 1041 2362 dum
1072 2323 1302 2365 consuc—

109 2385 155 2426 ut
178 2372 423 2430 oti‘errent
918 2378 1159 2434 tudinem
1190 2382 1258 2435 le-

108 2459 209 2498 Cum
242 2446 465 2503 Domino
484 2489 498 2513 ,

108 2517 181 2572 25.
218 2519 349 2572 sicut
377 2519 553 2590 scrip-

108 2597 200 2642 tum
226 2598 303 2643 est
332 2591 384 2643 in

108 2658 210 2727 lege
237 2660 442 2717 Domini
476 2679 489 2715 :

106 2731 220 2797 Quia
247 2732 260 2761 ⁸
286 2747 448 2788 omne

106 2804 436 2858 mascolinum
457 2846 472 2870 ,

108 2874 228 2940 quod
255 2878 428 2945 aperit

109 2948 292 3000 t‘olvztm
306 2990 322 3013 ,
352 2962 509 3003 sanc-

109 3025 200 3071 tum
224 3018 447 3073 Domino

107 3089 378 3145 vocabitur.

105 3160 180 3212 21.
220 3162 278 3214 Et
297 3203 313 3226 ,
350 3169 411 3217 ut
429 3162 627 3219 darent

108 3229 292 3287 hostias
319 3249 413 3289 se-

914 2449 1005 2505 28.
1046 2452 1165 2522 gis;
1194 2461 1250 2507 et
1270 2452 1384 2523 ipse
1406 2468 1497 2510 ac-

916 2524 1062 2591 cepit
1084 2539 1206 2577 eum

918 2593 969 2646 in
988 2594 1318 2663 amplexum,

916 2673 970 2719 et
1001 2665 1276 2721 benedixit

917 2736 1083 2791 Deum
1105 2777 1120 2797 .
1151 2748 1205 2791 et
1230 2738 1307 2792 ait
1338 2753 1351 2790 :

914 2806 1005 2862 29.
1047 2807 1067 2837 ³
1099 2808 1251 2864 Nunc
1278 2809 1460 2865 dimit-

918 2879 985 2932 tis
1012 2894 1229 2934 servum

917 2959 1065 3005 tuum
1091 2951 1319 3008 Domine
1341 2994 1355 3021 ,

914 3022 1216 3077 secundum

916 3094 1139 3148 Verbum
1166 3102 1248 3148 tu-

919 3180 1007 3219 um
1041 3166 1094 3219 in
1123 3180 1252 3234 pace
1283 3182 1298 3218 :

917 3236 1011 3291 ὄρ.
1053 3240 1177 3306 quia
1211 3237 1462 3295 viderunt

918 3308 1060 3363 oculi
1086 3309 1189 3363 mei
1213 3324 1303 3363 sa-

920 3379 1093 3435 lutare
1125 3389 1275 3434 tuum
1294 3423 1309 3447 ,

919 3451 1011 3506 51.
1052 3452 1195 3532 quod
1238 3468 1391 3522 prae-

920 3535 1120 3591 parasti
1153 3538 1239 3578 se-

919 3592 1153 3648 cundum
1185 3609 1302 3650 om-

918 3664 1068 3719 nium
1096 3665 1225 3720 faci-

107 3304 315 3359 cundum

106 3376 225 3442 quod
253 3375 457 3432 dictum

106 3454 175 3519 est
204 3448 251 3519 in
279 3450 397 3519 lese

106 3514 297 3572 Domini
321 3514 354 3581 ,⁷
372 3535 471 3589 par
512 3528 568 3575 ιιι
578 3536 631 3576 r-

106 3595 261 3643 turum
281 3631 296 3654 ,
323 3591 408 3646 vel

104 3658 221 3716 duos
251 3662 430 3731 pullos

106 3734 359 3788 columba-
918 3750 1004 3790 ein
1030 3738 1253 3806 p0pulo-

104 3816 225 3858 rum.
917 3808 1009 3863 52.
1053 3824 1191 3862 ruoi.
1220 3808 1429 3867 Lumen

104 3871 182 3928 25.
224 3875 286 3930 Et
308 3892 436 3933 ecce
456 3886 576 3935 erat
919 3880 1208 3935 revelatio-

107 3944 249 4001 hnmo
269 3951 320 4003 in
351 3949 475 4007 Hie—
917 3965 987 4005 ne
1008 3951 1248 4020 gentium
1270 3994 1285 4019 ,

106 4020 319 4077 rusulem
342 4063 358 4087 ,
918 4030 972 4077 et
995 4023 1227 4092 gloriam

1192 307 1641 379 EVANGELIUM
1678 314 2052 384 SECUNDUM
2090 324 2343 387 LUCAII.

3296 334 3401 401 518

2226 442 2459 501 CODEX
2501 443 2964 509 VERONENSIS.

1794 552 1934 612 quae
1952 538 2276 612 audierant,
2300 550 2306 559 '
2629 552 2779 600 ratus
2800 586 2816 612 ,
2852 554 2972 603 erat

1793 618 1849 685 et
1878 610 2125 685 viderant
2630 610 2923 685 expectans
2947 633 3077 675 con-

1792 680 1932 735 sicut
1960 681 2102 737 dicta
2130 692 2257 738 sunt
2629 680 2951 745 Solationem

1792 752 1858 825 ad
1891 752 2037 825 illos.
2626 758 2855 817 Istrahel
2875 803 2891 825 .
2922 771 2980 818 et

1790 821 1881 877 21.
1925 823 2021 884 Ει.
2055 834 2338 908 postquam
2466 857 2472 863 -
2628 821 3029 908 δρίι-ἰιηεεθη-

1790 906 2153 953 consummati
2623 912 2743 958 ctus
2771 906 2968 962 eratin

1790 976 1915 1020 sunt
1930 966 2046 1021 dies
2090 1039 2098 1041 ξ
2627 972 2769 1041 ipso.

1789 1046 1913 1092 octo
1935 1047 2033 1118 ,nt
2052 1039 2161 1093 cir-
2625 1039 2716 1102 26.
2760 1047 3102 1118 Responsum

1791 1109 2214 1192 cumeideretur,
2626 1118 2705 1190 (a)
2736 1109 2919 1192 autem
2958 1123 3000 1192 ~3-

1789 1189 1982 1235 vocatu
1992 1197 2042 1235 m
2069 1192 2154 1237 est

1788 1265 1984 1305 nomen
2014 1252 2133 1322 ejus

1786 1322 1971 1377 Jesum
1995 1364 2009 1386 ,
2038 1324 2182 1393 quod

1786 1403 2037 1447 vocatum
2071 1406 2158 1450 εει

1786 1464 1854 1518 ab
1882 1467 2089 1535 Angelo

1785 1537 2097 1605 priusquam
2123 1537 2177 1593 in

1786 1618 1945 1663 utero
1968 1609 2153 1664 Conci-

1783 1677 1874 1731 22.
1920 1690 2156 1748 peretur.
2204 1721 2216 1733 .
2263 1719 2276 1733 .

1791 1760 2077 1821 postquam
2105 1756 2206 1807 im-

1789 1821 1917 1891 pleti
1950 1834 2076 1877 sunt

1789 1893 1906 1948 dies
1939 1894 2186 1963 puriﬁca-

1789 1963 1966 2019 tiones
1994 1966 2114 2034 ejus

1788 2036 2088 2091 secundum
2121 2038 2198 2096 le-

1786 2121 1906 2179 gem
1931 2108 2109 2179 Moysi
2132 2152 2148 2176 ,

1786 2178 2037 2233 tulerunt
2054 2180 2205 2237 illum

2622 1191 2838 1258 accepit
2864 1192 2933 1246 ab

2625 1259 2833 1330 Spiritu
2862 1265 2998 1318 San-

2625 1344 2716 1387 cto
2736 1374 2750 1396 ,
2782 1349 2887 1390 non
2918 1335 2996 1390 vi-

2624 1419 2811 1460 surum
2838 1422 2986 1461 tnor-

2629 1484 2735 1531 tem
2761 1519 2775 1541 ,
2809 1478 2908 1531 nisi
2943 1480 3096 1546 prius

2625 1548 2839 1603 videret
2870 1548 3026 1604 Chri-

2624 1627 2766 1672 stum
2796 1620 3105 1679 Dominum.

2625 1688 2716 1767 27.
2762 1692 2825 1746 Et
2851 1692 3001 1767 venit
3040 1695 3094 1751 in
3124 1695 3321 1767 spiritu

2625 1762 2677 1815 in
2713 1764 2933 1831 lcmplo.

2624 1832 2722 1900 Et,
2752 1849 2875 1889 cum
2907 1836 2991 1891 in-

2622 1903 2885 1960 ducercnt
2915 1923 3048 1976 pue-

2622 1990 2739 2030 rum
2764 1976 2947 2033 Jesum

2624 2059 2876 2120 parentes
2902 2049 3021 2120 ejus
3038 2093 3053 2117 ,

2624 2126 2682 2171 ut
2711 2118 2951 2176 lacerent

2624 2192 2919 2265 secontioni
2948 2194 3087 2265 con-1

1788 2249 1841 2303 in
1871 2250 2241 2321 Hierusalem,
2623 2262 2968 2319 suetudinem

1790 2321 1866 2375 uti
1899 2324 2157 2405 sisterent
2624 2331 2683 2405 l._
2709 2372 2724 2387 .
2769 2375 2782 2387 .
2828 2372 2840 2387 .
2873 2350 2972 2405 pro
3001 2352 3068 2392 eo
3089 2379 3103 2402 ,

1788 2406 1911 2477 eum
1946 2393 2209 2477 Domino)
2244 2476 2247 2477 ν
2622 2403 2715 2459 28.
2756 2415 2809 2460 et
2837 2393 2953 2477 ipse
2983 2393 3139 2466 acce-

1788 2462 1879 2544 25.
1902 2464 2067 2544 .sicut
2085 2462 2351 2539 scriptum
2622 2477 2703 2544 pit
2728 2462 2939 2534 eum'in

1788 2534 1954 2590 est.in
1987 2538 2105 2605 lege

1790 2605 2005 2660 Domini
2038 2625 2051 2662 :
2080 2608 2214 2675 Quia

1786 2691 1948 2733 omne
1981 2681 2278 2737 masculum

1786 2748 2109 2816 adaperiens

1785 2819 2000 2875 vulvam
2028 2864 2043 2888 ,
2076 2836 2205 2877 sano

1786 2900 1932 2946 ctum
1962 2895 2191 2949 Domino

2625 2548 2873 2603 manibus
2895 2590 2910 2614 ,

2624 2626 2680 2671 et
2700 2619 2921 2674 benedi-

2624 2687 2702 2742 xit
2731 2690 2894 2745 Deum
2914 2732 2929 2757 ,
2960 2700 3017 2748 et

2624 2758 2757 2814 dixit
2792 2777 2806 2814 :

2623 2829 2714 2886 29.
2758 2831 2912 2888 Nunc
2938 2833 3149 2892 dimitte

2623 2917 2838 2958 servum
2867 2913 3015 2960 tuum

1785 2962 2088 3043 vocabitur.
2146 3036 2161 3043 _
2627 2972 2854 3032 Domine
2869 3016 2885 3043 ,

1784 3032 1876 3088 24.
1922 3034 2019 3103 Et,
2048 3044 2106 3090 ut
2129 3036 2324 3094 darent
2624 3032 2925 3102 secundum

1786 3105 1983 3161 ostiam
2012 3122 2206 3163 secun—
2624 3117 2849 3172 verbum
2883 3128 3033 3174 tuum

1785 3175 1913 3258 dum
1941 3179 2084 3258 quod
2107 3179 2191 3234 di-
2625 3186 2677 3241 in
2714 3204 2845 3258 pace
2877 3207 2892 3243 :

1785 3256 2047 3330 ctuuiﬁest
2071 3254 2123 3330 in
2140 3322 2151 3330 _
2625 3254 2728 3314 5οῘ
2758 3260 2881 3330 quia
2914 3260 3066 3317 vide-

1787 3318 1907 3390 lege
1941 3321 2154 3376 Domini
2175 3364 2190 3389 ,
2626 3342 2751 3385 runt
2777 3318 2920 3387 oculi

1785 3405 1884 3460 par
1907 3399 2149 3447 turtures
2169 3433 2186 3460 ,

1786 3469 1842 3517 et
1860 3462 2003 3537 duos
2033 3465 2214 3537 pullos

1788 3535 2161 3590 columbarum
2174 3576 2188 3590 .

2627 3402 2733 3457 mei
2764 3399 3057 3461 salutarem

2625 3472 2715 3528 51.
2758 3483 2909 3530 tuum
2938 3518 2952 3542 ,
2976 3475 3120 3548 quod

2624 3552 2827 3612 parasti
2857 3556 2985 3603 ante

1786 3604 1878 3659 25.
1921 3606 1992 3660 Et
2020 3623 2151 3664 ecce
2173 3607 2275 3664 ho-
2626 3604 2819 3671 faciem
2845 3634 2965 3673 om~

1787 3690 1877 3759 tuo
1899 3680 2098 3759 erat_iu
2626 3687 2776 3759 nium
2807 3703 2977 3759 popu-

1787 3745 2162 3817 Hierusalem,
2626 3758 2717 3812 52.
2761 3745 2959 3814 ιη’τιιῖη.
2996 3760 3104 3817 Lu-

1787 3821 1872 3873 cui
1903 3836 2103 3877 nomen
2626 3843 2750 3884 men
2774 3833 2840 3884 ad
2874 3847 2964 3887 re-

1788 3900 1907 3944 erat
1926 3891 2196 3959 Symaeon
2222 3935 2238 3960 ,
2625 3901 2952 3956 vetationem

1786 3968 1843 4015 et
1874 3962 2035 4018 lionio
2068 3966 2170 4021 iste

2627 3972 2910 4027 oculorum
2934 4013 2949 4037 ,

1783 4032 1964 4102 justus
1987 4077 2002 4102 ,
2026 4046 2079 4091 et
2108 4036 2269 4093 timo-

2626 4051 2683 4098 et
2706 4042 2937 4114 gloriam

1413 4141 1643 4200 CODEX
1680 4145 2079 4206 BRIXIANUS.

104 4243 227 4296 quae
253 4230 531 4287 audierant
552 4240 608 4286 et
636 4230 905 4287 viderant.
933 4233 1071 4288 sicut
1101 4232 1304 4289 dictum
1334 4244 1419 4290 est
1443 4236 1508 4291 ad
1542 4237 1682 4293 illos.

105 4299 165 4354 Et
180 4313 451 4373 postquam
475 4303 837 4358 consummati
858 4316 982 4358 sunt
1004 4304 1127 4360 dies
1141 4314 1286 4361 octo.
1319 4318 1372 4360 ut
1400 4307 1686 4365 circumci-

104 4374 327 4428 deretur.
354 4388 602 4429 vocatum
631 4385 714 4429 est
756 4391 951 4430 nomen
982 4378 1102 4443 ejus
1123 4376 1286 4432 Jesus
1308 4379 1449 4444 quod
1478 4380 1682 4436 dictum

106 4455 176 4495 est
200 4450 263 4497 ιιι)
289 4446 515 4513 Angelo.
545 4449 854 4516 priusquam
890 4447 940 4501 in
992 4459 1145 4503 utero
1192 4450 1592 4518 conciperetur.
1623 4453 1684 4507 Et

109 4526 372 4591 postquam
404 4519 609 4591 impleti
660 4528 785 4591 sunt
815 4518 930 4572 dies
970 4519 1304 4589 purgatinuis
1332 4537 1448 4591 ejus
1489 4539 1685 4579 secun-

106 4585 218 4640 dum
236 4585 416 4657 legem
440 4585 628 4660 Moysi.
678 4585 1027 4665 adduxerunt
1049 4585 1181 4665 eum
1202 4592 1254 4644 in
1284 4585 1680 4665 Hierosolyma.

108 4668 157 4710 ut
182 4661 432 4714 sisterent
472 4676 596 4716 eum
642 4675 826 4714 coram
860 4663 1106 4717 Domino.
1141 4663 1281 4717 sicut
1305 4661 1563 4719 scribtum
1602 4680 1687 4722 est

105 4727 151 4779 in
181 4729 293 4799 lege
320 4732 548 4785 Domini.
584 4731 715 4799 Quia
748 4748 911 4787 omne
956 4735 1315 4789 masculinum
1365 4735 1689 4801 adoperieus

107 4801 305 4856 vulvam
344 4815 587 4858 sanctum
619 4803 850 4857 Domino
900 4807 1199 4861 vocabitur.
1242 4807 1305 4861 Et
1334 4816 1390 4861 ut
1420 4806 1690 4864 offerrent

107 4885 291 4949 proco
332 4874 654 4949 sacrificium
703 4876 948 4930 Domino.
973 4878 1271 4932 secundum
1315 4879 1457 4949 quod
1482 4881 1686 4936 dictum

106 4950 178 5019 est
206 4944 254 5019 in
281 4945 395 5015 lege
423 4945 641 5019 Domini
672 4960 768 5019 par
799 4954 1067 5003 turturum
1114 4959 1207 5003 aut
1233 4944 1371 5005 duos
1402 4951 1579 5019 pullos
1599 4968 1690 5008 co-

106 5010 413 5072 lumbarum.
464 5018 535 5073 Et
579 5010 707 5074 ecce
741 5017 906 5075 homo
945 5030 1065 5075 erat
1114 5021 1168 5076 in
1198 5010 1562 5078 Hierusalem.
1589 5039 1687 5080 no-

1791 4240 1940 4298 mioe
1988 4243 2249 4313 Symeon.
2280 4252 2335 4302 et
2381 4246 2546 4303 homo
2586 4249 2689 4305 iste
2737 4249 2933 4316 iustus.
2993 4260 3047 4308 ct
3094 4252 3402 4309 timoratus.

1792 4324 2087 4392 exoectans
2112 4318 2539 4392 consolationem
2568 4320 2833 4380 lsdrahel.
2857 4323 3159 4392 ctSpiritus
3176 4324 3407 4381 Sanctus

1792 4396 1909 4439 erat
1936 4387 1986 4467 in
2010 4403 2097 4442 co.
2127 4389 2191 4443 Et
2219 4404 2543 4462 responsum
2568 4408 2857 4467 acceperat
2880 4397 2949 4452 ab
2970 4387 3177 4467 Spiritu
3204 4394 3407 4454 Sancto

1792 4473 1901 4535 non
1934 4459 2179 4535 visurum
2204 4459 2511 4535 senionem
2545 4466 2646 4519 nisi
2684 4459 2832 4535 prius
2875 4459 3085 4523 videret
3126 4467 3405 4524 Christum

1792 4527 2029 4607 Domini.
2067 4534 2129 4584 Et
2156 4531 2303 4589 venit
2337 4533 2391 4607 in
2422 4535 2615 4603 spiritu
2667 4527 2720 4592 iii
2750 4540 3037 4607 templum.
3071 4539 3137 4593 Et
3166 4555 3287 4591 cum
3322 4538 3408 4592 in-

1790 4601 2056 4679 ducerent
2089 4619 2314 4670 puerum
2363 4601 2572 4679 les—um.
2611 4601 2882 4676 parentes
2911 4612 3051 4679 ejus.
3083 4618 3141 4662 ttt
3165 4610 3410 4664 facerent

1794 4673 2577 4749 secundum_con~uetuilinem
2608 4673 2744 4749 legis
2776 4695 2874 4749 pro
2919 4673 3005 4736 eo.
3052 4689 3110 4734 et
3158 4681 3273 4749 ipse
3319 4694 3410 4733 ac-

1793 4744 1939 4809 cepit
1965 4760 2087 4797 enm
2112 4746 2165 4799 in
2198 4763 2387 4803 manus
2406 4764 2555 4803 suas.
2574 4761 2628 4804 et
2656 4744 2935 4805 benedixit
2962 4752 3131 4805 Deum
3160 4744 3213 4805 et
3242 4750 3406 4805 dixit.

1791 4813 1948 4868 Nunc
1976 4816 2204 4872 dimittis
2234 4834 2454 4874 servum
2490 4830 2640 4874 tuum
2674 4821 2924 4877 Domine.
2951 4822 3250 4877 secundum
3281 4837 3408 4877 ver-

1797 4883 1922 4939 bum
1949 4896 2100 4942 tuum
2131 4890 2181 4961 in
2217 4904 2367 4960 pace.
2402 4893 2527 4961 quia
2558 4893 2814 4947 viderunt
2832 4894 2975 4948 oculi
3009 4898 3111 4948 mei
3165 4892 3410 4949 salutare

1795 4962 1971 5036 tuum.
2002 4960 2144 5029 quod
2173 4960 2530 5036 praeparasti
2554 4964 2609 5036 in
2630 4978 2937 5036 ratisoecttt
2959 4965 3203 5019 omnium
3223 4981 3411 5036 ponu-

1796 5026 1993 5084 lorum.
2021 5026 2225 5087 Lumen
2275 5026 2344 5088 ad
2384 5026 2793 5094 revelatic'rsem'
2825 5036 3071 5108 gentium
3096 5044 3153 5092 et
3182 5026 3413 5109 gloriam

1371 5156 1604 5215 CODEX
1641 5158 2118 5222 CORBEIENSIS.

168 5272 255 5325 22.
289 5271 356 5327 Ut
381 5281 678 5329 statuerent
704 5272 979 5330 Domino.

167 5342 255 5399 Ἡ.
286 5344 387 5400 Par
417 5356 708 5414 turturum,
737 5356 793 5401 et
818 5346 953 5402 duos
984 5346 1183 5418 pullos,
1210 5355 1321 5404 etc.

1869 5279 1963 5336 28.
1991 5254 2218 5352 Omittit,
2238 5283 2259 5315 "
2282 5283 2336 5341 in
2359 5283 2516 5342 ulnas
2545 5299 2693 5343 suas.

1344 5465 1742 5523 VARIANTES
1781 5464 2191 5523 LECTIONES.

164 5556 181 5623 ξ
206 5557 473 5623 (ξαιτοωοθ
490 5556 778 5623 masculum.
812 5557 958 5623 ναις.
984 5572 1131 5610 omne
1164 5560 1512 5611 masculinum.

165 5620 184 5649 ³
208 5619 314 5669 Gut.
328 5623 518 5671 nomine
540 5621 773 5672 Semeon.
803 5619 953 5685 ναιρ.
974 5624 1053 5675 cui
1077 5637 1262 5675 nomen
1277 5623 1504 5676 Simeon.

1866 5562 1887 5592 ³
1917 5564 2026 5626 Gut.
2045 5561 2186 5626 Nunc
2201 5560 2426 5612 dimitte.
2456 5556 2604 5626 Vulg.
2625 5556 2767 5611 Nunc
2788 5557 3009 5614 dimittis.

1867 5626 1890 5655 ⁵
1919 5624 2030 5675 Gal.
2056 5625 2107 5674 in
2128 5622 2275 5675 ulnis.

1461 5730 1832 5792 BLANCHINI
1874 5730 2108 5790 ΝΟΉΕ.

185 5832 258 5905 (a)
281 5830 358 5888 Ita
382 5841 435 5892 et
452 5836 579 5895 cod.
611 5836 770 5896 (lant.
798 5836 873 5895 δί.
