3874 6326
127 275 209 334 Sil
263 320 268 325 .

124 483 161 537 ei
185 478 428 548 solemnis}

124 567 404 623 azymorum.

121 625 191 680 45.
227 623 284 678 Ει
309 638 418 678 eum
438 635 563 679 con-

122 702 426 751 summassent

121 767 211 823 dies
226 809 239 832 ,
264 781 426 822 rever-

120 839 307 894 tentibus
330 838 386 892 il-

121 909 192 977 lis,
216 910 445 965 remansit

118 980 239 1037 Iesus
262 981 306 1036 in
329 982 509 1036 Hieru-

119 1054 247 1108 salem
267 1095 280 1116 ,
309 1064 358 1108 et
385 1067 506 1108 nes-

119 1125 282 1180 cierunt
301 1140 386 1192 pa-

118 1209 258 1252 rentes
277 1197 399 1266 ejus.

117 1270 183 1324 tl.
215 1269 442 1324 Arbitrati
471 1267 614 1325 enim

117 1357 207 1398 esse
230 1357 335 1397 eum
360 1342 410 1396 in

115 1416 318 1469 comitatu
334 1457 347 1475 ,
368 1427 457 1469 ve-

114 1495 268 1540 nerunt
290 1487 382 1542 iter

114 1556 215 1624 diei,
239 1568 286 1613 et
305 1571 456 1629 quae-

113 1629 258 1684 rebant
273 1646 384 1686 eum

111 1698 216 1756 inter
232 1716 340 1773 cog-

110 1785 254 1839 natos,
277 1783 324 1830 et
349 1787 440 1829 no-

107 1843 175 1899 45.
210 1856 293 1900 los.
323 1847 384 1902 Et
407 1859 512 1902 non
550 1845 633 1900 in-

111 1917 335 1974 venientes

109 2002 199 2044 eum
215 2032 227 2054 ,
253 2006 414 2046 rever-

108 2061 142 2113 si
163 2071 262 2116 sunt
286 2063 397 2116 Hie-

107 2134 320 2207 rusalem,
347 2132 416 2207 (b)
445 2148 480 2204 q
517 2170 537 2187 .
588 2173 598 2184 .
643 2146 704 2187 c-

109 2216 245 2277 rentes
261 2204 298 2277 -ι-
319 2204 453 2260 eum.

108 2272 173 2330 46.
207 2272 470 2332 Ειῖιιειιιιη
495 2283 591 2333 est
612 2317 629 2344 ,

109 2360 194 2428 post
212 2349 311 2403 dies
329 2358 436 2405 tres

109 2431 368 2476 invenerunt

108 2503 197 2544 eum
217 2501 262 2547 et
288 2494 336 2548 in

107 2563 232 2631 templ
260 2605 272 2618 .
311 2605 324 2618 .
344 2563 541 2622 seden-

109 2642 188 2689 tem
207 2635 250 2691 in
277 2653 379 2692 me-

108 2706 171 2762 dio
190 2706 402 2764 dooenti-

110 2792 174 2831 um
202 2819 213 2834 .
249 2822 262 2837 .
297 2783 438 2838 dien-

109 2857 186 2904 tem
208 2851 335 2921 illos,
364 2853 428 2911 ed

107 2921 386 2997 interrogan-

107 2990 172 3047 47.
205 2990 313 3052 teni.
341 2997 538 3068 Stupe—

109 3081 552 3127 ......utem

107 3151 252 3212 omnes
270 3183 282 3206 ,
302 3143 386 3212 qui

107 3209 343 3267 audiebant

105 3294 223 3344 eum,
248 3299 396 3356 super
491 3307 497 3312 ε

107 3356 315 3422 sapientia
334 3399 350 3424 ,

106 3435 150 3499 et
169 3441 364 3499 respon-

104 3493 170 3570 4_8.
202 3493 266 3554 sis
289 3504 417 3570 ejus.
451 3499 524 3556 Et
559 3497 640 3554 vi-

107 3564 253 3626 dentes
275 3564 387 3630 eum
402 3618 418 3642 ,
434 3591 450 3601 '

105 3651 400 3710 expaverunt.

107 3707 238 3768 Etait
259 3716 318 3770 ad
345 3718 492 3775 illum

105 3777 235 3857 linter
256 3788 364 3857 ejus
393 3809 406 3843 :

106 3850 208 3929 riu,
232 3850 342 3929 quid
370 3862 444 3916 ita

105 3922 262 3982 [καὶεῑῖ
275 3933 454 3989 nobis?

105 3993 304 4060 dolentes
320 4045 335 4072 ,
361 4014 418 4061 et

103 4208 737 4269 eiicsti.etconsummatis
767 4209 958 4266 diebus
988 4208 1234 4279 cumjam
1267 4207 1525 4265 redirent.
1566 4224 1654 4264 re—

105 4287 263 4337 mansit
283 4300 406 4353 puer
422 4285 586 4341 Jesus
604 4286 658 4338 in
680 4283 1041 4338 Hierusalem.
1063 4291 1118 4337 et
1143 4280 1449 4336 nescierunt
1470 4281 1544 4354 (a)
1559 4281 1654 4337 Jo-

105 4354 466 4419 seph.etMater
481 4355 1067 4425 ejus.-j-existimantes
1087 4355 1232 4406 illum
1259 4369 1379 4406 esse
1409 4353 1459 4407 in
1488 4353 1657 4407 ruini-

103 4432 246 4497 tatuet
263 4443 512 4483 venerunt
535 4427 781 4483 iterdiei.
798 4426 1370 4494 etrequirebanteum.
1387 4426 1525 4478 inter
1538 4441 1659 4494 eng-

101 4508 227 4549 natos
242 4510 288 4554 et
310 4502 448 4555 inter
469 4511 652 4554 notos.
676 4499 740 4552 Et
767 4515 872 4551 non
902 4497 1241 4552 invenientes
1273 4511 1418 4551 eum.
1455 4497 1658 4551 reversi

103 4641 296 4721 triduum
311 4646 636 4699 invenerunt
651 4640 801 4721 illum
819 4644 872 4696 in
891 4642 1109 4721 templo.
1127 4641 1402 4721 sedentem
1421 4642 1472 4692 in
1488 4640 1663 4721 inuenio

104 4707 365 4770 ductorum.
379 4716 692 4770 audientem
707 4723 760 4768 et
773 4707 1189 4784 interrogantem
1206 4711 1346 4764 illos.
1365 4711 1664 4784 Stupebant

103 4793 247 4838 autem
263 4802 446 4843 omnes
461 4787 692 4858 quieuni
724 4781 1034 4858 audiebant.
1066 4799 1230 4858 super
1249 4781 1586 4852 prudentiam
1608 4789 1664 4836 et

103 4861 337 4928 fe§ptiitsis
375 4855 514 4928 ejus.
563 4859 621 4912 Et
648 4857 891 4911 videntes
917 4871 1062 4928 eum.
1097 4855 1347 4928 admirati
1378 4863 1521 4928 sunt.
1590 4878 1638 4928 Δι

157 4924 429 4986 Etdixitad
445 4946 574 4986 eum
588 4930 758 4984 Mater
775 4933 894 4999 ejus
912 4927 1030 4983 Fili.
1051 4926 1182 4998 quid
1199 4925 1371 4982 fecisti
1389 4925 1543 4981 nobis
1560 4925 1655 4980 sic.

156 5140 233 5198 45.
264 5144 327 5218 Et
353 5160 460 5202 non
515 5152 886 5218 cognoverunt
937 5143 1095 5202 Jesus
1144 5141 1279 5216 (lege
1326 5136 1576 5211 Ioseph),
1610 5147 1667 5194 et

103 5207 243 5285 Mater
265 5216 400 5285 ejus.

159 5282 228 5342 44,
259 5282 642 5346 Existimantes
664 5298 842 5344 autem
875 5286 1059 5344 Jesnm
1085 5301 1268 5343 secum
1295 5283 1563 5341 comitari.

158 5357 235 5412 48.
258 5362 320 5415 Et
348 5365 464 5418 viso
516 5362 630 5429 illo,
665 5358 1227 5434 expaverunt...quid
1278 5358 1454 5414 fecisti
1512 5354 1669 5412 nobis

153 5549 168 5578 ι
191 5549 289 5602 Gat.
310 5554 521 5606 nescitis
539 5557 669 5620 quia.
701 5552 851 5621 Vulg.
874 5554 1178 5606 nesciebatis
1196 5551 1336 5616 quia.

1129 275 1581 338 EVANGELIUM
1618 277 1990 340 SECUNDUM
2028 278 2285 340 LUCAM.

456 382 679 442 CODEX
719 383 900 445 ΥΕΒο
910 388 1258 450 ELLENSIS.

889 485 1070 539 tristes
1099 501 1262 556 quae-

890 557 1144 611 rebamus
1183 565 1255 612 te.

887 628 978 684 49.
1025 628 1092 682 Et
1121 629 1196 684 ait
1225 630 1290 685 ad
1320 631 1443 689 illos
1468 651 1479 687 :

889 699 1027 767 Quid
1060 717 1090 755 c
1116 742 1128 754 .
1176 740 1189 754 .
1225 703 1368 772 quod

890 786 979 825 me
1000 787 1070 842 qu
1097 813 1109 826 .
1159 815 1170 828 .
1205 788 1328 830 ere-

891 841 1072 918 batis?
1103 845 1174 918 (c)
1199 846 1214 876 ¹
1245 848 1422 918 nesci-

888 916 1104 985 tis-j-qu
1135 916 1161 969 .’
1199 959 1212 974 .
1243 917 1342 974 ἰη.
1389 959 1460 973 ..

886 985 1065 1042 Patris
1097 988 1200 1043 mei

885 1068 1105 1126 Oportet
1134 1075 1220 1117 ine

886 1132 976 1193 50.
1016 1131 1184 1188 esse?
1211 1134 1294 1190 Et.
1343 1177 1355 1190 .
1401 1175 1415 1188 .

891 1219 1346 1264 ηοη......

888 1275 1075 1331 lexeru
1106 1315 1120 1330 .
1165 1319 1178 1332 .

889 1348 1112 1402 verbum
1129 1390 1146 1415 ,

881 1419 1025 1490 quod
1051 1421 1198 1475 locu-

882 1499 969 1546 tus
1000 1500 1086 1545 est
1113 1492 1240 1548 illis.

883 1564 945 1620 5t
962 1605 974 1616 .
1021 1567 1082 1619 Et
1109 1565 1338 1620 descen-

884 1634 965 1690 dit
989 1653 1111 1691 cum
1147 1637 1274 1702 illis,

884 1717 939 1762 et
967 1709 1115 1763 venit
1147 1707 1253 1762 Na-

885 1789 1051 1844 zaret,
1083 1788 1138 1834 et
1163 1789 1281 1836 erat

885 1852 1087 1920 subject
1100 1867 1163 1906 us

884 1921 1013 1977 illis.
1045 1923 1113 1977 Et
1140 1922 1252 1977 Ma.

885 2001 968 2049 ter
997 1995 1114 2064 ejus
1141 2011 1264 2051 con-

885 2068 1135 2122 servabat
1162 2084 1282 2124 ver-

885 2136 951 2192 ba
984 2138 1101 2208 ejus
1123 2156 1238 2194 om-

887 2209 976 2265 nia
998 2212 1050 2265 in
1078 2225 1202 2266 cor-

886 2281 954 2338 (le
979 2298 1099 2339 suo.

889 2354 983 2426 52.
1026 2355 1092 2408 Et
1115 2355 1273 2411 Jesus
1300 2351 1468 2426 protl-

888 2425 1066 2482 ciebat
1095 2437 1244 2482 aeta-

889 2506 962 2556 te.
992 2506 1046 2552 et
1071 2501 1287 2568 sapien-

888 2570 986 2635 tia,
1016 2579 1070 2623 et
1094 2571 1268 2641 gratia

889 2651 1016 2709 aput
1047 2641 1212 2696 Deum
1233 2683 1249 2710 ,
1276 2649 1333 2698 et

889 2711 1160 2769 homines.

1095 2827 1322 2900 CAPUT
1363 2828 1450 2884 ll].

969 2926 1020 2978 1.
1054 2923 1114 2978 In
1141 2939 1285 2980 anno
1306 2938 1372 2979 au
1390 2953 1412 2967 -

894 3003 1002 3051 tem
1031 2996 1248 3066 quinto-

892 3066 1106 3122 decimo
1138 3069 1239 3122 im-

889 3139 1028 3209 perii
1058 3138 1241 3194 Tiberi

890 3209 1164 3277 Caesaris,
1195 3224 1318 3280 pro-

891 3293 1118 3338 curante

893 3354 1090 3409 Pontio
1117 3354 1259 3408 Pila-

894 3435 951 3480 to
979 3425 1236 3493 Jndaeae,
1265 3425 1368 3481 Te-

894 3500 1112 3552 trarcha
1144 3513 1242 3552 au-

897 3579 1005 3625 tem
1028 3568 1264 3626 Galilae-

895 3655 960 3694 ae
987 3641 1224 3706 Herode,

896 3711 1147 3782 Philippo
1179 3727 1277 3767 au.

897 3792 1004 3838 tem
1034 3783 1204 3839 fratre

893 3857 1013 3923 ejus
1038 3855 1264 3910 Tetrar-

893 3927 994 3982 cha
1024 3927 1190 3992 llure,
1219 3934 1275 3983 et

895 3999 1194 4056 Dracboni-

2187 397 2424 457 CODEX
2465 399 2918 461 VEBONENSIS.

1759 495 1848 550 45.
1889 494 1938 548 ei
1971 495 2111 558 festi,
2145 509 2278 552 con-

1760 566 2152 632 summatisuue

1758 636 1975 703 diebus,
2003 652 2124 691 cum

1757 708 2020 770 redirent,
2050 724 2135 764 re-

1757 780 1958 834 mansit
1977 779 2136 836 Jesus

1756 866 1895 922 puer
1926 853 1976 904 in
2007 851 2136 908 Hie-

1755 923 2015 988 rusalem,
2036 933 2090 978 et

1757 1009 1864 1048 non
1894 995 2151 1064 cognovit

1758 1064 1836 1191 gn)
1859 1065 2085 1150 Josepli,
2109 1076 2164 1121 et

1787 1138 1928 1191 inter
1955 1154 2070 1191 eius
2092 1139 2156 1191 +.

1787 1138 1928 1210 inter
1955 1138 2070 1207 ejus
2092 1139 2156 1210 σι’.

1756 1208 1846 1263 44.
1890 1208 2278 1267 Existitnantes

1756 1279 1907 1334 illum
1931 1296 2054 1337 esse

1756 1350 1810 1405 in
1839 1354 2119 1420 comitatu,

1755 1434 2022 1479 venerunt

1755 1493 1859 1549 iter
1883 1494 2014 1562 diei,

1755 1575 1811 1622 et
1841 1567 2084 1636 require—

1755 1637 1886 1692 bant
1912 1653 2034 1692 eum

1755 1708 1898 1764 inter
1925 1724 2123 1781 cogna-

1756 1788 1860 1845 tos,
1893 1790 1948 1836 et
1979 1791 2158 1837 notos.

1755 1853 1846 1908 45.
1889 1853 1955 1906 Et
1984 1869 2092 1908 non
2123 1854 2210 1908 in-

1753 1923 2036 1979 venientes

1753 2009 1901 2060 eum,
1926 1997 2162 2068 regressi

1753 2077 1882 2122 sunt
1906 2069 1956 2121 in
1993 2067 2117 2123 Hie-

1753 2139 2012 2213 rusalem,
2043 2138 2120 2213 (b)
2147 2154 2319 2211 quae-

1751 2220 1936 2282 rentes
1966 2210 2008 2282 -ι-
2034 2210 2179 2266 eum.

1751 2281 1841 2336 46.
1888 2281 1952 2335 Εῑ
1977 2284 2174 2339 factum
2203 2293 2289 2340 est
2310 2327 2324 2352 ,

1755 2359 1878 2419 post
1911 2354 2092 2410 triduo

1753 2423 2081 2480 invenerunt

1754 2494 1905 2549 illum
1939 2497 1990 2549 in
2015 2504 2159 2552 tem-

1755 2568 1847 2636 pto
1874 2568 2072 2622 seden-

1756 2645 1864 2691 tem
1898 2639 1948 2692 in
1981 2654 2094 2694 me-

1757 2708 1849 2764 dio
1878 2710 2069 2765 ἀοριο-

1757 2795 1878 2836 rum
1900 2823 1914 2846 ,
1947 2781 2175 2838 audien-

1759 2859 1868 2907 tem
1903 2853 2076 2918 illum,

1760 2934 1817 2981 et
1846 2924 2190 2995 interrogan-

1760 3003 1868 3050 tem
1893 3012 2008 3051 eos.

1759 3067 1853 3122 47.
1895 3067 2203 3138 Stupebant

1761 3147 1940 3195 autem
1969 3157 2088 3194 om-

1761 3226 1880 3273 nes,
1914 3212 2004 3282 qui
2032 3228 2158 3268 eum

1760 3283 2088 3352 audiebant,

1761 3368 1925 3425 super
1956 3372 2081 3425 pru-

1761 3426 2001 3482 dentiam
2021 3470 2036 3493 ,

1761 3507 1817 3552 et
1848 3501 2130 3568 responsis

1759 3567 1851 3642 48.
1895 3572 2036 3642 ejus.
2065 3573 2132 3626 Et

1760 3641 1879 3695 viso
1913 3644 2028 3707 Illo,
2055 3659 2150 3698 ex-

1761 3722 2049 3784 paverunt.

1761 3785 1831 3839 Et
1859 3785 1993 3839 dixit
2026 3784 2136 3839 Ma-

1760 3863 1844 3910 ter
1874 3857 1990 3924 ejus
2021 3858 2088 3911 ad
2114 3856 2181 3911 il-

1761 3927 1870 3980 lum
1902 3945 1913 3980 :
1945 3927 2067 3993 Fili,

1761 3998 1887 4068 quid
1911 3998 2088 4054 fecisti

1391 4112 1624 4172 CODEX
1662 4114 1944 4173 BRIXIAN
1954 4115 2058 4172 US.

1758 4208 2066 4289 eccePatenr
2080 4218 2204 4289 tuus
2217 4219 2269 4265 et
2294 4225 2395 4280 ego
2416 4212 2664 4289 dolentes
2682 4221 3077 4288 quaerebamus
3093 4235 3172 4286 te.
3194 4227 3261 4285 Et
3291 4234 3369 4289 ait

1758 4281 1827 4377 ad
1854 4283 2154 4377 illosiguid
2177 4292 2268 4377 es't
2284 4285 2426 4377 quod
2451 4302 2536 4377 me
2556 4281 2901 4377 quaerebatis
2924 4296 3018 4367 (c).
3050 4281 3273 4358 nescitis

1760 4357 1950 4436 qutaiu
1974 4353 2208 4444 hisquae
2226 4353 2403 4444 Patri:
2423 4361 2525 4412 mei
2542 4353 2891 4444 sunt-oportet
2916 4353 3367 4444 me--s-e.i§iips'i.

1763 4442 1869 4504 non
1890 4427 2275 4504 intellexerunt
2292 4431 2672 4504 verbumquod
2691 4427 2900 4492 loculus
2917 4451 2999 4494 est
3026 4443 3091 4496 ad
3127 4427 3277 4498 iube.

1763 4495 2180 4574 desectitlitpum
2213 4499 2311 4553 eis.
2338 4495 2862 4563 EtventtNazaretb.
2890 4511 2954 4564 Et
2981 4495 3097 4567 erat
3125 4495 3370 4574 sationis

104 4568 611 4627 suminﬂwrusalem
638 4570 1134 4644 requirenteseum.
1158 4569 1523 4644 Etlaclutnest
1543 4578 1660 4644 post
1763 4568 1983 4644 illis._Et
2020 4569 2356 4644 Mater_ejus.
2391 4578 2751 4631 (inuiservabat
2781 4586 2960 4636 omnia
2983 4588 3141 4640 verba
3161 4568 3294 4644 haec

1771 4641 1937 4718 corde
1953 4655 2071 4694 suo.
2099 4640 2694 4718 _EtJesus._proliciebat
2723 4656 3006 4718 sapientia.
3034 4667 3086 4709 et
3104 4640 3375 4717 aetati-th

1769 4714 1935 4794 gratia
1953 4714 2264 4796 aputllsum
2283 4724 2335 4796 et
2359 4713 2628 4796 ltOIIIines.
2657 4713 2815 4773 Anno
2836 4736 3012 4779 autem
3029 4713 3372 4796 quintodebi'.‘

1772 4799 1868 4860 [no
1888 4781 2097 4852 imperil
2121 4783 2321 4860 Tiberii
2355 4788 2622 4860 (laesuris.
2647 4803 2966 4850 procurante
2990 4781 3180 4852 Ptinlin
3200 4781 3373 4860 Pilato

1767 4852 2048 4939 ledaeam.
2076 4854 2444 4939 etjl‘etr'archa
2475 4858 2718 4939 galileae
2755 4852 3373 4939 Herode.Philipj—ioau:

1770 4933 1876 4979 tem
1914 4925 2081 4981 fratre
2109 4927 2228 4996 ejus
2264 4927 2559 4986 Tetrarcha
2613 4932 2844 4992 ltureae.
2905 4947 2960 4993 et
3009 4925 3372 5003 'l‘racouitidis

1345 5042 1588 5118 ;conex
1623 5040 2095 5098 CORBEIENSIS.

1775 5140 1941 5224 sici?
1973 5140 2244 5224 dolentes,
2264 5140 2530 5224 etutristes
2569 5147 2946 5224 quaerebamus
2978 5158 3051 5208 te.
3076 5153 3117 5224 -ξε
3217 5129 3222 5132 ’

2592 501 2748 555 nobis
2778 501 2897 556 sic?

2591 570 2842 627 dolentes
2867 590 3025 641 quae-

2591 643 2843 698 rebamus
2872 653 2946 702 te.
2981 647 3048 703 Et

2593 713 2669 768 ait
2697 717 2762 769 ad
2795 717 2955 772 illos:

2592 784 2729 852 Quid
2757 796 2841 841 est
2867 790 3012 858 quod

2592 873 2680 912 me
2708 859 3005 928 quaeritis?

2591 928 2682 1013 49.
2727 929 2802 1012 (ρ)
2831 934 3051 990 nescitis
3072 937 3113 1005 ’ξ’

2591 1017 2716 1072 quia
2747 1018 2797 1054 tu
2831 1020 2957 1061 pro.

2593 1073 2706 1142 pria
2739 1073 2914 1132 Patris

2592 1146 2697 1198 mei
2730 1157 2946 1209 Oportet

2592 1231 2682 1269 me
2710 1217 2871 1272 esse?

2495 1327 2497 1329 .
2593 1285 2683 1342 50.
2729 1289 2794 1341 Et
2823 1290 2924 1356 ipsi
2954 1306 3059 1346 non
3093 1294 3175 1349 itt-

2594 1359 2925 1415 tellexerunt
2948 1379 3070 1417 ver-

2591 1429 2743 1495 bum,
2771 1432 2914 1498 quod
2945 1433 3095 1491 locu-

2594 1508 2682 1556 tus
2709 1512 2792 1557 est
2813 1505 2879 1559 ad

2593 1571 2682 1628 5|.
2728 1575 2871 1632 illas.
2903 1576 2971 1632 Et

2591 1646 2741 1700 venit
2768 1645 2938 1702 Naza-

2591 1717 2738 1780 reth,
2769 1728 2825 1772 et
2855 1728 2974 1774 erat

2593 1789 2844 1845 subditus
2875 1791 3003 1848 illis.

2594 1857 2664 1913 Et
2695 1862 2864 1917 Mater

2594 1931 2714 2001 ejus
2740 1948 2963 1988 causer-

2595 2005 2756 2057 vabat
2787 2007 2967 2060 omnia

2595 2074 2758 2130 verba
2795 2076 2930 2132 haec

2596 2144 2649 2199 in
2684 2147 2849 2202 cardc

2595 2231 2715 2271 5110.

2594 2287 2685 2343 52.
2731 2289 2798 2344 Et
2823 2290 2981 2348 Jesus

2597 2360 2918 2430 proﬁciebat

2595 2442 2774 2487 aetate
2790 2477 2806 2500 ,
2837 2442 2892 2489 et

2596 2505 2885 2572 sapientia,
2919 2517 2975 2563 et

2595 2581 2767 2644 gratia
2806 2587 2938 2646 aput

2598 2645 2790 2711 Deum,
2821 2645 2876 2702 et

2597 2715 2871 2775 homines.

2796 2863 3027 2921 CAPUT
3065 2864 3153 2921 Ill.

2674 3006 2727 3059 1.
2770 3006 2930 3062 Αηιιο
2955 3022 3056 3063 au-

2599 3084 2708 3148 tem
2739 3079 2955 3148 quinto-

2598 3147 2814 3204 decitno
2847 3155 2948 3205 im-

2597 3219 2732 3288 perii
2762 3221 2948 3278 Tiberi

2597 3289 2874 3360 Caesaris,

2600 3375 2931 3488 procurante

2647 3436 2797 3488 ontio
2827 3436 2931 3488 Pila

2647 3436 2797 3491 onlio
2827 3436 3004 3493 Pilato

2602 3504 2858 3574 Judaeae,
2892 3509 2997 3565 Te-

2604 3579 2792 3632 traclia
2817 3590 2998 3636 autem

2602 3647 2878 3706 Galilaeae
2905 3652 3008 3707 He-

2601 3721 2756 3786 rode,
2791 3721 3043 3793 Philippo

2601 3799 2783 3846 autem
2819 3791 2984 3848 fratre

2601 3862 2719 3929 ejus
2747 3863 3028 3920 Tetracha

2598 3933 2833 3996 ltureae.
2863 3944 2920 3991 et

2601 4003 2922 4062 Traconidis

1845 5211 2057 5300 Λιξιῆ
2078 5212 2154 5266 ait
2179 5212 2248 5269 ad
2288 5213 2535 5271 illos.....
2568 5211 2694 5287 quia
2721 5219 2775 5274 in
2819 5220 2995 5279 Patris
3021 5211 3130 5283 uici
3159 5239 3377 5300 oportet

1775 5297 1864 5339 me
1885 5296 2009 5338 esse
2033 5282 2057 5336 ?

1281 5450 1704 5511 NARIANTES
1741 5447 2152 5508 LECTIONES.

1837 5546 1858 5576 ³
1882 5546 1943 5594 Et
1963 5541 2032 5593 ita
2055 5543 2160 5594 Gut.
2232 5610 2248 5616 _

1409 5587 1778 5701 BLANCHlNl
1819 5639 2053 5697 ΝΟΤΛΕ.

125 5738 318 5826 “(α)ιιίι
348 5755 402 5803 et
433 5756 544 5804 lex.
571 5749 664 5806 Gr.
691 5748 870 5826 Ἰωσὴφ
911 5750 997 5807 καὶ
1025 5750 1055 5809 ἡ
1090 5752 1256 5826 μήτηρ
1292 5746 1557 5804 «oram-—
1604 5739 1678 5812 (b)
1719 5739 1794 5797 Ita
1821 5746 1877 5796 et
1921 5748 2032 5794 tex-
2080 5723 2176 5791 (ἷτο
2211 5735 2504 5800 ζητοῦντες.
2539 5766 2608 5780 --
2658 5733 2728 5812 (c)
2757 5739 2834 5798 Ita
2871 5752 2925 5800 et
2945 5746 3067 5804 cod.
3096 5746 3252 5811 Cant.
3286 5761 3379 5816 οὐκ

105 5827 264 5870 οιοατε.

513 5912 784 5978 ΡΑΤιιοι..
831 5916 978 5980 XII.

2741 5910 2817 5970 17
