1937 3163
237 149 291 183 523

437 206 554 237 CODEX
573 202 845 234 VERCELLENSIS.

243 259 306 286 tidis
323 257 411 293 regio-

243 295 334 327 nibus,
350 292 376 329 et
389 292 441 329 Lv-

242 330 336 359 saniae
352 328 390 362 (a)
405 327 470 355 Abi-

242 367 331 395 lianae
343 365 452 392 Tetrar-

242 403 270 430 ‘2.
292 402 353 432 cha,
370 399 420 427 sub
435 398 512 427 Prin-

242 439 266 466 ci
270 439 293 473 pi
298 438 346 465 bus
363 436 461 465 Sacer-

242 474 335 501 dotum
349 473 370 501 -l-
387 473 443 499 An-

241 518 288 542 na,
302 513 330 536 ct
343 508 458 542 Caipha,

239 546 341 574 factum
356 549 398 572 est

241 582 354 610 verbum
371 579 409 616 (ε)
423 578 472 607 Dei
482 576 502 613 δι’

241 625 323 653 super
336 616 438 644 Johan-

241 661 304 689 nem
319 653 403 680 filium

241 688 389 716 Zachariae

241 725 269 752 in
285 724 406 751 deserto.

242 760 271 788 5.
292 760 327 787 Et
342 758 418 786 venit
429 758 456 786 in

243 801 328 824 totam
345 795 435 824 rettio—

241 840 304 860 nem
319 832 417 859 .lorda-

242 868 295 901 nis,
311 867 420 902 praedi-

241 911 308 932 cans
322 902 425 937 baptis-

241 947 316 967 mum
331 938 424 973 ρειεηί-

241 974 269 1002 4.
292 975 404 1006 tentiae,
416 973 452 1001 si-

241 1016 288 1039 cut
302 1012 432 1045 scriptum

241 1051 269 1075 et
283 1047 309 1074 in
324 1046 394 1074 libro

241 1089 399 1110 sermonum

241 1118 355 1146 Esaeiae
368 1118 431 1144 Pro-

241 1153 357 1189 phaetae
370 1164 377 1181 :
390 1152 450 1181 Vox

241 1189 385 1218 clamantis

241 1226 270 1253 in
282 1226 391 1254 deserto
408 1233 415 1251 :

241 1261 339 1289 Parate
352 1261 423 1288 viam

240 1297 367 1328 Domino.
382 1299 471 1324 rectas

241 1332 322 1360 facile
336 1332 418 1360 semi-

241 1368 269 1397 5.
292 1373 332 1396 tas
342 1369 402 1402 eius
414 1376 421 1395 :
433 1373 492 1395 om-

240 1405 283 1432 nis
296 1405 374 1432 vallis
385 1404 429 1431 in-

241 1441 371 1475 plebitur.
384 1444 414 1467 et

241 1477 330 1504 omnis
345 1482 439 1508 mons,

240 1516 269 1539 et
281 1512 359 1540 collis
373 1511 425 1538 hu-

241 1547 390 1575 miliabitur
401 1555 409 1574 :

240 1587 269 1610 et
281 1588 361 1610 erunt
377 1589 438 1617 pra-

241 1626 274 1645 va
286 1618 312 1645 in
324 1618 415 1645 direc-

241 1659 279 1688 ta,
297 1659 321 1682 et
336 1659 435 1689 aspera

242 1690 270 1717 in
286 1689 343 1717 vias
359 1690 416 1724 pla‘

242 1725 270 1753 6.
286 1732 334 1752 nas
346 1722 398 1753 :‘et
407 1722 482 1752 vide-

241 1761 282 1789 bit
297 1760 387 1789 omnis

241 1804 307 1824 caro
318 1797 420 1824 saluta-

241 1840 299 1860 rem
311 1831 370 1860 Dei.

241 1868 269 1896 7.
292 1868 401 1896 Dicebat
414 1874 480 1903 ergo

262 1904 417 1932 recedenti-

263 1949 294 1968 us
306 1940 401 1973 turbis,
417 1943 447 1966 ut

242 1977 277 2004 ab
291 1984 325 2004 eo
340 1976 462 2008 baptiza-

242 2018 337 2040 rentur
350 2020 356 2038 :
370 2011 439 2039 Pro-

242 2048 337 2083 genies
347 2048 422 2082 vipe-

245 2141 373 2185 [θεῖοειίξς
392 2146 432 2185 ειη
443 2140 566 2185 mea.“
587 2138 625 2185 (ιε)
645 2135 809 2185 Aleia???

660 259 762 281 rarum.
777 248 839 284 qttis

659 287 778 316 ostendit
792 292 843 312 vo-

659 323 702 351 bis
718 323 810 357 fugere

660 360 694 386 ab
708 359 748 386 ira
764 361 862 384 vrnlu-

660 395 687 423 8.
696 395 744 422 ra?
758 393 851 421 Facile
863 391 915 420 ἰιι-

680 438 713 458 ue
729 430 831 457 fructus

678 467 756 501 ignos
771 472 834 500 pae-

658 502 789 530 nitentiae
805 510 811 527 :

660 546 694 566 ne
708 536 810 565 vellitis

657 574 749 602 dicere
767 583 773 600 :
789 573 896 601 Patrem

658 610 792 638 habemus

659 645 807 673 Abraham.

660 681 726 709 Dico
740 681 814 709 enim

660 718 751 750 vobis,
767 716 829 752 quia

659 758 756 787 potens
771 756 813 780 est

660 786 731 816 Deus
745 788 779 816 de
793 786 889 821 lapidi-

658 825 710 852 bus
722 824 781 851 istis
792 831 851 851 sus-

659 861 746 888 citare
759 859 829 887 lilios

659 896 778 924 Abraha.
802 915 808 921 .

659 933 685 959 9.
708 933 765 959 Jatn
780 930 842 965 quid
854 929 928 958 enim

659 969 763 996 securis
777 968 810 993 ad

660 1005 779 1031 radicem
796 1011 837 1029 ar—

660 1041 755 1067 borum
773 1040 843 1072 pusi-

661 1080 686 1103 ta
702 1081 751 1103 est.
767 1073 861 1101 Omnis

660 1112 751 1145 itaque
766 1111 846 1137 arbor

660 1156 712 1174 nou
730 1147 831 1173 faciens

658 1183 788 1215 fructum,
802 1189 850 1209 ex-

659 1219 775 1251 cidetur,
791 1222 820 1245 et

659 1255 685 1282 in
698 1256 787 1290 ignem
799 1252 861 1281 mit-

659 1295 741 1318 tetur.

660 1327 703 1354 10.
725 1327 759 1354 Ει
773 1325 886 1353 interro-

659 1364 759 1399 gabant
774 1369 837 1399 cum
904 1371 906 1373 τ

660 1398 766 1430 turbae.
781 1398 876 1425 dicen-

657 1438 699 1463 tes
714 1444 721 1461 :
736 1433 805 1468 Quid
819 1439 886 1467 ergo

658 1471 667 1485 ¹
682 1469 830 1498 faciemus?

658 1507 671 1534 ll
678 1507 702 1534 l.
723 1503 902 1539 Respondeas

657 1547 758 1571 autem.
771 1541 839 1568 dixit

657 1577 712 1605 illis
727 1587 734 1604 ε
748 1577 798 1610 Qui
816 1575 898 1602 habet

658 1612 727 1640 duas
741 1612 856 1644 tunicas,

659 1648 704 1676 det
718 1656 772 1676 non
787 1647 837 1674 ha-

658 1684 732 1712 benti
748 1693 755 1712 :
769 1688 797 1711 et
809 1682 856 1718 qui

658 1719 759 1748 habent
774 1726 819 1747 es-

659 1763 716 1788 cas,
733 1754 861 1783 similiter

659 1791 770 1819 faciant.

661 1828 706 1855 12.
729 1827 870 1855 Venerunt
882 1831 930 1852 au-

663 1868 716 1892 tem
730 1869 758 1891 et
775 1861 864 1896 publi-

660 1899 721 1927 cani
736 1898 834 1926 simili-

660 1939 702 1963 ter
718 1939 747 1962 ut
760 1934 847 1969 bapti-

659 1975 798 2004 zarentur,

657 2012 686 2035 et
696 2007 826 2035 dixerunt

658 2043 693 2070 ad
708 2050 771 2071 eum
788 2052 794 2070 :
811 2041 868 2069 Ma-

511 146 649 178 EUSEBlI
668 143 838 175 VERCELL.
859 137 1086 172 EVANGELlUM
1104 138 1175 168 CUM
1193 136 1310 167 VARIIS
1328 136 1405 166 COD.
1425 135 1622 166 COLLATUM.
1836 134 1881 165 314

1309 195 1424 225 CODEX
1445 193 1669 224 VEBONENSIS.

1091 244 1222 279 regionis,
1237 247 1266 271 et

1091 281 1226 317 Lysauiae

1092 316 1131 353 (a)
1146 316 1289 353 Abiiianae
1302 316 1323 352 1-

1092 352 1248 380 tetrarchae
1258 373 1266 385 ,

1092 388 1119 416 2.
1141 388 1191 416 sub
1201 389 1296 416 Sacer-

1092 424 1186 452 dotum
1203 424 1241 460 (b)
1257 423 1335 451 Prin-

1092 461 1152 495 cipe
1168 459 1188 495 τ
1204 459 1292 493 Anna,

1092 501 1120 524 et
1132 495 1245 529 Caipha,

1092 532 1193 559 factum
1206 536 1248 557 est

1093 568 1203 596 verbum
1221 565 1257 603 (ε)
1271 566 1319 594 Dei
1333 565 1353 601 ἰ·

1093 611 1175 638 super
1187 603 1289 630 Johan-

1094 648 1146 667 nen
1162 639 1264 666 Zacha-

1093 677 1150 703 riae
1166 675 1251 702 lilium
1267 674 1294 701 in

1093 711 1213 739 deserto.

1093 748 1121 775 5,
1146 747 1180 774 Et
1194 745 1268 773 venit

1094 783 1123 810 in
1135 789 1243 810 omnem

1094 819 1233 853 regionem

1094 854 1227 882 Jordaues
1239 873 1245 885 ,

1093 889 1257 925 praedicans

1094 926 1259 961 baptismum

1094 961 1278 997 paenitentiae
1288 979 1295 991 ,

1094 996 1122 1025 ι.
1144 997 1215 1024 sicut
1226 996 1357 1031 scriptum

1096 1033 1175 1062 estin
1192 1032 1264 1060 libro

1095 1076 1254 1098 sermonum

1099 1102 1331 1132 ....aePro-

1096 1141 1194 1177 phetae
1210 1149 1221 1177 :7
1231 1138 1289 1166 Vox

1097 1176 1239 1204 clamantis

1097 1213 1125 1241 in
1141 1215 1250 1240 deserto
1265 1218 1272 1237 :

1098 1250 1195 1277 Parate
1211 1248 1282 1275 viam

1099 1283 1218 1317 Domini,

1098 1327 1188 1348 rectas

1098 1356 1179 1384 facile
1191 1355 1301 1383 semitas

1099 1392 1158 1426 ejus
1172 1401 1178 1418 :
1195 1397 1290 1419 omnes

1097 1425 1125 1457 5.
1148 1427 1225 1454 vallis
1239 1425 1335 1461 imple-

1097 1464 1180 1493 bitnr.
1195 1468 1223 1491 et

1097 1500 1187 1527 omnis
1205 1498 1283 1526 collis

1097 1534 1286 1563 bumiliabitur
1300 1541 1306 1559 :

1097 1576 1126 1599 et
1140 1575 1220 1599 erunt
1236 1576 1317 1605 prava

1096 1607 1125 1635 in
1141 1606 1254 1639 directa,
1271 1610 1300 1633 et

1098 1650 1192 1679 aspera
1211 1642 1238 1669 in

1098 1680 1156 1707 vias
1171 1679 1265 1713 planas
1277 1685 1283 1703 :

1098 1714 1126 1742 6.
1147 1720 1173 1742 et
1189 1713 1291 1741 videbit

1097 1752 1189 1779 omnis
1202 1755 1267 1776 caro

1098 1786 1247 1814 salutarem

1098 1821 1160 1850 Dei.

1098 1857 1126 1885 7.
1148 1856 1262 1885 Dicebat
1272 1862 1337 1891 ergo

1098 1893 1133 1921 ad
1148 1893 1239 1921 turbas
1248 1913 1255 1926 ,
1271 1898 1340 1928 quae

1098 1929 1236 1963 exiebant,

1098 1970 1129 1993 ut
1144 1965 1265 2000 baptiza-

1098 2007 1192 2030 remur
1205 2001 1244 2035 (di
1260 2007 1307 2028 co-

1098 2045 1157 2066 ram
1171 2038 1229 2072 ipso
1244 2036 1265 2072 ἰ·
1278 2046 1285 2063 :

905 2084 1022 2115 CODEX
1041 2084 1243 2113 BRIXIANUS.

1510 242 1655 270 Generatio

1510 279 1662 312 viperarum
1672 298 1679 308 .

1510 314 1570 349 quis
1588 313 1709 340 (isti-"dit

1510 351 1586 377 vobis
1599 351 1689 384 lugere

1511 386 1544 413 ab
1559 387 1596 412 ira
1613 394 1675 411 wn-

1510 422 1536 448 8.
1559 422 1636 448 turn?
1651 420 1745 448 Facite

1510 465 1575 493 ergo
1591 458 1692 485 fructos

1510 493 1605 528 dignos
1619 492 1714 528 paeni-

1511 530 1628 561 tentiae;
1643 533 1671 556 et

1511 573 1545 593 ne
1556 565 1702 599 cor-peritis

1511 601 1603 629 dicere
1618 609 1625 626 :
1642 601 1687 627 Pa-

1511 641 1580 665 trem
1593 636 1724 665 habemus

1510 672 1658 700 Abraham.

1513 708 1578 736 Dico
1588 713 1678 735 autem

1511 744 1600 774 vobis.
1615 743 1678 779 quia

1511 784 1601 816 potest
1616 780 1686 816 Deus

1512 815 1546 843 de
1564 815 1697 851 lapidibus

1511 852 1570 879 istis
1585 852 1719 880 suscitare

1513 888 1582 914 ﬁlios
1599 887 1736 915 Abrahae.

1512 924 1539 951 9.
1561 923 1618 950 .laui
1637 923 1674 959 (ρ)
1688 928 1780 951 autem
1794 923 1814 958 ’ξ’

1513 959 1617 986 securis
1631 960 1664 986 ad

1514 995 1633 1022 radicem
1647 1003 1690 1022 ar-

1514 1031 1610 1058 borum
1624 1031 1709 1064 pusita

1515 1073 1567 1094 est.
1582 1068 1677 1094 Omnis

1515 1103 1597 1130 arbor
1611 1110 1665 1130 non

1516 1139 1618 1167 faciens
1632 1138 1751 1167 [metum

1515 1174 1628 1208 bonum,
1644 1175 1719 1203 exci-

1515 1210 1607 1243 detur,
1623 1215 1651 1238 et

1516 1246 1578 1282 igne
1592 1247 1682 1275 mitte-

1517 1287 1570 1310 tur.

1517 1318 1562 1346 to.
1585 1319 1616 1345 Et
1631 1318 1666 1354 (ῃ
1681 1318 1799 1346 interro-

1516 1360 1650 1390 gaverunt
1663 1353 1684 1389 -ι-

1517 1391 1594 1418 illum
1610 1389 1717 1425 turbae,

1517 1430 1545 1454 et
1555 1426 1685 1454 dixerunt

1518 1462 1564 1498 ei:
1581 1461 1619 1498 (9)
1637 1461 1707 1495 Quid
1721 1462 1740 1497 i

1518 1497 1659 1529 faciemus,
1675 1502 1706 1527 ιιι

1518 1533 1660 1560 vivamus?

1518 1569 1549 1597 H
1556 1589 1564 1597 .
1585 1568 1764 1602 Respondeas
1779 1577 1826 1598 atl-

1517 1609 1583 1636 tem.
1598 1604 1666 1632 dixit
1681 1604 1736 1632 illis
1752 1613 1760 1632 :

1517 1640 1568 1676 Qui
1581 1640 1663 1668 habet
1676 1641 1743 1668 duas

1518 1678 1635 1708 tunicas,
1653 1676 1699 1704 det
1713 1684 1769 1705 non

1518 1711 1630 1740 habenti
1645 1720 1652 1739 :
1668 1717 1695 1740 et

1518 1749 1564 1783 qui
1577 1748 1658 1775 habet
1670 1755 1760 1782 escas,

1518 1783 1646 1811 similiter

1518 1819 1612 1848 faciat.

1519 1856 1565 1883 12.
1586 1856 1727 1884 Venerunt

1520 1897 1611 1919 autem
1623 1896 1652 1919 et

1539 1927 1658 1955 ublicani
1674 1931 1703 1955 ut

1538 1964 1734 1998 aptizarentur,

1519 2002 1548 2026 et
1561 1999 1690 2027 dixerunt

1520 2034 1645 2070 ad_illum
1660 2044 1667 2062 :

825 2134 974 2163 Tetrarcha
992 2133 1042 2161 sub
1097 2139 1235 2168 perarutu.
1250 2130 1318 2168 quis
1341 2129 1461 2168 ostendit
1488 2129 1565 2168 vobis
1595 2129 1688 2166 fugere
1703 2130 1742 2168 ab
1768 2130 1807 2158 ira
1831 2136 1886 2157 ven-

243 2165 681 2213 i’r'inci'pi'l‘ius'Sa—ceitdotum‘.Signa
688 2178 716 2213 e_t
722 2165 825 2213 Gaiplia
831 2171 930 2212 factum
936 2173 1044 2197 estver—
1097 2165 1168 2196 iura.
1194 2165 1284 2194 Facite
1311 2174 1376 2201 ergo
1404 2165 1509 2193 fruetus
1531 2165 1628 2213 dignos
1660 2166 1836 2200 paenitentiae
1863 2168 1886 2192 et

935 2206 941 2213 I
1008 2210 1012 2213 .
1126 2212 1129 2213 ν
1147 2205 1151 2209 ~
1180 2203 1227 2213 ,',,:
1249 2203 1280 2213 ﬁ-
1304 2203 1330 2213 I3,
1344 2211 1382 2213 ...μ
1401 2201 1469 2213 2.....-
1484 2209 1530 2213 υ...
1574 2207 1657 2213 ...-.κ..4
1674 2202 1803 2213 Ιμ-1ι.-».Αη,
1821 2202 1873 2213 ΙΙ...

1100 2212 1134 2232 ne
1145 2203 1282 2234 incipiatis
1294 2203 1385 2230 dicere
1401 2201 1472 2229 intra
1484 2209 1531 2228 vos
1549 2201 1658 2229 Patrem
1674 2202 1805 2230 habemus
1815 2202 1887 2230 Abra-

1100 2241 1190 2267 baam.
1201 2239 1266 2266 Dico
1272 2240 1343 2266 enim
1354 2238 1440 2265 Vobis.
1456 2238 1518 2273 quia
1529 2242 1625 2272 potens
1632 2242 1675 2265 est
1687 2238 1760 2266 Deus
1766 2238 1799 2265 de
1807 2236 1886 2273 lapidi:

1102 2277 1153 2304 bus
1162 2277 1220 2302 istis
1230 2280 1360 2302 suscitare
1371 2275 1440 2302 filius
1453 2271 1576 2301 Abrahae
1586 2273 1646 2301 Jam
1658 2274 1730 2301 enim
1745 2275 1849 2303 securis.
1858 2271 1885 2298 ad

1104 2312 1210 2339 radices
1228 2311 1355 2338 arborum
1374 2310 1462 2345 posita
1482 2314 1524 2337 est
1545 2310 1639 2337 Omnis
1662 2318 1728 2345 ergo
1741 2310 1828 2338 arbor.
1839 2314 1885 2335 non

1103 2348 1208 2376 faciens
1221 2347 1336 2374 fructum
1349 2349 1449 2373 bonum
1466 2345 1607 2373 excidetur
1622 2350 1648 2373 et
1662 2346 1689 2372 in
1703 2346 1793 2381 ignem
1808 2345 1885 2373 mitte—

1101 2389 1155 2411 tur.
1174 2384 1205 2411 Et
1222 2382 1425 2417 interrogabant
1436 2390 1498 2409 eum
1511 2382 1605 2408 turbae
1613 2381 1743 2409 dicentes.
1755 2381 1820 2417 Quid
1829 2385 1883 2414 ergo

1101 2420 1241 2447 faciemus.
1256 2416 1436 2453 Respondeas
1448 2423 1540 2446 autem
1552 2418 1660 2445 dicebat
1674 2418 1737 2446 illis.
1753 2418 1802 2451 Qui
1814 2416 1884 2444 habet

1102 2456 1169 2483 duas
1183 2456 1298 2481 tunitas.
1322 2454 1369 2481 det
1396 2461 1449 2481 non
1472 2453 1593 2482 babeuli.
1608 2453 1696 2488 etum
1709 2454 1788 2481 habet
1806 2457 1881 2488 escaS.

1102 2491 1228 2518 similiter
1259 2490 1348 2517 faciat.
1375 2489 1515 2517 Venerunt
1539 2494 1628 2517 autem
1648 2487 1676 2517 et
1701 2487 1836 2523 publicani.
1859 2488 1883 2513 ut

1102 2527 1318 2560 baptizarentur.
1334 2529 1363 2554 et
1385 2525 1513 2553 dixerunt
1528 2525 1562 2553 ad
1580 2525 1655 2553 illutn
1679 2525 1736 2553 Ma-

887 2574 1006 2604 ooosx
1022 2573 1269 2602 CORBELENSiS.

1137 2621 1182 2648 ll.
1198 2620 1243 2655 qui
1259 2619 1341 2648 habet
1356 2619 1442 2647 bonas
1456 2626 1543 2655 escas,
1561 2618 1642 2648 faciat
1655 2619 1786 2648 similiter.

243 2206 307 2243 bum
314 2206 350 2250 (ὁ)
358 2213 427 2249 θεῖ-ξ-
433 2213 466 2241 ad
471 2212 622 2250 Iohannem.
629 2209 794 2250 Zaccliariae
801 2208 884 2234 lilium
889 2206 918 2250 lin
926 2206 1043 2250 deserto.

245 2242 281 2279 Et
288 2242 360 2279 venit
369 2251 395 2277 in
403 2242 512 2277 dumeta
523 2247 658 2283 regionem
666 2244 803 2283 Iordanis.
814 2242 958 2276 praedicari
966 2242 1046 2283 εὺββτ

245 2277 355 2315 Esmun
366 2285 546 2321 paenitentiae
553 2277 579 2310 iu
589 2282 777 2321 remissionem
786 2284 968 2321 peccatorum.
981 2277 1050 2321 sicut

244 2313 375 2351 Eumeni
387 2326 431 2349 ost
444 2321 473 2348 in
488 2320 556 2347 libro
565 2326 721 2346 sermonum
736 2313 829 2344 Esaiae
841 2314 1000 2351 Prophetae
1009 2313 1050 2351 di-

243 2349 344 2388 silui;
357 2358 414 2385 Vox
423 2356 564 2385 clamantis
574 2356 600 2382 in
609 2354 727 2382 deserto.
740 2353 836 2388 Parate
845 2350 915 2388 viam
925 2349 1042 2388 Domini.

244 2386 332 2424 rectus
344 2394 423 2422 facile
438 2393 548 2420 semitas
564 2390 633 2426 eius.
648 2389 736 2426 omnis
747 2387 826 2414 vallis
838 2386 1005 2420 implebitur.
1017 2389 1045 2425 et

245 2420 457 2460 bitiuisinoaset
471 2428 549 2456 collis
569 2420 761 2453 bumiliabitur.
783 2427 812 2451 et
829 2427 909 2460 erunt
920 2428 1003 2460 prava
1019 2420 1046 2460 in

243 2457 420 2495 directumet
440 2471 535 2499 aspera
555 2463 581 2489 in
602 2461 773 2499 viasplauas.
796 2458 940 2499 et_videl_iit
958 2457 1049 2484 omnis

246 2494 309 2530 caro
334 2502 453 2530 salutare
473 2494 538 2527 'Dei.
560 2494 678 2525 Dicebat?
689 2501 778 2523 autent
802 2495 834 2522 ad
862 2494 956 2521 turbas
978 2499 1048 2530 quae

246 2527 449 2566 iéiiieiiiiiiiu’
471 2535 670 2571 baptizarentur
696 2533 729 2560 ab
754 2538 797 2559 eo.
829 2530 977 2565 Progenies
1004 2527 1048 2555 vi.

278 2632 345 2661 Cn.
360 2629 405 2659 111.
414 2630 484 2657 -Ἳ.
493 2627 642 2658 'Generatio
655 2627 822 2662 viperarum.

279 2658 416 2698 gl'Dmnis
427 2666 506 2694 arbor
521 2673 573 2693 non
586 2658 692 2692 faciens
699 2662 826 2695 fructum,
838 2658 988 2688 excidetur.

279 2853 318 2891 (α)
332 2851 399 2894 cod.
423 2851 514 2894 cant...

241 2885 387 2923 ὒτῘ,’Θῑοῦι
404 2902 438 2908 —
451 2885 494 2923 ’((1)
509 2886 517 2913 l

863 2702 1065 2735 VARIANTES
1078 2700 1283 2731 LECTIONES.

276 2766 283 2780 '
302 2763 355 2788 Gal.
369 2761 497 2791 faciemus,
509 2762 538 2785 ut
549 2757 673 2784 vivamus?
684 2754 855 2787 Respondeas.
876 2751 951 2785 Vulg.
967 2750 1103 2776 faciemus?
1115 2749 1287 2790 Respondeas.

897 2792 1083 2823 BLANCIIINI
1103 2793 1219 2822 NOTAE.

536 2849 705 2880 ’Δϐιλλιανῆς;
717 2845 795 2875 Cant.
803 2839 883 2876 'Lat...
900 2840 1163 2880 Αὺῇιιὶαηειὶεηέςὺ)
1180 2840 1217 2868 Ita
1235 2844 1263 2868 et
1276 2839 1338 2880 cod.
1350 2839 1440 2880 C_a_nt.,
1455 2838 1493 2880 ,δερ

521 2876 558 2913 ιτ(
569 2876 596 2913 et
611 2876 780 2914 ciuifCauL,
796 2882 899 2908 ἐνώπιον
924 2879 1014 2906 αὐτοῦ.
1028 2876 1111 2912 -(ε)
1127 2876 1164 2903 lia
1179 2881 1206 2903 ot
1217 2881 1273 2905 tex.
1291 2876 1488 2911 (ξυνὴ-...ω

242 2914 384 2956 aliis;
398 2923 437 2961 (g)
454 2914 518 2953 Post
527 2923 601 2958 quid,
615 2920 692 2949 deest
705 2926 765 2954 ergo
781 2919 808 2946 in
824 2916 885 2945 cod.
902 2914 981 2943 Cant.

1496 2839 1616 2907 ἔξρέως.
1632 2852 1667 2858 -—-
1691 2837 1727 2884 (ς)
1741 2837 1777 2865 lla
1793 2839 1817 2882 et
1830 2838 1878 2878 tex-

1556 2880 1589 2903 let
1610 2875 1672 2903 cod.
1687 2877 1776 2907 ωιτη..
1789 2881 1878 2907 rumpi-i-

1556 2880 1589 2903 et
1610 2875 1672 2903 cod.
1687 2874 1776 2907 Cant.,
1789 2874 1879 2909 ἐπηρώ-
