1937 3163
221 163 272 197 1151
495 167 634 197 EUSEBII
652 164 824 196 VERCELL.
846 162 1034 195 EVANGELII

1093 163 1162 194 CUM
1185 162 1300 193 VARIIS
1316 162 1395 192 COD.
1415 162 1615 192 COLLATUM.

420 222 537 256 CODEX
553 221 824 255 VERCELLENSIS.

225 276 248 304 it
263 283 311 307 per
321 276 430 303 omnem

225 311 369 353 ﬁnitimam

225 354 364 382 regionem

643 273 689 301 20.
713 273 746 300 Et
756 272 899 300 revolvens

643 309 742 336 librutn
751 330 758 342 ,
774 312 803 336 et

643 345 761 372 reddens
772 344 823 371 mi-

1290 221 1409 251 CODEX
1427 221 1657 251 VBRONENSIS.

1075 278 1182 312 versam
1196 270 1336 306 regionem

1076 307 1110 334 de
1122 307 1178 333 illo.

1075 342 1121 370 15.
1144 343 1172 369 Et
1189 342 1247 376 ipse
1262 341 1313 368 do-

1076 377 1155 407 cebat
1167 379 1194 416 in
1206 378 1245 416 (α)
1259 377 1307 412 Sy-

1492 272 1538 299 20.
1564 271 1611 303 Et,
1626 277 1688 297 cum
1700 269 1752 305 p|l¢

1493 307 1593 334 cuisset
1610 305 1706 333 librum
1718 323 1726 338 ,

1494 342 1611 370 reddidit
1628 341 1679 369 nti-

1497 378 1597 405 nistros
1607 399 1614 410 ,
1627 381 1657 405 et

228 379 272 410 15'.
294 383 328 410 de
344 382 400 410 illo.
414 382 448 410 Et
461 382 519 418 ipse
644 381 747 418 histro,
759 379 851 418 sedet.

226 418 343 447 docebat
356 418 382 444 in
472 416 479 418 “
645 416 680 444 Et
692 416 814 443 omnium

225 454 266 493 (ιι)
275 453 422 489 Syuagogis
433 452 465 488 1-,
647 453 673 480 in
689 452 832 493 Synagoga

226 489 359 531 honorem
646 489 718 529 oculi
733 491 811 515 erant

227 529 364 559 accipiens
646 529 781 551 Intuentes

227 561 263 589 ab
272 561 409 588 omnibus.
646 559 693 587 21.
714 559 740 586 iu
752 567 824 586 eum.
840 559 909 588 Coe-

226 596 537 660 ii.fé:°i‘“‘°""*

252 642 258 658 ἐ
303 642 314 660 Ι“
347 654 354 660 .
390 647 404 653 ‘

252 642 354 665 :iznret,
372 642 404 660 u-

648 596 686 629 pit
705 601 794 622 autem

648 632 738 657 dicere
754 631 786 657 ad

224 669 253 696 hi
270 673 328 696 erat
342 677 392 696 nu-
648 667 708 693 illos
724 676 730 693 :
744 667 845 700 Quoni—

227 704 324 737 tritus,
649 710 691 728 am
708 703 787 729 hodie
804 703 844 728 in-

228 744 258 768 et
278 740 388 767 intravit
648 738 721 772 pleta
735 745 776 765 est
786 737 878 773 Scrip-

228 775 379 803 secundum
647 777 707 801 tura
720 774 786 801 haec

227 815 376 839 consuelu-
649 809 676 836 in
688 810 798 838 auribus
812 817 816 820 '

648 845 758 872 vestris.

648 880 693 908 22.
716 880 750 907 Et
764 885 859 910 omnes
874 883 928 908 tes-

649 916 791 944 timouium

648 951 750 980 dabam
766 953 802 980 illi
812 974 820 986 ,

603 1004 608 1011 -
646 993 673 1015 et
687 989 823 1016 miraban-

648 1028 693 1050 tur
705 1024 730 1050 in
746 1032 806 1051 ver-

647 1058 691 1086 bis
704 1061 808 1094 gratiae

647 1103 718 1130 quae
732 1095 822 1129 prodi-

648 1131 715 1158 bant
728 1131 762 1159 de
773 1138 821 1159 ore

649 1166 721 1194 illius
733 1187 740 1199 ,
757 1171 785 1194 et
797 1167 870 1195 dice-

649 1202 714 1230 bant
732 1211 739 1229 :
756 1202 853 1230 Nonne

649 1238 737 1265 Filius
747 1238 850 1273 Joseph

648 1274 694 1302 25.
717 1274 778 1301 hic?
793 1275 826 1302 Et
837 1274 880 1302 di-

648 1310 689 1337 xit
699 1309 732 1337 ad
750 1310 810 1337 illos
825 1319 833 1337 :

649 1344 783 1373 Fursitam
794 1345 836 1373 di-

650 1382 717 1410 cetis
731 1381 797 1409 mihi

227 847 319 874 dinem
333 846 378 875 die

228 882 342 910 sabbato
355 883 381 909 in
392 882 442 918 sy-

228 926 342 953 nagoga.
354 922 382 945 et
394 925 450 945 sur-

228 954 300 981 rexit
315 954 415 989 legere.

228 990 243 1017 1
249 989 274 1016 7.
298 990 328 1016 Ει
342 993 483 1024 porrectus

228 1029 272 1053 est
283 1025 319 1053 illi
334 1025 404 1052 liber

228 1061 399 1093 Propliaetae

228 1097 337 1129 Eseiae,
349 1101 375 1123 et
387 1104 430 1124 re-

229 1132 342 1159 volvens
356 1132 388 1159 li-

230 1167 319 1199 brum,
332 1168 406 1195 inve-

228 1203 269 1230 nit
280 1203 381 1235 locum.
396 1210 428 1230 u-

230 1237 260 1266 bi
278 1244 337 1266 erat
347 1239 433 1274 scrip-

231 1278 287 1302 tum
305 1282 312 1301 ε

231 1311 276 1337 18.
289 1310 407 1345 Spiritus
417 1309 524 1338 Domini
532 1311 612 1346 super

230 1353 275 1373 me
289 1353 297 1372 :
314 1349 424 1380 praptef

232 1383 242 1397 ³
255 1382 327 1417 quod
339 1381 416 1409 unxit

230 1425 285 1451 me,
298 1418 414 1452 evange-
648 1417 805 1452 parabolam

228 1453 312 1481 lizare
328 1453 379 1481 bu-
649 1452 720 1480 hanc
732 1462 739 1479 :
754 1452 835 1481 Medi-

230 1490 340 1517 milibus
354 1489 405 1516 mi-
649 1497 681 1516 ce
694 1497 759 1516 cura
774 1494 800 1516 te

233 1525 277 1552 l9.
289 1526 325 1552 sit
338 1533 391 1557 me,
410 1524 446 1561 (ε)
461 1528 540 1561 prae-
649 1527 737 1560 ipsum
750 1533 758 1553 ι
773 1531 856 1560 quae-

232 1560 324 1589 dicare
336 1561 355 1597 -ξι
368 1568 431 1597 οειρ·
463 1560 469 1561 “
648 1569 765 1595 cumque
778 1569 826 1588 au-

232 1597 293 1624 tivis
305 1596 400 1625 remis.
651 1596 769 1624 divimus
784 1596 841 1623 fac-

230 1633 348 1666 sionem,
362 1637 391 1660 et
650 1639 678 1660 ta
690 1633 715 1659 in
727 1631 846 1666 Caphar-

230 1670 319 1696 caecis
333 1670 430 1702 visunt,

230 1704 368 1732 dimittere

651 1676 732 1696 naum
744 1689 751 1701 ,
768 1667 810 1694 l'uc
824 1671 854 1695 et

651 1704 696 1731 hic
709 1705 735 1730 in
748 1704 835 1739 patria

230 1741 384 1768 eonfraclos
652 1744 706 1766 tua.

230 1776 257 1803 in
272 1777 412 1810 requiem,
649 1775 695 1802 24.
718 1774 887 1805 Dixitaulem
900 1785 907 1804 :

230 1812 388 1847 praedicare
650 1812 737 1838 Amen
749 1810 810 1837 dico
823 1818 871 1839 vo-

229 1846 331 1874 annum
343 1847 450 1875 Domini
650 1846 692 1874 bis
703 1867 710 1879 ,
722 1847 783 1881 quia
799 1847 859 1875 nul-

230 1888 371 1917 acceptum
383 1903 391 1916 ,
651 1882 693 1909 ius
706 1882 825 1917 Prophe-

230 1923 259 1945 et
269 1918 340 1946 diem
353 1926 397 1946 re-
651 1923 677 1945 ta
688 1924 816 1952 acceptus

228 1953 404 1989 demptionis.
650 1958 692 1982 est
705 1954 732 1981 in
748 1954 833 1990 patria

1077 413 1188 448 nagogis
1202 413 1247 449 1-,_
1495 413 1577 442 sedit.
1593 414 1626 442 Et

1077 454 1105 478 et
1118 449 1276 484 maignitlca-
1496 450 1616 478 omnium
1634 449 1661 476 in

1078 485 1158 513 batur
1169 485 1203 512 ab
1497 485 1640 514 SVuaitntra

1146 494 1158 511 l'
1169 494 1203 512 an
1497 494 1604 512 δνιιὶιιῑιι

1079 493 1158 513 Datur
1169 493 1203 512 an
1497 493 1640 521 ayuaguga

1079 521 1216 549 Omnibus.
1496 527 1574 549 erant
1586 520 1658 548 oculi

1079 556 1123 584 16.
1146 557 1177 584 Et
1191 555 1266 583 venit
1497 557 1670 585 intendentes

1082 592 1122 628 (b)
1136 593 1161 619 in
1176 592 1197 627 -ι-
1210 590 1265 628 Νει-
1497 594 1524 621 in
1544 601 1616 620 eum.

1078 626 1189 659 iarellt;
1205 626 1250 654 ubi
1497 629 1544 657 21.
1564 628 1661 661 Coepit
1680 631 1773 655 autem

1079 668 1139 691 erat
1151 663 1278 696 nutritus,
1499 664 1590 692 dicere
1604 664 1638 692 ad

1080 704 1107 727 et
1118 699 1230 726 intravit

1080 704 1107 727 et
1118 700 1230 726 intravit
1498 700 1561 728 illos
1574 700 1659 733 :Quia

1079 734 1229 763 secundum
1499 736 1580 763 hodie
1591 736 1659 763 itmnl

1499 736 1580 763 hodie
1591 736 1702 767 impleta

1081 770 1305 807 consuetudinem
1499 776 1542 800 est
1553 772 1619 799 haec
1629 769 1722 807 Scrip-

1080 814 1157 843 suam
1173 806 1218 843 die
1499 813 1579 843 plura
1590 807 1618 835 in
1637 815 1686 835 au-

1081 842 1186 869 sabhali
1201 842 1229 869 in
1499 842 1575 871 ribus
1593 842 1700 871 vestris.

1081 877 1249 919 Synagogarn
1257 896 1265 911 ,
1500 879 1546 919 22.
1568 878 1710 919 Et_omnes
1726 883 1766 907 te-

1082 919 1109 941 et
1117 914 1237 941 surrexit
1501 914 1659 942 stimouium

1083 949 1128 976 l7.
1150 949 1252 983 legere.
1269 949 1303 977 Et

1083 985 1199 1012 traditus
1213 989 1255 1012 est

1082 1020 1121 1048 illi
1135 1020 1202 1047 liber
1218 1019 1284 1048 Pro-

1082 1056 1182 1091 phetae
1193 1056 1288 1084 Eseiae
1297 1076 1305 1090 ,

1082 1096 1125 1125 et,
1139 1096 1165 1118 ul
1178 1091 1267 1119 revol—

1083 1127 1123 1154 vit
1135 1127 1232 1155 librum
1243 1146 1250 1160 .

1083 1163 1185 1190 invenit
1196 1165 1283 1191 locum
1296 1183 1304 1197 ,

1084 1198 1130 1226 ubi
1143 1199 1273 1234 scriptum

1501 950 1539 978 illi
1554 951 1721 983 reddebant;
1774 954 1779 957 '

1500 991 1528 1014 et
1543 986 1680 1014 miraban-

1500 1026 1543 1049 tur
1554 1022 1580 1049 in
1596 1022 1687 1050 verbis

1500 1058 1603 1093 gratiae
1616 1079 1623 1089 .
1639 1064 1708 1093 quae

1500 1094 1684 1128 procedebant

1501 1129 1536 1157 de
1550 1137 1598 1157 ore
1619 1130 1659 1157 io-

1502 1137 1536 1170 ue
1550 1137 1598 1157 ore
1619 1137 1659 1192 ig:

1502 1173 1559 1193 stus
1569 1187 1576 1199 ,
1589 1170 1616 1192 et
1648 1173 1668 1192 I-

1502 1201 1600 1229 cebant
1617 1210 1623 1228 :
1637 1200 1712 1228 Non-

1083 1239 1143 1262 erat
1157 1242 1164 1261 :
1501 1245 1537 1264 ne
1552 1236 1595 1264 hic
1608 1241 1651 1264 est

1084 1271 1130 1298 18.
1152 1269 1268 1304 Spiritus
1283 1270 1335 1298 Do-
1502 1273 1588 1301 Filius
1600 1271 1722 1307 .loseph?

1084 1307 1151 1334 mini
1162 1313 1245 1340 super
1501 1308 1547 1336 25.
1570 1309 1603 1336 Et
1615 1309 1652 1335 ait
1667 1308 1718 1336 illis
1734 1316 1741 1336 :

1085 1350 1130 1369 me
1142 1351 1149 1369 :
1162 1347 1285 1377 propter-
1502 1344 1601 1380 Utique
1617 1343 1690 1372 dice-

1085 1385 1117 1405 ea
1138 1386 1164 1405 ιι.
1187 1396 1195 1404 .
1219 1398 1225 1404 .
1249 1398 1255 1404 .
1504 1381 1538 1408 tis
1552 1380 1618 1407 mihi

1084 1421 1129 1441 me
1138 1435 1146 1446 .
1158 1421 1240 1441 evan-
1452 1434 1456 1437 ι
1503 1416 1574 1444 hanc
1587 1416 1659 1443 simi-

1084 1450 1202 1486 gelizare
1218 1457 1282 1486 pau-
1505 1452 1647 1480 litudinem
1659 1461 1667 1479 :

1087 1485 1196 1520 peribus
1210 1485 1282 1512 misit
1501 1488 1604 1516 Medice
1612 1495 1676 1515 cura

1087 1523 1130 1550 i9.
1153 1530 1211 1554 me,
1228 1520 1265 1557 (ε)
1280 1526 1357 1556 prae-

1086 1558 1210 1600 dicares.L

1084 1601 1202 1630 captivis

1085 1631 1273 1658 remissionem
1285 1648 1293 1662 ,

1085 1671 1112 1694 et
1123 1666 1212 1694 caecis
1228 1666 1268 1693 vi-

1084 1710 1162 1736 sum,
1183 1701 1322 1729 remittere

1084 1738 1237 1766 contractos

1085 1774 1112 1801 in
1128 1774 1267 1801 remissio-*-

1085 1817 1163 1842 nem,
1177 1808 1284 1844 praedi-

1084 1852 1147 1872 care
1160 1851 1261 1872 allllum

1084 1881 1191 1908 Domini
1203 1887 1280 1908 acce-

1084 1921 1170 1951 ptum,
1184 1920 1212 1944 et
1223 1916 1297 1945 diem

1084 1952 1255 1980 redditiouis.

1504 1529 1530 1552 te
1545 1524 1633 1559 ipsum
1651 1532 1660 1550 .-

1502 1565 1602 1595 qunuta
1613 1559 1694 1595 audi-

1504 1594 1591 1623 vimus
1607 1594 1676 1622 facta

1503 1630 1665 1658 Cal‘nrnaum
1675 1650 1684 1664 ,

1502 1667 1545 1694 fac
1559 1671 1586 1693 et
1600 1667 1643 1694 hic

1501 1704 1528 1730 in
1541 1702 1624 1736 patria
1633 1706 1689 1730 tua.

1536 1737 1583 1765 24.
1606 1738 1677 1765 Dixit
1691 1742 1782 1766 autem

1501 1773 1582 1802 Jesus
1599 1782 1606 1801 :
1618 1773 1705 1801 Amen

1501 1809 1563 1837 dico
1576 1809 1652 1836 vobis
1661 1827 1669 1842 ,

1502 1846 1574 1879 quod
1586 1853 1666 1873 nemo

1502 1881 1637 1915 Propheta
1656 1888 1702 1909 ac-

1502 1920 1598 1951 ceptus
1611 1920 1652 1944 est

1502 1953 1530 1980 in
1545 1952 1631 1988 patria
1651 1956 1712 1980 sua.

892 2020 1009 2050 CODEX
1022 2020 1220 2050 BRIXIANUS.

250 2075 280 2096 er
303 2068 460 2096 universam
488 2067 599 2103 regione
613 2066 647 2094 de
673 2066 780 2104 illonEt
803 2067 864 2104 ipse
881 2063 993 2104 docebat
1009 2068 1035 2095 in

250 2077 280 2096 er
303 2077 460 2096 unlversam
488 2077 599 2103 τθκιοηε
613 2077 647 2094 ue
674 2077 730 2094 1110.
747 2077 780 2094 ιιδι
804 2077 862 2104 ipse
881 2077 993 2094 uuceuat
1009 2077 1034 2095 ΙΙΙ

230 2077 509 2140 ξςηηεοείε-βῠιιιιητ
544 2103 820 2140 et>magniﬁcahatur
841 2100 875 2140 ab
897 2100 1034 2140 omnibus.

230 2136 265 2167 Εἰ
287 2136 360 2166 venit
385 2136 520 2165 Nazareth
545 2137 589 2165 ubi
610 2136 668 2164 erat
683 2137 809 2164 nutritus.
826 2139 852 2164 et
865 2137 974 2164 intravit
995 2144 1038 2172 se-

230 2173 349 2202 cundum
369 2173 593 2201 consuetudinem
609 2180 684 2200 suam
699 2173 743 2200 die
761 2173 894 2200 sabbatho
907 2173 933 2200 in
951 2173 1035 2202 Svua—

250 2218 338 2242 ngam.
361 2214 388 2236 et
410 2207 528 2236 surrexit
544 2210 643 2243 Io-gerc.
671 2209 703 2236 Et
724 2209 838 2236 traditus
860 2214 901 2236 est
917 2208 953 2236 illi
970 2207 1038 2237 iiber

250 2218 338 2242 ngam.
361 2217 388 2236 et
410 2217 528 2236 surrexit
544 2217 643 2243 n-gerc.
671 2217 703 2236 tat
724 2217 838 2236 trnunus
860 2217 901 2236 est
917 2217 953 2236 l|||
970 2217 1036 2237 uber

230 2217 347 2274 flemina
371 2243 534 2280 Prophetue.
559 2248 586 2271 et
605 2248 634 2271 ut
658 2245 773 2271 revolvit
803 2244 901 2271 librum
935 2245 1036 2273 inVenit

230 2280 332 2309 locum.
359 2282 402 2308 tibi
431 2279 560 2308 scribtum
583 2283 650 2307 erat.
680 2281 799 2316 Spiritus
825 2279 929 2307 Domini
956 2287 1037 2313 Super

230 2325 275 2346 me
296 2319 405 2352 propter
420 2315 492 2350 quod
509 2315 584 2343 unxit
606 2324 648 2343 me
668 2316 855 2352 evangeiimre
874 2317 1037 2351 pauperibus

230 2353 305 2381 misit
330 2361 372 2380 me
393 2359 490 2380 sanare
505 2352 637 2379 coiitritus
653 2352 736 2380 Corde
752 2352 909 2386 praedicare
923 2354 1037 2388 captivis

231 2389 432 2416 remissionem.
451 2393 478 2415 et
502 2388 591 2415 caecis
616 2388 713 2416 visum.
729 2388 867 2416 dimittere
884 2388 1039 2415 contractos

229 2424 260 2453 in
275 2424 406 2459 requiem.
419 2422 579 2459 praedicare
594 2430 695 2453 annum
717 2424 823 2452 Domini
846 2429 989 2459 acceptum
1008 2428 1036 2452 et

1090 2068 1160 2095 diem
1174 2067 1369 2104 retributionis.
1386 2068 1491 2104 Etcum
1515 2068 1643 2104 plicasset
1672 2068 1770 2096 librum
1793 2067 1867 2104 reddi-

1090 2104 1130 2131 tlit
1145 2102 1270 2131 ministro
1285 2109 1311 2131 et
1324 2103 1404 2132 sedit.
1423 2103 1458 2132 Et
1470 2101 1591 2140 omnium
1606 2105 1632 2132 in
1646 2105 1784 2140 Synagnga
1797 2101 1864 2140 oculi.

1091 2145 1171 2167 erant
1182 2139 1355 2176 intendenles
1365 2140 1392 2167 in
1408 2148 1480 2167 eum.
1497 2139 1593 2176 Coepit
1621 2137 1712 2168 ιιιιιὶιιιι
1721 2137 1820 2168 ἀἴρει-ε
1839 2137 1865 2176 all

1092 2176 1162 2203 illos.
1179 2176 1246 2209 Quia
1263 2175 1342 2203 hodie
1355 2176 1464 2211 implet:-
1478 2182 1520 2203 est
1532 2174 1600 2204 haec
1613 2177 1760 2204 Scribtnra.
1770 2177 1793 2203 in
1804 2174 1864 2200 auri-

1092 2211 1141 2238 bus
1154 2211 1250 2238 vustris
1265 2212 1295 2238 Et
1306 2220 1401 2238 omnes
1415 2212 1598 2239 testimonium
1612 2212 1785 2247 perliihehant
1795 2211 1864 2247 ilii.et

1090 2248 1256 2274 mirabantur
1271 2248 1297 2275 iu
1312 2248 1402 2275 verbis
1420 2249 1523 2283 gratiae
1548 2246 1617 2283 quae
1646 2248 1818 2282 procedebant
1838 2246 1864 2283 tie

1090 2257 1256 2274 Iﬂll'aDallllll'
1271 2257 1297 2275 111
1312 2257 1402 2275 νει-ηις
1420 2257 1523 2283 gratiae
1548 2257 1617 2275 tuae
1646 2257 1818 2282 pl‘llCtltlellalll
1838 2257 1863 2271 ut:

1089 2291 1136 2310 ore
1152 2283 1246 2317 ipsius.
1263 2285 1288 2311 el
1303 2283 1438 2310 dicebant.
1454 2283 1548 2311 Nat-ne
1557 2257 1604 2311 lhic
1618 2290 1656 2311 εει
1673 2283 1756 2311 Filius
1769 2281 1863 2316 .Ios‘t‘ph‘

1174 2319 1209 2346 :Iil
1225 2318 1287 2345 illis.
1300 2318 1398 2352 Utique
1412 2320 1509 2347 dicetis
1521 2319 1586 2346 mihi
1598 2319 1667 2357 hanc
1678 2318 1863 2357 sittiilitudilictll

1089 2353 1192 2389 Medice
1205 2362 1268 2381 cura
1291 2358 1316 2381 te
1336 2356 1433 2389 ipsum.
1460 2360 1561 2389 quanta
1587 2355 1738 2382 audivimus
1762 2354 1820 2381 facta
1842 2353 1863 2378 in

1089 2388 1288 2428 Caphartiaum.
1304 2388 1353 2428 rl'gic
1373 2395 1400 2428 et
1427 2388 1475 2417 hic
1493 2391 1537 2428 in_
1548 2391 1632 2428 patria
1653 2397 1708 2418 tua.
1731 2390 1773 2417 Ait
1789 2392 1862 2428 autem

1091 2426 1175 2467 Arinen
1190 2426 1251 2454 dico
1266 2425 1344 2454 vobis
1356 2427 1418 2462 quia
1433 2434 1514 2455 neuio
1522 2426 1658 2462 Pmpheta
1670 2430 1790 2462 acceptus
1800 2428 1834 2453 es!
1842 2425 1862 2450 in

1085 2465 1171 2496 patria
1185 2468 1243 2489 sua.

878 2518 998 2547 CODEX
1013 2518 1245 2548 CORBEIENSIS.

268 2565 313 2594 l9.
327 2565 464 2603 dimittere
477 2570 672 2600 conquassatos
684 2566 713 2594 in
725 2566 860 2603 requiem,
872 2566 1031 2603 praedicare

233 2609 334 2630 annum
347 2601 454 2630 Domini
466 2605 620 2637 acceptum.

1119 2566 1164 2595 22.
1179 2566 1265 2597 Filius
1276 2567 1377 2604 Ioseph
1391 2568 1471 2598 fabri.

843 2660 1040 2692 VARIANTES
1059 2658 1258 2689 LECTIONES.

266 2707 275 2723 ι
293 2706 348 2732 Gal.
361 2712 392 2732 eo
403 2706 476 2738 quod.
493 2706 565 2739 Vulg.
577 2711 677 2740 propter
688 2708 762 2740 quod.

897 2755 1082 2792 BLANCHINI
1101 2762 1216 2792 Nom.

271 2822 308 2857 (ιι)
324 2820 389 2861 Post
412 2820 568 2856 Synagagis,
585 2821 662 2861 deest
675 2830 773 2861 eorum,
791 2823 872 2861 etiam
888 2821 918 2861 in
929 2821 979 2849 cod
991 2822 1067 2861 Cant.
1082 2837 1115 2842 —
1127 2821 1168 2858 (ιι)
1188 2822 1270 2861 Addit
1283 2823 1309 2851 in
1320 2844 1327 2854 .
1341 2825 1421 2861 etiam
1434 2828 1488 2852 tex.
1505 2823 1553 2852 Gr.
1570 2825 1671 2861 tit-Le-
1693 2825 1728 2861 (c)
1739 2826 1801 2853 Ante
1809 2829 1862 2859 pm-

236 2855 349 2893 ‘dicu're;
359 2855 440 2893 deest
453 2855 546 2893 sanare
563 2858 686 2885 contritot
702 2860 790 2891 corde.
808 2859 833 2886 in
844 2858 905 2885 cod.
923 2865 1029 2892 quoque
1040 2858 1119 2885 Cant.
1132 2855 1181 2886 itte'c
1194 2866 1246 2886 non
1258 2859 1284 2886 in
1300 2860 1470 2888 versionibus
1486 2861 1576 2893 (Συρίη
1596 2855 1724 2892 ΛΕιΙιίοίιί
1738 2867 1762 2889 et
1777 2855 1859 2889 Suion-

237 2891 314 2934 acvi‘u
333 2889 460 2934 Panibus
484 2892 572 2934 orig"
588 2894 719 2934 Ambros.
733 2900 760 2921 et
781 2889 894 2934 August.
910 2889 1090 2929 Probabilius,
1113 2895 1199 2931 inquit
1223 2895 1344 2931 Grotius,
1359 2896 1481 2929 additum
1495 2889 1532 2926 εἰ
1542 2889 1624 2926 Esaia
1643 2897 1678 2926 ab
1693 2889 1861 2934 interpretibus

238 2925 322 2962 LXX,
341 2933 422 2963 quam
433 2927 467 2956 ab
479 2925 546 2958 aliis'
552 2925 763 2967 exscriptoribus
775 2925 916 2962 omissum.
