1937 3163
72 173 122 202 555

260 228 376 258 CODEX
397 227 664 258 VEBCELLENSIS.

71 277 111 305 25.
132 282 187 303 sua.
202 275 233 303 ln
246 275 316 304 κτί-
477 275 580 302 teriens
594 281 655 307 per-

73 317 120 341 tate
128 312 187 340 dico
201 319 251 339 vo-
477 310 569 338 medio
583 310 643 337 illo-

72 347 228 385 bis:Multa'.
353 373 356 375 .
476 346 635 385 rum._ib_at.
675 379 708 385 Η

72 383 156 412 viduae
164 387 243 411 erant
476 382 522 410 51.
544 382 577 409 Et
586 380 695 410 devenit
702 380 729 409 in

72 420 95 448 in
106 419 193 447 diebus
206 418 260 446 He-
475 417 631 452 Capharna-

72 455 132 487 liae,
147 454 254 490 quando
476 461 521 481 um
534 454 628 490 civita-

72 489 179 519 clausuin
191 494 234 518 est
475 493 529 517 tem
544 489 661 517 Galilae-

71 527 161 555 melum
177 533 225 561 per
475 532 507 552 ae
519 546 527 559 ,
543 530 571 552 et
586 529 644 552 erat
658 524 708 552 do-

71 562 201 590 triennium
210 582 218 596 ,
475 568 540 588 cens
554 561 613 588 illos
629 561 691 588 sab--

71 603 94 626 et
106 605 205 626 menses
476 596 521 624 52.
540 596 620 624 batis.
636 597 669 624 Et
680 601 736 624 stu-

71 642 110 661 sex
126 642 133 661 :
146 640 258 668 quomo-
475 632 573 667 pebant
585 633 612 660 in

71 670 99 697 do
116 669 178 696 facta
193 673 237 697 est
474 668 596 695 doctrina

70 705 135 733 {amis
149 713 220 740 mag-
474 703 536 745 ejus
543 725 551 737 ,
567 704 663 745 quoni-

71 749 98 769 ιιι
106 748 180 775 super
189 748 249 768 om—
473 746 515 766 am
530 744 556 767 in
569 744 685 774 potesta-

474 779 500 802 te
513 780 572 802 erat
586 783 647 804 ver—

471 810 534 837 bum
548 811 629 838 illius.

472 846 517 874 55.
529 846 564 873 Et
575 851 633 874 erat
647 847 675 875 in
685 844 733 882 Sy-

70 784 121 804 nem
135 782 250 810 terram;

69 813 105 840 26.
123 817 147 840 et
158 813 192 853 ad
204 812 309 841 nullam

69 856 146 876 earum
159 856 223 875 ιηις-

69 891 107 911 sus
119 888 157 912 est
166 883 239 911 Heli-
472 890 574 917 nagoga
586 883 636 910 ho-

68 927 103 951 as,
119 920 164 947 nisi
180 920 205 946 in
220 919 271 947 Sa-
471 925 516 945 mo
528 918 629 946 habens

68 960 130 994 repta
142 955 248 994 Sidonia
257 976 265 989 ,
470 953 606 994 daemoni-

67 992 93 1018 ad
105 991 236 1019 mulierem
471 997 515 1017 unt
529 991 635 1018 inmun—

66 1027 166 1055 viduam.
469 1024 532 1053 dum
544 1046 552 1059 ,
568 1030 595 1053 et
608 1034 655 1054 ειη

67 1063 102 1090 27.
120 1063 151 1090 Et
161 1063 235 1091 multi
250 1063 297 1093 le-
469 1061 595 1089 clamavit
608 1070 654 1090 vo-

68 1099 125 1132 prosi
138 1103 211 1126 erant
468 1104 500 1133 ce
511 1105 605 1133 magna
616 1119 624 1132 ,

68 1134 104 1174 ‘in
118 1134 213 1174 lsrahel
468 1132 514 1174 34·ἶ
527 1132 629 1174 “dicens
645 1144 651 1163 :
663 1135 734 1170 Quid

67 1171 106 1198 sub
117 1170 216 1198 Heliseo
468 1168 549 1196 nobis
557 1174 599 1196 est
609 1191 616 1203 ,
631 1176 659 1199 et

469 1204 516 1232 tibi
526 1205 590 1232 Jesu
603 1206 658 1234 Na-

472 1241 590 1268 zarene?
601 1250 648 1270 ve-

471 1276 534 1303 nisti
550 1277 647 1311 perde-

470 1319 499 1339 re
515 1312 586 1339 nos?
599 1313 657 1340 scio

66 1205 179 1240 Propheta
191 1218 198 1234 :
213 1210 256 1234 set

66 1242 140 1269 nullus
154 1249 247 1269 eorum

66 1282 175 1313 purgatus
186 1283 244 1311 est,

66 1313 107 1340 nisi
121 1313 223 1342 lueman

66 1349 146 1378 Surus.
470 1351 498 1375 te
511 1348 555 1382 qui
566 1347 604 1376 sis
615 1369 621 1382 ,
639 1349 723 1377 Sanc-

66 1384 101 1412 28.
119 1385 146 1412 Et
157 1385 251 1420 repleti
262 1390 334 1414 sunt
468 1387 513 1420 tus
530 1383 589 1420 Dei.

66 1427 142 1449 omnes
156 1418 193 1448 ira
468 1418 514 1455 35.
536 1419 569 1455 Et
583 1419 709 1455 objurga-

66 1456 86 1483 in
95 1456 203 1493 Syuago—
468 1454 505 1493 Yil
519 1454 592 1482 illum

65 1499 90 1526 εει
103 1489 203 1520 a‘udién-
468 1489 547 1518 Jesus
560 1511 567 1524 ,
589 1491 684 1520 dicens
700 1502 707 1520 :

65 1527 102 1555 29.
120 1534 155 1556 les
167 1529 194 1556 h.
216 1549 222 1556 .
244 1536 274 1558 ε.
294 1527 328 1557 Et
471 1526 625 1555 Omtnules-

67 1570 188 1597 surgentes
196 1586 204 1599 ,
471 1569 503 1599 ce
511 1568 562 1599 ,κει
578 1563 621 1591 exi
631 1563 666 1591 ab
679 1563 711 1591 il-

66 1599 181 1627 eiciebant
197 1597 201 1599 '
471 1597 507 1635 lo.
521 1598 572 1631 Et,
588 1607 649 1626 cum
667 1608 729 1635 pro-

67 1634 127 1662 illnm
137 1640 208 1664 extra
470 1633 580 1668 jecinet
596 1633 672 1662 illuni

67 1670 182 1699 civitatem
193 1680 201 1705 ;
471 1669 609 1697 daemoni-

66 1710 87 1733 et
97 1706 205 1735 adduxe-
471 1712 516 1732 um
532 1726 539 1738 ,
551 1705 560 1720 '
577 1705 642 1733 exiit
656 1707 691 1734 ab

66 1749 116 1769 runt
127 1751 188 1780 euml
471 1740 517 1767 illo
530 1761 537 1774 ,
549 1741 621 1780 nihil
636 1749 686 1769 n0-

67 1785 135 1812 usque
146 1777 237 1807 ad'suv
470 1783 535 1803 cens
549 1777 635 1804 illum.

67 1814 186 1848 percilium
469 1811 516 1848 56.
538 1813 571 1840 Et
586 1814 672 1840 Iactus
685 1819 727 1843 est

66 1851 164 1883 montis,
176 1858 220 1878 su-
470 1847 481 1863 ³
495 1855 579 1882 pavor
589 1856 672 1885 super

67 1892 105 1919 per
120 1893 193 1920 quem
208 1886 245 1915 ci-
468 1891 562 1911 omnes
574 1905 581 1917 ,
596 1889 624 1912 et

66 1921 122 1949 vitas
131 1922 217 1949 aediﬁ-
469 1921 617 1955 cautoque-

67 1962 113 1993 φιλ
122 1963 176 1985 erat
190 1958 230 1993 ιβ.
470 1956 569 1993 bantur
581 1956 615 1984 ad

67 1991 102 2020 30.
119 1991 216 2022 sorum.
232 1993 270 2022 Et
288 2001 366 2030 prae-
471 1992 633 2020 alterutrum
645 2012 654 2027 ,

602 168 828 199 EVANGELIUM
848 168 1031 199 SECUNDUM
1048 170 1177 200 LUCAM.

1631 171 1635 175 ’
1658 170 1710 199 554

1121 228 1238 259 GODEX
1256 228 1482 259 VERONENSIS.

908 274 953 311 25.
975 274 1003 301 In
1018 276 1132 304 veritate
1323 277 1433 305 illorum
1443 298 1451 311 ,
1463 281 1491 305 et

908 310 969 337 dico
982 312 1056 338 vobis
1069 321 1075 338 :
1323 313 1399 341 abiit.

908 346 930 372 Μ
937 347 997 373 ulue
1014 348 1109 376 viduae
1322 348 1368 377 51.
1389 348 1424 377 Et
1435 348 1571 378 discendit

908 380 1015 409 fuerunt
1032 383 1057 409 in
1323 384 1350 412 in
1364 383 1460 413 Catar-

908 417 1003 444 diehus
1015 418 1088 447 Eliae
1100 421 1127 448 in
1324 428 1404 448 naum
1416 421 1484 448 civi-

908 453 1021 480 lstrahel
1032 477 1039 488 τ
1053 456 1160 489 quando
1323 460 1404 484 talem
1417 456 1491 484 Gali-

907 489 1011 527 elusum
1026 495 1066 517 est
1082 499 1143 519 cae-
1323 491 1396 525 leae,
1410 492 1500 527 ibique

907 524 961 551 Ιιιιι)
974 527 1052 553 anuis
1068 529 1113 555 tri-
1321 527 1437 556 docebat
1449 524 1511 557 illos

906 559 957 588 bus
968 582 976 592 .
990 566 1018 589 et
1035 563 1175 592 mensibus
1321 563 1452 591 sabbatis.

906 603 954 636 sex
967 605 974 624 :
986 604 1054 636 cum‘
1322 598 1367 636 52.
1375 634 1381 636 Α
1390 599 1424 627 Et
1437 599 1581 636 stupebant

905 631 975 659 facta
989 639 1031 660 est
1043 633 1061 661 f.
1083 654 1091 662 .
1113 654 1122 662 .
1321 634 1348 661 itt
1366 631 1490 663 doctrina

906 676 1001 702 magna
1014 669 1041 696 in
1322 670 1381 705 ejus
1390 691 1398 703 ,
1414 671 1477 705 quia

906 705 978 740 omni
995 711 1064 732 terra
1077 715 1083 737 ;
1322 705 1349 733 in
1362 711 1494 740 potestate

905 739 950 765 26.
972 745 999 767 et
1010 742 1041 767 ad
1055 742 1155 770 nullam
1323 739 1382 769 erat
1395 749 1487 771 sermo

906 776 1013 802 illarunt
1026 778 1124 806 missus
1322 777 1392 811 ejus.

905 816 945 837 est
958 811 1031 838 Elias
1043 834 1050 845 ,
1321 813 1367 841 55.
1388 813 1422 841 Ει
1438 818 1498 842 erat
1511 814 1539 842 in

905 846 956 885 nisi
977 847 1040 874 Sara
1046 853 1090 882 pta
1322 848 1464 885 Synagoga

907 882 1032 910 Sidoniae
1048 885 1081 911 ad
1323 882 1410 912 hbmov
1416 882 1517 914 habens

906 919 1044 945 mulierem
1058 920 1096 946 vi-
1322 920 1496 949 daemonium

905 953 958 992 27._
972 955 1061 992 tinam.
1076 956 1108 983 Et
1323 955 1490 984 immundum
1500 979 1509 992 ,

905 989 979 1016 multi
995 990 1094 1025 leprosi
1322 997 1349 1020 et
1363 994 1500 1021 exclama-

905 1031 978 1051 cram
999 1027 1023 1052 in
1038 1027 1076 1053 ls-
1322 1029 1362 1055 vit
1376 1036 1442 1056 voce

905 1060 990 1100 trahe!
1006 1063 1055 1100 sub
1321 1072 1418 1100 magna
1430 1085 1438 1096 .
1452 1065 1495 1093 div

904 1096 1013 1135 Elisaco
1025 1098 1088 1127 l’r0—
1321 1096 1380 1127 54Ϊ
1388 1107 1452 1128 cens
1470 1110 1476 1128 :
1493 1099 1563 1135 Quid

904 1131 985 1166 pheta
998 1142 1004 1160 :
1020 1137 1049 1161 et
1322 1135 1411 1168 nobis,
1427 1141 1454 1163 et
1466 1131 1515 1164 tibi

904 1175 985 1195 nemo
998 1176 1091 1198 eorum
1321 1170 1385 1199 Jesu
1401 1171 1560 1201 Nazarene?

904 1204 1048 1242 mundatus
1063 1241 1068 1242 γ
1322 1207 1385 1242 quid
1399 1213 1462 1236 ante

904 1243 947 1266 est
957 1259 965 1271 .
980 1240 1031 1278 nisi
1046 1241 1115 1269 Naa-
1321 1240 1428 1278 tempus
1442 1243 1544 1271 venisti

904 1275 1077 1313 man_Syrus.
1322 1275 1439 1313 perdere
1451 1279 1521 1308 nos?
1662 1291 1673 1305 ι

903 1309 949 1337 28.
971 1309 1124 1352 Ειίθριειὶ.
1146 1336 1153 1342 .
1176 1334 1183 1342 .
1322 1309 1380 1352 scio
1394 1319 1420 1341 te
1430 1316 1477 1350 qui

905 1353 1001 1373 omnes
1019 1349 1044 1374 in
1323 1349 1371 1381 sis.
1388 1355 1416 1377 tu
1428 1359 1459 1378 es

1322 1384 1437 1413 Sanctus
1447 1386 1505 1414 Dei.

1322 1419 1367 1456 55.
1389 1420 1422 1448 Et
1438 1419 1587 1456 increpavit

1323 1455 1399 1483 illum
1414 1456 1494 1485 Jesus

1324 1490 1417 1519 dicens
1433 1501 1439 1519 :
1456 1493 1522 1521 0m-

904 1381 1041 1417 Synagoga
1054 1385 1093 1411 ira

905 1417 972 1444 haec
983 1420 1132 1448 audientes.

905 1453 949 1480 ‘29.
963 1454 1006 1492 _Et
1020 1462 1200 1486 surrexerunt
1209 1477 1217 1492 ,

906 1492 932 1515 ct
945 1489 1083 1523 ejecerunt

905 1524 981 1551 illmn
997 1532 1073 1554 extra

921 1532 981 1565 uuln
997 1532 1073 1554 extra
1324 1533 1456 1565 mntesce,
1468 1532 1495 1556 et

904 1566 1040 1588 Civitatem
1051 1571 1058 1595 ;
1071 1568 1098 1591 et

1324 1563 1368 1590 exi
1381 1564 1415 1591 ah
1431 1564 1488 1591 illo.

904 1595 1075 1635 deduxerunt
1323 1598 1359 1635 Ει
1373 1606 1434 1626 cum
1446 1607 1508 1635 pro-

904 1631 978 1669 ill_utn
994 1640 1079 1668 usque
1321 1631 1455 1669 iecisset:
1471 1656 1477 1661 .
1496 1655 1503 1662 .
1520 1655 1528 1663 .

904 1666 938 1705 ad
952 1666 1073 1703 superci-
1321 1666 1509 1705 daemonium,

904 1702 970 1730 lium
985 1702 1084 1734 montis
1093 1725 1102 1739 ,

904 1745 986 1773 super
997 1748 1078 1774 quem

904 1774 1001 1802 civitas
1012 1784 1107 1806 eorum

904 1816 963 1837 erat
978 1811 1072 1839 aedili-

904 1849 964 1872 cuta
976 1867 982 1878 ,
995 1852 1024 1873 ut

1323 1706 1390 1733 exiit
1403 1707 1437 1734 ab
1452 1707 1507 1739 illo.

1323 1741 1446 1777 nihilque
1457 1742 1534 1770 illurn

1324 1783 1437 1805 nocens.

1323 1812 1368 1840 56.
1391 1813 1425 1840 Ει
1436 1814 1523 1842 factus
1535 1817 1578 1843 est

1322 1856 1407 1883 pavor
1422 1849 1462 1885 (a)
1476 1857 1535 1877 ma-

904 1882 1114 1921 praecipitarent
1322 1882 1391 1919 lim“
1405 1885 1426 1921 ἰ’
1442 1882 1470 1913 ίῘι

905 1920 949 1946 50.
971 1918 1057 1946 illum.
1071 1924 1100 1953 ﬁt
1118 1922 1179 1958 [pse
1323 1918 1463 1958 erunibus,
1477 1926 1506 1949 et

904 1959 993 1982 autem
1006 1958 1113 1985 transiit
1132 1957 1135 1958 ⁷
1322 1957 1528 1992 conloqueban-

905 1999 954 2029 per
968 1992 1086 2021 medium
1323 1996 1367 2020 tur
1381 1993 1414 2020 ad
1428 1993 1496 2021 invi-

714 2049 831 2079 CODEX
850 2051 1047 2079 BRIXIANUS.

69 2096 198 2127 Veritatem
232 2103 325 2127 autem
363 2097 426 2125 dico
467 2097 555 2126 vobis.
588 2098 655 2133 Quia
685 2098 788 2126 multae
821 2098 861 2126 vi-

68 2132 125 2161 duae
147 2136 252 2162 tuerunt
281 2135 307 2161 in
333 2134 429 2162 diebus
450 2133 543 2161 Heliae
569 2132 607 2161 iu'
624 2134 725 2162 Israhel
751 2135 860 2168 quando

69 2169 172 2198 clausum
196 2175 238 2198 est
263 2171 369 2198 caelum
393 2170 470 2197 annis
492 2171 578 2197 tribus
592 2174 618 2198 et
641 2170 780 2197 mensibus
799 2178 857 2198 sex.

68 2211 117 2232 cum
140 2205 208 2234 facta
233 2211 307 2234 esset
324 2206 403 2233 [amis
428 2213 524 2240 magna
550 2206 576 2233 in
600 2208 672 2233 omni
699 2211 769 2233 terra
784 2210 812 2233 et
825 2207 858 2234 ad

69 2241 154 2269 nullam
174 2250 268 2269 earum
291 2242 390 2268 missus
409 2246 451 2268 est
477 2240 629 2268 lleliasnisi
650 2242 675 2268 in
692 2241 804 2275 Sarept'l
817 2242 858 2269 Si-

70 2274 154 2312 doniae
168 2277 199 2305 ad
215 2277 359 2305 mulierem
375 2277 494 2304 viduam.
512 2277 544 2304 lit
558 2277 634 2304 multi
655 2274 768 2312 Ιρριυμῖ
779 2283 858 2305 erant

70 2311 91 2338 in
109 2312 205 2341 Israhel
230 2314 283 2340 sub
296 2313 403 2340 Elisseo
428 2311 573 2347 Propheta.
600 2320 626 2340 et
653 2311 732 2340 nemo
761 2320 854 2340 eorum

69 2349 250 2377 mundatusest
266 2349 468 2376 nisiNeacman
488 2348 585 2384 Syrus.
614 2348 646 2384 lit
673 2348 768 2383 repleti
794 2353 857 2376 sunt

70 2390 150 2412 omnes
164 2385 255 2412 furore
269 2385 295 2412 in
312 2384 455 2421 Syuagoga
466 2383 606 2421 audientes
618 2383 695 2410 haec.
715 2384 747 2410 Et
758 2392 856 2412 exsur-

69 2424 152 2452 gentes
162 2419 388 2454 eiecerunttllum
412 2425 487 2447 extra
509 2419 644 2447 civitatem
666 2424 694 2447 et
721 2421 857 2447 duxerunt

70 2453 132 2492 illum
147 2453 228 2492 usque
247 2456 282 2483 ad
296 2455 470 2491 supercilium
483 2455 594 2483 montis.
613 2462 692 2489 Supra
718 2463 796 2490 quem
819 2456 856 2483 ci-

70 2490 128 2518 vitas
138 2490 243 2520 illorum
261 2497 319 2521 erat
331 2490 472 2520 aediﬁcata
496 2496 525 2519 ut
548 2492 758 2527 praecipitarent
782 2499 855 2519 eum.

914 2099 975 2134 Ipse
987 2104 1078 2127 autem
1095 2100 1229 2128 transiens
1246 2107 1293 2135 per
1307 2099 1425 2127 medium
1448 2099 1554 2127 illorum
1584 2099 1651 2126 ibat.
1674 2096 1709 2126 Et

914 2135 1055 2162 desecudit
1074 2135 1099 2162 in
1122 2136 1309 2170 Capharnaum
1335 2135 1362 2162 in
1383 2136 1519 2163 civitatem
1544 2135 1665 2163 Galileae
1680 2138 1708 2161 et

912 2176 970 2199 erat
985 2171 1086 2199 docens
1101 2179 1149 2198 eos
1161 2171 1291 2199 sabbatis.
1310 2171 1346 2199 Et
1364 2171 1530 2200 mirabantur
1543 2172 1570 2198 in
1586 2171 1708 2198 doctrina

913 2207 972 2241 ejus
983 2208 1047 2241 quia
1069 2208 1095 2234 in
1113 2211 1246 2242 potestate
1259 2212 1318 2235 erat
1333 2214 1423 2235 sermo
1439 2209 1534 2241 ipsius.
1551 2207 1585 2234 Et
1599 2210 1658 2234 erat
1681 2205 1708 2233 in

913 2242 1056 2278 Synagnga
1073 2242 1157 2270 homo
1177 2243 1280 2271 habens
1300 2244 1472 2271 daemonium
1493 2243 1710 2278 inmunduin._ct

912 2275 1073 2305 eiclainatit
1087 2287 1154 2307 voce
1167 2287 1262 2314 magna
1274 2278 1379 2307 dicens.
1391 2279 1459 2313 Quid
1471 2279 1548 2306 nobis
1561 2284 1586 2304 et
1601 2275 1709 2314 tibide-

911 2320 956 2341 sus
971 2313 1109 2341 Nazarene
1120 2312 1341 2349 venistt'pcrdere
1352 2312 1409 2342 nos
1425 2315 1482 2341 scio
1498 2320 1523 2341 te
1536 2313 1579 2346 qui
1591 2313 1628 2339 sis
1638 2312 1709 2349 Sim—

910 2354 969 2376 ctus
987 2351 1041 2376 Dei.
1060 2350 1091 2377 Et
1115 2345 1294 2377 comminatus
1310 2356 1350 2378 est
1372 2350 1397 2378 ei
1415 2350 1504 2378 Jesus.
1525 2345 1628 2376 dicens.
1645 2345 1708 2376 0m-

911 2391 1035 2423 niutesce
1047 2392 1073 2412 et
1084 2386 1126 2413 exi
1138 2386 1172 2423 ah
1196 2386 1307 2423 illn.__l£t
1321 2386 1425 2423 jactans
1438 2386 1519 2423 illum
1535 2383 1708 2423 daeutorilum

911 2420 937 2447 in
966 2421 1084 2448 mediutn
1112 2422 1178 2448 exiit
1201 2423 1235 2448 ub
1260 2419 1327 2448 illo.’
1346 2421 1413 2448 nilnl
1437 2421 1510 2448 illum
1531 2427 1644 2446 nocens.
1674 2419 1707 2445 Et

910 2456 996 2497 tactus
1016 2461 1057 2484 est
1082 2464 1164 2492 pavor
1190 2455 1217 2484 in
1232 2457 1356 2485 erunibus
1380 2461 1407 2485 et
1424 2454 1659 2491 conloquebantur
1674 2453 1709 2481 ad

910 2500 1027 2519 ιιινιοθιιι

702 2537 819 2566 CODEX
832 2536 1070 2567 CORBEIENSlS.

100 2584 142 2622 ξι.
161 2586 171 2601 ⁸
187 2585 290 2614 Neman
301 2586 321 2622 -ι-
332 2586 417 2622 Syrus

102 2620 142 2649 50.
162 2621 207 2650 Ille
220 2620 314 2651 autem
327 2620 375 2658 per
390 2621 509 2650 medium
524 2621 643 2657 illorum,
656 2627 685 2650 et
701 2622 768 2651 ibat.

948 2586 992 2615 54.
1013 2586 1070 2615 scio
1085 2587 1096 2603 ⁸
1110 2587 1156 2623 qui
1168 2594 1208 2622 es,
1224 2592 1252 2616 tu
1265 2588 1380 2617 Sanctus
1393 2587 1452 2616 Dei.

671 2677 871 2707 VABIANTES
890 2675 1094 2706 LECTIONES.

73 2726 117 2781 Na;
118 2725 176 2783 "(:31
183 2727 208 2751 in
216 2725 373 2752 Hierusalem
381 2726 455 2752 sub...
463 2725 567 2751 Neman.
578 2726 651 2759 Vulg.
663 2726 688 2750 in
695 2725 771 2751 Israel
782 2725 858 2751 sub...

76 2788 175 2844 ab’nﬁttt.
187 2790 250 2815 exiit
261 2790 291 2816 ab
302 2790 410 2816 homine.
416 2788 508 2816 metui
520 2793 604 2822 mam,
612 2789 643 2815 ab
654 2788 705 2815 illo.
715 2788 788 2821 Vulg.
800 2788 861 2813 exiit

947 2722 957 2738 ³
975 2723 1027 2758 Gal.
1035 2731 1112 2756 pavor
1120 2731 1223 2757 magnus
1231 2726 1255 2758 iu
1262 2725 1386 2756 omnibus,
1396 2728 1422 2752 et
1428 2725 1629 2758 eouloquehatur.
1643 2722 1716 2756 Vulg.

914 2760 994 2789 pavor:
1000 2756 1024 2789 in
1036 2756 1198 2789 ompihus,’et
1208 2757 1420 2789 colloquebantur.

946 2786 957 2801 ⁵
974 2787 1113 2814 EtitaGat.

946 2817 957 2832 ⁵
974 2821 1026 2844 Gal.
1039 2821 1082 2850 qui
1093 2821 1135 2847 sis.

726 2885 910 2921 BLANCHINI
928 2888 1042 2919 ΝΟΤΕ.

113 2935 147 2973 (a)
159 2936 239 2969 Addit
251 2946 369 2977 magum,
383 2937 466 2972 etiam
489 2935 541 2973 cod
564 2937 642 2968 Cant.
665 2938 754 2979 μέγας.
