3874 6326
463 361 571 420 555
1009 353 1283 414 EUSEBII
1319 348 1666 412 VERCELL.
1708 343 2160 406 EVANGELIUM
2195 343 2339 403 CUM
2379 339 2607 400 VARIIS
2640 338 2797 399 COD.
2835 338 3225 399 COLLATUM.

859 470 1091 531 CODEX
1127 463 1671 527 VERCELLENSIS.

468 572 750 627 dicentes:

467 644 622 713 Quod
651 649 735 697 est
758 639 863 695 hoc
948 678 953 685 κ

467 717 694 771 verbum
713 754 728 778 ,

469 786 595 855 quia
627 786 679 840 in
704 798 800 854 po-

468 852 666 914 testate
686 852 716 923 ,’
731 862 787 910 et
807 852 910 908 vir-

468 938 585 985 tute
612 929 712 982 im-

465 1013 623 1071 perat
651 998 883 1071 immun-

469 1069 553 1127 dis
583 1069 787 1141 spiriti-

473 1144 574 1197 bus
594 1184 610 1209 ,
640 1151 692 1194 et
722 1154 851 1194 exe-

470 1215 562 1271 37.
605 1211 741 1266 unt?
769 1211 835 1266 Et
872 1211 1056 1268 exibat

467 1286 609 1340 fama
634 1285 703 1338 de
723 1298 790 1338 eo

470 1358 525 1411 in
557 1370 774 1411 omnem

470 1428 756 1482 ﬁnitimam

471 1501 793 1570 Regioaem.

471 1565 582 1627 38:
605 1572 841 1640 Surgeps
870 1565 947 1640 (τι)
970 1582 1063 1624 att-

474 1652 581 1698 tem
606 1642 647 1712 -ι-
677 1641 745 1695 de
766 1637 941 1711 Synaé

470 1728 608 1786 goga
632 1755 647 1779 ,
668 1713 852 1786 intra-

471 1783 557 1840 vit
574 1787 626 1839 in
649 1783 869 1838 domum

473 1856 733 1914 Simonis.

474 1928 678 1984 Sucrus
705 1936 890 1981 autem

471 1999 711 2057 Simonis
733 2001 827 2054 de-

472 2071 749 2125 tinebatur

471 2142 624 2197 febre
658 2156 806 2212 mag-

472 2229 541 2270 na
573 2229 587 2266 :
618 2222 674 2267 et
698 2228 855 2283 ruga-

472 2294 673 2340 verunt
694 2285 760 2338 il-

471 2358 583 2411 lum
618 2372 716 2425 pro
738 2371 823 2411 ea.

472 2428 564 2493 '59.
611 2428 677 2481 Et
702 2427 925 2484 adstans

476 2515 641 2569 super
662 2513 781 2553 eam
805 2541 823 2569 ,

476 2517 539 2554 su
563 2517 641 2553 ter
662 2517 764 2553 ean

474 2517 764 2638 ianeravit

478 2642 612 2697 febri
645 2660 659 2695 :
683 2651 737 2696 et
756 2656 849 2698 re-

475 2713 647 2784 liquid
670 2728 815 2768 eam.

474 2784 777 2843 Confestim

475 2866 655 2912 autem
681 2854 794 2912 sur-

477 2943 613 2998 gens
635 2970 650 2992 ,
682 2928 868 2984 minis-

479 3002 658 3054 trabat
680 2998 783 3053 his.

481 3069 573 3125 40.
616 3069 909 3127 Occidente

477 3152 660 3196 autem
680 3143 832 3208 sole,

478 3226 672 3269 omnes
692 3256 707 3277 ,
737 3215 907 3284 quod-

478 3284 623 3353 quod
648 3285 813 3340 habe-

471 3355 607 3411 bant
634 3371 828 3426 aegros

474 3427 753 3499 languuri-

477 3499 580 3556 bus
604 3501 790 3565 variis,

476 3571 822 3628 adducebant

474 3642 603 3697 illos
623 3642 689 3696 ad
717 3658 865 3699 eum.

476 3713 581 3782 Qui
611 3714 818 3770 unicui—

479 3801 588 3857 que
615 3801 807 3857 eorum

478 3856 731 3912 manibus
760 3859 842 3913 in—

479 3929 671 3997 positis
699 3945 859 3986 cura-

473 4000 565 4055 bat
593 4000 731 4056 illos.

479 4072 572 4126 Η.
620 4072 858 4127 Exiltattt
886 4087 983 4130 au-

482 4151 596 4197 tem
617 4151 674 4197 et
694 4144 710 4173 ¹
733 4142 865 4200 dae-

1309 559 1492 619 monia
1519 574 1550 614 a

1309 631 1497 689 multis
1527 644 1624 685 ex-

1310 705 1622 769 clamantia,

1306 786 1361 831 et
1386 775 1623 830 dicentia
1648 790 1660 825 :
1706 812 1713 839 τ

1307 846 1389 903 Τιι
1416 861 1475 901 es
1501 844 1671 900 Filius

1310 918 1407 974 Dei
1444 935 1457 970 :
1480 924 1536 972 et
1561 914 1752 997 objur-

1308 1005 1463 1061 gans,
1488 1003 1603 1061 non
1622 1001 1696 1040 st-

1311 1058 1477 1118 itebat
1498 1074 1560 1113 ea
1593 1058 1739 1129 loqui
1762 1074 1777 1124 ;

1312 1133 1569 1204 quoniam

1312 1199 1558 1258 sciebant
1583 1199 1861 1257 Christum

1309 1275 1461 1330 illum
1493 1287 1633 1328 esse.

1311 1346 1403 1402 42.
1451 1346 1577 1401 Orta
1606 1352 1791 1400 autent

1310 1419 1420 1481 die,
1450 1430 1701 1487 egressus

1310 1490 1442 1544 abiit
1485 1486 1538 1542 in
1565 1486 1664 1542 de-

1309 1571 1514 1617 sertum
1548 1559 1628 1613 lo-

1308 1648 1457 1696 cum,
1488 1640 1543 1686 et
1572 1639 1686 1686 tur-

1311 1704 1414 1759 bae
1442 1701 1688 1769 require-

1309 1776 1442 1829 bant
1471 1774 1621 1827 illum
1644 1817 1657 1839 ,

1312 1856 1367 1901 et
1390 1855 1659 1901 venerunt

1312 1933 1483 1987 usque
1505 1916 1573 1969 ad
1603 1932 1751 1981 eum,

1309 2000 1365 2044 et
1389 1988 1602 2044 detine-

1307 2063 1441 2118 bant
1472 2061 1645 2127 illum,

1310 2149 1381 2188 ne
1407 2131 1654 2187 discede-

1312 2215 1399 2261 ret
1425 2205 1493 2259 ab
1523 2201 1677 2272 ipsis.

1314 2278 1406 2331 45.
1449 2276 1550 2342 Qui
1581 2274 1719 2330 dixit
1746 2273 1813 2331 ad

1318 2347 1443 2404 illos
1469 2365 1484 2403 :
1511 2346 1721 2413 Quoni-

1320 2435 1407 2478 am
1438 2429 1492 2473 et
1522 2417 1647 2472 aliis

1313 2491 1629 2551 civitatibus

1312 2572 1533 2637 oportet
1546 2578 1650 2637 me

1310 2636 1589 2706 cvangeﬂ-

1313 2725 1440 2765 zare
1467 2722 1693 2779 regnum

1314 2782 1412 2837 Dei
1443 2799 1456 2834 :
1488 2777 1617 2850 quia
1643 2777 1714 2834 ob

1314 2852 1418 2909 ltoc
1442 2854 1642 2908 missus

1314 2924 1406 2980 44.
1448 2939 1593 2979 sum.
1625 2922 1694 2977 Et
1720 2930 1838 2978 erat

1316 2997 1639 3067 praedicans

1318 3066 1372 3123 in
1400 3066 1703 3138 Synagugis

1320 3137 1620 3197 Galilaeae.

1520 3249 1752 3309 CAPUT
1802 3247 1870 3303 V.

1320 3353 1373 3407 1.
1418 3346 1638 3403 Factum
1665 3351 1749 3397 est
1778 3354 1873 3396 au-

1317 3432 1449 3488 tem,
1485 3420 1612 3473 dum
1642 3426 1755 3471 tur-

1313 3494 1382 3551 ba
1411 3494 1619 3547 incum-

1315 3565 1395 3621 bit
1420 3567 1469 3618 ei
1500 3562 1566 3616 ad
1591 3576 1686 3615 au-

1316 3634 1577 3692 diendum

1315 3708 1543 3765 verbum
1587 3704 1717 3772 Dei,

1314 3791 1370 3836 et
1398 3779 1513 3849 ipse.
1537 3785 1657 3833 erat

1316 3848 1468 3908 stans
1492 3848 1648 3920 juxta

1315 3934 1566 3995 sv'smjm

1313 3993 1441 4121 ad)"
1467 3993 1807 4055 Gennesarct
1836 3997 1897 4068 τ.

1356 4107 1369 4120 .
1413 4064 1557 4121 Vidit
1588 4069 1736 4121 navi-

1356 4064 1383 4120 ,⁷
1413 4064 1557 4121 Vidit
1588 4069 1736 4124 navi-

1316 4138 1466 4193 culas
1498 4136 1635 4194 duas

2612 454 2848 514 CODEX
2886 452 3336 514 VERONENSIS.

2171 570 2290 612 cem
2308 596 2323 623 ,
2354 554 2600 610 dicentes
2630 572 2643 609 :

2172 627 2325 695 Quod
2353 635 2438 682 est
2466 625 2571 681 hoc

2174 700 2403 756 verbum
2429 740 2442 761 ,
2470 698 2615 767 quod

2175 772 2229 826 in
2259 777 2550 841 potestate,

2174 852 2230 900 et
2257 843 2459 896 virtute

2175 915 2425 985 imperat
2442 913 2544 968 im-

2177 984 2393 1040 mundis
2417 984 2530 1053 Spi-

2176 1056 2393 1115 ritibus.
2421 1064 2477 1110 et

2176 1128 2420 1183 exeunt?

2177 1200 2264 1255 37.
2313 1200 2387 1270 Et
2403 1198 2645 1270 divulga-

2176 1271 2338 1327 batur
2370 1268 2510 1324 fama

2180 1342 2249 1398 de
2281 1343 2371 1397 illo
2395 1342 2449 1396 in

2177 1429 2393 1469 omnem
2423 1414 2508 1468 lo-

2178 1501 2299 1542 cum
2332 1484 2589 1556 Regionis

2179 1558 2343 1612 illius.

2179 1629 2270 1687 58.
2312 1629 2551 1702 Sui-gens
2577 1629 2655 1702 (α)
2687 1643 2782 1685 au-

2180 1710 2287 1757 tem
2313 1701 2355 1773 -ι-
2385 1704 2460 1786 (18.
2476 1701 2577 1773 Sy-

2182 1787 2413 1844 nagOga,
2448 1790 2535 1827 tn-

2184 1845 2349 1899 travit
2376 1845 2427 1899 in
2454 1844 2552 1899 d0-

2182 1931 2329 1971 mum
2364 1915 2603 1972 Simonis
2628 1955 2643 1980 ,

2208 1987 2258 2059 b)
2286 1995 2341 2041 et
2370 1987 2617 2042 Andreae
2642 1986 2700 2057 -εκ

2229 2074 2390 2114 OCI'US
2420 2069 2601 2114 autem

2187 2132 2427 2188 Simonis
2456 2141 2535 2185 te—

2185 2204 2416 2259 nebatur
2445 2216 2562 2256 ma-

2183 2276 2305 2346 gnis
2330 2274 2573 2332 febribus
2604 2289 2617 2327 :

2186 2357 2241 2404 et
2264 2363 2489 2420 rogave—

2186 2433 2313 2474 runt
2339 2421 2487 2475 illum

2183 2491 2273 2547 39.
2307 2507 2402 2562 pro
2429 2506 2515 2547 ea.
2548 2491 2619 2546 Et

2182 2572 2333 2618 stans
2359 2578 2524 2633 super

2184 2634 2357 2703 illam,
2392 2639 2561 2706 impe‘

2185 2708 2328 2763 rabit
2351 2706 2486 2764 febri
2513 2723 2526 2760 :

2184 2789 2239 2835 et
2263 2780 2475 2834 remisit

2185 2851 2351 2906 illaut.
2389 2850 2454 2905 Et
2478 2850 2651 2906 conti-

2185 2938 2294 2978 nuo
2323 2938 2575 2994 surgens,

2185 2993 2528 3051 ministrabat
2558 2993 2687 3049 illis.

2183 3068 2275 3125 40.
2308 3068 2441 3123 Cum
2471 3066 2556 3122 sol
2583 3073 2761 3123 autem

2185 3139 2473 3195 occidisset
2497 3180 2512 3205 ,
2539 3153 2656 3192 om-

2187 3226 2306 3277 nes,
2334 3213 2425 3282 qui
2460 3210 2627 3279 habe-

2184 3282 2318 3339 bant
2344 3281 2590 3337 inﬁrmos

2185 3354 2397 3425 magnis
2429 3356 2543 3409 Ian—

2224 3427 2446 3480 uoribus
2463 3469 2479 3494 ,

2223 3497 2457 3553 urebant
2488 3499 2608 3556 illos

2185 3569 2253 3624 ad
2284 3584 2430 3623 eum.

2186 3641 2267 3695 Ad
2300 3640 2390 3695 ille
2420 3642 2535 3697 sin-

2183 3712 2325 3782 gulis
2355 3726 2574 3769 manum

2186 3785 2471 3852 imponens
2499 3800 2593 3841 cu-

2184 3855 2342 3911 rabat
2371 3870 2487 3912 eos.

2184 3927 2277 3982 41.
2319 3926 2582 3985 Exiebant
2607 3944 2697 3986 au-

2190 4006 2299 4055 tem
2327 3999 2548 4057 daemo-

2191 4071 2279 4125 nia
2312 4072 2387 4141 (c)
2418 4073 2557 4127 mul-

2191 4152 2242 4196 ta
2264 4142 2302 4213 οξ
2324 4144 2567 4200 claman-

3013 554 3088 610 tia
3106 595 3122 620 ,
3151 561 3209 610 et
3231 552 3417 609 dicen-

3010 626 3086 681 tia
3118 644 3131 679 :
3163 625 3244 680 Tu
3275 639 3335 680 es

3010 697 3184 753 Filius
3217 696 3308 752 Dei
3340 712 3356 751 :

3010 778 3065 826 et
3095 770 3408 837 increpans,

3011 857 3119 896 non
3143 840 3356 895 sinebat

3010 927 3075 967 ea
3099 912 3275 980 loqui;

3010 988 3136 1054 quia
3161 982 3410 1038 sciebant

3010 1058 3184 1123 ipsum
3222 1067 3343 1110 esse

3010 1125 3311 1181 Christum.

3011 1198 3105 1252 42.
3146 1196 3305 1252 Facta
3331 1206 3519 1254 autem

3012 1269 3121 1340 die,
3155 1283 3405 1340 egressus

3009 1339 3119 1395 ibat
3147 1339 3204 1395 in?
3223 1340 3317 1394 de-

3010 1422 3215 1467 sertum
3244 1414 3327 1468 lo-

3012 1498 3160 1550 cum,
3188 1493 3242 1539 et

3016 1556 3206 1610 turbae
3231 1556 3416 1627 requi-

3016 1628 3210 1683 rebant
3236 1642 3384 1693 eum,

3017 1707 3451 1754 etveu.....

3014 1785 3188 1841 usque
3216 1771 3283 1826 ad

3019 1844 3219 1914 ipsum,
3250 1852 3306 1899 et

3019 1915 3329 1971 retinebant

3016 1986 3191 2051 illum,
3217 1996 3277 2042 ut

3018 2058 3087 2112 ab
3116 2058 3248 2124 ipsis
3278 2074 3383 2115 non

3019 2130 3346 2187 discederet.

3015 2203 3108 2259 45.
3156 2202 3363 2271 Quibus
3394 2202 3489 2260 ille

3017 2275 3093 2329 ait
3125 2292 3138 2328 :
3168 2275 3306 2341 Quia

3015 2357 3072 2401 et
3096 2347 3215 2400 aliis
3247 2345 3327 2400 ci-

3015 2417 3272 2473 vitatibus

3017 2499 3234 2559 Oportet
3260 2507 3348 2547 me

3018 2562 3398 2632 evangelizare

3015 2648 3242 2701 regnum
3280 2635 3371 2690 Dei
3397 2652 3412 2687 ;

3016 2707 3143 2776 quia
3177 2706 3297 2762 ideo

3013 2781 3216 2835 missus
3242 2794 3383 2835 sum.

3013 2851 3106 2924 44.
3150 2850 3219 2906 Ει
3247 2862 3365 2908 erat
3389 2862 3548 2924 prae-

3017 2923 3207 2979 dicans
3235 2925 3289 2978 in

3012 2995 3315 3068 S_ynagogis

3023 3066 3321 3125 Galilaeae.

3227 3208 3459 3268 CAPUT
3494 3208 3560 3267 V.

3021 3357 3074 3412 t.
3108 3354 3335 3411 Factum
3355 3362 3441 3411 est

3021 3438 3201 3483 autem
3222 3470 3237 3493 ,
3273 3442 3398 3482 cum

2927 3505 2934 3512 '
3022 3499 3210 3555 turbae
3239 3499 3323 3554 in-

3021 3580 3247 3628 ruerent
3273 3572 3327 3626 in

3021 3658 3145 3699 eum
3173 3652 3236 3698 ιιι
3260 3658 3360 3698 au-

3022 3714 3206 3771 dirent
3234 3714 3459 3771 verbum

3023 3786 3143 3852 Dei,
3173 3796 3227 3842 et
3253 3786 3371 3856 ipse

3023 3859 3202 3913 stabat
3230 3872 3389 3913 secus

3022 3939 3272 4001 stagnum
3300 3929 3382 4000 (ά)
3409 3926 3552 3985 Gen-

3025 4011 3245 4073 nesaret
3267 4001 3325 4073 οῖ.

3020 4071 3078 4127 2.
3124 4071 3269 4127 Vidit
3286 4071 3424 4128 duas

3023 4156 3194 4200 naves
3217 4154 3365 4202 stare

1800 4263 2035 4321 CODEX
2076 4266 2475 4327 BRIXIANUS.

474 4362 740 4418 dicentes.
766 4360 920 4427 Quod
966 4373 1050 4417 est
1093 4359 1470 4434 hocrverbutn.
1501 4358 1625 4425 quia
1647 4358 1699 4413 in
1726 4368 1991 4434 potestate
2013 4369 2075 4434 et
2178 4363 2463 4420 clamantia
2514 4375 2569 4422 et
2620 4364 2852 4421 dicentia
2895 4365 3031 4434 Quia
3091 4376 3146 4422 tu
3201 4381 3262 4424 es
3317 4366 3563 4422 Christus
3608 4360 3735 4434 Filius

473 4434 932 4509 virtuteimperat
979 4431 1253 4509 inmundis
1279 4429 1560 4500 spiritibus
1582 4439 1634 4509 et
1655 4440 1875 4509 exeunt.
1906 4432 1968 4509 ζει
1994 4432 2076 4509 di—
2182 4434 2297 4509 Dei.
2356 4446 2409 4491 et
2455 4439 2738 4509 increpans
2789 4429 3065 4494 eosfnon
3113 4438 3327 4493 sinebat
3370 4454 3433 4495 ea
3479 4437 3613 4507 loqui
3640 4433 3731 4509 quia

472 4501 798 4573 Vulgabatur
836 4503 975 4558 fama
1006 4505 1074 4559 de
1101 4503 1291 4573 illoriu
1341 4516 1555 4573 omnem
1588 4504 1762 4554 lucuttt
1797 4501 2072 4571 Regionis.
2180 4501 2426 4562 sciebant
2473 4501 2622 4564 eum-
2659 4506 2933 4564 Christum
3000 4524 3142 4565 esse.
3210 4509 3372 4566 Facta
3429 4501 3597 4564 autem
3648 4503 3731 4559 die-

475 4572 819 4655 §urgens(a)
844 4574 1169 4647 autem-fde
1200 4572 1482 4647 Syuaguga
1513 4572 1757 4628 introivit
1779 4574 1829 4626 in
1853 4573 2073 4629 domum
2181 4593 2436 4655 egressus
2486 4580 2594 4634 ibat
2642 4582 2694 4634 in
2742 4581 3019 4636 desertum
3069 4582 3286 4648 locum,
3328 4593 3402 4655 Aet
3457 4582 3735 4655 turbae}?-

472 4648 732 4725 Sitnonis.
989 4718 1042 4725 __
1184 4718 1197 4725 _
1383 4716 1397 4725 .
1737 4716 1749 4725 _
1815 4715 1836 4725 _
1865 4716 1878 4725 _
1934 4716 1966 4725 __
2183 4652 2620 4725 quirebanteum
2674 4661 3042 4725 ethvenerunt
3087 4652 3344 4725 usquead
3381 4648 3730 4725 ipsutuettleti;

543 4720 748 4777 Socrus
774 4729 953 4776 autem
986 4718 1229 4775 Simonis
1256 4716 1543 4773 tenebatur
1572 4716 1781 4786 magnis
1812 4715 2074 4771 febribus.
2185 4715 2387 4775 nebant
2414 4738 2560 4785 eum,
2593 4738 2659 4777 ne
2711 4723 3017 4779 discederet
3052 4724 3118 4780 ab
3148 4715 3247 4777 eis.
3298 4715 3416 4780 Ille'
3443 4731 3606 4778 autem
3629 4715 3730 4772 dixit

471 4800 526 4847 et
552 4802 879 4865 rogaverunt
902 4792 1052 4865 illuni
1080 4806 1177 4860 pro
1199 4805 1292 4865 ea.
1312 4790 1375 4843 Et
1405 4799 1556 4865 st_ans
1587 4803 1753 4865 super
1783 4788 1928 4842 illam
1989 4789 2071 4843 in-
2177 4796 2277 4847 eis.
2305 4794 2443 4859 Quia
2471 4804 2525 4848 et
2553 4795 2672 4848 aliis
2700 4796 3007 4849 civitatibus
3030 4803 3244 4865 oportet
3285 4812 3373 4852 me
3411 4791 3729 4865 evangelizafc

469 4858 707 4935 crg'pa'vit
736 4863 892 4920 febri.
925 4876 977 4918 et
1007 4858 1215 4918 dimisit
1238 4861 1408 4915 illam.
1437 4860 1503 4935 Et
1524 4859 1809 4935 conl'eStim
1839 4874 2070 4929 surgens
2176 4858 2403 4933 regnum
2432 4866 2545 4919 Dei.
2572 4868 2694 4934 quia
2719 4866 2783 4920 ad
2811 4866 2913 4921 hoc
2944 4858 3142 4921 missus
3168 4883 3309 4921 sum.
3340 4867 3407 4922 Et
3431 4858 3728 4935 erat‘praedi‘

468 4931 812 5008 ministrabat
837 4936 971 5008 illis.
994 4934 1130 4989 Cum
1167 4942 1348 5008 autem
1392 4931 1474 5008 sol
1516 4931 1829 5008 occidisset.
1880 4946 2069 5008 omnes
2176 4931 2375 5008 causin
2401 4931 2698 5008 Synagogis
2721 4931 3730 5008 Galileae.Factumestautetncanitur-

471 5005 562 5068 qui
590 5004 864 5059 habebant
893 5007 1157 5060 inﬁrmus.
1201 5003 1370 5058 variis
1411 5003 1762 5072 languoribus
1800 5002 2072 5057 ducebant
2175 5005 2276 5061 bae
2299 5002 2581 5062 inruerent
2604 5002 2813 5062 ineunt.
2842 5020 2901 5063 ut
2919 5009 3170 5066 audirent
3195 5012 3423 5065 verbum
3440 5008 3543 5064 Dei.
3576 5015 3621 5057 et
3642 5003 3728 5070 ἰρεε

471 5073 594 5152 illos
619 5076 683 5128 ad
713 5091 849 5152 eunt
864 5075 959 5152 Ille
978 5086 1158 5131 autem
1186 5074 1412 5145 singulis
1441 5088 1632 5152 manus
1658 5072 1947 5152 imponens
1974 5090 2069 5152 cp-
2173 5077 2350 5134 stabat
2372 5088 2789 5152 secusstagnum
2803 5081 3104 5143 Gennesar.
3132 5081 3201 5137 Et
3214 5073 3726 5139 viditduasnaviculas

472 5143 623 5201 rabat
651 5160 765 5203 eos.
807 5146 1077 5206 Exiebaut
1128 5143 1312 5203 autem
1365 5156 1421 5202 et
1470 5143 1753 5201 daemonia
1798 5160 1830 5200 a
1882 5145 2068 5201 multis

1765 5259 1999 5319 CODEX
2027 5261 2501 5321 CORBEIENSIS.

2258 5356 2347 5413 39.
2388 5356 2526 5414 febri
2558 5376 2571 5412 :
2600 5367 2656 5416 et
2680 5358 2892 5417 remisit
2919 5373 3059 5417 eam.

1694 5474 2097 5534 VARIANTES
2133 5474 2430 5533 LECTION
2437 5476 2542 5533 ES.

469 5570 549 5682 “si
588 5568 696 5619 Gal.
722 5567 979 5618 daemonia
1002 5569 1149 5618 etiam
1170 5581 1199 5620 a
1220 5569 1401 5622 multis.
1433 5546 1580 5638 i’ulg.
1605 5570 1863 5621 daemonia
1894 5583 1922 5619 a
1945 5569 2070 5619 mul-
2239 5571 2259 5601 ²
2294 5570 2402 5622 Gut.
2427 5569 2669 5622 Genesar.
2704 5570 2851 5636 Vulg.
2878 5571 3205 5625 Genesaretb.

547 5354 638 5413 58.
682 5356 737 5412 in
763 5355 985 5414 domum
1012 5357 1273 5426 Simonis,
1302 5364 1358 5414 et
1377 5356 1650 5413 Andreae.

1779 5716 2152 5777 BLANCHINI
2188 5720 2420 5780 ΝΟΤΛΕ.

543 5806 619 5893 ξς)
650 5806 778 5863 Post
805 5806 1173 5893 autemdeest
1200 5811 1372 5893 Jecur,
1422 5812 1626 5893 pariter
1650 5813 1757 5893 _in_
1779 5822 1888 5869 tex.
1930 5811 2025 5893 Gr.
2048 5844 2119 5893 _——
2147 5813 2222 5893 (b)_
2252 5817 2416 5893 addit
2443 5825 2489 5873 et
2516 5790 2771 5893 Andreae,
2803 5820 2927 5875 cod.
2960 5822 3357 5893 quoqueCant.
3404 5822 3488 5882 καὶ
3510 5815 3712 5893 Ἀνδρέω,

467 5892 499 5934 e
540 5880 739 5938 Marco.
770 5909 841 5922 -—
873 5877 947 5950 (ε)
975 5878 1140 5937 Addit
1168 5877 1535 5953 multa,’et'iam
1565 5885 1688 5941 cod.
1716 5884 1872 5942 Cant.
1903 5886 2086 5946 πολλά.
2109 5877 2180 5930 -ῖ-
2202 5877 2282 5963 (ά)
2309 5889 2385 5949 Ita
2405 5897 2462 5947 et
2489 5896 2627 5947 text.
2658 5877 3197 5969 Gr.'rrwma‘zpr"t-'.w“
