1937 3163
88 165 130 193 557

84 270 173 295 stantes
185 265 215 292 ad

84 303 136 330 litus
147 310 153 334 ;
167 301 197 328 de
211 301 268 336 qui-

83 339 124 366 bus
137 338 242 372 piscato-

83 382 118 401 I'CS
136 380 219 408 egres-

83 410 110 441 si,
122 408 236 435 lababant

84 446 91 460 ι
103 444 173 471 reti-as
184 451 253 471 suas.

83 481 105 508 5.
115 479 261 509 Ascendens

83 522 158 544 autem
173 516 196 542 in
212 524 242 543 u-

83 559 132 579 nam
145 552 214 578 navi-

83 587 164 619 cuiam,
179 595 243 622 quae

83 628 130 651 erat
142 622 224 657 Simo-

82 658 123 690 nis,
135 659 231 693 rogavit

81 702 139 727 eum,
154 699 180 722 ut
192 703 250 730 pro—

82 730 192 758 ducerent

83 771 140 793 terra
152 775 230 801 quan-

82 802 221 831 tulumcum-

80 845 129 871 que.

80 873 164 902 Sedens
178 882 222 902 au-

80 914 134 941 tem.
146 910 256 938 docebat

78 945 105 973 de
115 946 211 973 navicu-

79 980 99 1007 4.
116 981 135 1008 la
149 982 244 1012 turbas.
258 982 343 1011 Cum-

78 1024 119 1051 que
130 1018 202 1045 desiit
215 1019 254 1046 lo-

79 1053 124 1086 qui,
136 1054 197 1081 dixit
209 1055 242 1082 ad

78 1087 194 1117 Simonem
207 1100 213 1117 :

77 1124 133 1151 Leva
145 1125 168 1152 in
179 1126 243 1160 alto,

78 1165 98 1187 et
109 1162 117 1176 '
130 1162 251 1196 expandi-

78 1201 98 1223 ιε
110 1198 180 1224 retias
193 1206 252 1226 ves-

78 1236 121 1269 tras
132 1232 161 1260 ad
171 1235 241 1269 capi—

78 1268 169 1296 endum.

78 1304 98 1341 .5.
116 1304 144 1331 Et
155 1305 324 1341 respondens

77 1339 162 1373 Simon,
177 1339 217 1369 di-

77 1376 106 1402 xit
119 1376 151 1403 illi
164 1386 170 1404 :
184 1377 237 1405 Ma-

76 1412 143 1446 gister
151 1434 157 1444 ,
172 1421 219 1449 per

77 1453 143 1475 totam
157 1458 217 1477 1100⁸

78 1488 119 1510 tem
130 1484 234 1514 laboran
240 1501 250 1507 -

77 1523 117 1551 les.
133 1521 193 1548 nihil
208 1530 254 1550 ce-

76 1555 148 1589 pimus
159 1566 165 1583 :
181 1558 227 1585 sed

77 1591 97 1618 in
108 1593 180 1620 verbo
194 1598 241 1622 tuo

76 1628 206 1669 expandam

76 1669 164 1691 retiam.

76 1699 95 1725 6.
113 1700 151 1733 Et,
163 1709 220 1730 cum
233 1702 291 1730 hoc

75 1734 194 1770 fecissent,

75 1772 196 1801 caucluse-

74 1813 124 1834 runt
138 1809 213 1843 pisci-

75 1850 109 1869 um
124 1845 209 1872 multi-

76 1878 178 1907 tudinem

75 1921 180 1950 magnam
197 1926 203 1943 :

74 1952 220 1986 rumpeban-

583 159 810 189 EVANGELIUM
829 160 1014 190 SECUNDUM
1034 161 1161 191 LUCAM.

253 218 366 247 conux
389 202 656 249 VERCELLENSIS.

476 271 520 295 tur
533 270 622 293 autem

476 302 562 330 retiae
574 309 678 329 eorum.

476 338 502 365 7.
525 337 559 365 Et
573 337 583 353 ⁸
598 337 750 366 adnuebant

475 374 558 401 sociis
570 373 597 400 in
613 373 665 401 alia

476 408 698 437 navic.....t

475 449 635 478 ve...nt,

475 486 501 509 et
513 480 677 515 adjuvarent

475 524 532 544 eos.
550 516 584 543 Et
597 524 678 543 vene—

475 556 550 585 runt,
562 557 587 579 el
602 552 693 587 reple-

476 593 574 616 VEI‘UIIl
587 595 646 615 am—

477 624 524 652 bas
537 631 632 656 naves,
647 623 683 651 ita

476 665 506 687 ut
519 659 558 695 (a)
580 667 731 694 mergeren-

475 695 502 723 8.
523 701 566 722 tur
577 695 609 730 1-.
627 695 684 723 Hoc

475 732 544 765 viso,
562 732 599 766 (ὁ)
612 731 706 758 Simon
716 731 736 766 -ξ-

475 767 593 802 procidit
605 774 651 801 ge-

477 803 557 830 nibus
571 802 635 830 Jesu
649 824 657 835 ,

475 838 570 866 dicens
586 848 592 864 :
608 838 659 865 Exi
674 845 689 864 a

476 882 530 904 me.
547 874 609 909 quia
626 874 669 900 vir

476 914 602 944 peccator
616 917 675 936 Sull]
685 930 693 942 ,

476 946 600 973 Domine.

475 981 502 1009 9.
525 981 611 1009 Pavor
623 981 694 1009 enim

474 1017 627 1052 adprehen-

474 1052 553 1081 derat
563 1061 637 1086 eum,

475 1093 502 1116 et
515 1096 610 1116 omnes

474 1125 519 1159 qui
531 1133 593 1152 cum
610 1124 642 1152 il-

474 1161 500 1188 lo
516 1165 604 1193 erant,
621 1161 648 1187 in

475 1202 586 1230 captura
605 1197 658 1231 pis-

475 1234 557 1266 cium,
573 1240 641 1267 quae

475 1269 520 1296 10.
533 1272 662 1302 ceperant
674 1277 680 1294 :
695 1268 729 1295 si-

476 1304 577 1331 militer
588 1304 634 1331 Ja-

474 1340 571 1372 cobus,
584 1344 611 1367 et
623 1339 705 1367 Joan-

475 1383 525 1403 nes
538 1376 585 1403 ﬁlii
597 1375 647 1403 Ze-

475 1411 565 1444 bedei,
582 1412 627 1445 qui
643 1420 671 1438 e-

476 1452 538 1475 rant
551 1447 618 1474 socii

476 1483 607 1510 Simonis.

477 1519 512 1546 Et
525 1519 593 1546 dixit
605 1518 638 1545 ad
654 1518 696 1546 Si-

477 1562 585 1582 monem
598 1555 694 1582 Jesus:

476 1589 487 1605 δ
503 1591 563 1618 Noli
576 1591 654 1618 time-

477 1633 507 1653 re
520 1635 526 1653 :
538 1626 592 1661 jam
607 1634 682 1654 ³1Πο-

477 1661 512 1689 do
525 1662 580 1690 eris
593 1662 662 1689 vivi-

478 1697 563 1725 ﬁcans
574 1698 664 1726 homi-

478 1734 523 1761 Μ.
540 1741 599 1761 nes.
612 1734 656 1767 Et,
672 1733 773 1762 deduc-

479 1770 514 1797 tis
527 1770 636 1797 navicu-

478 1806 511 1834 lis
525 1806 558 1833 ad
573 1812 683 1840 terram,

479 1841 581 1870 relictis
597 1849 655 1869 om-

479 1878 558 1905 nibus
568 1884 647 1904 secu-

480 1914 498 1941 ti
513 1917 576 1940 sunt
589 1921 661 1940 eum.

480 1949 523 1978 12.
540 1949 573 1976 Ει
588 1950 688 1977 factum
704 1953 756 1982 est,

1650 161 1705 191 558

1125 220 1241 250 CODEX
1262 222 1490 251 VERONENSIS.

907 274 987 295 secus
1000 271 1055 295 sta-

906 311 1001 339 gnum;
1019 303 1059 337 pi-

906 343 1028 366 scatores
1041 346 1093 366 au-

907 379 960 402 tem
976 375 1091 402 descen-

906 410 1019 443 debant,
1032 415 1060 438 et

908 446 1037 474 lavabant

906 483 986 509 retia.

906 518 933 545 5.
952 518 1109 547 Ascendens

906 559 996 581 autem
1012 555 1038 581 in
1053 562 1133 583 unam

907 597 1014 622 navem,
1028 598 1098 625 quae

906 629 965 652 erat
977 625 1107 659 Simonis.

862 689 864 691 ,
907 662 1098 696 rogaviteum,

907 700 936 723 ut
949 697 1109 725 inducereut

905 732 939 759 ad
955 737 1053 760 terram

906 768 1112 803 aliquantulum.

907 803 942 831 Et
956 804 1053 832 Sedens
1062 826 1069 836 ,

908 839 1024 867 ducebat
1039 840 1072 869 de

909 876 1032 903 navicula

909 911 1011 939 turbas.

907 947 934 974 4.
952 947 985 974 Ut
1000 948 1116 976 cessavit

908 987 998 1010 autem
1015 984 1098 1017 loqui,

909 1018 977 1045 dixit
990 1020 1023 1046 ad
1039 1020 1082 1048 Si-

909 1062 1005 1082 moneu
1023 1064 1029 1083 :
1047 1056 1103 1083 Duc

910 1090 936 1117 in
952 1092 1046 1125 altum,

908 1130 936 1154 et
950 1127 1039 1154 laxate

908 1163 1003 1190 retiam
1019 1166 1137 1190 vestram

908 1198 935 1225 in
950 1204 1099 1233 capturam.

908 1233 934 1261 5.
953 1234 986 1261 Ει
999 1234 1166 1268 respondens

909 1269 1014 1301 Simon,
1032 1270 1101 1297 dixit

909 1305 946 1332 illi
961 1314 967 1331 :
983 1306 1161 1341 Praeceptor,

909 1349 958 1375 per
974 1345 1055 1368 totam

910 1381 1018 1404 noctem
1036 1377 1111 1404 labo-

908 1418 1012 1445 rantes,
1028 1412 1093 1440 nihil

908 1450 1047 1483 coepimus
1059 1458 1066 1476 :

908 1484 957 1511 sed
972 1485 996 1512 in
1012 1492 1075 1513 ver-

908 1519 944 1547 bo
959 1525 1006 1548 tuo
1019 1521 1059 1548 la-

909 1556 979 1583 xabo
994 1557 1100 1585 retiam.

909 1592 937 1619 6.
955 1593 1003 1625 Et,
1019 1600 1081 1621 cum
1098 1594 1149 1622 hoc

908 1627 1049 1662 fecissent,

908 1664 1103 1692 concluserunt

910 1699 1024 1733 piscium
1041 1701 1107 1728 mul-

910 1735 1054 1763 titudinem

910 1771 1048 1804 copiosam
1060 1781 1067 1800 :

910 1808 1086 1841 rumpebatur

910 1849 1000 1871 autem
1012 1844 1079 1871 retia

910 1879 936 1905 7.
954 1887 1057 1906 eorum.
1076 1879 1110 1907 Et

910 1915 1063 1942 adnuerunt

911 1951 1003 1982 sociis,
1020 1951 1065 1986 qui

718 1996 833 2024 CODEX
853 1996 1049 2026 BRIXIANUS.

1324 274 1403 298 erant
1417 270 1444 297 in

1324 305 1376 333 alia
1390 306 1465 338 navi,

1324 346 1353 369 ut
1367 341 1501 373 venirent,

1324 381 1352 405 et
1362 377 1521 412 adjuvarent

1323 420 1381 441 eos.
1399 416 1428 445 ᾖ(
1441 413 1475 440 Ει
1488 413 1544 440 im-

1323 449 1463 483 pleverunt
1477 456 1534 476 am-

1324 484 1372 511 bas
1387 485 1497 511 navicu-

1323 520 1374 552 las,
1390 520 1423 547 ita
1439 524 1468 547 ut
1480 519 1518 556 (α)

1324 563 1479 589 mergeren-

1324 596 1368 619 tur
1379 591 1410 627 1L,

1324 627 1351 654 8.
1365 627 1441 660 Quod
1457 635 1519 655 cum

1324 663 1428 690 videret
1443 662 1480 699 (b)
1496 664 1540 692 Si-

1324 706 1387 726 mon
1399 699 1430 734 τ,
1448 706 1510 733 pro-

1324 735 1390 762 cidit
1404 734 1436 762 ad
1451 742 1499 770 ge-

1324 778 1375 798 nua
1391 770 1465 802 Jesu,

1324 806 1436 833 dicens:
1458 807 1509 835 Exi
1536 832 1541 837 .

1324 849 1340 869 a
1354 849 1397 870 me
1411 842 1464 869 Do-

1324 878 1408 912 mine,
1423 879 1487 913 quia

1324 914 1405 941 homo
1419 922 1482 949 pec-

1324 954 1400 977 calor
1414 958 1484 979 sum.

1324 986 1351 1013 9.
1365 985 1471 1013 Miratio
1483 988 1555 1017 enim

1325 1021 1456 1049 habebat.
1466 1044 1473 1050 .
1486 1045 1492 1051 .

1325 1062 1353 1085 et
1367 1064 1462 1086 omnes

1326 1094 1371 1128 qui
1387 1100 1447 1120 cum
1463 1095 1511 1122 illo

1325 1134 1413 1167 erant,
1428 1129 1455 1157 in
1470 1135 1562 1167 captu-

1325 1174 1354 1193 ra
1370 1166 1495 1201 piscium,

1325 1209 1406 1236 quam
1423 1209 1487 1230 coe-

1325 1242 1422 1273 perant
1434 1246 1440 1264 :

1326 1273 1368 1301 l0.
1384 1273 1510 1302 similiter
1523 1277 1613 1301 autem

1325 1308 1453 1341 Jacnbus,
1466 1315 1493 1336 et
1507 1309 1553 1337 Jo—

1326 1344 1431 1371 hannes
1444 1345 1491 1372 ﬁlii

1327 1379 1471 1414 Zebedaei,

1326 1416 1371 1448 qui
1387 1421 1464 1443 erant
1477 1415 1542 1444 socii

1327 1451 1458 1479 Simonis.

1328 1486 1362 1513 Et
1374 1488 1411 1513 ait
1424 1487 1458 1514 ad

1327 1522 1465 1550 Simonem

1327 1557 1405 1586 Jesus
1418 1567 1425 1585 :
1442 1558 1501 1586 Noli
1524 1584 1528 1589 ,

1329 1594 1441 1622 timere:
1457 1602 1491 1622 ex

1328 1629 1380 1657 hoc
1390 1630 1445 1664 jam

1327 1665 1384 1693 eris
1396 1665 1483 1693 homi:

1328 1709 1377 1729 nes
1391 1701 1540 1728 \‘iviticans.

1327 1737 1371 1764 Η.
1391 1737 1434 1768 Et,
1452 1736 1593 1765 subductis

1327 1772 1361 1799 ad
1377 1778 1476 1800 terram

1328 1809 1460 1835 naviculis
1470 1829 1477 1840 ,

1329 1843 1431 1871 relictis
1444 1851 1502 1870 om-

1329 1879 1408 1906 nibus
1421 1879 1506 1906 seculi

1329 1919 1394 1941 sunt
1406 1922 1479 1941 eum.

1331 1950 1376 1977 12.
1392 1950 1426 1978 Ει
1441 1950 1541 1978 factum

73 2049 161 2074 stantes
183 2054 263 2075 SCCUS
296 2051 431 2080 stagnum.
458 2045 607 2079 piscatores
633 2048 722 2071 autem
744 2043 859 2071 descen-

73 2080 155 2110 dentes
169 2083 203 2111 de
221 2083 261 2110 eis
286 2082 411 2109 lababant
436 2081 514 2108 retia.
532 2080 689 2109 Asoendens
717 2084 806 2106 autem
833 2080 859 2107 in

72 2119 313 2146 unamnaviculam.
329 2119 373 2152 qui
390 2121 449 2144 erat
460 2116 578 2143 Simonis
589 2115 668 2150 jussit
678 2123 738 2152 eum
754 2124 768 2141 a
785 2120 859 2143 terra

74 2154 188 2181 reducere
204 2151 346 2190 pusillum.
368 2153 403 2180 Et
416 2152 515 2180 sedens
537 2152 653 2180 docebat
677 2151 711 2179 de
737 2151 860 2179 navicula

73 2190 163 2217 turbas.

102 2225 131 2253 Ut
143 2231 230 2253 autem
246 2226 365 2254 cessavit
380 2224 452 2258 loqui
468 2224 534 2251 dixit
549 2223 581 2250 ad
598 2223 746 2250 Simonem.
765 2223 819 2249 Duc
834 2223 859 2250 in

73 2260 154 2288 altmn.
165 2269 189 2289 et
204 2263 296 2289 laxate
308 2262 376 2288 retia
392 2266 481 2287 vestra
494 2261 518 2286 iu
530 2263 682 2294 capturam.
702 2258 736 2285 Et
748 2266 861 2292 respou-

73 2296 130 2324 dcns
144 2298 236 2325 Simon
251 2298 319 2324 dixit
337 2297 385 2323 illi.
401 2296 564 2330 Praeceptor
584 2303 632 2329 per
648 2299 730 2321 lotam
753 2299 859 2321 noctem

74 2332 225 2360 laborantes.
242 2333 310 2360 nihil
325 2332 455 2366 cepimus.
473 2332 520 2358 sed
543 2332 568 2357 in
595 2330 679 2357 verbo
699 2330 861 2366 tuorlaxabo

73 2373 130 2394 re:e.
149 2369 178 2396 Et
190 2378 253 2396 cum
271 2369 323 2395 hoc
335 2365 462 2395 fecissent
476 2368 669 2394 concluserunt
690 2365 803 2399 piscium
816 2374 862 2392 co-

73 2403 165 2437 piosam
196 2404 399 2432 multitudinem
414 2425 420 2435 ,
448 2403 484 2430 ita
510 2408 538 2430 ut
560 2405 753 2436 rumperuntur
777 2403 862 2428 retine

73 2446 166 2467 eorum.
184 2441 217 2468 Et
231 2445 388 2467 annuerunt
407 2438 489 2466 sociis
500 2439 545 2473 qui
559 2443 636 2465 erant
657 2437 683 2464 in
704 2437 755 2464 alia
783 2445 859 2464 nave.

72 2480 96 2502 ut
109 2477 232 2504 venirent
246 2481 275 2504 et
285 2476 447 2511 adjuvarent
465 2482 523 2502 eos.
542 2478 570 2502 et
593 2478 737 2501 venerunt.
760 2477 788 2500 et
813 2473 864 2500 im—

911 2045 1053 2080 pleverunt
1068 2046 1161 2073 ambas
1175 2045 1325 2074 naviculas.
1341 2046 1378 2073 ita
1393 2050 1420 2072 ut
1433 2045 1470 2080 (ιι)
1484 2048 1671 2078 mergerentur
1680 2043 1710 2078 1-.

912 2081 989 2114 Quod
1009 2089 1070 2108 cum
1096 2082 1201 2110 videret
1224 2082 1317 2110 Simon
1330 2081 1426 2109 Petrus
1448 2081 1563 2116 procidit
1578 2080 1609 2106 ad
1626 2087 1711 2114 genua

912 2117 976 2145 Jesu
990 2118 1095 2145 dicens.
1110 2118 1185 2153 Rogo
1206 2122 1232 2145 te
1243 2118 1284 2145 eti
1297 2125 1312 2144 ει
1328 2126 1382 2144 me.
1399 2117 1457 2151 quia
1484 2117 1563 2142 Ιιιιιιιιι
1587 2120 1712 2150 peccator

913 2161 971 2180 sum
991 2154 1106 2181 Domine
1129 2153 1216 2181 Pavor
1234 2154 1306 2181 enim
1326 2153 1463 2180 detinebat
1487 2161 1547 2178 eum
1568 2157 1594 2177 et
1619 2158 1712 2178 omnes

913 2189 957 2223 qui
970 2197 1030 2216 cum
1047 2189 1092 2216 illo
1115 2194 1193 2216 erant
1209 2190 1234 2216 iu
1250 2194 1362 2223 captura
1385 2189 1499 2224 piscium
1523 2195 1604 2222 quant
1633 2194 1712 2224 cepe-

914 2222 984 2251 rant.
1002 2225 1126 2253 similiter
1148 2229 1236 2252 autem
1259 2222 1392 2252 Jacohunt
1415 2228 1443 2251 et
1464 2223 1616 2251 .Ioltaunem
1642 2222 1712 2249 ﬁlios

913 2260 1097 2298 Zeliedeinlui
1108 2264 1186 2288 erant
1198 2262 1266 2298 soeii
1277 2260 1411 2298 Simonis.
1439 2295 1444 2298 _
1592 2293 1598 2298 _
1658 2292 1664 2298 .

949 2297 982 2324 Et
995 2297 1032 2323 ait
1047 2293 1080 2323 ad
1096 2297 1233 2324 Simonem
1248 2297 1338 2324 Jesus.
1354 2296 1413 2323 Noli
1427 2295 1533 2322 timere.
1545 2293 1643 2329 ex'_ltoc
1654 2293 1710 2327 jam

914 2331 1144 2369 horninutnqeritis
1157 2337 1291 2367 captores.
1378 2367 1393 2369 ﬂ
1490 2366 1505 2369 η
1539 2365 1544 2369 _
1652 2362 1659 2369 .

953 2367 986 2394 Et
998 2367 1137 2395 subductis
1152 2364 1306 2396 ad'terram
1323 2367 1437 2395 navibus
1459 2365 1561 2394 relictis
1585 2364 1711 2392 omnibus

915 2406 1001 2430 secuti
1016 2409 1077 2430 sunt
1091 2411 1164 2431 eum.

951 2440 984 2467 Et
999 2439 1100 2466 factum
1110 2443 1152 2467 est

707 2529 824 2558 CUDEX
837 2528 1074 2558 CORBEIENSIS.

101 2582 162 2611 Cn.
177 2583 211 2610 ν.
223 2597 261 2603 -
271 2582 300 2609 2.
317 2588 401 2609 naves
414 2584 486 2608 stare
497 2586 577 2607 secus
588 2583 725 2613 stagnum.

102 2618 126 2645 ὅ.
145 2620 249 2654 rogavit
263 2626 324 2646 eum
340 2618 350 2633 ⁵
365 2622 392 2644 ιιι
406 2617 518 2654 duceret
529 2623 544 2643 a
560 2619 634 2643 terra
650 2614 857 2649 aliquantulum.

102 2654 125 2681 7.
144 2652 205 2682 ita“
221 2659 251 2682 ut
263 2659 450 2689 mergerentur
462 2652 491 2689 ντί.

953 2578 998 2606 10.
1019 2577 1143 2605 homines
1154 2576 1305 2604 viviﬁcans.
1318 2575 1416 2604 recenti
1427 2583 1518 2609 manu,
1529 2574 1649 2610 capiens.

953 2614 997 2641 11.
1016 2613 1051 2641 ad
1066 2617 1166 2642 terram
1178 2613 1318 2641 naviculis.

690 2695 889 2726 VARIANTES
903 2693 1107 2724 LECTIONES.

100 2752 106 2766 '
124 2751 175 2777 Gut.
187 2752 253 2777 retia
265 2752 289 2776 in
301 2757 378 2776 mare.
396 2749 469 2782 Vulg.
483 2750 555 2774 retia.

99 2783 108 2797 ¹
125 2783 176 2807 Gal.
189 2783 314 2808 relaxate.
332 2781 404 2813 Vulg.
417 2782 510 2806 laxate.

98 2814 108 2828 ³
124 2814 175 2839 Gut.
187 2815 360 2839 annuebant...
372 2810 400 2839 ιιί
409 2813 592 2844 mergerentur.
605 2810 679 2843 Vulg.
692 2811 864 2835 annuerunt...

72 2847 96 2872 ut
107 2851 167 2877 pene
180 2849 365 2877 mergerentur.

948 2744 959 2760 ⁸
978 2744 1031 2769 Gat.
1044 2741 1127 2767 Nolite
1138 2742 1239 2766 timere.
1255 2737 1329 2772 ναις.
1341 2738 1395 2765 Noli
1407 2740 1506 2764 timere.

949 2776 959 2791 ⁵
977 2775 1031 2800 Gal.
1044 2773 1138 2798 ducere
1150 2772 1271 2805 pusillum.

947 2807 958 2823 ⁶
975 2808 1005 2832 Ει
1015 2805 1050 2831 ita
1058 2805 1112 2830 ϐαι.

734 2883 919 2913 BLANCHINI
938 2882 1053 2912 NOTAE.

106 2929 141 2972 (α)
157 2936 228 2966 Ante
246 2941 428 2974 mergerenmr,
443 2934 518 2964 deest
541 2942 614 2970 pene,
627 2933 707 2963 etiam
718 2933 745 2961 in
758 2937 822 2962 text.
835 2933 883 2961 Gr.
894 2947 930 2952 —
944 2930 982 2967 (ὑ)
996 2931 1062 2959 Post
1074 2929 1176 2968 Simon,
1191 2928 1267 2957 deest
1281 2926 1384 2961 Petrae,
1400 2927 1426 2954 in
1442 2925 1503 2954 cod.
1519 2932 1625 2962 quoque
1637 2923 1714 2953 Cant.

546 3013 560 3023 ς
