  <div class='ocr_page' id='page_1' title='image "/cluster/home/n/w/nwhite01/storage/ocr_20150623/12/hvd.32044015471980/279.png"; bbox 0 0 3874 6326; ppageno 0'>
   <div class='ocr_carea' id='block_1_1' title="bbox 431 319 3712 398">
    <p class='ocr_par' dir='ltr' id='par_1_1' title="bbox 431 319 3712 398">
     <span class='ocr_line' id='line_1_1' title="bbox 431 319 3712 398; baseline 0.002 -14"><span class='ocrx_word' id='word_1_1' title='bbox 431 327 538 385; x_wconf 76' lang='lat'><strong>659</strong></span> <span class='ocrx_word' id='word_1_2' title='bbox 977 319 1622 398; x_wconf 68' lang='lat' dir='ltr'><strong>EUSEBll_;VERCELL.</strong></span> <span class='ocrx_word' id='word_1_3' title='bbox 1662 325 2114 388; x_wconf 73' lang='lat' dir='ltr'><strong>EVANGELIUM</strong></span> <span class='ocrx_word' id='word_1_4' title='bbox 2150 328 2296 387; x_wconf 79' lang='lat' dir='ltr'><strong>CUM</strong></span> <span class='ocrx_word' id='word_1_5' title='bbox 2338 328 2569 388; x_wconf 78' lang='lat' dir='ltr'><strong>VARIIS</strong></span> <span class='ocrx_word' id='word_1_6' title='bbox 2597 327 2751 386; x_wconf 85' lang='lat' dir='ltr'><strong>COD.</strong></span> <span class='ocrx_word' id='word_1_7' title='bbox 2786 327 3180 390; x_wconf 81' lang='lat' dir='ltr'><strong>COLLATUM.</strong></span> <span class='ocrx_word' id='word_1_8' title='bbox 3615 331 3712 390; x_wconf 69' lang='lat' dir='ltr'><strong>5U)</strong></span> 
     </span>
    </p>
   </div>
   <div class='ocr_carea' id='block_1_2' title="bbox 823 443 3298 506">
    <p class='ocr_par' dir='ltr' id='par_1_2' title="bbox 823 443 3298 506">
     <span class='ocr_line' id='line_1_2' title="bbox 823 443 3298 506; baseline -0.001 -2"><span class='ocrx_word' id='word_1_9' title='bbox 823 443 1057 504; x_wconf 81' lang='lat' dir='ltr'><strong>CODEX</strong></span> <span class='ocrx_word' id='word_1_10' title='bbox 1094 443 1640 504; x_wconf 79' lang='lat' dir='ltr'><strong>VERCELLENSIS.</strong></span> <span class='ocrx_word' id='word_1_11' title='bbox 2574 444 2809 504; x_wconf 76' lang='lat' dir='ltr'><strong>CODEX</strong></span> <span class='ocrx_word' id='word_1_12' title='bbox 2844 443 3298 506; x_wconf 69' lang='lat' dir='ltr'><strong>VERONENSIS.</strong></span> 
     </span>
    </p>
   </div>
   <div class='ocr_carea' id='block_1_3' title="bbox 430 537 3283 606">
    <p class='ocr_par' dir='ltr' id='par_1_3' title="bbox 430 537 3283 606">
     <span class='ocr_line' id='line_1_3' title="bbox 430 537 3283 606; baseline 0.001 -10"><span class='ocrx_word' id='word_1_13' title='bbox 430 537 561 596; x_wconf 92' lang='lat' dir='ltr'><strong>dum</strong></span> <span class='ocrx_word' id='word_1_14' title='bbox 587 546 736 597; x_wconf 85' lang='lat' dir='ltr'><strong>esset</strong></span> <span class='ocrx_word' id='word_1_15' title='bbox 1266 553 1409 601; x_wconf 88' lang='lat' dir='ltr'><strong>rum.</strong></span> <span class='ocrx_word' id='word_1_16' title='bbox 1437 546 1494 594; x_wconf 83' lang='lat' dir='ltr'><strong>et</strong></span> <span class='ocrx_word' id='word_1_17' title='bbox 1518 538 1633 605; x_wconf 90' lang='lat' dir='ltr'><strong>ipse</strong></span> <span class='ocrx_word' id='word_1_18' title='bbox 2129 545 2236 606; x_wconf 88' lang='lat' dir='ltr'><strong>est,</strong></span> <span class='ocrx_word' id='word_1_19' title='bbox 2259 553 2381 595; x_wconf 88' lang='lat' dir='ltr'><strong>cum</strong></span> <span class='ocrx_word' id='word_1_20' title='bbox 2966 543 3189 599; x_wconf 65' lang='lat' dir='ltr'><strong>docens.</strong></span> <span class='ocrx_word' id='word_1_21' title='bbox 3217 544 3283 598; x_wconf 86' lang='lat' dir='ltr'><strong>Et</strong></span> 
     </span>
    </p>
   </div>
   <div class='ocr_carea' id='block_1_4' title="bbox 432 608 3353 681">
    <p class='ocr_par' dir='ltr' id='par_1_4' title="bbox 432 608 3353 681">
     <span class='ocr_line' id='line_1_4' title="bbox 432 608 3353 681; baseline 0.001 -13"><span class='ocrx_word' id='word_1_22' title='bbox 432 611 553 681; x_wconf 69' lang='lat' dir='ltr'><strong>ipse</strong></span> <span class='ocrx_word' id='word_1_23' title='bbox 582 611 635 666; x_wconf 90' lang='lat' dir='ltr'><strong>in</strong></span> <span class='ocrx_word' id='word_1_24' title='bbox 667 626 774 666; x_wconf 86' lang='lat' dir='ltr'><strong>una</strong></span> <span class='ocrx_word' id='word_1_25' title='bbox 1268 608 1344 681; x_wconf 91' lang='lat' dir='ltr'><strong>(b)</strong></span> <span class='ocrx_word' id='word_1_26' title='bbox 1374 617 1493 665; x_wconf 90' lang='lat' dir='ltr'><strong>erat</strong></span> <span class='ocrx_word' id='word_1_27' title='bbox 1516 609 1557 680; x_wconf 70' lang='grc' dir='ltr'><strong><em>ἰ-</em></strong></span> <span class='ocrx_word' id='word_1_28' title='bbox 1581 608 1808 666; x_wconf 78' lang='lat' dir='ltr'><strong>docens.</strong></span> <span class='ocrx_word' id='word_1_29' title='bbox 2131 618 2280 666; x_wconf 82' lang='lat' dir='ltr'><strong>esset</strong></span> <span class='ocrx_word' id='word_1_30' title='bbox 2309 613 2360 665; x_wconf 91' lang='lat' dir='ltr'><strong>in</strong></span> <span class='ocrx_word' id='word_1_31' title='bbox 2393 625 2499 665; x_wconf 86' lang='lat' dir='ltr'><strong>una</strong></span> <span class='ocrx_word' id='word_1_32' title='bbox 2967 625 3125 671; x_wconf 86' lang='lat' dir='ltr'><strong>erant</strong></span> <span class='ocrx_word' id='word_1_33' title='bbox 3150 615 3353 672; x_wconf 82' lang='lat' dir='ltr'><strong>Phari-&#39;</strong></span> 
     </span>
    </p>
   </div>
   <div class='ocr_carea' id='block_1_5' title="bbox 436 681 3373 754">
    <p class='ocr_par' dir='ltr' id='par_1_5' title="bbox 436 681 3373 754">
     <span class='ocr_line' id='line_1_5' title="bbox 436 681 3373 754; baseline 0.001 -15"><span class='ocrx_word' id='word_1_34' title='bbox 436 683 756 754; x_wconf 72' lang='lat' dir='ltr'><strong>civitatium,</strong></span> <span class='ocrx_word' id='word_1_35' title='bbox 1267 681 1336 736; x_wconf 86' lang='lat' dir='ltr'><strong>Et</strong></span> <span class='ocrx_word' id='word_1_36' title='bbox 1365 696 1426 736; x_wconf 92' lang='lat' dir='ltr'><strong>er</strong></span> <span class='ocrx_word' id='word_1_37' title='bbox 1465 717 1481 735; x_wconf 93' lang='lat'><strong>.</strong></span> <span class='ocrx_word' id='word_1_38' title='bbox 1523 717 1540 735; x_wconf 92' lang='lat'><strong>.</strong></span> <span class='ocrx_word' id='word_1_39' title='bbox 1585 720 1600 734; x_wconf 93' lang='lat'><strong>.</strong></span> <span class='ocrx_word' id='word_1_40' title='bbox 1643 722 1659 736; x_wconf 92' lang='lat'><strong>.</strong></span> <span class='ocrx_word' id='word_1_41' title='bbox 1701 721 1717 738; x_wconf 94' lang='lat'><strong>.</strong></span> <span class='ocrx_word' id='word_1_42' title='bbox 1759 695 1823 735; x_wconf 86' lang='lat' dir='ltr'><strong>a-</strong></span> <span class='ocrx_word' id='word_1_43' title='bbox 2131 681 2451 749; x_wconf 88' lang='lat' dir='ltr'><strong>civitatium,</strong></span> <span class='ocrx_word' id='word_1_44' title='bbox 2965 687 3076 742; x_wconf 87' lang='lat' dir='ltr'><strong>saei</strong></span> <span class='ocrx_word' id='word_1_45' title='bbox 3101 687 3373 754; x_wconf 87' lang='lat' dir='ltr'><strong>sedentes,</strong></span> 
     </span>
    </p>
   </div>
   <div class='ocr_carea' id='block_1_6' title="bbox 435 752 3281 829">
    <p class='ocr_par' dir='ltr' id='par_1_6' title="bbox 435 752 3281 829">
     <span class='ocr_line' id='line_1_6' title="bbox 435 752 3281 829; baseline 0.001 -18"><span class='ocrx_word' id='word_1_46' title='bbox 435 764 491 829; x_wconf 79' lang='lat' dir='ltr'><strong>et</strong></span> <span class='ocrx_word' id='word_1_47' title='bbox 516 752 753 829; x_wconf 29' lang='lat' dir='ltr'><strong>ecce‘vir</strong></span> <span class='ocrx_word' id='word_1_48' title='bbox 1265 753 1409 809; x_wconf 83' lang='lat' dir='ltr'><strong>risae</strong></span> <span class='ocrx_word' id='word_1_49' title='bbox 1441 792 1454 805; x_wconf 94' lang='lat'><strong>.</strong></span> <span class='ocrx_word' id='word_1_50' title='bbox 1501 790 1517 806; x_wconf 95' lang='lat'><strong>.</strong></span> <span class='ocrx_word' id='word_1_51' title='bbox 1562 793 1575 806; x_wconf 96' lang='lat'><strong>.</strong></span> <span class='ocrx_word' id='word_1_52' title='bbox 1621 793 1638 808; x_wconf 93' lang='lat'><strong>.</strong></span> <span class='ocrx_word' id='word_1_53' title='bbox 1681 793 1697 808; x_wconf 95' lang='lat'><strong>.</strong></span> <span class='ocrx_word' id='word_1_54' title='bbox 1737 768 1847 822; x_wconf 51' lang='lat' dir='ltr'><strong>ens</strong></span> <span class='ocrx_word' id='word_1_55' title='bbox 2132 768 2259 829; x_wconf 80' lang='lat' dir='ltr'><strong>ecce</strong></span> <span class='ocrx_word' id='word_1_56' title='bbox 2285 755 2368 829; x_wconf 79' lang='lat' dir='ltr'><strong>vir</strong></span> <span class='ocrx_word' id='word_1_57' title='bbox 2968 767 3023 812; x_wconf 90' lang='lat' dir='ltr'><strong>et</strong></span> <span class='ocrx_word' id='word_1_58' title='bbox 3052 759 3281 829; x_wconf 78' lang='lat' dir='ltr'><strong>legisdo-</strong></span> 
     </span>
    </p>
   </div>
   <div class='ocr_carea' id='block_1_7' title="bbox 433 824 3284 900">
    <p class='ocr_par' dir='ltr' id='par_1_7' title="bbox 433 824 3284 900">
     <span class='ocr_line' id='line_1_7' title="bbox 433 824 3284 900; baseline 0.002 -21"><span class='ocrx_word' id='word_1_59' title='bbox 433 826 630 898; x_wconf 88' lang='lat' dir='ltr'><strong>plenus</strong></span> <span class='ocrx_word' id='word_1_60' title='bbox 658 825 739 900; x_wconf 87' lang='lat' dir='ltr'><strong>l_e-</strong></span> <span class='ocrx_word' id='word_1_61' title='bbox 1268 834 1320 900; x_wconf 90' lang='lat' dir='ltr'><strong>t_e</strong></span> <span class='ocrx_word' id='word_1_62' title='bbox 1362 864 1375 878; x_wconf 93' lang='lat'><strong>.</strong></span> <span class='ocrx_word' id='word_1_63' title='bbox 1423 867 1437 880; x_wconf 96' lang='lat'><strong>.</strong></span> <span class='ocrx_word' id='word_1_64' title='bbox 1482 864 1497 879; x_wconf 96' lang='lat'><strong>.</strong></span> <span class='ocrx_word' id='word_1_65' title='bbox 1545 865 1558 878; x_wconf 96' lang='lat'><strong>.</strong></span> <span class='ocrx_word' id='word_1_66' title='bbox 1605 864 1618 878; x_wconf 93' lang='lat'><strong>.</strong></span> <span class='ocrx_word' id='word_1_67' title='bbox 1645 867 1678 900; x_wconf 91' lang='lat'><strong>_.</strong></span> <span class='ocrx_word' id='word_1_68' title='bbox 1724 867 1737 883; x_wconf 93' lang='lat'><strong>.</strong></span> <span class='ocrx_word' id='word_1_69' title='bbox 1784 865 1798 880; x_wconf 93' lang='lat'><strong>.</strong></span> <span class='ocrx_word' id='word_1_70' title='bbox 2132 824 2325 896; x_wconf 88' lang='lat' dir='ltr'><strong>plenus</strong></span> <span class='ocrx_word' id='word_1_71' title='bbox 2357 825 2432 900; x_wconf 86' lang='lat' dir='ltr'><strong>l_e-</strong></span> <span class='ocrx_word' id='word_1_72' title='bbox 2965 824 3166 892; x_wconf 71' lang='lat' dir='ltr'><strong>ctores,</strong></span> <span class='ocrx_word' id='word_1_73' title='bbox 3192 831 3284 900; x_wconf 87' lang='lat' dir='ltr'><strong>qui</strong></span> 
     </span>
    </p>
   </div>
   <div class='ocr_carea' id='block_1_8' title="bbox 437 895 3322 968">
    <p class='ocr_par' dir='ltr' id='par_1_8' title="bbox 437 895 3322 968">
     <span class='ocr_line' id='line_1_8' title="bbox 437 895 3322 968; baseline 0.002 -16"><span class='ocrx_word' id='word_1_74' title='bbox 437 895 554 968; x_wconf 86' lang='lat' dir='ltr'><strong>pra,</strong></span> <span class='ocrx_word' id='word_1_75' title='bbox 583 904 638 951; x_wconf 89' lang='lat' dir='ltr'><strong>et</strong></span> <span class='ocrx_word' id='word_1_76' title='bbox 667 897 782 967; x_wconf 87' lang='lat' dir='ltr'><strong>ipse</strong></span> <span class='ocrx_word' id='word_1_77' title='bbox 1267 895 1538 963; x_wconf 82' lang='lat' dir='ltr'><strong>ductores,</strong></span> <span class='ocrx_word' id='word_1_78' title='bbox 1570 895 1662 968; x_wconf 88' lang='lat' dir='ltr'><strong>qui</strong></span> <span class='ocrx_word' id='word_1_79' title='bbox 2131 895 2252 966; x_wconf 86' lang='lat' dir='ltr'><strong>pra,</strong></span> <span class='ocrx_word' id='word_1_80' title='bbox 2282 905 2336 968; x_wconf 85' lang='lat' dir='ltr'><strong>et</strong></span> <span class='ocrx_word' id='word_1_81' title='bbox 2363 895 2478 966; x_wconf 88' lang='lat' dir='ltr'><strong>ipse</strong></span> <span class='ocrx_word' id='word_1_82' title='bbox 2968 895 3226 958; x_wconf 76' lang='lat' dir='ltr'><strong>venerant</strong></span> <span class='ocrx_word' id='word_1_83' title='bbox 3255 918 3322 958; x_wconf 77' lang='lat' dir='ltr'><strong>ex</strong></span> 
     </span>
    </p>
   </div>
   <div class='ocr_carea' id='block_1_9' title="bbox 436 967 3371 1038">
    <p class='ocr_par' dir='ltr' id='par_1_9' title="bbox 436 967 3371 1038">
     <span class='ocr_line' id='line_1_9' title="bbox 436 967 3371 1038; baseline 0.003 -16"><span class='ocrx_word' id='word_1_84' title='bbox 436 967 739 1038; x_wconf 73' lang='lat' dir='ltr'><strong>prostratus</strong></span> <span class='ocrx_word' id='word_1_85' title='bbox 1267 967 1595 1023; x_wconf 81' lang='lat' dir='ltr'><strong>convenerat</strong></span> <span class='ocrx_word' id='word_1_86' title='bbox 2132 967 2422 1038; x_wconf 89' lang='lat' dir='ltr'><strong>procidens</strong></span> <span class='ocrx_word' id='word_1_87' title='bbox 2968 975 3115 1027; x_wconf 91' lang='lat' dir='ltr'><strong>omni</strong></span> <span class='ocrx_word' id='word_1_88' title='bbox 3145 973 3371 1030; x_wconf 84' lang='lat' dir='ltr'><strong>castello</strong></span> 
     </span>
    </p>
   </div>
   <div class='ocr_carea' id='block_1_10' title="bbox 435 1039 3262 1112">
    <p class='ocr_par' dir='ltr' id='par_1_10' title="bbox 435 1039 3262 1112">
     <span class='ocr_line' id='line_1_10' title="bbox 435 1039 3262 1112; baseline 0.002 -18"><span class='ocrx_word' id='word_1_89' title='bbox 435 1041 492 1112; x_wconf 83' lang='lat' dir='ltr'><strong>in</strong></span> <span class='ocrx_word' id='word_1_90' title='bbox 516 1039 729 1112; x_wconf 80' lang='lat' dir='ltr'><strong>faciem,</strong></span> <span class='ocrx_word' id='word_1_91' title='bbox 762 1054 883 1112; x_wconf 81' lang='lat' dir='ltr'><strong>ora-</strong></span> <span class='ocrx_word' id='word_1_92' title='bbox 1269 1053 1338 1094; x_wconf 82' lang='lat' dir='ltr'><strong>ex</strong></span> <span class='ocrx_word' id='word_1_93' title='bbox 1362 1040 1660 1112; x_wconf 9' lang='lat' dir='ltr'><strong>omnimmu-</strong></span> <span class='ocrx_word' id='word_1_94' title='bbox 2134 1039 2188 1094; x_wconf 90' lang='lat' dir='ltr'><strong>in</strong></span> <span class='ocrx_word' id='word_1_95' title='bbox 2221 1039 2432 1104; x_wconf 80' lang='lat' dir='ltr'><strong>faciem,</strong></span> <span class='ocrx_word' id='word_1_96' title='bbox 2968 1043 3262 1112; x_wconf 81' lang='lat' dir='ltr'><strong>Galilaeae,</strong></span> 
     </span>
    </p>
   </div>
   <div class='ocr_carea' id='block_1_11' title="bbox 435 1109 3273 1182">
    <p class='ocr_par' dir='ltr' id='par_1_11' title="bbox 435 1109 3273 1182">
     <span class='ocr_line' id='line_1_11' title="bbox 435 1109 3273 1182; baseline 0.002 -15"><span class='ocrx_word' id='word_1_97' title='bbox 435 1111 528 1167; x_wconf 80' lang='lat' dir='ltr'><strong>hat</strong></span> <span class='ocrx_word' id='word_1_98' title='bbox 553 1110 729 1176; x_wconf 89' lang='lat' dir='ltr'><strong>illum,</strong></span> <span class='ocrx_word' id='word_1_99' title='bbox 757 1111 844 1168; x_wconf 85' lang='lat' dir='ltr'><strong>di-</strong></span> <span class='ocrx_word' id='word_1_100' title='bbox 1269 1109 1470 1182; x_wconf 87' lang='lat' dir='ltr'><strong>nicipio</strong></span> <span class='ocrx_word' id='word_1_101' title='bbox 1494 1109 1642 1167; x_wconf 87' lang='lat' dir='ltr'><strong>Gali-</strong></span> <span class='ocrx_word' id='word_1_102' title='bbox 2011 1146 2018 1152; x_wconf 71' lang='grc' dir='ltr'><strong><em>ο</em></strong></span> <span class='ocrx_word' id='word_1_103' title='bbox 2136 1112 2360 1182; x_wconf 79' lang='lat' dir='ltr'><strong>rogabat</strong></span> <span class='ocrx_word' id='word_1_104' title='bbox 2385 1125 2532 1177; x_wconf 87' lang='lat' dir='ltr'><strong>eum,</strong></span> <span class='ocrx_word' id='word_1_105' title='bbox 2969 1126 3025 1172; x_wconf 90' lang='lat' dir='ltr'><strong>et</strong></span> <span class='ocrx_word' id='word_1_106' title='bbox 3048 1109 3273 1182; x_wconf 81' lang='lat' dir='ltr'><strong>Judeae,</strong></span> 
     </span>
    </p>
   </div>
   <div class='ocr_carea' id='block_1_12' title="bbox 435 1181 3428 1252">
    <p class='ocr_par' dir='ltr' id='par_1_12' title="bbox 435 1181 3428 1252">
     <span class='ocr_line' id='line_1_12' title="bbox 435 1181 3428 1252; baseline 0.003 -15"><span class='ocrx_word' id='word_1_107' title='bbox 435 1197 564 1239; x_wconf 89' lang='lat' dir='ltr'><strong>cens</strong></span> <span class='ocrx_word' id='word_1_108' title='bbox 588 1199 601 1237; x_wconf 91' lang='lat'><strong>:</strong></span> <span class='ocrx_word' id='word_1_109' title='bbox 632 1183 841 1252; x_wconf 86' lang='lat' dir='ltr'><strong>Quoni-</strong></span> <span class='ocrx_word' id='word_1_110' title='bbox 1099 1242 1106 1248; x_wconf 55' lang='grc'><em>,</em></span> <span class='ocrx_word' id='word_1_111' title='bbox 1273 1181 1412 1248; x_wconf 85' lang='lat' dir='ltr'><strong>leae.</strong></span> <span class='ocrx_word' id='word_1_112' title='bbox 1444 1194 1498 1238; x_wconf 90' lang='lat' dir='ltr'><strong>et</strong></span> <span class='ocrx_word' id='word_1_113' title='bbox 1527 1182 1595 1238; x_wconf 91' lang='lat' dir='ltr'><strong>de</strong></span> <span class='ocrx_word' id='word_1_114' title='bbox 1623 1183 1748 1248; x_wconf 68' lang='grc' dir='ltr'><strong>ιιι-ζ</strong></span> <span class='ocrx_word' id='word_1_115' title='bbox 2137 1181 2322 1238; x_wconf 84' lang='lat' dir='ltr'><strong>dicens</strong></span> <span class='ocrx_word' id='word_1_116' title='bbox 2351 1201 2362 1235; x_wconf 91' lang='lat'>:</span> <span class='ocrx_word' id='word_1_117' title='bbox 2396 1183 2506 1237; x_wconf 89' lang='lat' dir='ltr'><strong>Do-</strong></span> <span class='ocrx_word' id='word_1_118' title='bbox 2969 1197 3024 1242; x_wconf 92' lang='lat' dir='ltr'><strong>et</strong></span> <span class='ocrx_word' id='word_1_119' title='bbox 3050 1181 3428 1245; x_wconf 54' lang='lat' dir='ltr'><strong>Hierusalem:</strong></span> 
     </span>
    </p>
   </div>
   <div class='ocr_carea' id='block_1_13' title="bbox 437 1254 3360 1326">
    <p class='ocr_par' dir='ltr' id='par_1_13' title="bbox 437 1254 3360 1326">
     <span class='ocr_line' id='line_1_13' title="bbox 437 1254 3360 1326; baseline 0.004 -21"><span class='ocrx_word' id='word_1_120' title='bbox 437 1269 547 1318; x_wconf 86' lang='lat' dir='ltr'><strong>am,</strong></span> <span class='ocrx_word' id='word_1_121' title='bbox 574 1255 618 1309; x_wconf 88' lang='lat' dir='ltr'><strong>si</strong></span> <span class='ocrx_word' id='word_1_122' title='bbox 644 1257 747 1320; x_wconf 74' lang='lat' dir='ltr'><strong>vis,</strong></span> <span class='ocrx_word' id='word_1_123' title='bbox 776 1269 876 1326; x_wconf 78' lang='grc' dir='ltr'><strong>ρο-</strong></span> <span class='ocrx_word' id='word_1_124' title='bbox 1271 1254 1427 1322; x_wconf 86' lang='lat' dir='ltr'><strong>daea,</strong></span> <span class='ocrx_word' id='word_1_125' title='bbox 1451 1265 1505 1310; x_wconf 90' lang='lat' dir='ltr'><strong>et</strong></span> <span class='ocrx_word' id='word_1_126' title='bbox 1526 1255 1714 1312; x_wconf 85' lang='lat' dir='ltr'><strong>Hieru-</strong></span> <span class='ocrx_word' id='word_1_127' title='bbox 2137 1255 2305 1320; x_wconf 88' lang='lat' dir='ltr'><strong>mine,</strong></span> <span class='ocrx_word' id='word_1_128' title='bbox 2337 1255 2383 1308; x_wconf 91' lang='lat' dir='ltr'><strong>si</strong></span> <span class='ocrx_word' id='word_1_129' title='bbox 2411 1254 2518 1321; x_wconf 86' lang='lat' dir='ltr'><strong>vis,</strong></span> <span class='ocrx_word' id='word_1_130' title='bbox 2971 1269 3025 1314; x_wconf 92' lang='lat' dir='ltr'><strong>et</strong></span> <span class='ocrx_word' id='word_1_131' title='bbox 3051 1261 3222 1315; x_wconf 81' lang='lat' dir='ltr'><strong>virtus</strong></span> <span class='ocrx_word' id='word_1_132' title='bbox 3242 1269 3360 1316; x_wconf 88' lang='lat' dir='ltr'><strong>erat</strong></span> 
     </span>
    </p>
   </div>
   <div class='ocr_carea' id='block_1_14' title="bbox 438 1328 3276 1399">
    <p class='ocr_par' dir='ltr' id='par_1_14' title="bbox 438 1328 3276 1399">
     <span class='ocr_line' id='line_1_14' title="bbox 438 1328 3276 1399; baseline 0.002 -18"><span class='ocrx_word' id='word_1_133' title='bbox 438 1335 522 1399; x_wconf 82' lang='lat' dir='ltr'><strong>tes</strong></span> <span class='ocrx_word' id='word_1_134' title='bbox 549 1341 636 1382; x_wconf 91' lang='lat' dir='ltr'><strong>me</strong></span> <span class='ocrx_word' id='word_1_135' title='bbox 655 1341 815 1384; x_wconf 78' lang='lat' dir='ltr'><strong>mun-</strong></span> <span class='ocrx_word' id='word_1_136' title='bbox 1272 1328 1439 1382; x_wconf 88' lang='lat' dir='ltr'><strong>salem</strong></span> <span class='ocrx_word' id='word_1_137' title='bbox 1468 1344 1482 1382; x_wconf 88' lang='lat'><strong>:</strong></span> <span class='ocrx_word' id='word_1_138' title='bbox 1506 1337 1561 1382; x_wconf 90' lang='lat' dir='ltr'><strong>et</strong></span> <span class='ocrx_word' id='word_1_139' title='bbox 1585 1328 1694 1382; x_wconf 84' lang='lat' dir='ltr'><strong>vir-</strong></span> <span class='ocrx_word' id='word_1_140' title='bbox 1805 1383 1825 1399; x_wconf 51' lang='grc' dir='ltr'><strong><em>ο</em></strong></span> <span class='ocrx_word' id='word_1_141' title='bbox 2137 1336 2294 1398; x_wconf 82' lang='lat' dir='ltr'><strong>potes</strong></span> <span class='ocrx_word' id='word_1_142' title='bbox 2325 1342 2412 1382; x_wconf 90' lang='lat' dir='ltr'><strong>me</strong></span> <span class='ocrx_word' id='word_1_143' title='bbox 2970 1331 3181 1386; x_wconf 87' lang='lat' dir='ltr'><strong>Domini</strong></span> <span class='ocrx_word' id='word_1_144' title='bbox 3209 1333 3276 1387; x_wconf 84' lang='lat' dir='ltr'><strong>ad</strong></span> 
     </span>
    </p>
   </div>
   <div class='ocr_carea' id='block_1_15' title="bbox 439 1397 3420 1461">
    <p class='ocr_par' dir='ltr' id='par_1_15' title="bbox 439 1397 3420 1461">
     <span class='ocr_line' id='line_1_15' title="bbox 439 1397 3420 1461; baseline 0.003 -9"><span class='ocrx_word' id='word_1_145' title='bbox 439 1397 592 1453; x_wconf 91' lang='lat' dir='ltr'><strong>dare.</strong></span> <span class='ocrx_word' id='word_1_146' title='bbox 1275 1405 1364 1453; x_wconf 92' lang='lat' dir='ltr'><strong>tus</strong></span> <span class='ocrx_word' id='word_1_147' title='bbox 1393 1407 1512 1454; x_wconf 89' lang='lat' dir='ltr'><strong>erat</strong></span> <span class='ocrx_word' id='word_1_148' title='bbox 1542 1399 1754 1458; x_wconf 87' lang='lat' dir='ltr'><strong>Domini</strong></span> <span class='ocrx_word' id='word_1_149' title='bbox 1808 1397 1821 1399; x_wconf 71' lang='grc'><em>’</em></span> <span class='ocrx_word' id='word_1_150' title='bbox 2140 1397 2425 1453; x_wconf 89' lang='lat' dir='ltr'><strong>mundare.</strong></span> <span class='ocrx_word' id='word_1_151' title='bbox 2975 1403 3274 1458; x_wconf 84' lang='lat' dir='ltr'><strong>sanandum</strong></span> <span class='ocrx_word' id='word_1_152' title='bbox 3304 1419 3420 1461; x_wconf 88' lang='lat' dir='ltr'><strong>eos.</strong></span> 
     </span>
    </p>
   </div>
   <div class='ocr_carea' id='block_1_16' title="bbox 441 1469 1971 1532">
    <p class='ocr_par' dir='ltr' id='par_1_16' title="bbox 441 1469 1867 1528">
     <span class='ocr_line' id='line_1_16' title="bbox 441 1469 1867 1528; baseline 0.002 -5"><span class='ocrx_word' id='word_1_153' title='bbox 441 1469 530 1524; x_wconf 82' lang='grc'><strong>15.</strong></span> <span class='ocrx_word' id='word_1_154' title='bbox 565 1470 628 1524; x_wconf 88' lang='lat' dir='ltr'><strong>Et</strong></span> <span class='ocrx_word' id='word_1_155' title='bbox 655 1469 962 1528; x_wconf 77' lang='lat' dir='ltr'><strong>extendens</strong></span> <span class='ocrx_word' id='word_1_156' title='bbox 1274 1470 1344 1524; x_wconf 85' lang='lat' dir='ltr'><strong>ad</strong></span> <span class='ocrx_word' id='word_1_157' title='bbox 1371 1485 1569 1526; x_wconf 83' lang='lat' dir='ltr'><strong>sanan—</strong></span> <span class='ocrx_word' id='word_1_158' title='bbox 1863 1509 1867 1514; x_wconf 90' lang='grc'><strong>-</strong></span> 
     </span>
    </p>
   </div>
   <div class='ocr_carea' id='block_1_17' title="bbox 1911 1469 3441 1532">
    <p class='ocr_par' dir='ltr' id='par_1_17' title="bbox 2142 1469 3441 1532">
     <span class='ocr_line' id='line_1_17' title="bbox 2142 1469 3441 1532; baseline 0.005 -8"><span class='ocrx_word' id='word_1_159' title='bbox 2142 1469 2231 1524; x_wconf 79' lang='grc'><strong>15.</strong></span> <span class='ocrx_word' id='word_1_160' title='bbox 2268 1469 2337 1524; x_wconf 86' lang='grc' dir='ltr'><strong>Ει</strong></span> <span class='ocrx_word' id='word_1_161' title='bbox 2363 1471 2662 1527; x_wconf 79' lang='lat' dir='ltr'><strong>extendens</strong></span> <span class='ocrx_word' id='word_1_162' title='bbox 2978 1475 3067 1529; x_wconf 87' lang='grc'><strong>18.</strong></span> <span class='ocrx_word' id='word_1_163' title='bbox 3093 1474 3154 1529; x_wconf 87' lang='lat' dir='ltr'><strong>Et</strong></span> <span class='ocrx_word' id='word_1_164' title='bbox 3188 1491 3315 1531; x_wconf 88' lang='lat' dir='ltr'><strong>ecce</strong></span> <span class='ocrx_word' id='word_1_165' title='bbox 3339 1477 3441 1532; x_wconf 89' lang='lat' dir='ltr'><strong>viri</strong></span> 
     </span>
    </p>
   </div>
   <div class='ocr_carea' id='block_1_18' title="bbox 441 1541 3337 1608">
    <p class='ocr_par' dir='ltr' id='par_1_18' title="bbox 441 1541 3337 1608">
     <span class='ocr_line' id='line_1_18' title="bbox 441 1541 3337 1608; baseline 0.002 -12"><span class='ocrx_word' id='word_1_166' title='bbox 441 1556 682 1608; x_wconf 88' lang='lat' dir='ltr'><strong>manum,</strong></span> <span class='ocrx_word' id='word_1_167' title='bbox 719 1550 797 1598; x_wconf 84' lang='lat' dir='ltr'><strong>te-</strong></span> <span class='ocrx_word' id='word_1_168' title='bbox 1275 1541 1403 1596; x_wconf 92' lang='lat' dir='ltr'><strong>dum</strong></span> <span class='ocrx_word' id='word_1_169' title='bbox 1431 1557 1547 1597; x_wconf 83' lang='lat' dir='ltr'><strong>eos.</strong></span> <span class='ocrx_word' id='word_1_170' title='bbox 2143 1555 2385 1604; x_wconf 81' lang='lat' dir='ltr'><strong>manum.</strong></span> <span class='ocrx_word' id='word_1_171' title='bbox 2419 1553 2497 1598; x_wconf 90' lang='lat' dir='ltr'><strong>te-</strong></span> <span class='ocrx_word' id='word_1_172' title='bbox 2977 1553 3258 1608; x_wconf 88' lang='lat' dir='ltr'><strong>portantes</strong></span> <span class='ocrx_word' id='word_1_173' title='bbox 3286 1548 3337 1602; x_wconf 91' lang='lat' dir='ltr'><strong>in</strong></span> 
     </span>
    </p>
   </div>
   <div class='ocr_carea' id='block_1_19' title="bbox 443 1560 3312 1684">
    <p class='ocr_par' dir='ltr' id='par_1_19' title="bbox 443 1560 3312 1684">
     <span class='ocr_line' id='line_1_19' title="bbox 443 1560 3312 1608; baseline 0.002 -13"><span class='ocrx_word' id='word_1_174' title='bbox 443 1560 682 1608; x_wconf 88' lang='lat' dir='ltr'><strong>manum,</strong></span> <span class='ocrx_word' id='word_1_175' title='bbox 719 1560 797 1598; x_wconf 83' lang='lat' dir='ltr'><strong>te-</strong></span> <span class='ocrx_word' id='word_1_176' title='bbox 1275 1560 1403 1596; x_wconf 87' lang='lat' dir='ltr'><strong>uum</strong></span> <span class='ocrx_word' id='word_1_177' title='bbox 1431 1560 1547 1597; x_wconf 84' lang='lat' dir='ltr'><strong>eos.</strong></span> <span class='ocrx_word' id='word_1_178' title='bbox 2143 1560 2385 1604; x_wconf 80' lang='lat' dir='ltr'><strong>manum.</strong></span> <span class='ocrx_word' id='word_1_179' title='bbox 2419 1560 2497 1598; x_wconf 88' lang='lat' dir='ltr'><strong>te-</strong></span> <span class='ocrx_word' id='word_1_180' title='bbox 3016 1560 3258 1601; x_wconf 83' lang='lat' dir='ltr'><strong>ortantes</strong></span> <span class='ocrx_word' id='word_1_181' title='bbox 3286 1564 3312 1600; x_wconf 84' lang='grc' dir='ltr'>ιι</span> 
     </span>
     <span class='ocr_line' id='line_1_20' title="bbox 443 1560 3312 1684; baseline 0.002 -17"><span class='ocrx_word' id='word_1_182' title='bbox 443 1613 560 1684; x_wconf 82' lang='lat' dir='ltr'><strong>tigit</strong></span> <span class='ocrx_word' id='word_1_183' title='bbox 588 1612 761 1680; x_wconf 91' lang='lat' dir='ltr'><strong>illum,</strong></span> <span class='ocrx_word' id='word_1_184' title='bbox 1277 1612 1369 1684; x_wconf 69' lang='grc'><strong>18.</strong></span> <span class='ocrx_word' id='word_1_185' title='bbox 1405 1613 1470 1668; x_wconf 84' lang='lat' dir='ltr'><strong>Et</strong></span> <span class='ocrx_word' id='word_1_186' title='bbox 1500 1628 1626 1670; x_wconf 89' lang='lat' dir='ltr'><strong>ecce</strong></span> <span class='ocrx_word' id='word_1_187' title='bbox 1653 1615 1754 1670; x_wconf 80' lang='lat' dir='ltr'><strong>viri</strong></span> <span class='ocrx_word' id='word_1_188' title='bbox 1883 1678 1888 1684; x_wconf 34' lang='grc' dir='ltr'><em>η</em></span> <span class='ocrx_word' id='word_1_189' title='bbox 2141 1612 2260 1684; x_wconf 82' lang='lat' dir='ltr'><strong>tigit</strong></span> <span class='ocrx_word' id='word_1_190' title='bbox 2285 1613 2456 1678; x_wconf 84' lang='lat' dir='ltr'><strong>illum,</strong></span> <span class='ocrx_word' id='word_1_191' title='bbox 2977 1560 3121 1672; x_wconf 61' lang='lat' dir='ltr'><strong>recto</strong></span> <span class='ocrx_word' id='word_1_192' title='bbox 3147 1617 3312 1672; x_wconf 84' lang='lat' dir='ltr'><strong>homi-</strong></span> 
     </span>
    </p>
   </div>
   <div class='ocr_carea' id='block_1_20' title="bbox 328 1683 3248 1760">
    <p class='ocr_par' dir='ltr' id='par_1_20' title="bbox 328 1683 3248 1760">
     <span class='ocr_line' id='line_1_21' title="bbox 328 1683 3248 1760; baseline 0.001 -21"><span class='ocrx_word' id='word_1_193' title='bbox 328 1749 342 1754; x_wconf 91' lang='lat'>_</span> <span class='ocrx_word' id='word_1_194' title='bbox 442 1683 668 1760; x_wconf 78' lang='lat' dir='ltr'><strong>dicens:</strong></span> <span class='ocrx_word' id='word_1_195' title='bbox 709 1684 838 1743; x_wconf 82' lang='lat' dir='ltr'><strong>Volo</strong></span> <span class='ocrx_word' id='word_1_196' title='bbox 1277 1683 1587 1760; x_wconf 79' lang='lat' dir='ltr'><strong>adferentes</strong></span> <span class='ocrx_word' id='word_1_197' title='bbox 1884 1683 1887 1684; x_wconf 49' lang='grc'><strong><em>⁷</em></strong></span> <span class='ocrx_word' id='word_1_198' title='bbox 2143 1683 2372 1760; x_wconf 83' lang='lat' dir='ltr'><strong>dicens:</strong></span> <span class='ocrx_word' id='word_1_199' title='bbox 2410 1685 2547 1742; x_wconf 82' lang='lat' dir='ltr'><strong>Volo</strong></span> <span class='ocrx_word' id='word_1_200' title='bbox 2981 1704 3126 1754; x_wconf 90' lang='lat' dir='ltr'><strong>nem,</strong></span> <span class='ocrx_word' id='word_1_201' title='bbox 3156 1689 3248 1760; x_wconf 88' lang='lat' dir='ltr'><strong>qui</strong></span> 
     </span>
    </p>
   </div>
   <div class='ocr_carea' id='block_1_21' title="bbox 442 1754 3386 1833">
    <p class='ocr_par' dir='ltr' id='par_1_21' title="bbox 442 1754 3386 1833">
     <span class='ocr_line' id='line_1_22' title="bbox 442 1754 3386 1833; baseline 0.003 -25"><span class='ocrx_word' id='word_1_202' title='bbox 442 1754 726 1833; x_wconf 77' lang='lat' dir='ltr'><strong>mundare.</strong></span> <span class='ocrx_word' id='word_1_203' title='bbox 1277 1771 1440 1833; x_wconf 76' lang='lat' dir='ltr'><strong>super</strong></span> <span class='ocrx_word' id='word_1_204' title='bbox 1465 1757 1660 1812; x_wconf 87' lang='lat' dir='ltr'><strong>lectum</strong></span> <span class='ocrx_word' id='word_1_205' title='bbox 2148 1757 2432 1833; x_wconf 75' lang='lat' dir='ltr'><strong>mundare.</strong></span> <span class='ocrx_word' id='word_1_206' title='bbox 2458 1829 2469 1833; x_wconf 90' lang='lat'>_</span> <span class='ocrx_word' id='word_1_207' title='bbox 2983 1773 3100 1816; x_wconf 89' lang='lat' dir='ltr'><strong>erat</strong></span> <span class='ocrx_word' id='word_1_208' title='bbox 3130 1754 3386 1833; x_wconf 77' lang='lat' dir='ltr'><strong>paralyti-</strong></span> 
     </span>
    </p>
   </div>
   <div class='ocr_carea' id='block_1_22' title="bbox 443 1827 3384 1902">
    <p class='ocr_par' dir='ltr' id='par_1_22' title="bbox 443 1827 3384 1902">
     <span class='ocr_line' id='line_1_23' title="bbox 443 1827 3384 1902; baseline 0.003 -21"><span class='ocrx_word' id='word_1_209' title='bbox 443 1827 513 1902; x_wconf 88' lang='lat' dir='ltr'><strong>_Et</strong></span> <span class='ocrx_word' id='word_1_210' title='bbox 542 1829 788 1902; x_wconf 81' lang='lat' dir='ltr'><strong>protinus</strong></span> <span class='ocrx_word' id='word_1_211' title='bbox 1279 1827 1575 1902; x_wconf 78' lang='lat' dir='ltr'><strong>hominem,</strong></span> <span class='ocrx_word' id='word_1_212' title='bbox 2148 1827 2216 1902; x_wconf 78' lang='lat' dir='ltr'><strong>Et</strong></span> <span class='ocrx_word' id='word_1_213' title='bbox 2244 1827 2529 1902; x_wconf 73' lang='lat' dir='ltr'><strong>conl‘eSIim</strong></span> <span class='ocrx_word' id='word_1_214' title='bbox 2981 1847 3076 1887; x_wconf 92' lang='lat' dir='ltr'><strong>cus</strong></span> <span class='ocrx_word' id='word_1_215' title='bbox 3103 1827 3195 1888; x_wconf 38' lang='lat' dir='ltr'><strong>z—et</strong></span> <span class='ocrx_word' id='word_1_216' title='bbox 3219 1827 3384 1902; x_wconf 61' lang='lat' dir='ltr'><strong>qu&#39;ae-</strong></span> 
     </span>
    </p>
   </div>
   <div class='ocr_carea' id='block_1_23' title="bbox 444 1897 3324 1970">
    <p class='ocr_par' dir='ltr' id='par_1_23' title="bbox 444 1897 3324 1970">
     <span class='ocr_line' id='line_1_24' title="bbox 444 1897 3324 1970; baseline 0.002 -18"><span class='ocrx_word' id='word_1_217' title='bbox 444 1897 833 1970; x_wconf 9' lang='lat' dir='ltr'><strong>leprardisces-</strong></span> <span class='ocrx_word' id='word_1_218' title='bbox 1279 1900 1369 1968; x_wconf 89' lang='lat' dir='ltr'><strong>qui</strong></span> <span class='ocrx_word' id='word_1_219' title='bbox 1400 1908 1516 1954; x_wconf 85' lang='lat' dir='ltr'><strong>erat</strong></span> <span class='ocrx_word' id='word_1_220' title='bbox 1545 1912 1706 1970; x_wconf 75' lang='lat' dir='ltr'><strong>para-</strong></span> <span class='ocrx_word' id='word_1_221' title='bbox 2149 1900 2296 1969; x_wconf 86' lang='lat' dir='ltr'><strong>lepra</strong></span> <span class='ocrx_word' id='word_1_222' title='bbox 2320 1900 2436 1968; x_wconf 85' lang='lat' dir='ltr'><strong>ejus</strong></span> <span class='ocrx_word' id='word_1_223' title='bbox 2465 1901 2669 1956; x_wconf 83' lang='lat' dir='ltr'><strong>disces—</strong></span> <span class='ocrx_word' id='word_1_224' title='bbox 2981 1903 3171 1958; x_wconf 86' lang='lat' dir='ltr'><strong>rebant</strong></span> <span class='ocrx_word' id='word_1_225' title='bbox 3202 1897 3324 1960; x_wconf 82' lang='lat' dir='ltr'><strong>eum</strong></span> 
     </span>
    </p>
   </div>
   <div class='ocr_carea' id='block_1_24' title="bbox 448 1968 3293 2044">
    <p class='ocr_par' dir='ltr' id='par_1_24' title="bbox 448 1968 3293 2044">
     <span class='ocr_line' id='line_1_25' title="bbox 448 1968 3293 2044; baseline 0.002 -20"><span class='ocrx_word' id='word_1_226' title='bbox 448 1968 538 2024; x_wconf 74' lang='grc'><strong>14.</strong></span> <span class='ocrx_word' id='word_1_227' title='bbox 570 1969 642 2024; x_wconf 87' lang='lat' dir='ltr'><strong>sit</strong></span> <span class='ocrx_word' id='word_1_228' title='bbox 671 1971 739 2027; x_wconf 87' lang='lat' dir='ltr'><strong>ab</strong></span> <span class='ocrx_word' id='word_1_229' title='bbox 767 1972 903 2041; x_wconf 88' lang='lat' dir='ltr'><strong>illo;</strong></span> <span class='ocrx_word' id='word_1_230' title='bbox 944 1980 998 2030; x_wconf 88' lang='lat' dir='ltr'><strong>et</strong></span> <span class='ocrx_word' id='word_1_231' title='bbox 1025 1973 1109 2044; x_wconf 86' lang='lat' dir='ltr'><strong>ip-</strong></span> <span class='ocrx_word' id='word_1_232' title='bbox 1281 1971 1519 2044; x_wconf 76' lang='lat' dir='ltr'><strong>lyticus;</strong></span> <span class='ocrx_word' id='word_1_233' title='bbox 1547 1968 1602 2026; x_wconf 79' lang='lat' dir='ltr'><strong>et</strong></span> <span class='ocrx_word' id='word_1_234' title='bbox 1627 1986 1796 2042; x_wconf 83' lang='lat' dir='ltr'><strong>quae-</strong></span> <span class='ocrx_word' id='word_1_235' title='bbox 2149 1968 2242 2026; x_wconf 76' lang='lat' dir='ltr'><strong>M.</strong></span> <span class='ocrx_word' id='word_1_236' title='bbox 2275 1971 2430 2026; x_wconf 85' lang='lat' dir='ltr'><strong>sitab</strong></span> <span class='ocrx_word' id='word_1_237' title='bbox 2461 1972 2594 2044; x_wconf 88' lang='lat' dir='ltr'><strong>illo;</strong></span> <span class='ocrx_word' id='word_1_238' title='bbox 2627 1980 2682 2028; x_wconf 90' lang='lat' dir='ltr'><strong>et</strong></span> <span class='ocrx_word' id='word_1_239' title='bbox 2985 1975 3206 2040; x_wconf 75' lang='lat' dir='ltr'><strong>inferre,</strong></span> <span class='ocrx_word' id='word_1_240' title='bbox 3237 1984 3293 2030; x_wconf 88' lang='lat' dir='ltr'><strong>et</strong></span> 
     </span>
    </p>
   </div>
   <div class='ocr_carea' id='block_1_25' title="bbox 444 2041 3344 2116">
    <p class='ocr_par' dir='ltr' id='par_1_25' title="bbox 444 2041 3344 2116">
     <span class='ocr_line' id='line_1_26' title="bbox 444 2041 3344 2116; baseline 0.003 -20"><span class='ocrx_word' id='word_1_241' title='bbox 444 2055 504 2116; x_wconf 87' lang='lat' dir='ltr'><strong>se</strong></span> <span class='ocrx_word' id='word_1_242' title='bbox 533 2056 762 2116; x_wconf 18' lang='lat' dir='ltr'><strong>praece-A</strong></span> <span class='ocrx_word' id='word_1_243' title='bbox 1047 2041 1063 2044; x_wconf 74' lang='grc'><strong><em>“</em></strong></span> <span class='ocrx_word' id='word_1_244' title='bbox 1280 2041 1582 2116; x_wconf 87' lang='lat' dir='ltr'><strong>rebant_in-</strong></span> <span class='ocrx_word' id='word_1_245' title='bbox 1648 2041 1656 2042; x_wconf 53' lang='grc'><strong>“</strong></span> <span class='ocrx_word' id='word_1_246' title='bbox 2151 2044 2266 2116; x_wconf 83' lang='lat' dir='ltr'><strong>ipse</strong></span> <span class='ocrx_word' id='word_1_247' title='bbox 2298 2043 2574 2116; x_wconf 73' lang='lat' dir='ltr'><strong>praecepit</strong></span> <span class='ocrx_word' id='word_1_248' title='bbox 2988 2061 3192 2116; x_wconf 86' lang='lat' dir='ltr'><strong>ponere</strong></span> <span class='ocrx_word' id='word_1_249' title='bbox 3216 2057 3344 2104; x_wconf 87' lang='lat' dir='ltr'><strong>ante</strong></span> 
     </span>
    </p>
   </div>
   <div class='ocr_carea' id='block_1_26' title="bbox 447 2114 3580 2182">
    <p class='ocr_par' dir='ltr' id='par_1_26' title="bbox 447 2114 3580 2182">
     <span class='ocr_line' id='line_1_27' title="bbox 447 2114 3580 2182; baseline 0.002 -16"><span class='ocrx_word' id='word_1_250' title='bbox 447 2114 524 2182; x_wconf 87' lang='lat' dir='ltr'><strong>pit</strong></span> <span class='ocrx_word' id='word_1_251' title='bbox 549 2116 598 2168; x_wconf 90' lang='lat' dir='ltr'><strong>ei</strong></span> <span class='ocrx_word' id='word_1_252' title='bbox 624 2114 800 2171; x_wconf 89' lang='lat' dir='ltr'><strong>nemi-</strong></span> <span class='ocrx_word' id='word_1_253' title='bbox 1283 2115 1428 2172; x_wconf 79' lang='lat' dir='ltr'><strong>ferre</strong></span> <span class='ocrx_word' id='word_1_254' title='bbox 1453 2114 1626 2180; x_wconf 91' lang='lat' dir='ltr'><strong>illum,</strong></span> <span class='ocrx_word' id='word_1_255' title='bbox 2150 2115 2227 2169; x_wconf 81' lang='lat' dir='ltr'><strong>ilii</strong></span> <span class='ocrx_word' id='word_1_256' title='bbox 2254 2115 2456 2169; x_wconf 89' lang='lat' dir='ltr'><strong>nemini</strong></span> <span class='ocrx_word' id='word_1_257' title='bbox 2505 2114 2508 2115; x_wconf 62' lang='grc'><strong><em>⁷</em></strong></span> <span class='ocrx_word' id='word_1_258' title='bbox 2988 2114 3135 2174; x_wconf 86' lang='lat' dir='ltr'><strong>eum.</strong></span> <span class='ocrx_word' id='word_1_259' title='bbox 3577 2169 3580 2172; x_wconf 83' lang='lat'><strong>.</strong></span> 
     </span>
    </p>
   </div>
   <div class='ocr_carea' id='block_1_27' title="bbox 448 2184 3520 2257">
    <p class='ocr_par' dir='ltr' id='par_1_27' title="bbox 448 2184 3520 2257">
     <span class='ocr_line' id='line_1_28' title="bbox 448 2184 3520 2257; baseline 0.004 -20"><span class='ocrx_word' id='word_1_260' title='bbox 448 2184 502 2239; x_wconf 91' lang='lat' dir='ltr'><strong>ni</strong></span> <span class='ocrx_word' id='word_1_261' title='bbox 529 2184 772 2257; x_wconf 75' lang='lat' dir='ltr'><strong>diceret:</strong></span> <span class='ocrx_word' id='word_1_262' title='bbox 1278 2197 1335 2246; x_wconf 89' lang='lat' dir='ltr'><strong>et</strong></span> <span class='ocrx_word' id='word_1_263' title='bbox 1364 2200 1565 2256; x_wconf 88' lang='lat' dir='ltr'><strong>ponere</strong></span> <span class='ocrx_word' id='word_1_264' title='bbox 1588 2201 1684 2242; x_wconf 92' lang='lat' dir='ltr'><strong>an-</strong></span> <span class='ocrx_word' id='word_1_265' title='bbox 2151 2185 2358 2241; x_wconf 87' lang='lat' dir='ltr'><strong>diceret</strong></span> <span class='ocrx_word' id='word_1_266' title='bbox 2384 2205 2397 2240; x_wconf 89' lang='lat'><strong>:</strong></span> <span class='ocrx_word' id='word_1_267' title='bbox 2427 2186 2522 2242; x_wconf 87' lang='lat' dir='ltr'><strong>sed</strong></span> <span class='ocrx_word' id='word_1_268' title='bbox 2548 2205 2560 2239; x_wconf 84' lang='lat'><strong>:</strong></span> <span class='ocrx_word' id='word_1_269' title='bbox 2989 2191 3078 2246; x_wconf 84' lang='grc'><strong>19.</strong></span> <span class='ocrx_word' id='word_1_270' title='bbox 3108 2189 3195 2257; x_wconf 88' lang='lat' dir='ltr'><strong>Et,</strong></span> <span class='ocrx_word' id='word_1_271' title='bbox 3230 2207 3335 2248; x_wconf 91' lang='lat' dir='ltr'><strong>non</strong></span> <span class='ocrx_word' id='word_1_272' title='bbox 3365 2192 3520 2249; x_wconf 79' lang='lat' dir='ltr'><strong>inve-</strong></span> 
     </span>
    </p>
   </div>
   <div class='ocr_carea' id='block_1_28' title="bbox 448 2255 3337 2333">
    <p class='ocr_par' dir='ltr' id='par_1_28' title="bbox 448 2255 3337 2333">
     <span class='ocr_line' id='line_1_29' title="bbox 448 2255 3337 2333; baseline 0.002 -22"><span class='ocrx_word' id='word_1_273' title='bbox 448 2255 544 2311; x_wconf 91' lang='lat' dir='ltr'><strong>sed</strong></span> <span class='ocrx_word' id='word_1_274' title='bbox 571 2275 584 2310; x_wconf 90' lang='lat'><strong>:</strong></span> <span class='ocrx_word' id='word_1_275' title='bbox 614 2255 783 2333; x_wconf 68' lang='lat' dir='ltr'><strong>Yade,</strong></span> <span class='ocrx_word' id='word_1_276' title='bbox 806 2269 864 2318; x_wconf 88' lang='lat' dir='ltr'><strong>et</strong></span> <span class='ocrx_word' id='word_1_277' title='bbox 1281 2272 1344 2333; x_wconf 92' lang='lat' dir='ltr'><strong>te</strong></span> <span class='ocrx_word' id='word_1_278' title='bbox 1360 2255 1505 2333; x_wconf 84' lang='lat' dir='ltr'><strong>eu_m.</strong></span> <span class='ocrx_word' id='word_1_279' title='bbox 2153 2257 2322 2333; x_wconf 75' lang='lat' dir='ltr'><strong>Vade,</strong></span> <span class='ocrx_word' id='word_1_280' title='bbox 2353 2257 2580 2333; x_wconf 84' lang='lat' dir='ltr'><strong>ostende</strong></span> <span class='ocrx_word' id='word_1_281' title='bbox 2991 2255 3204 2317; x_wconf 86' lang='lat' dir='ltr'><strong>nientes</strong></span> <span class='ocrx_word' id='word_1_282' title='bbox 3232 2277 3337 2333; x_wconf 87' lang='lat' dir='ltr'><strong>qua</strong></span> 
     </span>
    </p>
   </div>
   <div class='ocr_carea' id='block_1_29' title="bbox 447 2328 3321 2404">
    <p class='ocr_par' dir='ltr' id='par_1_29' title="bbox 447 2328 3321 2404">
     <span class='ocr_line' id='line_1_30' title="bbox 447 2328 3321 2404; baseline 0.002 -21"><span class='ocrx_word' id='word_1_283' title='bbox 447 2328 678 2404; x_wconf 73' lang='lat' dir='ltr'><strong>ostende</strong></span> <span class='ocrx_word' id='word_1_284' title='bbox 709 2340 762 2386; x_wconf 93' lang='lat' dir='ltr'><strong>te</strong></span> <span class='ocrx_word' id='word_1_285' title='bbox 1289 2332 1380 2388; x_wconf 88' lang='grc'><strong>19.</strong></span> <span class='ocrx_word' id='word_1_286' title='bbox 1414 2331 1502 2399; x_wconf 83' lang='grc' dir='ltr'><strong>Ει,</strong></span> <span class='ocrx_word' id='word_1_287' title='bbox 1535 2345 1658 2388; x_wconf 88' lang='lat' dir='ltr'><strong>cum</strong></span> <span class='ocrx_word' id='word_1_288' title='bbox 1689 2345 1798 2388; x_wconf 91' lang='lat' dir='ltr'><strong>non</strong></span> <span class='ocrx_word' id='word_1_289' title='bbox 2157 2339 2209 2404; x_wconf 81' lang='lat' dir='ltr'><strong>te</strong></span> <span class='ocrx_word' id='word_1_290' title='bbox 2239 2329 2550 2404; x_wconf 78' lang='lat' dir='ltr'><strong>Sacerdoti-</strong></span> <span class='ocrx_word' id='word_1_291' title='bbox 2990 2343 3144 2404; x_wconf 86' lang='lat' dir='ltr'><strong>parte</strong></span> <span class='ocrx_word' id='word_1_292' title='bbox 3173 2328 3321 2389; x_wconf 85' lang='lat' dir='ltr'><strong>illum</strong></span> 
     </span>
    </p>
   </div>
   <div class='ocr_carea' id='block_1_30' title="bbox 450 2399 3411 2476">
    <p class='ocr_par' dir='ltr' id='par_1_30' title="bbox 450 2399 3411 2476">
     <span class='ocr_line' id='line_1_31' title="bbox 450 2399 3411 2476; baseline 0.002 -20"><span class='ocrx_word' id='word_1_293' title='bbox 450 2399 757 2476; x_wconf 37' lang='lat' dir='ltr'><strong>Saceurdnti,</strong></span> <span class='ocrx_word' id='word_1_294' title='bbox 1292 2444 1308 2460; x_wconf 94' lang='lat'><strong>.</strong></span> <span class='ocrx_word' id='word_1_295' title='bbox 1355 2444 1368 2457; x_wconf 95' lang='lat'><strong>.</strong></span> <span class='ocrx_word' id='word_1_296' title='bbox 1416 2441 1431 2456; x_wconf 94' lang='lat'><strong>.</strong></span> <span class='ocrx_word' id='word_1_297' title='bbox 1476 2443 1489 2457; x_wconf 93' lang='lat'><strong>.</strong></span> <span class='ocrx_word' id='word_1_298' title='bbox 1536 2441 1552 2458; x_wconf 95' lang='lat'><strong>.</strong></span> <span class='ocrx_word' id='word_1_299' title='bbox 1598 2443 1611 2455; x_wconf 96' lang='lat'><strong>.</strong></span> <span class='ocrx_word' id='word_1_300' title='bbox 1655 2403 1826 2461; x_wconf 81' lang='lat' dir='ltr'><strong>issent</strong></span> <span class='ocrx_word' id='word_1_301' title='bbox 2158 2402 2280 2467; x_wconf 89' lang='lat' dir='ltr'><strong>bus,</strong></span> <span class='ocrx_word' id='word_1_302' title='bbox 2303 2409 2359 2456; x_wconf 88' lang='lat' dir='ltr'><strong>et</strong></span> <span class='ocrx_word' id='word_1_303' title='bbox 2387 2399 2550 2457; x_wconf 76' lang='lat' dir='ltr'><strong>oﬂ‘ers</strong></span> <span class='ocrx_word' id='word_1_304' title='bbox 2991 2399 3253 2461; x_wconf 78' lang='lat' dir='ltr'><strong>inferrent</strong></span> <span class='ocrx_word' id='word_1_305' title='bbox 3278 2421 3411 2476; x_wconf 83' lang='lat' dir='ltr'><strong>prae</strong></span> 
     </span>
    </p>
   </div>
   <div class='ocr_carea' id='block_1_31' title="bbox 454 2472 3390 2545">
    <p class='ocr_par' dir='ltr' id='par_1_31' title="bbox 454 2472 3390 2545">
     <span class='ocr_line' id='line_1_32' title="bbox 454 2472 3390 2545; baseline 0.001 -17"><span class='ocrx_word' id='word_1_306' title='bbox 454 2481 510 2528; x_wconf 91' lang='lat' dir='ltr'><strong>et</strong></span> <span class='ocrx_word' id='word_1_307' title='bbox 535 2472 699 2528; x_wconf 82' lang='lat' dir='ltr'><strong>oll‘ers</strong></span> <span class='ocrx_word' id='word_1_308' title='bbox 723 2489 822 2545; x_wconf 86' lang='lat' dir='ltr'><strong>pro</strong></span> <span class='ocrx_word' id='word_1_309' title='bbox 1295 2516 1308 2530; x_wconf 93' lang='lat'><strong>.</strong></span> <span class='ocrx_word' id='word_1_310' title='bbox 1354 2515 1368 2530; x_wconf 95' lang='lat'><strong>.</strong></span> <span class='ocrx_word' id='word_1_311' title='bbox 1414 2514 1427 2530; x_wconf 93' lang='lat'><strong>.</strong></span> <span class='ocrx_word' id='word_1_312' title='bbox 1474 2515 1487 2529; x_wconf 95' lang='lat'><strong>.</strong></span> <span class='ocrx_word' id='word_1_313' title='bbox 1531 2513 1548 2529; x_wconf 91' lang='lat'><strong>.</strong></span> <span class='ocrx_word' id='word_1_314' title='bbox 1589 2487 1680 2532; x_wconf 84' lang='lat' dir='ltr'><strong>er-</strong></span> <span class='ocrx_word' id='word_1_315' title='bbox 2158 2487 2356 2530; x_wconf 89' lang='lat' dir='ltr'><strong>munus</strong></span> <span class='ocrx_word' id='word_1_316' title='bbox 2392 2488 2490 2542; x_wconf 89' lang='lat' dir='ltr'><strong>pro</strong></span> <span class='ocrx_word' id='word_1_317' title='bbox 2992 2476 3169 2543; x_wconf 89' lang='lat' dir='ltr'><strong>turba,</strong></span> <span class='ocrx_word' id='word_1_318' title='bbox 3196 2472 3390 2532; x_wconf 44' lang='lat' dir='ltr'><strong>asc—eno-</strong></span> 
     </span>
    </p>
   </div>
   <div class='ocr_carea' id='block_1_32' title="bbox 454 2545 3376 2618">
    <p class='ocr_par' dir='ltr' id='par_1_32' title="bbox 454 2545 3376 2618">
     <span class='ocr_line' id='line_1_33' title="bbox 454 2545 3376 2618; baseline 0.002 -22"><span class='ocrx_word' id='word_1_319' title='bbox 454 2545 775 2615; x_wconf 68' lang='lat' dir='ltr'><strong>purgatione</strong></span> <span class='ocrx_word' id='word_1_320' title='bbox 1290 2562 1350 2603; x_wconf 90' lang='lat' dir='ltr'><strong>re</strong></span> <span class='ocrx_word' id='word_1_321' title='bbox 1391 2585 1406 2601; x_wconf 91' lang='lat'><strong>.</strong></span> <span class='ocrx_word' id='word_1_322' title='bbox 1452 2586 1465 2600; x_wconf 95' lang='lat'><strong>.</strong></span> <span class='ocrx_word' id='word_1_323' title='bbox 1514 2585 1527 2599; x_wconf 95' lang='lat'><strong>.</strong></span> <span class='ocrx_word' id='word_1_324' title='bbox 1573 2586 1587 2600; x_wconf 95' lang='lat'><strong>.</strong></span> <span class='ocrx_word' id='word_1_325' title='bbox 1631 2584 1647 2601; x_wconf 94' lang='lat'><strong>.</strong></span> <span class='ocrx_word' id='word_1_326' title='bbox 1692 2587 1706 2600; x_wconf 92' lang='lat'><strong>.</strong></span> <span class='ocrx_word' id='word_1_327' title='bbox 1752 2586 1767 2601; x_wconf 95' lang='lat'><strong>.</strong></span> <span class='ocrx_word' id='word_1_328' title='bbox 2159 2545 2546 2600; x_wconf 80' lang='lat' dir='ltr'><strong>eiimndatione</strong></span> <span class='ocrx_word' id='word_1_329' title='bbox 2992 2546 3193 2603; x_wconf 89' lang='lat' dir='ltr'><strong>derunt</strong></span> <span class='ocrx_word' id='word_1_330' title='bbox 3215 2565 3376 2618; x_wconf 72' lang='lat' dir='ltr'><strong>supra</strong></span> 
     </span>
    </p>
   </div>
   <div class='ocr_carea' id='block_1_33' title="bbox 457 2618 3412 2692">
    <p class='ocr_par' dir='ltr' id='par_1_33' title="bbox 457 2618 3412 2692">
     <span class='ocr_line' id='line_1_34' title="bbox 457 2618 3412 2692; baseline 0.002 -23"><span class='ocrx_word' id='word_1_331' title='bbox 457 2626 569 2692; x_wconf 74' lang='lat' dir='ltr'><strong>tua,</strong></span> <span class='ocrx_word' id='word_1_332' title='bbox 599 2619 742 2692; x_wconf 76' lang='lat' dir='ltr'><strong>sicut</strong></span> <span class='ocrx_word' id='word_1_333' title='bbox 771 2632 929 2690; x_wconf 86' lang='lat' dir='ltr'><strong>prae-</strong></span> <span class='ocrx_word' id='word_1_334' title='bbox 1291 2628 1514 2692; x_wconf 85' lang='lat' dir='ltr'><strong>propter</strong></span> <span class='ocrx_word' id='word_1_335' title='bbox 1542 2625 1653 2673; x_wconf 81' lang='lat' dir='ltr'><strong>tur-</strong></span> <span class='ocrx_word' id='word_1_336' title='bbox 2161 2625 2276 2692; x_wconf 73' lang='lat' dir='ltr'><strong>tua,</strong></span> <span class='ocrx_word' id='word_1_337' title='bbox 2305 2618 2445 2692; x_wconf 79' lang='lat' dir='ltr'><strong>sicut</strong></span> <span class='ocrx_word' id='word_1_338' title='bbox 2471 2629 2629 2686; x_wconf 86' lang='lat' dir='ltr'><strong>prae-</strong></span> <span class='ocrx_word' id='word_1_339' title='bbox 2999 2628 3221 2692; x_wconf 71' lang='lat' dir='ltr'><strong>tectum,</strong></span> <span class='ocrx_word' id='word_1_340' title='bbox 3259 2622 3330 2692; x_wconf 82' lang='grc' dir='ltr'><strong>(ο)</strong></span> <span class='ocrx_word' id='word_1_341' title='bbox 3355 2630 3412 2676; x_wconf 87' lang='lat' dir='ltr'><strong>et</strong></span> 
     </span>
    </p>
   </div>
   <div class='ocr_carea' id='block_1_34' title="bbox 451 2687 3448 2761">
    <p class='ocr_par' dir='ltr' id='par_1_34' title="bbox 451 2687 3448 2761">
     <span class='ocr_line' id='line_1_35' title="bbox 451 2687 3448 2761; baseline 0.002 -19"><span class='ocrx_word' id='word_1_342' title='bbox 451 2687 600 2761; x_wconf 84' lang='lat' dir='ltr'><strong>cepit</strong></span> <span class='ocrx_word' id='word_1_343' title='bbox 627 2687 862 2761; x_wconf 79' lang='lat' dir='ltr'><strong>Moyses,</strong></span> <span class='ocrx_word' id='word_1_344' title='bbox 1290 2687 1438 2755; x_wconf 85' lang='lat' dir='ltr'><strong>bam,</strong></span> <span class='ocrx_word' id='word_1_345' title='bbox 1465 2704 1654 2746; x_wconf 84' lang='lat' dir='ltr'><strong>ascen-</strong></span> <span class='ocrx_word' id='word_1_346' title='bbox 2161 2689 2307 2758; x_wconf 83' lang='lat' dir='ltr'><strong>cepit</strong></span> <span class='ocrx_word' id='word_1_347' title='bbox 2337 2689 2547 2761; x_wconf 70' lang='lat' dir='ltr'><strong>Moyses</strong></span> <span class='ocrx_word' id='word_1_348' title='bbox 2994 2687 3448 2760; x_wconf 26' lang='lat' dir='ltr'><strong>discaperue‘runt</strong></span> 
     </span>
    </p>
   </div>
   <div class='ocr_carea' id='block_1_35' title="bbox 459 2759 3374 2834">
    <p class='ocr_par' dir='ltr' id='par_1_35' title="bbox 459 2759 3374 2834">
     <span class='ocr_line' id='line_1_36' title="bbox 459 2759 3374 2834; baseline 0.002 -21"><span class='ocrx_word' id='word_1_349' title='bbox 459 2759 536 2834; x_wconf 79' lang='lat' dir='ltr'><strong>(a)</strong></span> <span class='ocrx_word' id='word_1_350' title='bbox 569 2759 730 2834; x_wconf 3' lang='lat' dir='ltr'><strong>utqsit&#39;</strong></span> <span class='ocrx_word' id='word_1_351' title='bbox 750 2764 800 2818; x_wconf 90' lang='lat' dir='ltr'><strong>in</strong></span> <span class='ocrx_word' id='word_1_352' title='bbox 831 2770 938 2819; x_wconf 86' lang='lat' dir='ltr'><strong>tes-</strong></span> <span class='ocrx_word' id='word_1_353' title='bbox 1292 2761 1490 2818; x_wconf 89' lang='lat' dir='ltr'><strong>derunt</strong></span> <span class='ocrx_word' id='word_1_354' title='bbox 1513 2776 1680 2830; x_wconf 88' lang='lat' dir='ltr'><strong>super</strong></span> <span class='ocrx_word' id='word_1_355' title='bbox 2162 2761 2238 2834; x_wconf 91' lang='lat' dir='ltr'><strong>(a)</strong></span> <span class='ocrx_word' id='word_1_356' title='bbox 2272 2769 2330 2815; x_wconf 93' lang='lat' dir='ltr'><strong>ut</strong></span> <span class='ocrx_word' id='word_1_357' title='bbox 2351 2759 2421 2813; x_wconf 91' lang='lat' dir='ltr'><strong>sit</strong></span> <span class='ocrx_word' id='word_1_358' title='bbox 2451 2760 2503 2814; x_wconf 91' lang='lat' dir='ltr'><strong>in</strong></span> <span class='ocrx_word' id='word_1_359' title='bbox 2534 2768 2614 2815; x_wconf 86' lang='lat' dir='ltr'><strong>te-</strong></span> <span class='ocrx_word' id='word_1_360' title='bbox 2997 2759 3199 2817; x_wconf 88' lang='lat' dir='ltr'><strong>tectum</strong></span> <span class='ocrx_word' id='word_1_361' title='bbox 3222 2763 3285 2834; x_wconf 45' lang='grc' dir='ltr'><strong>ἢ,</strong></span> <span class='ocrx_word' id='word_1_362' title='bbox 3317 2773 3374 2818; x_wconf 91' lang='lat' dir='ltr'><strong>et</strong></span> 
     </span>
    </p>
   </div>
   <div class='ocr_carea' id='block_1_36' title="bbox 455 2832 3388 2916">
    <p class='ocr_par' dir='ltr' id='par_1_36' title="bbox 455 2832 3388 2916">
     <span class='ocr_line' id='line_1_37' title="bbox 455 2832 3388 2916; baseline 0.001 -30"><span class='ocrx_word' id='word_1_363' title='bbox 455 2832 738 2916; x_wconf 70' lang='lat' dir='ltr'><strong>timnnium</strong></span> <span class='ocrx_word' id='word_1_364' title='bbox 809 2904 821 2916; x_wconf 81' lang='lat'><em>_</em></span> <span class='ocrx_word' id='word_1_365' title='bbox 1297 2843 1523 2916; x_wconf 76' lang='lat' dir='ltr'><strong>tectum,</strong></span> <span class='ocrx_word' id='word_1_366' title='bbox 1548 2842 1611 2916; x_wconf 55' lang='grc' dir='ltr'><strong>ει</strong></span> <span class='ocrx_word' id='word_1_367' title='bbox 1641 2847 1739 2916; x_wconf 85' lang='lat' dir='ltr'><strong>per</strong></span> <span class='ocrx_word' id='word_1_368' title='bbox 2159 2832 2474 2916; x_wconf 65' lang='lat' dir='ltr'><strong>stimonium</strong></span> <span class='ocrx_word' id='word_1_369' title='bbox 2598 2843 2696 2885; x_wconf 79' lang='grc' dir='ltr'><strong>νο-</strong></span> <span class='ocrx_word' id='word_1_370' title='bbox 2998 2832 3388 2916; x_wconf 67' lang='lat' dir='ltr'><strong>summiserunt</strong></span> 
     </span>
    </p>
   </div>
   <div class='ocr_carea' id='block_1_37' title="bbox 457 2903 3297 3030">
    <p class='ocr_par' dir='ltr' id='par_1_37' title="bbox 457 2903 3297 3030">
     <span class='ocr_line' id='line_1_38' title="bbox 457 2903 3297 3030; baseline 0.001 -73"><span class='ocrx_word' id='word_1_371' title='bbox 457 2906 561 2959; x_wconf 87' lang='lat' dir='ltr'><strong>hoc</strong></span> <span class='ocrx_word' id='word_1_372' title='bbox 590 2905 765 2960; x_wconf 83' lang='lat' dir='ltr'><strong>vobis.</strong></span> <span class='ocrx_word' id='word_1_373' title='bbox 793 2904 836 2976; x_wconf 72' lang='grc' dir='ltr'><strong>-ι-</strong></span> <span class='ocrx_word' id='word_1_374' title='bbox 1299 2905 1507 2975; x_wconf 76' lang='lat' dir='ltr'><strong>tegulas</strong></span> <span class='ocrx_word' id='word_1_375' title='bbox 1529 2903 1689 2959; x_wconf 87' lang='lat' dir='ltr'><strong>dimi-</strong></span> <span class='ocrx_word' id='word_1_376' title='bbox 2159 2904 2245 2959; x_wconf 85' lang='lat' dir='ltr'><strong>bis</strong></span> <span class='ocrx_word' id='word_1_377' title='bbox 2996 2905 3146 2959; x_wconf 90' lang='lat' dir='ltr'><strong>illum</strong></span> <span class='ocrx_word' id='word_1_378' title='bbox 3175 2921 3297 2961; x_wconf 93' lang='lat' dir='ltr'><strong>cum</strong></span> 
     </span>
     <span class='ocr_line' id='line_1_39' title="bbox 457 2972 3297 3030; baseline 0 0"><span class='ocrx_word' id='word_1_379' title='bbox 457 2975 544 3030; x_wconf 87' lang='grc'><strong>15.</strong></span> <span class='ocrx_word' id='word_1_380' title='bbox 579 2976 958 3030; x_wconf 79' lang='lat' dir='ltr'><strong>Divulizabatur</strong></span> <span class='ocrx_word' id='word_1_381' title='bbox 1293 2986 1481 3030; x_wconf 89' lang='lat' dir='ltr'><strong>serunt</strong></span> <span class='ocrx_word' id='word_1_382' title='bbox 1507 2992 1629 3030; x_wconf 90' lang='lat' dir='ltr'><strong>eum</strong></span> <span class='ocrx_word' id='word_1_383' title='bbox 1907 3008 1924 3024; x_wconf 73' lang='grc' dir='ltr'><strong><em>ι</em></strong></span> <span class='ocrx_word' id='word_1_384' title='bbox 2161 2976 2249 3030; x_wconf 79' lang='grc'><strong>15.</strong></span> <span class='ocrx_word' id='word_1_385' title='bbox 2327 2972 2700 3029; x_wconf 81' lang='lat' dir='ltr'><strong>crambulabat</strong></span> <span class='ocrx_word' id='word_1_386' title='bbox 2998 2976 3139 3030; x_wconf 87' lang='lat' dir='ltr'><strong>lecto</strong></span> <span class='ocrx_word' id='word_1_387' title='bbox 3168 2979 3221 3030; x_wconf 88' lang='lat' dir='ltr'><strong>in</strong></span> <span class='ocrx_word' id='word_1_388' title='bbox 3251 2993 3297 3030; x_wconf 90' lang='lat' dir='ltr'><strong>m</strong></span> 
     </span>
    </p>
   </div>
   <div class='ocr_carea' id='block_1_38' title="bbox 457 2972 3366 3048">
    <p class='ocr_par' dir='ltr' id='par_1_38' title="bbox 457 2972 3366 3048">
     <span class='ocr_line' id='line_1_40' title="bbox 457 2972 3366 3048; baseline 0.001 -17"><span class='ocrx_word' id='word_1_389' title='bbox 457 2975 544 3031; x_wconf 87' lang='grc'><strong>15.</strong></span> <span class='ocrx_word' id='word_1_390' title='bbox 579 2972 958 3048; x_wconf 77' lang='lat' dir='ltr'><strong>Divulgabatur</strong></span> <span class='ocrx_word' id='word_1_391' title='bbox 1293 2972 1481 3048; x_wconf 73' lang='lat' dir='ltr'><strong>serunt</strong></span> <span class='ocrx_word' id='word_1_392' title='bbox 1507 2992 1629 3030; x_wconf 90' lang='lat' dir='ltr'><strong>eum</strong></span> <span class='ocrx_word' id='word_1_393' title='bbox 1907 3008 1924 3024; x_wconf 73' lang='grc' dir='ltr'><strong><em>ι</em></strong></span> <span class='ocrx_word' id='word_1_394' title='bbox 2161 2976 2249 3030; x_wconf 79' lang='grc'><strong>15.</strong></span> <span class='ocrx_word' id='word_1_395' title='bbox 2283 2972 2700 3030; x_wconf 81' lang='lat' dir='ltr'><strong>Pcrambulabat</strong></span> <span class='ocrx_word' id='word_1_396' title='bbox 2998 2976 3139 3048; x_wconf 85' lang='lat' dir='ltr'><strong>lecto</strong></span> <span class='ocrx_word' id='word_1_397' title='bbox 3168 2979 3221 3033; x_wconf 89' lang='lat' dir='ltr'><strong>in</strong></span> <span class='ocrx_word' id='word_1_398' title='bbox 3251 2993 3366 3034; x_wconf 87' lang='lat' dir='ltr'><strong>me-</strong></span> 
     </span>
    </p>
   </div>
   <div class='ocr_carea' id='block_1_39' title="bbox 463 3046 3238 3104">
    <p class='ocr_par' dir='ltr' id='par_1_39' title="bbox 463 3046 3238 3104">
     <span class='ocr_line' id='line_1_41' title="bbox 463 3046 3238 3104; baseline 0.001 -2"><span class='ocrx_word' id='word_1_399' title='bbox 463 3055 643 3102; x_wconf 89' lang='lat' dir='ltr'><strong>autem</strong></span> <span class='ocrx_word' id='word_1_400' title='bbox 674 3046 789 3104; x_wconf 76' lang='lat' dir='ltr'><strong>ma-</strong></span> <span class='ocrx_word' id='word_1_401' title='bbox 1294 3063 1418 3104; x_wconf 89' lang='lat' dir='ltr'><strong>cum</strong></span> <span class='ocrx_word' id='word_1_402' title='bbox 1445 3047 1616 3103; x_wconf 88' lang='lat' dir='ltr'><strong>lectu-</strong></span> <span class='ocrx_word' id='word_1_403' title='bbox 2160 3059 2338 3101; x_wconf 83' lang='lat' dir='ltr'><strong>autem</strong></span> <span class='ocrx_word' id='word_1_404' title='bbox 2372 3060 2486 3100; x_wconf 81' lang='lat' dir='ltr'><strong>ma-</strong></span> <span class='ocrx_word' id='word_1_405' title='bbox 2995 3046 3086 3102; x_wconf 89' lang='lat' dir='ltr'><strong>dio</strong></span> <span class='ocrx_word' id='word_1_406' title='bbox 3112 3057 3238 3104; x_wconf 90' lang='lat' dir='ltr'><strong>ante</strong></span> 
     </span>
    </p>
   </div>
   <div class='ocr_carea' id='block_1_40' title="bbox 466 3116 3505 3190">
    <p class='ocr_par' dir='ltr' id='par_1_40' title="bbox 466 3116 3505 3190">
     <span class='ocr_line' id='line_1_42' title="bbox 466 3116 3505 3190; baseline 0.001 -17"><span class='ocrx_word' id='word_1_407' title='bbox 466 3121 549 3188; x_wconf 79' lang='lat' dir='ltr'><strong>gis</strong></span> <span class='ocrx_word' id='word_1_408' title='bbox 579 3119 718 3174; x_wconf 78' lang='lat' dir='ltr'><strong>fama</strong></span> <span class='ocrx_word' id='word_1_409' title='bbox 753 3120 822 3176; x_wconf 92' lang='lat' dir='ltr'><strong>de</strong></span> <span class='ocrx_word' id='word_1_410' title='bbox 1295 3123 1349 3178; x_wconf 93' lang='lat' dir='ltr'><strong>lo</strong></span> <span class='ocrx_word' id='word_1_411' title='bbox 1377 3123 1429 3175; x_wconf 90' lang='lat' dir='ltr'><strong>in</strong></span> <span class='ocrx_word' id='word_1_412' title='bbox 1461 3132 1719 3190; x_wconf 88' lang='lat' dir='ltr'><strong>conspeo-</strong></span> <span class='ocrx_word' id='word_1_413' title='bbox 2162 3120 2244 3189; x_wconf 80' lang='lat' dir='ltr'><strong>gis</strong></span> <span class='ocrx_word' id='word_1_414' title='bbox 2269 3131 2451 3173; x_wconf 87' lang='lat' dir='ltr'><strong>sermo</strong></span> <span class='ocrx_word' id='word_1_415' title='bbox 2479 3116 2548 3173; x_wconf 86' lang='lat' dir='ltr'><strong>de</strong></span> <span class='ocrx_word' id='word_1_416' title='bbox 2999 3117 3091 3174; x_wconf 75' lang='lat'><strong>20.</strong></span> <span class='ocrx_word' id='word_1_417' title='bbox 3119 3119 3328 3176; x_wconf 77' lang='lat' dir='ltr'><strong>Jesum.</strong></span> <span class='ocrx_word' id='word_1_418' title='bbox 3362 3119 3505 3190; x_wconf 82' lang='lat' dir='ltr'><strong>Quo-</strong></span> 
     </span>
    </p>
   </div>
   <div class='ocr_carea' id='block_1_41' title="bbox 459 3191 3318 3257">
    <p class='ocr_par' dir='ltr' id='par_1_41' title="bbox 459 3191 3318 3257">
     <span class='ocr_line' id='line_1_43' title="bbox 459 3191 3318 3257; baseline 0.001 -11"><span class='ocrx_word' id='word_1_419' title='bbox 459 3204 564 3257; x_wconf 88' lang='lat' dir='ltr'><strong>eo;</strong></span> <span class='ocrx_word' id='word_1_420' title='bbox 595 3201 649 3244; x_wconf 92' lang='lat' dir='ltr'><strong>et</strong></span> <span class='ocrx_word' id='word_1_421' title='bbox 671 3206 870 3248; x_wconf 86' lang='lat' dir='ltr'><strong>conve-</strong></span> <span class='ocrx_word' id='word_1_422' title='bbox 1297 3202 1349 3247; x_wconf 89' lang='lat' dir='ltr'><strong>tu</strong></span> <span class='ocrx_word' id='word_1_423' title='bbox 1377 3191 1526 3247; x_wconf 75' lang='lat' dir='ltr'><strong>Jes&quot;.</strong></span> <span class='ocrx_word' id='word_1_424' title='bbox 2165 3191 2279 3253; x_wconf 87' lang='lat' dir='ltr'><strong>illo,</strong></span> <span class='ocrx_word' id='word_1_425' title='bbox 2311 3200 2365 3243; x_wconf 94' lang='lat' dir='ltr'><strong>et</strong></span> <span class='ocrx_word' id='word_1_426' title='bbox 2395 3202 2524 3244; x_wconf 86' lang='lat' dir='ltr'><strong>con—</strong></span> <span class='ocrx_word' id='word_1_427' title='bbox 3000 3206 3121 3246; x_wconf 86' lang='lat' dir='ltr'><strong>rum</strong></span> <span class='ocrx_word' id='word_1_428' title='bbox 3155 3203 3211 3246; x_wconf 91' lang='lat' dir='ltr'><strong>ut</strong></span> <span class='ocrx_word' id='word_1_429' title='bbox 3238 3193 3318 3248; x_wconf 86' lang='lat' dir='ltr'><strong>vi-</strong></span> 
     </span>
    </p>
   </div>
   <div class='ocr_carea' id='block_1_42' title="bbox 462 3260 3294 3331">
    <p class='ocr_par' dir='ltr' id='par_1_42' title="bbox 462 3260 3294 3331">
     <span class='ocr_line' id='line_1_44' title="bbox 462 3260 3294 3331; baseline 0 -14"><span class='ocrx_word' id='word_1_430' title='bbox 462 3261 684 3319; x_wconf 90' lang='lat' dir='ltr'><strong>niebant</strong></span> <span class='ocrx_word' id='word_1_431' title='bbox 711 3274 826 3320; x_wconf 91' lang='lat' dir='ltr'><strong>tur-</strong></span> <span class='ocrx_word' id='word_1_432' title='bbox 1297 3265 1390 3322; x_wconf 74' lang='lat'><strong>20.</strong></span> <span class='ocrx_word' id='word_1_433' title='bbox 1423 3263 1509 3327; x_wconf 85' lang='lat' dir='ltr'><strong>Et,</strong></span> <span class='ocrx_word' id='word_1_434' title='bbox 1539 3263 1654 3316; x_wconf 89' lang='lat' dir='ltr'><strong>visa</strong></span> <span class='ocrx_word' id='word_1_435' title='bbox 1681 3260 1790 3320; x_wconf 81' lang='lat' dir='ltr'><strong>fide</strong></span> <span class='ocrx_word' id='word_1_436' title='bbox 1816 3261 1882 3319; x_wconf 63' lang='lat' dir='ltr'><strong>ilo</strong></span> <span class='ocrx_word' id='word_1_437' title='bbox 2164 3263 2457 3317; x_wconf 80' lang='lat' dir='ltr'><strong>veniebant</strong></span> <span class='ocrx_word' id='word_1_438' title='bbox 3003 3261 3083 3317; x_wconf 91' lang='lat' dir='ltr'><strong>dit</strong></span> <span class='ocrx_word' id='word_1_439' title='bbox 3115 3264 3294 3331; x_wconf 88' lang='lat' dir='ltr'><strong>Iidem,</strong></span> 
     </span>
    </p>
   </div>
   <div class='ocr_carea' id='block_1_43' title="bbox 459 3331 3398 3399">
    <p class='ocr_par' dir='ltr' id='par_1_43' title="bbox 459 3331 3398 3399">
     <span class='ocr_line' id='line_1_45' title="bbox 459 3331 3398 3399; baseline 0.001 -9"><span class='ocrx_word' id='word_1_440' title='bbox 459 3335 560 3390; x_wconf 90' lang='lat' dir='ltr'><strong>bae</strong></span> <span class='ocrx_word' id='word_1_441' title='bbox 590 3336 795 3393; x_wconf 89' lang='lat' dir='ltr'><strong>multae</strong></span> <span class='ocrx_word' id='word_1_442' title='bbox 1301 3337 1503 3399; x_wconf 91' lang='lat' dir='ltr'><strong>lorum,</strong></span> <span class='ocrx_word' id='word_1_443' title='bbox 1535 3333 1674 3389; x_wconf 77' lang='lat' dir='ltr'><strong>dixit</strong></span> <span class='ocrx_word' id='word_1_444' title='bbox 2167 3336 2360 3388; x_wconf 81' lang='lat' dir='ltr'><strong>turbae</strong></span> <span class='ocrx_word' id='word_1_445' title='bbox 2385 3331 2605 3398; x_wconf 84' lang='lat' dir='ltr'><strong>multae,</strong></span> <span class='ocrx_word' id='word_1_446' title='bbox 3001 3334 3135 3389; x_wconf 73' lang='lat' dir='ltr'><strong>dixit</strong></span> <span class='ocrx_word' id='word_1_447' title='bbox 3161 3335 3398 3392; x_wconf 85' lang='lat' dir='ltr'><strong>homini:</strong></span> 
     </span>
    </p>
   </div>
   <div class='ocr_carea' id='block_1_44' title="bbox 459 3404 3401 3474">
    <p class='ocr_par' dir='ltr' id='par_1_44' title="bbox 459 3404 3401 3474">
     <span class='ocr_line' id='line_1_46' title="bbox 459 3404 3401 3474; baseline 0.001 -13"><span class='ocrx_word' id='word_1_448' title='bbox 459 3406 667 3474; x_wconf 87' lang='lat' dir='ltr'><strong>audire,</strong></span> <span class='ocrx_word' id='word_1_449' title='bbox 695 3420 749 3464; x_wconf 91' lang='lat' dir='ltr'><strong>et</strong></span> <span class='ocrx_word' id='word_1_450' title='bbox 777 3423 871 3466; x_wconf 82' lang='lat' dir='ltr'><strong>cu—</strong></span> <span class='ocrx_word' id='word_1_451' title='bbox 1300 3406 1508 3462; x_wconf 86' lang='lat' dir='ltr'><strong>homini</strong></span> <span class='ocrx_word' id='word_1_452' title='bbox 1537 3425 1551 3459; x_wconf 84' lang='lat'><strong>:</strong></span> <span class='ocrx_word' id='word_1_453' title='bbox 1585 3404 1692 3462; x_wconf 52' lang='lat' dir='ltr'><strong>Re.</strong></span> <span class='ocrx_word' id='word_1_454' title='bbox 2168 3417 2224 3459; x_wconf 90' lang='lat' dir='ltr'><strong>ut</strong></span> <span class='ocrx_word' id='word_1_455' title='bbox 2254 3404 2528 3470; x_wconf 81' lang='lat' dir='ltr'><strong>audirent,</strong></span> <span class='ocrx_word' id='word_1_456' title='bbox 3001 3405 3247 3462; x_wconf 81' lang='lat' dir='ltr'><strong>Remissa</strong></span> <span class='ocrx_word' id='word_1_457' title='bbox 3271 3415 3401 3464; x_wconf 80' lang='lat' dir='ltr'><strong>sunt</strong></span> 
     </span>
    </p>
   </div>
   <div class='ocr_carea' id='block_1_45' title="bbox 457 3478 3347 3546">
    <p class='ocr_par' dir='ltr' id='par_1_45' title="bbox 457 3478 3347 3546">
     <span class='ocr_line' id='line_1_47' title="bbox 457 3478 3347 3546; baseline 0 -13"><span class='ocrx_word' id='word_1_458' title='bbox 457 3479 564 3533; x_wconf 89' lang='lat' dir='ltr'><strong>rari</strong></span> <span class='ocrx_word' id='word_1_459' title='bbox 593 3495 624 3533; x_wconf 85' lang='lat' dir='ltr'><strong>a</strong></span> <span class='ocrx_word' id='word_1_460' title='bbox 657 3480 776 3536; x_wconf 86' lang='lat' dir='ltr'><strong>lan-</strong></span> <span class='ocrx_word' id='word_1_461' title='bbox 1293 3479 1457 3535; x_wconf 80' lang='lat' dir='ltr'><strong>missa</strong></span> <span class='ocrx_word' id='word_1_462' title='bbox 1489 3485 1616 3532; x_wconf 91' lang='lat' dir='ltr'><strong>sunt</strong></span> <span class='ocrx_word' id='word_1_463' title='bbox 2163 3486 2218 3533; x_wconf 89' lang='lat' dir='ltr'><strong>et</strong></span> <span class='ocrx_word' id='word_1_464' title='bbox 2247 3487 2568 3532; x_wconf 84' lang='lat' dir='ltr'><strong>curarentur</strong></span> <span class='ocrx_word' id='word_1_465' title='bbox 3005 3478 3100 3532; x_wconf 88' lang='lat' dir='ltr'><strong>tibi</strong></span> <span class='ocrx_word' id='word_1_466' title='bbox 3130 3489 3347 3546; x_wconf 84' lang='lat' dir='ltr'><strong>peccata</strong></span> 
     </span>
    </p>
   </div>
   <div class='ocr_carea' id='block_1_46' title="bbox 457 3549 3564 3620">
    <p class='ocr_par' dir='ltr' id='par_1_46' title="bbox 457 3549 3564 3620">
     <span class='ocr_line' id='line_1_48' title="bbox 457 3549 3564 3620; baseline 0.002 -20"><span class='ocrx_word' id='word_1_467' title='bbox 457 3550 716 3619; x_wconf 79' lang='lat' dir='ltr'><strong>guoribus</strong></span> <span class='ocrx_word' id='word_1_468' title='bbox 1299 3551 1392 3605; x_wconf 88' lang='lat' dir='ltr'><strong>tibi</strong></span> <span class='ocrx_word' id='word_1_469' title='bbox 1423 3562 1643 3620; x_wconf 86' lang='lat' dir='ltr'><strong>peccata</strong></span> <span class='ocrx_word' id='word_1_470' title='bbox 2164 3549 2232 3603; x_wconf 86' lang='lat' dir='ltr'><strong>ab</strong></span> <span class='ocrx_word' id='word_1_471' title='bbox 2264 3549 2549 3602; x_wconf 84' lang='lat' dir='ltr'><strong>intirmita-</strong></span> <span class='ocrx_word' id='word_1_472' title='bbox 3002 3549 3092 3604; x_wconf 71' lang='lat' dir='ltr'><strong>2L</strong></span> <span class='ocrx_word' id='word_1_473' title='bbox 3124 3559 3234 3606; x_wconf 89' lang='lat' dir='ltr'><strong>tua.</strong></span> <span class='ocrx_word' id='word_1_474' title='bbox 3272 3552 3341 3606; x_wconf 82' lang='lat' dir='ltr'><strong>Et</strong></span> <span class='ocrx_word' id='word_1_475' title='bbox 3370 3561 3564 3619; x_wconf 84' lang='lat' dir='ltr'><strong>coepe-</strong></span> 
     </span>
    </p>
   </div>
   <div class='ocr_carea' id='block_1_47' title="bbox 461 3620 3401 3694">
    <p class='ocr_par' dir='ltr' id='par_1_47' title="bbox 461 3620 3401 3694">
     <span class='ocr_line' id='line_1_49' title="bbox 461 3620 3401 3694; baseline 0.002 -19"><span class='ocrx_word' id='word_1_476' title='bbox 461 3620 550 3675; x_wconf 89' lang='grc'><strong>16.</strong></span> <span class='ocrx_word' id='word_1_477' title='bbox 584 3623 715 3694; x_wconf 83' lang='lat' dir='ltr'><strong>suis.</strong></span> <span class='ocrx_word' id='word_1_478' title='bbox 749 3622 871 3694; x_wconf 87' lang='lat' dir='ltr'><strong>Ipse</strong></span> <span class='ocrx_word' id='word_1_479' title='bbox 899 3640 998 3681; x_wconf 84' lang='lat' dir='ltr'><strong>au-</strong></span> <span class='ocrx_word' id='word_1_480' title='bbox 1293 3622 1386 3678; x_wconf 78' lang='grc'><strong>21.</strong></span> <span class='ocrx_word' id='word_1_481' title='bbox 1423 3632 1532 3677; x_wconf 84' lang='lat' dir='ltr'><strong>tua.</strong></span> <span class='ocrx_word' id='word_1_482' title='bbox 1565 3622 1841 3690; x_wconf 77' lang='lat' dir='ltr'><strong>Etcoepe-</strong></span> <span class='ocrx_word' id='word_1_483' title='bbox 2166 3620 2308 3694; x_wconf 69' lang='lat' dir='ltr'><strong>tibus</strong></span> <span class='ocrx_word' id='word_1_484' title='bbox 2339 3620 2471 3674; x_wconf 67' lang='lat' dir='ltr'><strong>suis.</strong></span> <span class='ocrx_word' id='word_1_485' title='bbox 2779 3689 2792 3694; x_wconf 94' lang='lat'><em>_</em></span> <span class='ocrx_word' id='word_1_486' title='bbox 3003 3632 3137 3694; x_wconf 72' lang='lat' dir='ltr'><strong>runt</strong></span> <span class='ocrx_word' id='word_1_487' title='bbox 3157 3625 3401 3694; x_wconf 83' lang='lat' dir='ltr'><strong>cogitare</strong></span> 
     </span>
    </p>
   </div>
   <div class='ocr_carea' id='block_1_48' title="bbox 459 3689 3338 3764">
    <p class='ocr_par' dir='ltr' id='par_1_48' title="bbox 459 3689 3338 3764">
     <span class='ocr_line' id='line_1_50' title="bbox 459 3689 3338 3764; baseline 0 -17"><span class='ocrx_word' id='word_1_488' title='bbox 459 3701 570 3748; x_wconf 88' lang='lat' dir='ltr'><strong>tem</strong></span> <span class='ocrx_word' id='word_1_489' title='bbox 597 3693 612 3722; x_wconf 85' lang='grc'>¹</span> <span class='ocrx_word' id='word_1_490' title='bbox 644 3689 874 3751; x_wconf 55' lang='grc' dir='ltr'><strong>θωῐεθς</strong></span> <span class='ocrx_word' id='word_1_491' title='bbox 1295 3702 1425 3753; x_wconf 80' lang='lat' dir='ltr'><strong>runt</strong></span> <span class='ocrx_word' id='word_1_492' title='bbox 1453 3695 1661 3764; x_wconf 78' lang='lat' dir='ltr'><strong>cogita-</strong></span> <span class='ocrx_word' id='word_1_493' title='bbox 1751 3689 1764 3690; x_wconf 30' lang='grc' dir='ltr'>ί</span> <span class='ocrx_word' id='word_1_494' title='bbox 2168 3692 2255 3747; x_wconf 82' lang='grc'><strong>16.</strong></span> <span class='ocrx_word' id='word_1_495' title='bbox 2288 3691 2405 3760; x_wconf 92' lang='lat' dir='ltr'><strong>Ipse</strong></span> <span class='ocrx_word' id='word_1_496' title='bbox 2434 3701 2613 3748; x_wconf 88' lang='lat' dir='ltr'><strong>autem</strong></span> <span class='ocrx_word' id='word_1_497' title='bbox 2635 3689 2863 3749; x_wconf 77' lang='lat' dir='ltr'><strong>secede-</strong></span> <span class='ocrx_word' id='word_1_498' title='bbox 3006 3689 3254 3764; x_wconf 77' lang='lat' dir='ltr'><strong>Scriban</strong></span> <span class='ocrx_word' id='word_1_499' title='bbox 3282 3706 3338 3749; x_wconf 91' lang='lat' dir='ltr'><strong>et</strong></span> 
     </span>
    </p>
   </div>
   <div class='ocr_carea' id='block_1_49' title="bbox 460 3763 3475 3834">
    <p class='ocr_par' dir='ltr' id='par_1_49' title="bbox 460 3763 3475 3834">
     <span class='ocr_line' id='line_1_51' title="bbox 460 3763 3475 3834; baseline 0 -16"><span class='ocrx_word' id='word_1_500' title='bbox 460 3763 659 3820; x_wconf 89' lang='lat' dir='ltr'><strong>cedens</strong></span> <span class='ocrx_word' id='word_1_501' title='bbox 685 3765 740 3821; x_wconf 90' lang='lat' dir='ltr'><strong>in</strong></span> <span class='ocrx_word' id='word_1_502' title='bbox 1297 3781 1356 3821; x_wconf 90' lang='lat' dir='ltr'><strong>re</strong></span> <span class='ocrx_word' id='word_1_503' title='bbox 1391 3763 1636 3830; x_wconf 85' lang='lat' dir='ltr'><strong>Scribae,</strong></span> <span class='ocrx_word' id='word_1_504' title='bbox 2166 3763 2259 3818; x_wconf 87' lang='lat' dir='ltr'><strong>bat</strong></span> <span class='ocrx_word' id='word_1_505' title='bbox 2282 3765 2334 3817; x_wconf 90' lang='lat' dir='ltr'><strong>in</strong></span> <span class='ocrx_word' id='word_1_506' title='bbox 2367 3763 2603 3834; x_wconf 88' lang='lat' dir='ltr'><strong>deserto,</strong></span> <span class='ocrx_word' id='word_1_507' title='bbox 3002 3763 3279 3820; x_wconf 79' lang='lat' dir='ltr'><strong>Pharisaei</strong></span> <span class='ocrx_word' id='word_1_508' title='bbox 3310 3765 3394 3834; x_wconf 80' lang='grc' dir='ltr'><strong>(ά)</strong></span> <span class='ocrx_word' id='word_1_509' title='bbox 3423 3766 3475 3819; x_wconf 84' lang='grc' dir='ltr'><strong>ἰη</strong></span> 
     </span>
    </p>
   </div>
   <div class='ocr_carea' id='block_1_50' title="bbox 461 3835 3496 3908">
    <p class='ocr_par' dir='ltr' id='par_1_50' title="bbox 461 3835 3496 3908">
     <span class='ocr_line' id='line_1_52' title="bbox 461 3835 3496 3908; baseline 0.001 -18"><span class='ocrx_word' id='word_1_510' title='bbox 461 3835 714 3904; x_wconf 88' lang='lat' dir='ltr'><strong>desertis,</strong></span> <span class='ocrx_word' id='word_1_511' title='bbox 743 3846 801 3895; x_wconf 88' lang='lat' dir='ltr'><strong>et</strong></span> <span class='ocrx_word' id='word_1_512' title='bbox 1300 3852 1356 3892; x_wconf 90' lang='lat' dir='ltr'><strong>et</strong></span> <span class='ocrx_word' id='word_1_513' title='bbox 1385 3837 1684 3900; x_wconf 84' lang='lat' dir='ltr'><strong>Pharisaei.</strong></span> <span class='ocrx_word' id='word_1_514' title='bbox 2166 3835 2463 3908; x_wconf 15' lang='lat' dir='ltr'><strong>etior_abat.</strong></span> <span class='ocrx_word' id='word_1_515' title='bbox 3006 3837 3262 3892; x_wconf 78' lang='lat' dir='ltr'><strong>cordibus</strong></span> <span class='ocrx_word' id='word_1_516' title='bbox 3289 3838 3403 3892; x_wconf 91' lang='lat' dir='ltr'><strong>suis</strong></span> <span class='ocrx_word' id='word_1_517' title='bbox 3437 3836 3496 3908; x_wconf 73' lang='grc' dir='ltr'><strong>τ,</strong></span> 
     </span>
    </p>
   </div>
   <div class='ocr_carea' id='block_1_51' title="bbox 461 3905 3454 3977">
    <p class='ocr_par' dir='ltr' id='par_1_51' title="bbox 461 3905 3454 3977">
     <span class='ocr_line' id='line_1_53' title="bbox 461 3905 3454 3977; baseline -0 -14"><span class='ocrx_word' id='word_1_518' title='bbox 461 3922 647 3963; x_wconf 90' lang='lat' dir='ltr'><strong>orans.</strong></span> <span class='ocrx_word' id='word_1_519' title='bbox 1300 3909 1586 3965; x_wconf 79' lang='lat' dir='ltr'><strong>dicentes:</strong></span> <span class='ocrx_word' id='word_1_520' title='bbox 1619 3909 1751 3977; x_wconf 88' lang='lat' dir='ltr'><strong>Quis</strong></span> <span class='ocrx_word' id='word_1_521' title='bbox 2170 3907 2257 3961; x_wconf 82' lang='grc'><strong>17.</strong></span> <span class='ocrx_word' id='word_1_522' title='bbox 2289 3905 2357 3961; x_wconf 86' lang='grc' dir='ltr'><strong>Ει</strong></span> <span class='ocrx_word' id='word_1_523' title='bbox 2385 3907 2584 3964; x_wconf 79' lang='lat' dir='ltr'><strong>factum</strong></span> <span class='ocrx_word' id='word_1_524' title='bbox 2631 3949 2644 3963; x_wconf 92' lang='lat'><strong>.</strong></span> <span class='ocrx_word' id='word_1_525' title='bbox 2690 3946 2706 3962; x_wconf 90' lang='lat'><strong>.</strong></span> <span class='ocrx_word' id='word_1_526' title='bbox 2750 3945 2766 3962; x_wconf 92' lang='lat'><strong>.</strong></span> <span class='ocrx_word' id='word_1_527' title='bbox 2813 3947 2826 3962; x_wconf 91' lang='lat'><strong>.</strong></span> <span class='ocrx_word' id='word_1_528' title='bbox 2864 3946 2878 3961; x_wconf 93' lang='lat'><strong>.</strong></span> <span class='ocrx_word' id='word_1_529' title='bbox 3007 3907 3288 3963; x_wconf 87' lang='lat' dir='ltr'><strong>dicentes:</strong></span> <span class='ocrx_word' id='word_1_530' title='bbox 3319 3909 3454 3975; x_wconf 83' lang='lat' dir='ltr'><strong>Quis</strong></span> 
     </span>
    </p>
   </div>
   <div class='ocr_carea' id='block_1_52' title="bbox 466 3978 3557 4053">
    <p class='ocr_par' dir='ltr' id='par_1_52' title="bbox 466 3978 3557 4053">
     <span class='ocr_line' id='line_1_54' title="bbox 466 3978 3557 4053; baseline 0 -20"><span class='ocrx_word' id='word_1_531' title='bbox 466 3981 555 4053; x_wconf 83' lang='grc'><strong>17.</strong></span> <span class='ocrx_word' id='word_1_532' title='bbox 591 3980 662 4036; x_wconf 83' lang='grc' dir='ltr'><strong>Ει</strong></span> <span class='ocrx_word' id='word_1_533' title='bbox 687 3981 886 4053; x_wconf 78' lang='lat' dir='ltr'><strong>factum</strong></span> <span class='ocrx_word' id='word_1_534' title='bbox 914 3991 998 4040; x_wconf 88' lang='lat' dir='ltr'><strong>est</strong></span> <span class='ocrx_word' id='word_1_535' title='bbox 1300 3994 1404 4047; x_wconf 82' lang='lat' dir='ltr'><strong>eSt,</strong></span> <span class='ocrx_word' id='word_1_536' title='bbox 1432 3981 1523 4053; x_wconf 89' lang='lat' dir='ltr'><strong>qui</strong></span> <span class='ocrx_word' id='word_1_537' title='bbox 1551 3981 1725 4052; x_wconf 89' lang='lat' dir='ltr'><strong>loqui-</strong></span> <span class='ocrx_word' id='word_1_538' title='bbox 2166 3994 2270 4053; x_wconf 77' lang='lat' dir='ltr'><strong>una</strong></span> <span class='ocrx_word' id='word_1_539' title='bbox 2295 3979 2528 4053; x_wconf 81' lang='lat' dir='ltr'><strong>dierum,</strong></span> <span class='ocrx_word' id='word_1_540' title='bbox 2557 3990 2613 4053; x_wconf 88' lang='lat' dir='ltr'><strong>et</strong></span> <span class='ocrx_word' id='word_1_541' title='bbox 3008 3987 3094 4034; x_wconf 90' lang='lat' dir='ltr'><strong>est</strong></span> <span class='ocrx_word' id='word_1_542' title='bbox 3118 3979 3227 4053; x_wconf 79' lang='lat' dir='ltr'><strong>hic,</strong></span> <span class='ocrx_word' id='word_1_543' title='bbox 3261 3981 3352 4053; x_wconf 80' lang='lat' dir='ltr'><strong>qui</strong></span> <span class='ocrx_word' id='word_1_544' title='bbox 3383 3978 3557 4052; x_wconf 86' lang='lat' dir='ltr'><strong>loqui-</strong></span> 
     </span>
    </p>
   </div>
   <div class='ocr_carea' id='block_1_53' title="bbox 468 4051 3384 4126">
    <p class='ocr_par' dir='ltr' id='par_1_53' title="bbox 468 4051 3384 4126">
     <span class='ocr_line' id='line_1_55' title="bbox 468 4051 3384 4126; baseline 0.001 -21"><span class='ocrx_word' id='word_1_545' title='bbox 468 4051 522 4106; x_wconf 90' lang='lat' dir='ltr'><strong>in</strong></span> <span class='ocrx_word' id='word_1_546' title='bbox 553 4067 656 4107; x_wconf 89' lang='lat' dir='ltr'><strong>una</strong></span> <span class='ocrx_word' id='word_1_547' title='bbox 687 4052 806 4110; x_wconf 91' lang='lat' dir='ltr'><strong>die-</strong></span> <span class='ocrx_word' id='word_1_548' title='bbox 1304 4063 1392 4111; x_wconf 91' lang='lat' dir='ltr'><strong>tur</strong></span> <span class='ocrx_word' id='word_1_549' title='bbox 1419 4051 1676 4126; x_wconf 76' lang='lat' dir='ltr'><strong>blaSphe-</strong></span> <span class='ocrx_word' id='word_1_550' title='bbox 2164 4051 2280 4122; x_wconf 86' lang='lat' dir='ltr'><strong>ipse</strong></span> <span class='ocrx_word' id='word_1_551' title='bbox 2312 4051 2386 4124; x_wconf 91' lang='lat' dir='ltr'><strong>(b)</strong></span> <span class='ocrx_word' id='word_1_552' title='bbox 2417 4060 2533 4109; x_wconf 89' lang='lat' dir='ltr'><strong>erat</strong></span> <span class='ocrx_word' id='word_1_553' title='bbox 2553 4051 2594 4124; x_wconf 67' lang='grc' dir='ltr'><strong>σξ-</strong></span> <span class='ocrx_word' id='word_1_554' title='bbox 3011 4060 3098 4106; x_wconf 90' lang='lat' dir='ltr'><strong>tur</strong></span> <span class='ocrx_word' id='word_1_555' title='bbox 3127 4051 3384 4124; x_wconf 83' lang='lat' dir='ltr'><strong>blasphe-</strong></span> 
     </span>
    </p>
   </div>
   <div class='ocr_carea' id='block_1_54' title="bbox 1745 4141 2444 4219">
    <p class='ocr_par' dir='ltr' id='par_1_54' title="bbox 1745 4141 2444 4219">
     <span class='ocr_line' id='line_1_56' title="bbox 1745 4141 2444 4219; baseline 0 -17"><span class='ocrx_word' id='word_1_556' title='bbox 1745 4141 2008 4219; x_wconf 69' lang='lat' dir='ltr'><strong>tcontsx</strong></span> <span class='ocrx_word' id='word_1_557' title='bbox 2048 4143 2444 4202; x_wconf 79' lang='lat' dir='ltr'><strong>BRIXIANL‘S.</strong></span> 
     </span>
    </p>
   </div>
   <div class='ocr_carea' id='block_1_55' title="bbox 466 4235 3740 4312">
    <p class='ocr_par' dir='ltr' id='par_1_55' title="bbox 466 4235 3740 4312">
     <span class='ocr_line' id='line_1_57' title="bbox 466 4235 3740 4312; baseline -0.003 -14"><span class='ocrx_word' id='word_1_558' title='bbox 466 4256 593 4298; x_wconf 86' lang='lat' dir='ltr'><strong>cum</strong></span> <span class='ocrx_word' id='word_1_559' title='bbox 615 4251 760 4300; x_wconf 77' lang='lat' dir='ltr'><strong>esset</strong></span> <span class='ocrx_word' id='word_1_560' title='bbox 787 4243 839 4298; x_wconf 90' lang='lat' dir='ltr'><strong>in</strong></span> <span class='ocrx_word' id='word_1_561' title='bbox 869 4260 974 4300; x_wconf 81' lang='lat' dir='ltr'><strong>una</strong></span> <span class='ocrx_word' id='word_1_562' title='bbox 1007 4244 1309 4300; x_wconf 87' lang='lat' dir='ltr'><strong>civitatum.</strong></span> <span class='ocrx_word' id='word_1_563' title='bbox 1329 4252 1385 4298; x_wconf 89' lang='lat' dir='ltr'><strong>et</strong></span> <span class='ocrx_word' id='word_1_564' title='bbox 1413 4257 1543 4300; x_wconf 87' lang='lat' dir='ltr'><strong>ecce</strong></span> <span class='ocrx_word' id='word_1_565' title='bbox 1566 4241 1646 4296; x_wconf 80' lang='lat' dir='ltr'><strong>vir</strong></span> <span class='ocrx_word' id='word_1_566' title='bbox 1666 4241 1862 4312; x_wconf 88' lang='lat' dir='ltr'><strong>plenus</strong></span> <span class='ocrx_word' id='word_1_567' title='bbox 1878 4238 2059 4312; x_wconf 80' lang='lat' dir='ltr'><strong>lepra.</strong></span> <span class='ocrx_word' id='word_1_568' title='bbox 2164 4251 2221 4296; x_wconf 88' lang='lat' dir='ltr'><strong>et</strong></span> <span class='ocrx_word' id='word_1_569' title='bbox 2244 4251 2399 4295; x_wconf 88' lang='lat' dir='ltr'><strong>erant</strong></span> <span class='ocrx_word' id='word_1_570' title='bbox 2430 4237 2711 4295; x_wconf 81' lang='lat' dir='ltr'><strong>Pharisaei</strong></span> <span class='ocrx_word' id='word_1_571' title='bbox 2743 4238 3016 4312; x_wconf 69' lang='lat' dir='ltr'><strong>sedentes.</strong></span> <span class='ocrx_word' id='word_1_572' title='bbox 3043 4247 3096 4312; x_wconf 81' lang='lat' dir='ltr'><strong>et</strong></span> <span class='ocrx_word' id='word_1_573' title='bbox 3137 4236 3534 4312; x_wconf 73' lang='lat' dir='ltr'><strong>legisdoetores</strong></span> <span class='ocrx_word' id='word_1_574' title='bbox 3557 4235 3641 4312; x_wconf 78' lang='lat' dir='ltr'><strong>qui</strong></span> <span class='ocrx_word' id='word_1_575' title='bbox 3666 4247 3740 4287; x_wconf 76' lang='lat' dir='ltr'><strong>ve-</strong></span> 
     </span>
    </p>
   </div>
   <div class='ocr_carea' id='block_1_56' title="bbox 467 4307 3742 4385">
    <p class='ocr_par' dir='ltr' id='par_1_56' title="bbox 467 4307 3742 4385">
     <span class='ocr_line' id='line_1_58' title="bbox 467 4307 3742 4385; baseline -0.002 -16"><span class='ocrx_word' id='word_1_576' title='bbox 467 4329 594 4369; x_wconf 87' lang='lat' dir='ltr'><strong>cutn</strong></span> <span class='ocrx_word' id='word_1_577' title='bbox 621 4314 850 4369; x_wconf 72' lang='lat' dir='ltr'><strong>vidisset</strong></span> <span class='ocrx_word' id='word_1_578' title='bbox 873 4316 1062 4371; x_wconf 88' lang='lat' dir='ltr'><strong>.lesum</strong></span> <span class='ocrx_word' id='word_1_579' title='bbox 1087 4314 1372 4385; x_wconf 77' lang='lat' dir='ltr'><strong>procidens</strong></span> <span class='ocrx_word' id='word_1_580' title='bbox 1399 4307 1684 4370; x_wconf 53' lang='lat' dir='ltr'><strong>infaciem.‘</strong></span> <span class='ocrx_word' id='word_1_581' title='bbox 1706 4309 1915 4385; x_wconf 66' lang='lat' dir='ltr'><strong>rogavit</strong></span> <span class='ocrx_word' id='word_1_582' title='bbox 1941 4307 2064 4365; x_wconf 84' lang='lat' dir='ltr'><strong>eum</strong></span> <span class='ocrx_word' id='word_1_583' title='bbox 2168 4324 2364 4367; x_wconf 88' lang='lat' dir='ltr'><strong>nerant</strong></span> <span class='ocrx_word' id='word_1_584' title='bbox 2388 4328 2455 4367; x_wconf 79' lang='lat' dir='ltr'><strong>ex</strong></span> <span class='ocrx_word' id='word_1_585' title='bbox 2487 4313 2636 4366; x_wconf 88' lang='lat' dir='ltr'><strong>omni</strong></span> <span class='ocrx_word' id='word_1_586' title='bbox 2666 4311 2894 4385; x_wconf 82' lang='lat' dir='ltr'><strong>castello</strong></span> <span class='ocrx_word' id='word_1_587' title='bbox 2914 4309 3159 4385; x_wconf 76' lang='lat' dir='ltr'><strong>Galileae</strong></span> <span class='ocrx_word' id='word_1_588' title='bbox 3177 4321 3239 4385; x_wconf 83' lang='lat' dir='ltr'><strong>et</strong></span> <span class='ocrx_word' id='word_1_589' title='bbox 3262 4310 3472 4385; x_wconf 69' lang='lat' dir='ltr'><strong>.lndeae</strong></span> <span class='ocrx_word' id='word_1_590' title='bbox 3497 4318 3548 4365; x_wconf 86' lang='lat' dir='ltr'><strong>et</strong></span> <span class='ocrx_word' id='word_1_591' title='bbox 3578 4307 3742 4385; x_wconf 64' lang='lat' dir='ltr'><strong>ltierg-</strong></span> 
     </span>
    </p>
   </div>
   <div class='ocr_carea' id='block_1_57' title="bbox 471 4375 3740 4455">
    <p class='ocr_par' dir='ltr' id='par_1_57' title="bbox 471 4375 3740 4455">
     <span class='ocr_line' id='line_1_59' title="bbox 471 4375 3740 4455; baseline -0.002 -15"><span class='ocrx_word' id='word_1_592' title='bbox 471 4386 679 4440; x_wconf 87' lang='lat' dir='ltr'><strong>dicens.</strong></span> <span class='ocrx_word' id='word_1_593' title='bbox 722 4386 946 4443; x_wconf 85' lang='lat' dir='ltr'><strong>Domine</strong></span> <span class='ocrx_word' id='word_1_594' title='bbox 971 4390 1014 4441; x_wconf 89' lang='lat' dir='ltr'><strong>si</strong></span> <span class='ocrx_word' id='word_1_595' title='bbox 1046 4375 1130 4443; x_wconf 76' lang='lat' dir='ltr'><strong>vis</strong></span> <span class='ocrx_word' id='word_1_596' title='bbox 1161 4397 1316 4455; x_wconf 89' lang='lat' dir='ltr'><strong>potes</strong></span> <span class='ocrx_word' id='word_1_597' title='bbox 1353 4401 1440 4441; x_wconf 90' lang='lat' dir='ltr'><strong>me</strong></span> <span class='ocrx_word' id='word_1_598' title='bbox 1471 4375 1860 4439; x_wconf 36' lang='lat' dir='ltr'><strong>munilareflﬂt</strong></span> <span class='ocrx_word' id='word_1_599' title='bbox 1878 4393 2066 4437; x_wconf 68' lang='lat' dir='ltr'><strong>enen-</strong></span> <span class='ocrx_word' id='word_1_600' title='bbox 2172 4385 2341 4440; x_wconf 86' lang='lat' dir='ltr'><strong>salem</strong></span> <span class='ocrx_word' id='word_1_601' title='bbox 2371 4393 2426 4439; x_wconf 85' lang='lat' dir='ltr'><strong>et</strong></span> <span class='ocrx_word' id='word_1_602' title='bbox 2457 4387 2628 4439; x_wconf 89' lang='lat' dir='ltr'><strong>virtus</strong></span> <span class='ocrx_word' id='word_1_603' title='bbox 2667 4397 2784 4437; x_wconf 85' lang='lat' dir='ltr'><strong>erat</strong></span> <span class='ocrx_word' id='word_1_604' title='bbox 2837 4381 3070 4455; x_wconf 70' lang='lat' dir='ltr'><strong>Domini.</strong></span> <span class='ocrx_word' id='word_1_605' title='bbox 3122 4383 3189 4455; x_wconf 78' lang='lat' dir='ltr'><strong>ad</strong></span> <span class='ocrx_word' id='word_1_606' title='bbox 3237 4381 3532 4436; x_wconf 82' lang='lat' dir='ltr'><strong>sanandum</strong></span> <span class='ocrx_word' id='word_1_607' title='bbox 3558 4395 3660 4432; x_wconf 80' lang='lat' dir='ltr'><strong>eos.</strong></span> <span class='ocrx_word' id='word_1_608' title='bbox 3691 4375 3740 4430; x_wconf 78' lang='lat' dir='ltr'><strong>Et</strong></span> 
     </span>
    </p>
   </div>
   <div class='ocr_carea' id='block_1_58' title="bbox 468 4452 3736 4527">
    <p class='ocr_par' dir='ltr' id='par_1_58' title="bbox 468 4452 3736 4527">
     <span class='ocr_line' id='line_1_60' title="bbox 468 4452 3736 4527; baseline -0.005 -14"><span class='ocrx_word' id='word_1_609' title='bbox 468 4457 606 4513; x_wconf 86' lang='lat' dir='ltr'><strong>dens</strong></span> <span class='ocrx_word' id='word_1_610' title='bbox 635 4473 857 4513; x_wconf 84' lang='lat' dir='ltr'><strong>manum</strong></span> <span class='ocrx_word' id='word_1_611' title='bbox 905 4460 1074 4527; x_wconf 74' lang='lat' dir='ltr'><strong>tetigit</strong></span> <span class='ocrx_word' id='word_1_612' title='bbox 1123 4452 1272 4513; x_wconf 81' lang='lat' dir='ltr'><strong>ilium</strong></span> <span class='ocrx_word' id='word_1_613' title='bbox 1327 4457 1538 4512; x_wconf 83' lang='lat' dir='ltr'><strong>dicens.</strong></span> <span class='ocrx_word' id='word_1_614' title='bbox 1592 4455 1726 4510; x_wconf 86' lang='lat' dir='ltr'><strong>Volo</strong></span> <span class='ocrx_word' id='word_1_615' title='bbox 1781 4455 2065 4508; x_wconf 84' lang='lat' dir='ltr'><strong>mundare.</strong></span> <span class='ocrx_word' id='word_1_616' title='bbox 2169 4471 2299 4510; x_wconf 88' lang='lat' dir='ltr'><strong>ecce</strong></span> <span class='ocrx_word' id='word_1_617' title='bbox 2322 4457 2418 4510; x_wconf 87' lang='lat' dir='ltr'><strong>viri</strong></span> <span class='ocrx_word' id='word_1_618' title='bbox 2449 4464 2726 4524; x_wconf 79' lang='lat' dir='ltr'><strong>portantes</strong></span> <span class='ocrx_word' id='word_1_619' title='bbox 2750 4455 2802 4509; x_wconf 93' lang='lat' dir='ltr'><strong>in</strong></span> <span class='ocrx_word' id='word_1_620' title='bbox 2829 4455 2970 4509; x_wconf 84' lang='lat' dir='ltr'><strong>lecto</strong></span> <span class='ocrx_word' id='word_1_621' title='bbox 2997 4452 3274 4508; x_wconf 87' lang='lat' dir='ltr'><strong>hominem</strong></span> <span class='ocrx_word' id='word_1_622' title='bbox 3306 4469 3418 4527; x_wconf 69' lang='lat' dir='ltr'><strong>qut</strong></span> <span class='ocrx_word' id='word_1_623' title='bbox 3446 4463 3560 4506; x_wconf 78' lang='lat' dir='ltr'><strong>erat</strong></span> <span class='ocrx_word' id='word_1_624' title='bbox 3599 4464 3736 4519; x_wconf 79' lang='lat' dir='ltr'><strong>para-</strong></span> 
     </span>
    </p>
   </div>
   <div class='ocr_carea' id='block_1_59' title="bbox 471 4524 3742 4599">
    <p class='ocr_par' dir='ltr' id='par_1_59' title="bbox 471 4524 3742 4599">
     <span class='ocr_line' id='line_1_61' title="bbox 471 4524 3742 4599; baseline -0.002 -16"><span class='ocrx_word' id='word_1_625' title='bbox 471 4529 538 4583; x_wconf 76' lang='lat' dir='ltr'><strong>Et</strong></span> <span class='ocrx_word' id='word_1_626' title='bbox 579 4531 862 4586; x_wconf 73' lang='lat' dir='ltr'><strong>confestim</strong></span> <span class='ocrx_word' id='word_1_627' title='bbox 903 4524 1050 4599; x_wconf 67' lang='lat' dir='ltr'><strong>lepra</strong></span> <span class='ocrx_word' id='word_1_628' title='bbox 1081 4529 1335 4584; x_wconf 78' lang='lat' dir='ltr'><strong>discessit</strong></span> <span class='ocrx_word' id='word_1_629' title='bbox 1367 4531 1434 4583; x_wconf 87' lang='lat' dir='ltr'><strong>ab</strong></span> <span class='ocrx_word' id='word_1_630' title='bbox 1462 4543 1549 4584; x_wconf 89' lang='lat' dir='ltr'><strong>eo.</strong></span> <span class='ocrx_word' id='word_1_631' title='bbox 1575 4537 1629 4582; x_wconf 88' lang='lat' dir='ltr'><strong>et</strong></span> <span class='ocrx_word' id='word_1_632' title='bbox 1660 4530 1774 4596; x_wconf 90' lang='lat' dir='ltr'><strong>ipse</strong></span> <span class='ocrx_word' id='word_1_633' title='bbox 1797 4527 2069 4599; x_wconf 75' lang='lat' dir='ltr'><strong>praecepit</strong></span> <span class='ocrx_word' id='word_1_634' title='bbox 2173 4527 2394 4598; x_wconf 87' lang='lat' dir='ltr'><strong>lyticus.</strong></span> <span class='ocrx_word' id='word_1_635' title='bbox 2425 4540 2480 4583; x_wconf 89' lang='lat' dir='ltr'><strong>et</strong></span> <span class='ocrx_word' id='word_1_636' title='bbox 2509 4528 2845 4598; x_wconf 79' lang='lat' dir='ltr'><strong>quaerebant</strong></span> <span class='ocrx_word' id='word_1_637' title='bbox 2867 4527 3140 4599; x_wconf 80' lang='lat' dir='ltr'><strong>quomodo</strong></span> <span class='ocrx_word' id='word_1_638' title='bbox 3170 4540 3293 4580; x_wconf 89' lang='lat' dir='ltr'><strong>eum</strong></span> <span class='ocrx_word' id='word_1_639' title='bbox 3341 4524 3543 4580; x_wconf 75' lang='lat' dir='ltr'><strong>inferre</strong></span> <span class='ocrx_word' id='word_1_640' title='bbox 3579 4533 3742 4599; x_wconf 65' lang='lat' dir='ltr'><strong>etpo-</strong></span> 
     </span>
    </p>
   </div>
   <div class='ocr_carea' id='block_1_60' title="bbox 469 4593 3739 4666">
    <p class='ocr_par' dir='ltr' id='par_1_60' title="bbox 469 4593 3739 4666">
     <span class='ocr_line' id='line_1_62' title="bbox 469 4593 3739 4666; baseline -0.004 -8"><span class='ocrx_word' id='word_1_641' title='bbox 469 4601 568 4658; x_wconf 90' lang='lat' dir='ltr'><strong>illi.</strong></span> <span class='ocrx_word' id='word_1_642' title='bbox 600 4609 657 4656; x_wconf 91' lang='lat' dir='ltr'><strong>ut</strong></span> <span class='ocrx_word' id='word_1_643' title='bbox 704 4602 904 4656; x_wconf 89' lang='lat' dir='ltr'><strong>nemini</strong></span> <span class='ocrx_word' id='word_1_644' title='bbox 953 4593 1180 4656; x_wconf 80' lang='lat' dir='ltr'><strong>diceret.</strong></span> <span class='ocrx_word' id='word_1_645' title='bbox 1230 4601 1326 4655; x_wconf 84' lang='lat' dir='ltr'><strong>sed</strong></span> <span class='ocrx_word' id='word_1_646' title='bbox 1369 4599 1515 4654; x_wconf 25' lang='lat' dir='ltr'><strong>Valle</strong></span> <span class='ocrx_word' id='word_1_647' title='bbox 1541 4593 1771 4653; x_wconf 80' lang='lat' dir='ltr'><strong>ostende</strong></span> <span class='ocrx_word' id='word_1_648' title='bbox 1802 4593 1854 4652; x_wconf 84' lang='lat' dir='ltr'><strong>te</strong></span> <span class='ocrx_word' id='word_1_649' title='bbox 1884 4597 2072 4651; x_wconf 78' lang='lat' dir='ltr'><strong>Sacer-</strong></span> <span class='ocrx_word' id='word_1_650' title='bbox 2177 4593 2309 4655; x_wconf 76' lang='lat' dir='ltr'><strong>nere</strong></span> <span class='ocrx_word' id='word_1_651' title='bbox 2339 4611 2468 4654; x_wconf 82' lang='lat' dir='ltr'><strong>ante</strong></span> <span class='ocrx_word' id='word_1_652' title='bbox 2492 4593 2638 4655; x_wconf 73' lang='lat' dir='ltr'><strong>edin.</strong></span> <span class='ocrx_word' id='word_1_653' title='bbox 2672 4599 2740 4653; x_wconf 87' lang='lat' dir='ltr'><strong>Et</strong></span> <span class='ocrx_word' id='word_1_654' title='bbox 2768 4593 3248 4652; x_wconf 47' lang='lat' dir='ltr'><strong>non&#39;invenientes</strong></span> <span class='ocrx_word' id='word_1_655' title='bbox 3289 4613 3392 4666; x_wconf 80' lang='lat' dir='ltr'><strong>qua</strong></span> <span class='ocrx_word' id='word_1_656' title='bbox 3443 4608 3582 4665; x_wconf 76' lang='lat' dir='ltr'><strong>parte</strong></span> <span class='ocrx_word' id='word_1_657' title='bbox 3608 4593 3739 4645; x_wconf 84' lang='lat' dir='ltr'><strong>illum</strong></span> 
     </span>
    </p>
   </div>
   <div class='ocr_carea' id='block_1_61' title="bbox 469 4667 3741 4742">
    <p class='ocr_par' dir='ltr' id='par_1_61' title="bbox 469 4667 3741 4742">
     <span class='ocr_line' id='line_1_63' title="bbox 469 4667 3741 4742; baseline -0.003 -16"><span class='ocrx_word' id='word_1_658' title='bbox 469 4672 606 4736; x_wconf 87' lang='lat' dir='ltr'><strong>doti,</strong></span> <span class='ocrx_word' id='word_1_659' title='bbox 634 4683 688 4726; x_wconf 84' lang='lat' dir='ltr'><strong>et</strong></span> <span class='ocrx_word' id='word_1_660' title='bbox 724 4671 858 4728; x_wconf 81' lang='lat' dir='ltr'><strong>oller</strong></span> <span class='ocrx_word' id='word_1_661' title='bbox 894 4673 965 4728; x_wconf 89' lang='lat' dir='ltr'><strong>illi</strong></span> <span class='ocrx_word' id='word_1_662' title='bbox 997 4688 1094 4742; x_wconf 90' lang='lat' dir='ltr'><strong>pro</strong></span> <span class='ocrx_word' id='word_1_663' title='bbox 1140 4672 1491 4728; x_wconf 74' lang='lat' dir='ltr'><strong>inundatione</strong></span> <span class='ocrx_word' id='word_1_664' title='bbox 1517 4680 1606 4726; x_wconf 83' lang='lat' dir='ltr'><strong>tua</strong></span> <span class='ocrx_word' id='word_1_665' title='bbox 1636 4672 1776 4726; x_wconf 83' lang='lat' dir='ltr'><strong>sicut</strong></span> <span class='ocrx_word' id='word_1_666' title='bbox 1805 4667 2075 4738; x_wconf 81' lang='lat' dir='ltr'><strong>praecepit</strong></span> <span class='ocrx_word' id='word_1_667' title='bbox 2181 4672 2447 4726; x_wconf 81' lang='lat' dir='ltr'><strong>inferrent</strong></span> <span class='ocrx_word' id='word_1_668' title='bbox 2489 4687 2616 4740; x_wconf 85' lang='lat' dir='ltr'><strong>prae</strong></span> <span class='ocrx_word' id='word_1_669' title='bbox 2660 4671 2836 4725; x_wconf 78' lang='lat' dir='ltr'><strong>turba.</strong></span> <span class='ocrx_word' id='word_1_670' title='bbox 2871 4668 3236 4724; x_wconf 84' lang='lat' dir='ltr'><strong>ascenderunt</strong></span> <span class='ocrx_word' id='word_1_671' title='bbox 3273 4683 3436 4738; x_wconf 82' lang='lat' dir='ltr'><strong>supra</strong></span> <span class='ocrx_word' id='word_1_672' title='bbox 3480 4677 3658 4742; x_wconf 69' lang='lat' dir='ltr'><strong>tectum</strong></span> <span class='ocrx_word' id='word_1_673' title='bbox 3685 4670 3741 4742; x_wconf 61' lang='lat' dir='ltr'><strong>et</strong></span> 
     </span>
    </p>
   </div>
   <div class='ocr_carea' id='block_1_62' title="bbox 471 4734 3740 4815">
    <p class='ocr_par' dir='ltr' id='par_1_62' title="bbox 471 4734 3740 4815">
     <span class='ocr_line' id='line_1_64' title="bbox 471 4734 3740 4815; baseline -0.003 -17"><span class='ocrx_word' id='word_1_674' title='bbox 471 4734 686 4814; x_wconf 67' lang='lat' dir='ltr'><strong>Mun</strong></span> <span class='ocrx_word' id='word_1_675' title='bbox 710 4743 764 4800; x_wconf 87' lang='lat' dir='ltr'><strong>in</strong></span> <span class='ocrx_word' id='word_1_676' title='bbox 792 4734 1158 4800; x_wconf 72' lang='lat' dir='ltr'><strong>testimdnimn</strong></span> <span class='ocrx_word' id='word_1_677' title='bbox 1184 4744 1312 4800; x_wconf 82' lang='lat' dir='ltr'><strong>illis.</strong></span> <span class='ocrx_word' id='word_1_678' title='bbox 1493 4814 1498 4815; x_wconf 13' lang='grc' dir='ltr'><em>γ</em></span> <span class='ocrx_word' id='word_1_679' title='bbox 1567 4814 1570 4815; x_wconf 14' lang='grc' dir='ltr'><em>ν</em></span> <span class='ocrx_word' id='word_1_680' title='bbox 1607 4814 1612 4815; x_wconf 12' lang='grc' dir='ltr'>ί</span> <span class='ocrx_word' id='word_1_681' title='bbox 1806 4734 1819 4738; x_wconf 54' lang='grc'><strong><em>“</em></strong></span> <span class='ocrx_word' id='word_1_682' title='bbox 2181 4758 2276 4812; x_wconf 83' lang='lat' dir='ltr'><strong>per</strong></span> <span class='ocrx_word' id='word_1_683' title='bbox 2323 4734 2528 4815; x_wconf 67' lang='lat' dir='ltr'><strong>tegulas</strong></span> <span class='ocrx_word' id='word_1_684' title='bbox 2579 4743 2956 4815; x_wconf 65' lang='lat' dir='ltr'><strong>sttbmiseruut</strong></span> <span class='ocrx_word' id='word_1_685' title='bbox 2985 4756 3108 4795; x_wconf 89' lang='lat' dir='ltr'><strong>eum</strong></span> <span class='ocrx_word' id='word_1_686' title='bbox 3145 4753 3270 4794; x_wconf 87' lang='lat' dir='ltr'><strong>cum</strong></span> <span class='ocrx_word' id='word_1_687' title='bbox 3306 4734 3454 4815; x_wconf 62' lang='lat' dir='ltr'><strong>lecto</strong></span> <span class='ocrx_word' id='word_1_688' title='bbox 3499 4739 3546 4792; x_wconf 89' lang='lat' dir='ltr'><strong>in</strong></span> <span class='ocrx_word' id='word_1_689' title='bbox 3574 4734 3740 4815; x_wconf 71' lang='lat' dir='ltr'><strong>medio</strong></span> 
     </span>
    </p>
   </div>
   <div class='ocr_carea' id='block_1_63' title="bbox 546 4809 3736 4886">
    <p class='ocr_par' dir='ltr' id='par_1_63' title="bbox 546 4809 3736 4886">
     <span class='ocr_line' id='line_1_65' title="bbox 546 4809 3736 4886; baseline -0.003 -18"><span class='ocrx_word' id='word_1_690' title='bbox 546 4809 613 4869; x_wconf 83' lang='lat' dir='ltr'><strong>Et</strong></span> <span class='ocrx_word' id='word_1_691' title='bbox 639 4817 1016 4886; x_wconf 82' lang='lat' dir='ltr'><strong>divulgabatur</strong></span> <span class='ocrx_word' id='word_1_692' title='bbox 1058 4818 1229 4886; x_wconf 79' lang='lat' dir='ltr'><strong>magis</strong></span> <span class='ocrx_word' id='word_1_693' title='bbox 1258 4830 1441 4871; x_wconf 90' lang='lat' dir='ltr'><strong>sermo</strong></span> <span class='ocrx_word' id='word_1_694' title='bbox 1472 4814 1540 4869; x_wconf 89' lang='lat' dir='ltr'><strong>de</strong></span> <span class='ocrx_word' id='word_1_695' title='bbox 1563 4814 1679 4869; x_wconf 91' lang='lat' dir='ltr'><strong>illo.</strong></span> <span class='ocrx_word' id='word_1_696' title='bbox 1707 4822 1760 4867; x_wconf 89' lang='lat' dir='ltr'><strong>ct</strong></span> <span class='ocrx_word' id='word_1_697' title='bbox 1785 4811 2075 4886; x_wconf 78' lang='lat' dir='ltr'><strong>convenie-</strong></span> <span class='ocrx_word' id='word_1_698' title='bbox 2178 4809 2304 4868; x_wconf 75' lang='lat' dir='ltr'><strong>ante</strong></span> <span class='ocrx_word' id='word_1_699' title='bbox 2330 4809 2537 4869; x_wconf 61' lang='lat' dir='ltr'><strong>desum.</strong></span> <span class='ocrx_word' id='word_1_700' title='bbox 2573 4815 2636 4868; x_wconf 84' lang='lat' dir='ltr'><strong>Et</strong></span> <span class='ocrx_word' id='word_1_701' title='bbox 2667 4814 2857 4886; x_wconf 81' lang='lat' dir='ltr'><strong>videns</strong></span> <span class='ocrx_word' id='word_1_702' title='bbox 2891 4811 3048 4867; x_wconf 81' lang='lat' dir='ltr'><strong>tidem</strong></span> <span class='ocrx_word' id='word_1_703' title='bbox 3075 4810 3426 4886; x_wconf 64' lang='lat' dir='ltr'><strong>corumdixit</strong></span> <span class='ocrx_word' id='word_1_704' title='bbox 3449 4809 3736 4881; x_wconf 74' lang='lat' dir='ltr'><strong>paralytico.</strong></span> 
     </span>
    </p>
   </div>
   <div class='ocr_carea' id='block_1_64' title="bbox 472 4883 3739 4954">
    <p class='ocr_par' dir='ltr' id='par_1_64' title="bbox 472 4883 3739 4954">
     <span class='ocr_line' id='line_1_66' title="bbox 472 4883 3739 4954; baseline -0.002 -15"><span class='ocrx_word' id='word_1_705' title='bbox 472 4884 602 4940; x_wconf 90' lang='lat' dir='ltr'><strong>bant</strong></span> <span class='ocrx_word' id='word_1_706' title='bbox 629 4883 818 4943; x_wconf 80' lang='lat' dir='ltr'><strong>turbae</strong></span> <span class='ocrx_word' id='word_1_707' title='bbox 841 4889 1039 4943; x_wconf 89' lang='lat' dir='ltr'><strong>multae</strong></span> <span class='ocrx_word' id='word_1_708' title='bbox 1065 4897 1124 4942; x_wconf 92' lang='lat' dir='ltr'><strong>ut</strong></span> <span class='ocrx_word' id='word_1_709' title='bbox 1152 4883 1401 4942; x_wconf 71' lang='lat' dir='ltr'><strong>audirent</strong></span> <span class='ocrx_word' id='word_1_710' title='bbox 1421 4893 1807 4944; x_wconf 82' lang='lat' dir='ltr'><strong>etcurarentur</strong></span> <span class='ocrx_word' id='word_1_711' title='bbox 1831 4884 1899 4940; x_wconf 86' lang='lat' dir='ltr'><strong>ab</strong></span> <span class='ocrx_word' id='word_1_712' title='bbox 1927 4885 2076 4939; x_wconf 84' lang='lat' dir='ltr'><strong>iulir-</strong></span> <span class='ocrx_word' id='word_1_713' title='bbox 2181 4886 2353 4941; x_wconf 77' lang='lat' dir='ltr'><strong>Homo</strong></span> <span class='ocrx_word' id='word_1_714' title='bbox 2373 4886 2596 4940; x_wconf 86' lang='lat' dir='ltr'><strong>dimissa</strong></span> <span class='ocrx_word' id='word_1_715' title='bbox 2621 4893 2748 4940; x_wconf 83' lang='lat' dir='ltr'><strong>sunt</strong></span> <span class='ocrx_word' id='word_1_716' title='bbox 2770 4885 2860 4939; x_wconf 85' lang='lat' dir='ltr'><strong>tibi</strong></span> <span class='ocrx_word' id='word_1_717' title='bbox 2887 4893 3103 4954; x_wconf 82' lang='lat' dir='ltr'><strong>peccata</strong></span> <span class='ocrx_word' id='word_1_718' title='bbox 3131 4893 3238 4936; x_wconf 81' lang='lat' dir='ltr'><strong>tua.</strong></span> <span class='ocrx_word' id='word_1_719' title='bbox 3271 4883 3340 4937; x_wconf 80' lang='lat' dir='ltr'><strong>Et</strong></span> <span class='ocrx_word' id='word_1_720' title='bbox 3363 4890 3641 4954; x_wconf 53' lang='lat' dir='ltr'><strong>coeperunt</strong></span> <span class='ocrx_word' id='word_1_721' title='bbox 3663 4889 3739 4954; x_wconf 66' lang='grc' dir='ltr'><strong>εστ</strong></span> 
     </span>
    </p>
   </div>
   <div class='ocr_carea' id='block_1_65' title="bbox 472 4945 3734 5028">
    <p class='ocr_par' dir='ltr' id='par_1_65' title="bbox 472 4945 3734 5028">
     <span class='ocr_line' id='line_1_67' title="bbox 472 4945 3734 5028; baseline -0.002 -17"><span class='ocrx_word' id='word_1_722' title='bbox 472 4958 748 5014; x_wconf 86' lang='lat' dir='ltr'><strong>mitatibus</strong></span> <span class='ocrx_word' id='word_1_723' title='bbox 769 4960 902 5016; x_wconf 88' lang='lat' dir='ltr'><strong>suis.</strong></span> <span class='ocrx_word' id='word_1_724' title='bbox 2030 5027 2046 5028; x_wconf 20' lang='grc' dir='ltr'>ί</span> <span class='ocrx_word' id='word_1_725' title='bbox 2179 4957 2353 5026; x_wconf 78' lang='lat' dir='ltr'><strong>gitare</strong></span> <span class='ocrx_word' id='word_1_726' title='bbox 2377 4957 2599 5013; x_wconf 86' lang='lat' dir='ltr'><strong>Scribae</strong></span> <span class='ocrx_word' id='word_1_727' title='bbox 2627 4966 2684 5012; x_wconf 91' lang='lat' dir='ltr'><strong>et</strong></span> <span class='ocrx_word' id='word_1_728' title='bbox 2709 4945 2983 5013; x_wconf 71' lang='lat' dir='ltr'><strong>Pharisaei</strong></span> <span class='ocrx_word' id='word_1_729' title='bbox 3007 4956 3284 5028; x_wconf 73' lang='lat' dir='ltr'><strong>dicentes.</strong></span> <span class='ocrx_word' id='word_1_730' title='bbox 3304 4953 3437 5023; x_wconf 77' lang='lat' dir='ltr'><strong>Quis</strong></span> <span class='ocrx_word' id='word_1_731' title='bbox 3462 4945 3541 5010; x_wconf 81' lang='lat' dir='ltr'><strong>eSt</strong></span> <span class='ocrx_word' id='word_1_732' title='bbox 3559 4949 3640 5004; x_wconf 82' lang='lat' dir='ltr'><strong>hic</strong></span> <span class='ocrx_word' id='word_1_733' title='bbox 3661 4945 3734 5017; x_wconf 84' lang='lat' dir='ltr'><strong>qui</strong></span> 
     </span>
    </p>
   </div>
   <div class='ocr_carea' id='block_1_66' title="bbox 546 5027 2699 5102">
    <p class='ocr_par' dir='ltr' id='par_1_66' title="bbox 546 5027 2699 5102">
     <span class='ocr_line' id='line_1_68' title="bbox 546 5027 2699 5102; baseline 0.001 -20"><span class='ocrx_word' id='word_1_734' title='bbox 546 5029 665 5097; x_wconf 84' lang='lat' dir='ltr'><strong>ipse</strong></span> <span class='ocrx_word' id='word_1_735' title='bbox 691 5041 871 5086; x_wconf 89' lang='lat' dir='ltr'><strong>autem</strong></span> <span class='ocrx_word' id='word_1_736' title='bbox 910 5031 1203 5097; x_wconf 86' lang='lat' dir='ltr'><strong>secedebat</strong></span> <span class='ocrx_word' id='word_1_737' title='bbox 1250 5029 1305 5085; x_wconf 90' lang='lat' dir='ltr'><strong>in</strong></span> <span class='ocrx_word' id='word_1_738' title='bbox 1358 5029 1598 5102; x_wconf 88' lang='lat' dir='ltr'><strong>deserto.</strong></span> <span class='ocrx_word' id='word_1_739' title='bbox 1651 5038 1707 5085; x_wconf 90' lang='lat' dir='ltr'><strong>et</strong></span> <span class='ocrx_word' id='word_1_740' title='bbox 1751 5028 1962 5102; x_wconf 76' lang='lat' dir='ltr'><strong>orabat.</strong></span> <span class='ocrx_word' id='word_1_741' title='bbox 2010 5027 2076 5082; x_wconf 83' lang='lat' dir='ltr'><strong>Et</strong></span> <span class='ocrx_word' id='word_1_742' title='bbox 2179 5029 2419 5102; x_wconf 87' lang='lat' dir='ltr'><strong>loquitur</strong></span> <span class='ocrx_word' id='word_1_743' title='bbox 2448 5030 2699 5101; x_wconf 85' lang='lat' dir='ltr'><strong>blasphe-</strong></span> 
     </span>
    </p>
   </div>
   <div class='ocr_carea' id='block_1_67' title="bbox 478 5096 2076 5174">
    <p class='ocr_par' dir='ltr' id='par_1_67' title="bbox 478 5096 2076 5174">
     <span class='ocr_line' id='line_1_69' title="bbox 478 5096 2076 5174; baseline 0.001 -21"><span class='ocrx_word' id='word_1_744' title='bbox 478 5096 677 5158; x_wconf 80' lang='lat' dir='ltr'><strong>factum</strong></span> <span class='ocrx_word' id='word_1_745' title='bbox 704 5111 791 5158; x_wconf 91' lang='lat' dir='ltr'><strong>est</strong></span> <span class='ocrx_word' id='word_1_746' title='bbox 818 5103 875 5158; x_wconf 91' lang='lat' dir='ltr'><strong>in</strong></span> <span class='ocrx_word' id='word_1_747' title='bbox 904 5119 1007 5159; x_wconf 85' lang='lat' dir='ltr'><strong>una</strong></span> <span class='ocrx_word' id='word_1_748' title='bbox 1029 5096 1265 5159; x_wconf 87' lang='lat' dir='ltr'><strong>dierum.</strong></span> <span class='ocrx_word' id='word_1_749' title='bbox 1292 5111 1347 5159; x_wconf 90' lang='lat' dir='ltr'><strong>et</strong></span> <span class='ocrx_word' id='word_1_750' title='bbox 1373 5102 1491 5174; x_wconf 89' lang='lat' dir='ltr'><strong>ipse</strong></span> <span class='ocrx_word' id='word_1_751' title='bbox 1521 5101 1597 5174; x_wconf 85' lang='lat' dir='ltr'><strong>(b)</strong></span> <span class='ocrx_word' id='word_1_752' title='bbox 1628 5110 1746 5158; x_wconf 87' lang='lat' dir='ltr'><strong>erat</strong></span> <span class='ocrx_word' id='word_1_753' title='bbox 1782 5100 1822 5172; x_wconf 54' lang='grc' dir='ltr'><strong>’δέ</strong></span> <span class='ocrx_word' id='word_1_754' title='bbox 1871 5099 2076 5156; x_wconf 79' lang='lat' dir='ltr'><strong>docens</strong></span> 
     </span>
    </p>
   </div>
   <div class='ocr_carea' id='block_1_68' title="bbox 1772 5187 2504 5252">
    <p class='ocr_par' dir='ltr' id='par_1_68' title="bbox 1772 5187 2504 5252">
     <span class='ocr_line' id='line_1_70' title="bbox 1772 5187 2504 5252; baseline -0.008 0"><span class='ocrx_word' id='word_1_755' title='bbox 1772 5187 2007 5252; x_wconf 79' lang='lat' dir='ltr'><strong>CODEX</strong></span> <span class='ocrx_word' id='word_1_756' title='bbox 2035 5187 2504 5250; x_wconf 79' lang='lat' dir='ltr'><strong>CORBEIENSIS.</strong></span> 
     </span>
    </p>
   </div>
   <div class='ocr_carea' id='block_1_69' title="bbox 550 5277 3134 5368">
    <p class='ocr_par' dir='ltr' id='par_1_69' title="bbox 550 5277 3134 5368">
     <span class='ocr_line' id='line_1_71' title="bbox 550 5277 3134 5368; baseline -0.004 -22"><span class='ocrx_word' id='word_1_757' title='bbox 550 5291 638 5368; x_wconf 51' lang='lat' dir='ltr'><strong>l2,</strong></span> <span class='ocrx_word' id='word_1_758' title='bbox 677 5291 763 5347; x_wconf 92' lang='lat' dir='ltr'><strong>vir</strong></span> <span class='ocrx_word' id='word_1_759' title='bbox 789 5293 976 5364; x_wconf 88' lang='lat' dir='ltr'><strong>plenus</strong></span> <span class='ocrx_word' id='word_1_760' title='bbox 1003 5294 1171 5366; x_wconf 88' lang='lat' dir='ltr'><strong>lepra,</strong></span> <span class='ocrx_word' id='word_1_761' title='bbox 1201 5304 1256 5353; x_wconf 91' lang='lat' dir='ltr'><strong>et</strong></span> <span class='ocrx_word' id='word_1_762' title='bbox 1281 5289 1401 5368; x_wconf 89' lang='lat' dir='ltr'><strong>ipse</strong></span> <span class='ocrx_word' id='word_1_763' title='bbox 1445 5293 1738 5366; x_wconf 88' lang='lat' dir='ltr'><strong>procidens</strong></span> <span class='ocrx_word' id='word_1_764' title='bbox 1766 5296 1822 5351; x_wconf 89' lang='lat' dir='ltr'><strong>in</strong></span> <span class='ocrx_word' id='word_1_765' title='bbox 1855 5293 2068 5361; x_wconf 79' lang='lat' dir='ltr'><strong>faciem,</strong></span> <span class='ocrx_word' id='word_1_766' title='bbox 2179 5301 2204 5360; x_wconf 51' lang='grc' dir='ltr'>ε</span> <span class='ocrx_word' id='word_1_767' title='bbox 2254 5287 2342 5368; x_wconf 60' lang='lat' dir='ltr'><strong>ﬂ.</strong></span> <span class='ocrx_word' id='word_1_768' title='bbox 2382 5295 2537 5368; x_wconf 63' lang='lat' dir='ltr'><strong>erant</strong></span> <span class='ocrx_word' id='word_1_769' title='bbox 2559 5277 2843 5368; x_wconf 75' lang='lat' dir='ltr'><strong>Pharisaei</strong></span> <span class='ocrx_word' id='word_1_770' title='bbox 2855 5281 3134 5368; x_wconf 73' lang='lat' dir='ltr'><strong>docentes.</strong></span> 
     </span>
    </p>
   </div>
   <div class='ocr_carea' id='block_1_70' title="bbox 481 5355 3280 5433">
    <p class='ocr_par' dir='ltr' id='par_1_70' title="bbox 481 5355 3280 5433">
     <span class='ocr_line' id='line_1_72' title="bbox 481 5355 3280 5433; baseline -0.003 -16"><span class='ocrx_word' id='word_1_771' title='bbox 481 5355 803 5433; x_wconf 72' lang='lat' dir='ltr'><strong>rogabat....&#39;</strong></span> <span class='ocrx_word' id='word_1_772' title='bbox 1056 5355 1074 5366; x_wconf 76' lang='grc'><strong><em>³</em></strong></span> <span class='ocrx_word' id='word_1_773' title='bbox 1156 5355 1169 5365; x_wconf 89' lang='grc'><strong>’</strong></span> <span class='ocrx_word' id='word_1_774' title='bbox 1305 5355 1321 5368; x_wconf 89' lang='grc'><em>’</em></span> <span class='ocrx_word' id='word_1_775' title='bbox 1449 5355 1466 5366; x_wconf 86' lang='grc'><strong><em>“</em></strong></span> <span class='ocrx_word' id='word_1_776' title='bbox 2053 5355 2063 5361; x_wconf 79' lang='grc'><em>’</em></span> <span class='ocrx_word' id='word_1_777' title='bbox 2180 5355 2200 5420; x_wconf 72' lang='grc' dir='ltr'><strong>ξ’</strong></span> <span class='ocrx_word' id='word_1_778' title='bbox 2251 5359 2342 5420; x_wconf 74' lang='lat'><strong>20.</strong></span> <span class='ocrx_word' id='word_1_779' title='bbox 2383 5359 2632 5416; x_wconf 82' lang='lat' dir='ltr'><strong>Remissa</strong></span> <span class='ocrx_word' id='word_1_780' title='bbox 2653 5365 2782 5413; x_wconf 88' lang='lat' dir='ltr'><strong>sunt</strong></span> <span class='ocrx_word' id='word_1_781' title='bbox 2809 5355 2904 5412; x_wconf 88' lang='lat' dir='ltr'><strong>tibi</strong></span> <span class='ocrx_word' id='word_1_782' title='bbox 2930 5362 3148 5426; x_wconf 80' lang='lat' dir='ltr'><strong>peccata</strong></span> <span class='ocrx_word' id='word_1_783' title='bbox 3169 5361 3280 5410; x_wconf 89' lang='lat' dir='ltr'><strong>tua.</strong></span> 
     </span>
    </p>
   </div>
   <div class='ocr_carea' id='block_1_71' title="bbox 535 5433 1583 5497">
    <p class='ocr_par' dir='ltr' id='par_1_71' title="bbox 535 5433 1583 5497">
     <span class='ocr_line' id='line_1_73' title="bbox 535 5433 1583 5497; baseline 0.004 -7"><span class='ocrx_word' id='word_1_784' title='bbox 535 5433 641 5490; x_wconf 71' lang='lat' dir='ltr'><strong>‘M.</strong></span> <span class='ocrx_word' id='word_1_785' title='bbox 683 5445 744 5491; x_wconf 91' lang='lat' dir='ltr'><strong>ut</strong></span> <span class='ocrx_word' id='word_1_786' title='bbox 771 5436 842 5491; x_wconf 90' lang='lat' dir='ltr'><strong>sit</strong></span> <span class='ocrx_word' id='word_1_787' title='bbox 863 5434 917 5491; x_wconf 90' lang='lat' dir='ltr'><strong>in</strong></span> <span class='ocrx_word' id='word_1_788' title='bbox 949 5438 1256 5495; x_wconf 88' lang='lat' dir='ltr'><strong>testimonia</strong></span> <span class='ocrx_word' id='word_1_789' title='bbox 1279 5438 1384 5496; x_wconf 90' lang='lat' dir='ltr'><strong>hoc</strong></span> <span class='ocrx_word' id='word_1_790' title='bbox 1410 5439 1583 5497; x_wconf 87' lang='lat' dir='ltr'><strong>vobis.</strong></span> 
     </span>
    </p>
   </div>
   <div class='ocr_carea' id='block_1_72' title="bbox 1690 5521 2534 5586">
    <p class='ocr_par' dir='ltr' id='par_1_72' title="bbox 1690 5521 2534 5586">
     <span class='ocr_line' id='line_1_74' title="bbox 1690 5521 2534 5586; baseline -0.011 0"><span class='ocrx_word' id='word_1_791' title='bbox 1690 5521 2093 5586; x_wconf 73' lang='lat' dir='ltr'><strong>VABIANTES</strong></span> <span class='ocrx_word' id='word_1_792' title='bbox 2130 5521 2534 5584; x_wconf 81' lang='lat' dir='ltr'><strong>LECTIONES.</strong></span> 
     </span>
    </p>
   </div>
   <div class='ocr_carea' id='block_1_73' title="bbox 546 5621 2174 5693">
    <p class='ocr_par' dir='ltr' id='par_1_73' title="bbox 546 5621 2174 5693">
     <span class='ocr_line' id='line_1_75' title="bbox 546 5621 2174 5693; baseline 0.001 -19"><span class='ocrx_word' id='word_1_793' title='bbox 546 5622 563 5654; x_wconf 82' lang='grc'>¹</span> <span class='ocrx_word' id='word_1_794' title='bbox 602 5621 710 5675; x_wconf 85' lang='lat' dir='ltr'><strong>Gat.</strong></span> <span class='ocrx_word' id='word_1_795' title='bbox 733 5623 1003 5676; x_wconf 85' lang='lat' dir='ltr'><strong>secedebat</strong></span> <span class='ocrx_word' id='word_1_796' title='bbox 1021 5625 1075 5675; x_wconf 89' lang='lat' dir='ltr'><strong>in</strong></span> <span class='ocrx_word' id='word_1_797' title='bbox 1093 5625 1315 5678; x_wconf 84' lang='lat' dir='ltr'><strong>deserto.</strong></span> <span class='ocrx_word' id='word_1_798' title='bbox 1349 5625 1498 5693; x_wconf 80' lang='lat' dir='ltr'><strong>Vulg.</strong></span> <span class='ocrx_word' id='word_1_799' title='bbox 1535 5624 1808 5680; x_wconf 72' lang='lat' dir='ltr'><strong>secedebat</strong></span> <span class='ocrx_word' id='word_1_800' title='bbox 1827 5625 1880 5674; x_wconf 85' lang='lat' dir='ltr'><strong>in</strong></span> <span class='ocrx_word' id='word_1_801' title='bbox 1901 5625 2174 5676; x_wconf 69' lang='lat' dir='ltr'><strong>chertum.</strong></span> 
     </span>
    </p>
   </div>
   <div class='ocr_carea' id='block_1_74' title="bbox 1803 5699 2440 5766">
    <p class='ocr_par' dir='ltr' id='par_1_74' title="bbox 1803 5699 2440 5766">
     <span class='ocr_line' id='line_1_76' title="bbox 1803 5699 2440 5766; baseline -0.016 0"><span class='ocrx_word' id='word_1_802' title='bbox 1803 5703 2173 5766; x_wconf 76' lang='lat' dir='ltr'><strong>BLANCHlNl</strong></span> <span class='ocrx_word' id='word_1_803' title='bbox 2210 5699 2440 5759; x_wconf 61' lang='lat' dir='ltr'><strong>NOTIE.</strong></span> 
     </span>
    </p>
   </div>
   <div class='ocr_carea' id='block_1_75' title="bbox 570 5783 3738 5886">
    <p class='ocr_par' dir='ltr' id='par_1_75' title="bbox 570 5783 3738 5886">
     <span class='ocr_line' id='line_1_77' title="bbox 570 5783 3738 5886; baseline -0 -27"><span class='ocrx_word' id='word_1_804' title='bbox 570 5804 648 5873; x_wconf 90' lang='lat' dir='ltr'><strong>(a)</strong></span> <span class='ocrx_word' id='word_1_805' title='bbox 672 5805 828 5886; x_wconf 82' lang='lat' dir='ltr'><strong>ltaet</strong></span> <span class='ocrx_word' id='word_1_806' title='bbox 870 5805 969 5861; x_wconf 91' lang='lat' dir='ltr'><strong>cod</strong></span> <span class='ocrx_word' id='word_1_807' title='bbox 994 5807 1153 5886; x_wconf 85' lang='lat' dir='ltr'><strong>Cant.</strong></span> <span class='ocrx_word' id='word_1_808' title='bbox 1200 5808 1284 5886; x_wconf 54' lang='lat' dir='ltr'><strong>tua</strong></span> <span class='ocrx_word' id='word_1_809' title='bbox 1327 5811 1396 5871; x_wconf 77' lang='grc' dir='ltr'><strong>εἰς</strong></span> <span class='ocrx_word' id='word_1_810' title='bbox 1427 5806 1798 5886; x_wconf 44' lang='grc' dir='ltr'><strong>μαρτύριον-ἦν</strong></span> <span class='ocrx_word' id='word_1_811' title='bbox 1826 5807 1944 5886; x_wconf 58' lang='lat' dir='ltr'><strong>opta</strong></span> <span class='ocrx_word' id='word_1_812' title='bbox 1992 5803 2166 5886; x_wconf 58' lang='grc' dir='ltr'><strong>τᾳῆτο.</strong></span> <span class='ocrx_word' id='word_1_813' title='bbox 2189 5829 2264 5885; x_wconf 54' lang='grc' dir='ltr'><strong>-τ</strong></span> <span class='ocrx_word' id='word_1_814' title='bbox 2293 5795 2470 5886; x_wconf 72' lang='lat' dir='ltr'><strong>(b)__lta</strong></span> <span class='ocrx_word' id='word_1_815' title='bbox 2507 5792 2811 5886; x_wconf 40' lang='lat' dir='ltr'><strong>ettexl-‘Qt‘:</strong></span> <span class='ocrx_word' id='word_1_816' title='bbox 2839 5791 2919 5886; x_wconf 70' lang='grc' dir='ltr'><strong>ἦν·</strong></span> <span class='ocrx_word' id='word_1_817' title='bbox 2949 5821 3020 5884; x_wconf 60' lang='grc' dir='ltr'><strong>-ς</strong></span> <span class='ocrx_word' id='word_1_818' title='bbox 3051 5791 3122 5866; x_wconf 78' lang='grc' dir='ltr'><strong>(ο)</strong></span> <span class='ocrx_word' id='word_1_819' title='bbox 3146 5791 3224 5886; x_wconf 60' lang='grc' dir='ltr'><strong>Ῑξέ</strong></span> <span class='ocrx_word' id='word_1_820' title='bbox 3249 5800 3304 5848; x_wconf 68' lang='grc' dir='ltr'><strong>ει</strong></span> <span class='ocrx_word' id='word_1_821' title='bbox 3336 5787 3625 5884; x_wconf 39' lang='lat' dir='ltr'><strong>cpi-Cal&quot;-</strong></span> <span class='ocrx_word' id='word_1_822' title='bbox 3649 5783 3738 5858; x_wconf 68' lang='grc' dir='ltr'><strong>ἶκαί</strong></span> 
     </span>
    </p>
   </div>
   <div class='ocr_carea' id='block_1_76' title="bbox 513 5830 3494 5958">
    <p class='ocr_par' dir='ltr' id='par_1_76' title="bbox 513 5830 3494 5958">
     <span class='ocr_line' id='line_1_78' title="bbox 570 5830 3455 5886; baseline 0.002 -27"><span class='ocrx_word' id='word_1_823' title='bbox 570 5830 648 5873; x_wconf 75' lang='grc' dir='ltr'><strong>μη</strong></span> <span class='ocrx_word' id='word_1_824' title='bbox 673 5830 746 5860; x_wconf 75' lang='lat' dir='ltr'><strong>Iul</strong></span> <span class='ocrx_word' id='word_1_825' title='bbox 774 5830 828 5862; x_wconf 69' lang='lat' dir='ltr'><strong>Cl</strong></span> <span class='ocrx_word' id='word_1_826' title='bbox 870 5830 969 5861; x_wconf 82' lang='lat' dir='ltr'><strong>cuu</strong></span> <span class='ocrx_word' id='word_1_827' title='bbox 994 5830 1153 5864; x_wconf 72' lang='lat' dir='ltr'><strong>bal“.</strong></span> <span class='ocrx_word' id='word_1_828' title='bbox 1205 5830 1284 5863; x_wconf 86' lang='grc' dir='ltr'><strong>ινα</strong></span> <span class='ocrx_word' id='word_1_829' title='bbox 1327 5830 1396 5871; x_wconf 80' lang='grc' dir='ltr'><strong>εις</strong></span> <span class='ocrx_word' id='word_1_830' title='bbox 1427 5832 1596 5886; x_wconf 79' lang='grc' dir='ltr'><strong>μαρτυ</strong></span> <span class='ocrx_word' id='word_1_831' title='bbox 1637 5830 1704 5864; x_wconf 83' lang='grc' dir='ltr'><strong>ιον</strong></span> <span class='ocrx_word' id='word_1_832' title='bbox 1741 5831 1798 5869; x_wconf 76' lang='grc' dir='ltr'><strong>ην</strong></span> <span class='ocrx_word' id='word_1_833' title='bbox 1826 5830 1944 5884; x_wconf 76' lang='grc' dir='ltr'><strong>νμιν</strong></span> <span class='ocrx_word' id='word_1_834' title='bbox 1992 5830 2166 5861; x_wconf 74' lang='grc' dir='ltr'>τουτο.</span> <span class='ocrx_word' id='word_1_835' title='bbox 2293 5830 2366 5871; x_wconf 74' lang='lat' dir='ltr'><strong>\U)</strong></span> <span class='ocrx_word' id='word_1_836' title='bbox 2393 5830 2470 5881; x_wconf 68' lang='lat' dir='ltr'><strong>_IHI</strong></span> <span class='ocrx_word' id='word_1_837' title='bbox 2507 5830 2564 5853; x_wconf 71' lang='grc' dir='ltr'><strong>ει</strong></span> <span class='ocrx_word' id='word_1_838' title='bbox 2587 5830 2691 5851; x_wconf 65' lang='lat' dir='ltr'><strong>uin-</strong></span> <span class='ocrx_word' id='word_1_839' title='bbox 2717 5830 2811 5850; x_wconf 79' lang='grc' dir='ltr'><strong>υιο</strong></span> <span class='ocrx_word' id='word_1_840' title='bbox 2843 5830 2919 5886; x_wconf 58' lang='grc' dir='ltr'><strong>ις’·</strong></span> <span class='ocrx_word' id='word_1_841' title='bbox 2949 5830 3020 5884; x_wconf 51' lang='grc' dir='ltr'><strong>’ζ</strong></span> <span class='ocrx_word' id='word_1_842' title='bbox 3051 5830 3121 5866; x_wconf 88' lang='lat' dir='ltr'><strong>\&quot;l</strong></span> <span class='ocrx_word' id='word_1_843' title='bbox 3148 5830 3224 5885; x_wconf 60' lang='lat'><strong>&#39;“&quot;</strong></span> <span class='ocrx_word' id='word_1_844' title='bbox 3249 5830 3304 5848; x_wconf 71' lang='grc' dir='ltr'><strong>ν’</strong></span> <span class='ocrx_word' id='word_1_845' title='bbox 3337 5830 3455 5884; x_wconf 52' lang='lat' dir='ltr'><strong>V‘V“:</strong></span> 
     </span>
     <span class='ocr_line' id='line_1_79' title="bbox 513 5830 3494 5958; baseline -0.002 -23"><span class='ocrx_word' id='word_1_846' title='bbox 513 5877 963 5958; x_wconf 65' lang='grc' dir='ltr'><strong>ἀποστεγάσαντες</strong></span> <span class='ocrx_word' id='word_1_847' title='bbox 989 5883 1112 5945; x_wconf 76' lang='grc' dir='ltr'><strong>τοὺς</strong></span> <span class='ocrx_word' id='word_1_848' title='bbox 1137 5882 1410 5958; x_wconf 74' lang='grc' dir='ltr'><strong>κιρὰμονς.</strong></span> <span class='ocrx_word' id='word_1_849' title='bbox 1430 5907 1501 5924; x_wconf 88' lang='lat'><strong>---</strong></span> <span class='ocrx_word' id='word_1_850' title='bbox 1535 5830 1631 5958; x_wconf 54' lang='lat' dir='ltr'><strong>(dio</strong></span> <span class='ocrx_word' id='word_1_851' title='bbox 1652 5879 1816 5940; x_wconf 64' lang='lat' dir='ltr'><strong>Addit</strong></span> <span class='ocrx_word' id='word_1_852' title='bbox 1839 5882 1894 5939; x_wconf 76' lang='lat' dir='ltr'><strong>in</strong></span> <span class='ocrx_word' id='word_1_853' title='bbox 1922 5877 2161 5938; x_wconf 67' lang='lat' dir='ltr'><strong>cordibus</strong></span> <span class='ocrx_word' id='word_1_854' title='bbox 2185 5889 2314 5948; x_wconf 72' lang='grc' dir='ltr'><strong>διιιε,</strong></span> <span class='ocrx_word' id='word_1_855' title='bbox 2331 5883 2500 5932; x_wconf 79' lang='lat' dir='ltr'><strong>etiam</strong></span> <span class='ocrx_word' id='word_1_856' title='bbox 2524 5868 2645 5930; x_wconf 88' lang='lat' dir='ltr'><strong>cod.</strong></span> <span class='ocrx_word' id='word_1_857' title='bbox 2670 5865 2826 5927; x_wconf 80' lang='lat' dir='ltr'><strong>Cant.</strong></span> <span class='ocrx_word' id='word_1_858' title='bbox 2856 5887 2906 5930; x_wconf 79' lang='grc' dir='ltr'><strong>σν</strong></span> <span class='ocrx_word' id='word_1_859' title='bbox 2925 5886 3040 5934; x_wconf 69' lang='grc' dir='ltr'><strong>ταις</strong></span> <span class='ocrx_word' id='word_1_860' title='bbox 3069 5863 3302 5954; x_wconf 53' lang='lat' dir='ltr'><strong>uindices</strong></span> <span class='ocrx_word' id='word_1_861' title='bbox 3323 5885 3494 5936; x_wconf 67' lang='grc' dir='ltr'><strong>κυῖαν.</strong></span> 
     </span>
    </p>
   </div>
  </div>
