3716 6344
463 282 564 339 551
993 276 1260 338 EUSEBII
1298 275 1641 337 VERCELL.
1674 268 2128 334 EVANGELIUM
2165 267 2309 328 CUM
2348 266 2578 327 VARIIS
2604 265 2764 326 COD.
2803 265 3199 326 COLLATUM.
3554 276 3617 334 ἥδέ

2580 383 2816 442 CODEX
2844 382 3289 442 VEBONENSIS.

849 394 1077 454 CODEX
1099 394 1636 453 VERCELLENSIS.

456 494 552 551 57.
595 502 762 549 retur.
785 489 929 547 Noli-
1090 519 1093 523 ι
1283 488 1340 544 lo
1367 491 1547 545 fratris

459 576 512 621 te
537 565 803 634 judicare,
1285 563 1382 627 tui,
1411 561 1616 617 trabem

457 652 528 693 ne
552 635 836 707 judicemio
1283 643 1461 690 autem
1486 676 1501 697 ,
1532 646 1671 704 quae

458 709 512 763 ni
547 725 561 762 :
597 707 758 762 nolite
777 720 904 762 con-
1286 707 1342 760 in
1369 711 1527 765 oculo
1559 716 1650 758 tuo

459 779 738 842 demnare,
1287 786 1394 846 est,
1428 794 1535 835 non
1555 790 1691 846 con-

460 859 518 904 nt
546 865 651 905 non
673 863 800 904 con-
1285 844 1387 904 42.
1419 852 1626 906 siderus
1650 845 1674 899 ?
1701 844 1808 900 Aut

457 919 760 976 demnemi-
1286 923 1559 990 quomodo
1601 933 1696 988 po-

1289 1000 1374 1048 tes
1411 993 1592 1050 dicere

1289 1063 1444 1119 fratri
1480 1075 1606 1121 tuo:
1639 1059 1712 1132 (c)
1744 1059 1819 1116 si—

1291 1151 1361 1191 ne
1381 1136 1422 1207 -ι-
1447 1136 1639 1207 eiciam

1292 1205 1558 1262 festucam
1583 1205 1655 1260 de

1290 1279 1449 1336 OCulo
1477 1288 1600 1334 tuo:
1637 1274 1714 1347 (ά)
1741 1282 1796 1330 et
1823 1288 1917 1330 ec-

1294 1364 1361 1406 ce
1389 1351 1442 1405 in
1466 1347 1622 1406 oculo
1651 1357 1742 1401 tuo
1769 1355 1882 1402 tra-

457 993 534 1047 ni.
559 991 795 1047 Dimitti-

458 1071 533 1128 te,
558 1073 613 1118 et
630 1063 865 1118 dimitte-

457 1133 548 1190 58.
591 1135 744 1190 mini.
775 1135 931 1200 Date,
960 1142 1016 1190 et

455 1205 675 1261 dabitur
708 1222 809 1262 vo-

456 1276 543 1333 bis
567 1296 583 1343 ;
607 1294 824 1334 mensu-

457 1363 576 1404 ram
602 1350 821 1414 bonam,

456 1418 541 1522 ςα)
565 1423 842 1522 agitittam,
1294 1422 1392 1522 lliles
1422 1421 1667 1505 subiacet
1694 1417 1774 1488 1-?

510 1493 857 1565 cumulatam,
1296 1493 1586 1565 llypocrita
1615 1533 1629 1555 ,

458 1562 800 1634 superfluen-
1297 1562 1415 1620 eice
1446 1566 1679 1635 primum

461 1635 638 1719 ξθιηςι-
662 1635 868 1691 dabunt

459 1721 515 1762 ιη
546 1722 666 1762 51111]
687 1721 810 1762 νεε-

463 1787 572 1833 tro.
601 1776 805 1834 Eadem

1299 1636 1507 1692 trabem
1535 1635 1604 1692 de

1298 1709 1457 1763 oculo
1480 1719 1572 1761 tuo
1593 1723 1608 1772 ;
1641 1714 1696 1762 et

1297 1789 1424 1860 tunc
1452 1778 1704 1862 '_perspi-

466 1864 805 1915 mensuram,
1297 1849 1412 1906 cies
1436 1850 1616 1907 eicere

467 1936 574 1991 qua
599 1921 824 1988 metitis,
1297 1920 1560 1978 festucam

468 1993 788 2048 remetietur
1300 1992 1371 2048 de
1397 1993 1556 2049 oculo
1578 1992 1689 2046 fra-

466 2063 642 2119 vobis.
1300 2062 1392 2119 45.
1439 2065 1534 2119 tris
1564 2062 1662 2118 tui.
1688 2060 1803 2118 Non

464 2134 559 2191 59.
604 2133 824 2191 Dicebat
854 2148 952 2190 au»
1302 2145 1386 2190 est
1411 2137 1573 2190 arbor

465 2213 574 2262 tem
596 2215 652 2262 et
673 2221 822 2271 para-
1301 2205 1465 2273 bona,
1495 2207 1698 2261 iaciens

462 2275 643 2331 bolam
666 2278 772 2332 illis
803 2293 818 2330 :
1300 2277 1504 2332 fruetus
1535 2293 1649 2331 ma-

459 2346 736 2418 Numquid
1297 2347 1381 2404 los
1407 2365 1422 2403 :
1453 2363 1553 2404 nec
1577 2363 1668 2403 ar-

403 2459 406 2461 λ
462 2417 642 2490 ροωεί
670 2433 800 2475 cae-
1295 2417 1398 2475 bor
1423 2421 1584 2490 mala,
1619 2419 1697 2473 fa-

462 2489 562 2547 cus
584 2505 807 2546 caecum
1295 2491 1446 2546 ciens
1467 2489 1612 2546 fruc-

462 2562 707 2619 ducere?
735 2575 876 2618 non-
1292 2560 1388 2618 u.
1432 2571 1517 2617 tus
1543 2564 1735 2619 bonos.
1777 2559 1854 2618 U-

461 2649 535 2690 ne
561 2635 774 2704 utrique
1295 2648 1612 2704 naquaeque

462 2706 520 2761 in
551 2705 759 2763 foveam
1294 2705 1461 2762 arbor
1478 2720 1542 2761 ex
1570 2705 1716 2763 fruc-

460 2776 551 2834 40.
597 2776 876 2834 incident?
901 2775 1020 2833 Non
1295 2784 1352 2832 tu
1385 2792 1484 2832 suo
1507 2776 1691 2834 diuos—

461 2859 547 2906 est
567 2849 783 2906 discens
1294 2849 1453 2920 citur.
1485 2848 1672 2920 Neque

461 2935 627 2993 super
652 2937 768 2976 ma-
1300 2919 1376 2993 (e)_
1404 2919 1594 2993 legunt
1619 2920 1688 2976 de

460 2991 726 3063 gistrum:
832 3054 837 3058 ,
1297 2991 1470 3063 spinis
1500 2997 1541 3063 -ι-
1569 2991 1739 3063 ficus;

463 3062 753 3120 consuma-
1299 3062 1394 3117 sed
1427 3062 1526 3118 nec
1557 3062 1627 3119 de

467 3143 554 3190 tus
580 3143 764 3190 autem
1300 3134 1438 3188 rubo
1467 3134 1655 3190 vinde-

465 3205 644 3262 omnis
673 3205 799 3272 erit,
1298 3203 1470 3258 miant
1489 3219 1670 3259 uvam.

466 3279 513 3333 si
539 3278 611 3332 sit
635 3277 779 3333 sicut
1297 3273 1387 3329 45.
1429 3274 1614 3330 Bonus
1643 3275 1789 3331 enim

468 3350 727 3420 magister
1301 3345 1493 3420 homo,
1506 3346 1575 3402 de
1600 3346 1704 3401 bo-

468 3416 636 3475 illius.
1300 3431 1372 3471 no
1401 3416 1422 3446 ³
1457 3417 1717 3473 thensau-

467 3489 560 3546 41.
601 3487 742 3558 Quid
771 3495 954 3544 autem
1307 3503 1372 3543 ro
1402 3489 1582 3561 cordis
1612 3491 1711 3561 sui}

469 3561 626 3618 vides
655 3561 824 3616 festu-
1301 3560 1508 3630 profert
1536 3563 1630 3617 bo-

470 3647 589 3690 cam
619 3633 676 3690 in
701 3646 830 3689 ocu-
1301 3645 1465 3700 num;
1506 3643 1559 3689 et
1592 3632 1658 3706 (ί)
1681 3647 1777 3689 ne-

2151 484 2247 541 57.
2293 493 2464 538 retur.
2502 479 2682 537 Nolite

2148 554 2413 624 judicare,
2442 563 2498 609 et

2154 626 2222 681 de
2245 626 2398 681 viibis
2427 642 2534 680 non

2151 697 2512 768 judicabitur:

2156 770 2326 824 nolite
2353 782 2486 823 con-

2156 839 2416 896 demnare
2436 882 2451 904 ,
2475 849 2530 896 et

2155 927 2265 968 non
2296 911 2554 966 condem-

2158 984 2384 1038 namini.
2421 983 2508 1038 Di-

2158 1055 2354 1109 mittite
2380 1064 2434 1109 et

2159 1125 2525 1182 dimittemini.

2160 1200 2250 1255 38.
2297 1199 2449 1262 Date,
2481 1208 2536 1252 et
2564 1197 2659 1252 da—

2160 1269 2306 1325 bitur
2330 1270 2485 1325 vobis
2511 1288 2524 1323 :

2161 1357 2471 1398 mensuram

2161 1413 2380 1486 bonam.
2415 1413 2491 1486 (a)
2519 1426 2620 1468 con
2635 1440 2649 1452 ν

2162 1484 2382 1553 fersam,
2413 1484 2546 1541 eon—

2162 1568 2362 1613 motam
2381 1599 2397 1623 ,
2427 1573 2516 1612 su-

2164 1629 2573 1700 pereffluentem
2600 1628 2640 1696 j-

2166 1701 2454 1757 dabuntin

2164 1774 2342 1828 sinum
2369 1782 2628 1829 vestrum.

2164 1843 2370 1900 Eadem
2397 1861 2546 1900 men—

2165 1931 2368 1983 suram,
2401 1931 2504 1986 qua

2166 1990 2379 2060 metitis
2393 2030 2408 2053 ,
2443 1989 2518 2060 (b)
2545 2003 2658 2044 me-

2169 2060 2333 2114 tietur
2355 2058 2396 2130 'j-
2427 2058 2599 2115 vobis.

2168 2131 2259 2187 59.
2301 2132 2523 2186 Dicebat
2551 2140 2730 2186 autem

2169 2203 2280 2257 illis
2308 2214 2362 2258 et
2391 2204 2542 2257 simi—

2171 2274 2453 2330 litudinem

2170 2347 2328 2400 istam
2354 2364 2367 2400 :
2401 2345 2570 2400 Num-

2165 2418 2295 2488 quid
2330 2428 2504 2488 potest
2529 2430 2657 2472 cae-

2165 2503 2263 2544 ωε
2291 2505 2454 2545 caeco

2167 2560 2419 2616 ducatum
2448 2577 2608 2632 prae-

2167 2633 2341 2689 bere?
2373 2651 2552 2691 nonne

2172 2705 2335 2760 ambo
2366 2706 2418 2761 in
2447 2706 2532 2762 fo-

2166 2791 2320 2832 veam
2347 2778 2588 2835 cadent?

2167 2846 2259 2903 49.
2300 2849 2418 2905 Νοη
2447 2861 2532 2906 est
2567 2849 2649 2904 di-

2168 2921 2408 2989 scipulus
2437 2937 2602 2992 super

2169 2994 2542 3062 magistratum
2571 3009 2585 3046 :

2169 3064 2438 3134 perfectus
2458 3082 2554 3120 au-

2169 3145 2279 3191 tem
2302 3134 2426 3200 erit,
2462 3146 2523 3192 ut

2169 3207 2241 3261 sit
2268 3209 2406 3262 sicut
2433 3224 2550 3264 nta-

2171 3279 2342 3348 gister
2371 3279 2508 3350 ejus.

2170 3351 2262 3405 M.
2303 3351 2442 3419 Quid
2473 3360 2654 3407 autem

2172 3422 2327 3476 vides
2351 3420 2520 3478 festu-

2169 3507 2288 3548 cam
2325 3494 2376 3547 in
2407 3495 2565 3550 oculo

2169 3562 2355 3619 fratirs
2381 3565 2477 3632 tui,

2169 3636 2380 3692 trabem
2412 3653 2505 3692 au-

1801 3748 2032 3805 CODEX
2071 3745 2464 3808 BRIXIANUS.

2171 3852 2354 3898 autem
2390 3847 2441 3900 in
2472 3855 2564 3902 tuo
2595 3848 2754 3904 oculo
2803 3862 2910 3904 non
2957 3850 3296 3906 consideras.
3348 3851 3451 3906 Aut
3483 3844 3649 3917 quossi;

2172 3927 2325 3985 potes
2352 3917 2534 3973 dicere
2567 3918 2716 3974 fratri
2753 3929 2867 3975 tuo.
2900 3920 3093 3976 Frater
3129 3923 3247 3977 sine
3274 3922 3460 3978 eiciam
3489 3922 3650 3976 [εμιυωυ

2168 4002 2307 4056 quae
2336 3998 2420 4042 est
2445 3991 2502 4045 in
2531 3993 2690 4047 oculo
2723 4004 2836 4046 tuo.
2869 3994 2987 4059 ipse
3008 3993 3060 4047 iu
3089 3995 3252 4049 oculo
3291 4006 3382 4047 tuo
3409 3996 3574 4048 trabem
3599 4001 3652 4039 is:

2168 4059 2358 4115 videns
2385 4060 2658 4130 Ypocrita.
2691 4065 2810 4120 eice
2849 4065 3082 4134 primum
3117 4066 3329 4120 trabem
3359 4066 3425 4120 de
3450 4064 3570 4118 ocul"
3595 4072 3653 4134 ιιεξς

2167 4142 2221 4185 et
2269 4140 2395 4186 tunc
2446 4134 2736 4201 perspicies
2777 4139 2959 4190 eicere
3005 4137 3268 4192 festucam
3298 4137 3367 4192 de
3393 4137 3525 4192 oculo
3556 4134 3654 4186 fraliii

2170 4204 2263 4279 tui.
2299 4203 2415 4257 Non
2441 4213 2524 4259 est
2554 4208 2696 4260 enim
2722 4205 2884 4262 arbor
2907 4210 3050 4279 bona
3088 4225 3229 4279 quae
3269 4207 3394 4263 facit
3421 4209 3654 4279 ruinosae

2166 4273 2249 4328 los
2293 4291 2470 4341 neque
2510 4279 2670 4331 arbor
2716 4281 2857 4332 mala
2898 4273 3120 4334 faciens'
3148 4281 3359 4335 fructus
3390 4281 3552 4334 bonos.
3577 4274 3654 4329 [tr

2165 4361 2411 4422 quaeque
2441 4348 2583 4422 enim
2613 4350 2774 4404 arbor
2803 4365 2869 4404 ex
2904 4350 3080 4406 fructu
3112 4367 3213 4407 suo
3243 4355 3573 4422 cognoscitur.
3594 4347 3656 4422 ita

2164 4419 2308 4494 enim
2349 4418 2417 4472 de
2457 4421 2629 4494 Spinis
2655 4421 2917 4491 eolligunt
2949 4421 3079 4476 [lt-us
3109 4440 3285 4494 neque
3310 4418 3378 4478 de
3416 4426 3526 4477 rubo
3547 4419 3657 4470 Villii:-

2165 4491 2332 4542 miant
2364 4505 2543 4545 uvam.
2581 4492 2762 4546 Bonus
2814 4497 2961 4548 enim
3011 4491 3280 4550 homo—de
3325 4496 3459 4551 bono
3497 4495 3658 4548 theseus:

473 4569 655 4616 autem
702 4557 852 4615 vides
895 4560 1155 4612 festucam
1196 4555 1249 4610 in
1295 4557 1454 4611 oculo
1486 4555 1670 4613 fratris
1703 4555 1801 4613 tui.
1849 4561 2060 4612 trabem
2161 4561 2343 4615 cordis
2388 4563 2471 4616 sui
2521 4562 2725 4634 profert
2772 4564 2975 4620 bonum
3015 4575 3072 4621 ct
3113 4582 3229 4622 ma-

1789 4671 2024 4727 CODEX
2065 4671 2201 4728 COli
2211 4673 2540 4733 BEIENSIS.

2241 4766 2331 4822 42.
2373 4768 2582 4838 ejiciam
2631 4767 2890 4825 festucam
2939 4770 3007 4828 de
3049 4771 3209 4827 oculo
3267 4782 3359 4828 tuo
3389 4788 3401 4825 :
3430 4781 3476 4828 et
3511 4781 3600 4825 ecce

470 3846 642 3903 ricors
669 3849 772 3901 est.
797 3841 978 3899 Nolite
992 3839 1261 3914 judicare.
1278 3855 1363 3914 _ne
1379 3839 1718 3911 judicemini.
1746 3843 1914 3898 nolite
1933 3857 2063 3897 con-

469 3916 727 3974 demnare
742 3925 797 3972 et
811 3932 916 3970 non
934 3912 1447 3970 condemnabimini.
1478 3913 1737 3969 Dimititte
1753 3928 1809 3970 et
1839 3915 2062 3969 dimitti-

473 3990 678 4046 temini.
703 3988 832 4043 Date
849 3995 906 4042 et
921 3987 1138 4041 davitur
1157 3984 1309 4039 vobis
1333 4000 1640 4040 mensuram
1665 3988 1859 4041 bonam
1876 4001 2062 4041 comu-

470 4062 635 4116 latam
658 4069 714 4114 et
737 4058 1095 4128 coagitatam.
1114 4066 1168 4112 et
1201 4071 1365 4125 super
1391 4055 1757 4113 effundentem
1781 4058 1987 4115 dabunt
2005 4060 2058 4113 in

472 4133 650 4201 sinum
697 4127 936 4201 vestrum
994 4127 1190 4201 Eadem
1246 4129 1392 4182 enim
1438 4143 1691 4184 mensura
1735 4146 1838 4201 qua
1882 4130 2057 4186 mensi

475 4200 686 4256 fueritis
716 4198 1036 4256 remetietur
1060 4197 1234 4253 vobis.

551 4272 772 4326 Dicebat
797 4281 976 4325 autem
1006 4271 1110 4325 illis
1135 4279 1190 4324 et
1218 4269 1646 4327 similitudinem.
1681 4271 1931 4341 Nunquid
1961 4286 2060 4341 po-

477 4352 584 4400 test
611 4355 807 4397 caecus
832 4357 1050 4397 caecum
1091 4341 1310 4396 ducere.
1352 4358 1529 4398 nonne
1572 4344 1732 4398 ambo
1766 4345 1817 4398 in
1851 4347 2060 4398 foveam

473 4416 692 4471 cadent.
715 4412 831 4468 Non
872 4424 954 4468 est
985 4412 1280 4485 discipulus
1309 4428 1474 4481 super
1502 4413 1820 4485 magistrum
1847 4418 2058 4483 perfec-

477 4496 562 4542 tus
586 4495 769 4541 autem
791 4485 968 4539 omnis
987 4485 1109 4538 crit.
1140 4484 1283 4557 sisit
1308 4486 1452 4539 sicut
1482 4484 1740 4557 magister
1761 4489 1898 4557 ejus.
1919 4485 2060 4554 Quid

546 4773 637 4831 57.
676 4769 854 4828 Nolite
897 4769 1160 4842 judicare,
1191 4777 1245 4824 et
1269 4767 1336 4823 de
1373 4765 1528 4842 vobis
1556 4781 1666 4820 non
1684 4763 2066 4842 judicabitur:

474 4846 645 4901 nolite
671 4837 1058 4905 condemnare,
1093 4852 1150 4896 ut
1183 4856 1288 4895 non
1317 4837 1781 4894 condemnemini.

547 4916 637 4972 58.
679 4930 987 4971 mensuram
1019 4913 1241 4978 bonam,
1291 4908 1716 4976 commodatam,
1739 4907 2064 4977 confestam,

477 4985 896 5054 super-fluentem
914 4986 1119 5042 dabunt
1147 4984 1199 5038 in
1232 4983 1411 5038 sinum
1442 4987 1707 5036 vestrum.

545 5055 638 5111 40.
680 5066 739 5112 ιιι
764 5061 835 5113 sit
858 5059 1000 5114 sicut
1038 5055 1316 5128 magister.

2173 4840 2330 4896 oculo
2359 4848 2450 4910 tuo
2483 4843 2662 4897 trabes
2689 4843 2954 4910 subjacet.

2996 489 3104 537 tem
3131 495 3264 549 quae

2994 553 3049 607 in
3080 553 3238 608 oculo

2993 633 3088 679 tuo
3119 633 3226 690 est,
3255 638 3353 680 non

2992 695 3304 752 consideras
3322 696 3346 749 ‘f

2991 768 3083 822 42.
3124 771 3233 823 Aut
3266 781 3460 839 quomo-

2996 839 3066 894 do
3100 849 3254 908 potes

2996 911 3179 966 dicere
3209 911 3354 967 fratri

3000 991 3093 1038 tuo
3123 983 3197 1056 (c)
3220 986 3336 1039 sine
3355 983 3392 1053 ’ξ’

2997 1055 3188 1110 eiciam
3220 1057 3382 1111 festu~

2996 1140 3114 1181 cam
3148 1129 3216 1182 de
3236 1131 3385 1183 oculo

2997 1210 3119 1272 tuo;
3155 1200 3237 1272 (ά)
3264 1209 3316 1254 et
3336 1215 3447 1256 ecce

2999 1271 3054 1324 in
3084 1273 3242 1326 oculo
3274 1283 3360 1327 tuo

3000 1343 3172 1396 trabis
3203 1344 3378 1414 subja-

2996 1423 3084 1487 cet
3109 1415 3151 1485 τ
3178 1415 3202 1468 ?
3232 1416 3404 1487 Hypo-

2998 1486 3134 1542 ct'ita
3165 1529 3180 1553 ,
3211 1486 3328 1544 eice

2998 1561 3233 1630 primum
3269 1571 3374 1616 tra-

3000 1629 3123 1686 bem
3155 1629 3224 1686 de
3253 1647 3376 1688 ocu-

3001 1701 3056 1756 lo
3082 1710 3176 1757 tuo
3201 1720 3215 1768 ;
3244 1711 3300 1759 et

3001 1782 3129 1829 tunc
3158 1776 3430 1846 respicies,

2999 1854 3061 1900 ut
3085 1846 3286 1902 educas
3311 1851 3456 1903 festu-

3002 1931 3122 1972 cam
3155 1918 3224 1975 de
3253 1933 3380 1974 ocu-

3006 1989 3063 2044 lo
3098 1989 3284 2046 fratris
3311 1992 3401 2047 tui.
3456 1997 3462 2004 '

3003 2059 3094 2117 45.
3134 2061 3394 2119 Nonest.

3001 2132 3166 2188 arbor
3195 2136 3354 2200 bona,

3003 2220 3142 2274 quae
3166 2207 3292 2263 fecit

3005 2278 3212 2334 fructus
3242 2278 3402 2333 malos
3421 2295 3435 2341 ;

3005 2363 3183 2418 neque
3209 2352 3402 2406 iterum

3004 2420 3168 2476 arbor
3194 2423 3358 2486 mala,

3004 2492 3209 2548 faciens
3237 2494 3426 2550 fructos

3003 2562 3096 2618 44.
3141 2565 3334 2622 bonos.
3369 2564 3487 2621 Una-

3006 2650 3252 2708 quaeque
3273 2653 3360 2691 ar-

3005 2705 3106 2762 bor
3129 2705 3199 2764 ei
3220 2710 3392 2765 fructu

3006 2791 3108 2852 suo
3131 2787 3489 2852 cognoscetur.

3006 2850 3287 2922 Neque—(c)
3311 2852 3383 2908 le-

3007 2932 3144 2992 gunt
3169 2924 3239 2980 de
3261 2924 3366 2995 spi-

3010 2997 3096 3050 nis
3116 2995 3159 3067 τι
3187 3011 3353 3062 uvas;

3009 3083 3188 3137 neque
3217 3067 3290 3124 de

3008 3139 3148 3194 rubo
3175 3139 3360 3195 vinde-

3007 3211 3176 3266 miant
3207 3227 3388 3266 uvam.

3005 3282 3100 3338 45.
3143 3282 3328 3338 Bonus
3354 3282 3480 3338 enim

3008 3353 3194 3419 homo,
3220 3356 3293 3410 de
3317 3355 3449 3410 bono

3014 3425 3314 3481 thensauro

3010 3498 3192 3552 cordis
3217 3499 3304 3552 sui

3011 3569 3218 3639 profert
3249 3570 3439 3626 bonum
3463 3585 3477 3635 ;

3011 3650 3066 3696 ει
3094 3639 3164 3712 (D
3194 3642 3368 3697 malus
3386 3640 3444 3711 i.

2243 4912 2332 4988 44.
2373 4909 2556 4988 Neque
2597 4906 2878 4984 legunt’de
2900 4915 3071 4986 spinis
3110 4915 3275 4982 ficus;
3301 4930 3463 4988 neque
3495 4911 3550 4968 de
3579 4906 3654 4964 mli.-

2171 4981 2510 5039 Vindemiattt
2539 4981 2717 5040 uvam.

1695 5152 2094 5211 VARIANTES
2129 5153 2534 5212 LECTIONES.

543 5251 562 5284 ι
600 5249 706 5300 Gat.
731 5247 1015 5309 confestam,
1041 5255 1096 5300 et
1115 5247 1572 5311 superetﬂuentem.
1606 5245 1753 5310 Vulg.
1777 5247 2064 5311 confertam,

482 5321 536 5365 et
554 5313 862 5374 coagitatam,
887 5320 939 5361 et
959 5313 1417 5375 supereﬁluentem.

545 5377 567 5408 ²
601 5371 708 5426 Gil.
729 5375 1001 5438 perspicies
1022 5371 1226 5437 ejecere
1248 5374 1484 5424 tistucam.
1519 5371 1664 5440 Vulg.
1691 5373 1963 5436 perSpicies
1977 5414 1991 5437 ,
2012 5379 2070 5422 ut

2179 5246 2359 5297 educas
2381 5246 2633 5301 festucam.

2241 5310 2404 5380 "Gal.
2431 5311 2664 5380 tbesauro
2693 5311 2854 5363 cordis
2889 5313 2962 5362 sui
2986 5313 3176 5376 profert
3197 5317 3342 5369 mala.
3372 5315 3500 5380 Vulg.
3696 5310 3697 5372 ἓ

2177 5371 2364 5435 profert
2386 5372 2583 5422 malum.

1831 5455 2196 5513 BLANCHINI
2236 5454 2464 5513 NOTAE.

554 5553 632 5634 (tt)
661 5553 824 5634 Deest
872 5550 1071 5634 triples
1115 5551 1424 5634 conjunctio
1448 5560 1525 5634 et,
1551 5551 1728 5634 etiam
1777 5550 1830 5634 in
1857 5548 2167 5634 cod.‘Cant.
2191 5580 2262 5634 -_-_-
2291 5550 2474 5634 (b).lta
2505 5551 2684 5634 versjo
2708 5551 3053 5634 Gotltica,_et
3092 5557 3152 5614 S.
3197 5557 3441 5634 Clemens
3463 5542 3659 5634 (Epist-ad
3696 5559 3697 5610 ;

484 5621 817 5712 gor‘int‘hios)
853 5621 1227 5712 Earpwasratt
1265 5652 1340 5711 :—
1361 5624 1431 5692 (c)
1464 5627 1602 5712 Ante
1627 5623 1757 5712 sine,
1789 5622 1949 5712 deest
1968 5623 2146 5712 [ξριτινῖ
2176 5621 2423 5712 etiamin
2452 5623 2574 5712 cod.
2608 5621 2843 5712 Canu—
2863 5625 3048 5712 ((1))ιὲ
3069 5637 3127 5684 et
3153 5632 3276 5687 cod.
3301 5621 3658 5712 Cant.,'ui
3696 5639 3697 5686 ξ

485 5697 635 5776 δοῑεδς
660 5697 710 5751 ἐν
729 5692 807 5771 τῷ
828 5692 905 5776 ἀεῖ»
925 5692 1158 5776 bimari»
1181 5693 1461 5776 ρπέοειειται.
1478 5714 1548 5735 --
1577 5693 1652 5766 (e)
1678 5694 1752 5752 Ila
1774 5703 1830 5752 et
1852 5695 1973 5752 cod-
2005 5692 2190 5760 Cant.
2206 5695 2425 5762 λέγονται
2452 5699 2504 5763 ἐξ
2531 5697 2778 5754 ἀκανθῶν.
2805 5692 2880 5739 -‘
2907 5692 2978 5772 (ί)
3008 5700 3139 5760 Post
3171 5705 3372 5774 malus,
3400 5692 3528 5758 deest
3555 5696 3658 5749 ita
3696 5767 3697 5776 ι

487 5772 575 5830 vel
602 5764 790 5839 nequa,
811 5764 973 5825 etiam
1005 5768 1059 5823 in
1079 5764 1219 5823 'cod.
1249 5764 1405 5821 Cant.
