3716 6344
0 297 58 357 53

0 523 48 564 ua
76 508 134 579 -ιν,
163 503 227 559 de
252 500 396 558 malo

0 579 146 636 refert
171 591 274 632 ma-

0 668 74 706 lm.
117 649 192 704 Ex
217 649 382 703 abun.

0 723 120 778 antia
145 734 262 774 cor-

0 797 36 850 is
54 810 110 848 os
133 791 206 863 (ιι)
234 789 376 845 illius
397 786 439 857 ’ξ’

0 867 193 936 lquitur.

0 933 37 993 51
73 933 202 1003 Quid
222 941 398 989 autem
421 943 510 984 me

0 1009 140 1065 ncatis
163 1049 177 1072 ,
206 1003 426 1060 Domine
446 1042 463 1068 ,

0 1079 168 1134 omine
190 1096 204 1140 ς
226 1085 278 1131 et
306 1089 410 1128 non
430 1129 435 1135 ,

0 1152 115 1206 lCiliS
151 1149 168 1180 ³
193 1159 326 1217 quae

0 1226 42 1277 7.
81 1216 226 1274 dico?
251 1216 457 1282 Omnis,

0 1295 40 1348 ui
65 1293 198 1346 venit
221 1289 288 1344 ad

0 1383 40 1420 le
66 1373 132 1429 et,
155 1361 296 1418 audit

0 1437 106 1492 erba
129 1448 238 1490 mea
260 1457 304 1499 ,-

0 1517 16 1563 ι
37 1507 146 1562 iacit
171 1506 250 1560 illa
273 1545 288 1571 ,

5 1587 274 1635 emonstra-

0 1665 36 1706 ιο
65 1650 201 1704 vobis
219 1647 297 1702 cui

0 1724 42 1776 .it
65 1719 270 1776 similis:

0 1795 62 1848 i8.
98 1791 267 1846 similis
289 1797 364 1844 est
382 1786 472 1842 ho-

0 1862 102 1919 nini
126 1861 292 1917 aediﬁ-

0 1936 110 1991 :anti
139 1936 156 1965 ³
170 1935 388 1997 domum,

0 2010 59 2072 iui
82 2004 196 2060 fodit
222 2005 268 2058 in

0 2081 120 2134 illum
140 2121 154 2145 ,
179 2084 228 2132 et
251 2089 336 2146 po-

4 2149 66 2204 uit
89 2149 258 2203 funda-

0 2231 130 2276 nenta
157 2233 305 2288 super

0 2303 151 2348 etram
174 2309 189 2357 ;
221 2302 348 2346 lem-

0 2376 152 2419 lestate
179 2366 292 2417 bore

0 2453 39 2500 ει,
69 2437 130 2506 (b)
157 2432 350 2504 impulit
373 2430 415 2500 -ι-
443 2430 550 2486 ﬂu—

0 2524 80 2562 nen
105 2506 262 2562 domui
489 2515 492 2518 ’

4 2580 64 2642 lli,
87 2594 168 2632 nec
194 2579 332 2633 valu-

0 2659 16 2704 ι
35 2665 218 2706 movere

0 2722 98 2776 llam
116 2740 127 2775 :
158 2720 337 2777 funda-

0 2795 158 2848 aenim
185 2803 296 2848 erat

0 2881 109 2936 upra
129 2875 347 2936 petram.

3 2938 46 2992 9.
81 2939 168 3006 Qui
190 2946 362 2991 autem

1 3007 96 3061 ndit
117 3050 130 3073 ,
155 3017 206 3063 et
232 3023 337 3062 non

0 3079 77 3134 icit
95 3123 109 3147 ,
136 3079 317 3134 similis

1 3161 42 3204 st
60 3151 247 3206 homini

0 3222 238 3277 eililicanti

3 3308 158 3348 omum
183 3294 203 3325 ⁸
238 3307 330 3348 su-

0 3380 51 3418 ra
73 3375 253 3420 terram

0 3436 70 3490 ine
93 3436 264 3492 funda-

0 3516 159 3579 mento:
187 3510 339 3579 inpu-

0 3579 24 3630 lt
45 3577 222 3634 ﬂiimen

0 3650 128 3705 νοιηυί
149 3651 242 3717 illi,
265 3659 319 3707 et

988 278 1430 342 EVANGELlUM
1459 274 1831 336 SECUNDUM
1872 274 2126 334 LUCAM.

318 403 549 462 CODEX
597 400 1142 460 VERCELLENSIS.

772 513 837 553 na
864 497 1055 553 domus
1083 495 1146 550 il-

771 571 876 626 lius
905 582 1118 639 magna.

983 679 1206 737 CAPUT
1231 677 1346 733 VII.

771 779 823 833 1.
865 777 941 849 (c)
967 774 1190 830 Factum
1210 782 1296 828 est

768 858 946 903 autem
970 889 986 913 ,
1011 861 1134 901 cum

767 920 1027 990 inplesset
1053 917 1095 988 -ι-

767 1005 946 1046 omnia
975 1005 1094 1044 ver-
1121 1017 1136 1020 -

764 1062 834 1118 ba
859 1063 912 1118 in
934 1059 1155 1115 auribus

767 1133 985 1204 populi,
1006 1133 1176 1204 intra-

767 1201 853 1260 viti
871 1206 925 1258 in
953 1201 1192 1272 Caphar-

765 1275 820 1329 2.
863 1291 1044 1329 naum.
1075 1273 1204 1328 Cen-

769 1348 997 1402 turionis
1017 1360 1109 1400 au-

769 1427 876 1476 tem
901 1417 1080 1488 cujus-

764 1490 888 1546 dam
917 1503 1106 1544 servus

762 1563 903 1617 male
927 1560 1132 1615 habens
1150 1599 1165 1626 ,

764 1633 1061 1717 incipiebat

766 1720 903 1759 mori
925 1747 940 1768 ,
970 1719 1058 1773 qui
1085 1717 1144 1755 e-

767 1784 850 1831 rat
877 1776 926 1830 ei
955 1787 1133 1828 carus.

766 1848 820 1904 '5.
862 1846 1100 1902 Audiens
1132 1852 1311 1900 autem

767 1919 838 1974 de
861 1918 988 1973 Jesu
1013 1960 1028 1984 ,
1060 1917 1207 1971 misit

768 1989 1015 2046 seniores
1038 1988 1130 2044 Ju-

768 2062 1026 2117 daeorum

769 2149 966 2202 ragans
990 2133 1165 2197 illum,

767 2214 827 2261 ut
850 2206 1079 2271 veniret,

769 2286 825 2333 et
845 2285 1065 2333 sanaret

768 2363 988 2404 servum
1015 2349 1078 2404 il-

771 2421 898 2476 lius.
1136 2433 1138 2436 '

771 2493 828 2558 4,
856 2492 982 2560 Qui,
1014 2503 1137 2546 cum
1162 2489 1344 2544 venis-

773 2573 917 2628 sent,
949 2577 1107 2631 roga-

773 2634 904 2690 bant
927 2633 1112 2689 Jesum

776 2706 1028 2771 sollicite,
1057 2704 1140 2758 di-

775 2789 963 2835 centes
983 2794 996 2831 :
1025 2776 1170 2845 Quo-

777 2851 920 2906 niam
943 2849 1061 2920 dig-

777 2937 881 2978 nus
900 2918 1093 2986 est,'ut
1119 2918 1184 2972 il-

780 2994 816 3049 li
846 3002 1094 3065 praestes

780 3060 974 3122 ὅλως
996 3082 1011 3131 ;
1045 3060 1219 3133 diligit

780 3135 925 3194 enim
957 3143 1176 3206 gentem

730 3233 732 3236 ν
780 3216 1044 3272 nostram,
1083 3214 1140 3261 et

783 3281 1123 3364 §ynagogam

786 3366 904 3422 ipse

783 3419 1087 3504 aedificavit

785 3495 838 3550 6.
870 3493 1041 3548 nobis-
1077 3489 1193 3546 Ibat

783 3574 963 3621 autem
993 3578 1116 3619 cum

784 3638 892 3692 illis
917 3635 1094 3691 Jcsus.
1126 3631 1291 3688 Cum-

2063 387 2298 446 CODEX
2340 388 2796 448 VERONENSIS.

1632 487 1700 543 de
1734 487 1876 543 malo
1904 487 2057 542 then—

1631 573 1792 615 sauro
1822 560 2057 628 proferet
2082 572 2200 612 ma-

1631 630 1707 686 la.
1740 632 1813 685 Ex
1843 633 2014 684 abun-

1632 702 1815 757 dantia
1845 703 1989 757 enim

1632 773 1814 828 cordis
1834 789 1896 828 os

1632 844 1710 917 (η)
1737 845 1853 916 eius
1874 844 1916 915 ιι
1944 845 2028 901 ιο·-

1632 928 1832 986 quitur.

1631 989 1724 1043 46.
1754 986 1891 1056 Quid
1917 997 2098 1043 autem

1631 1060 1836 1116 voeatis
1865 1073 1972 1123 me,

1637 1129 1884 1194 Domine,

1636 1201 1859 1255 Domine
1883 1217 1898 1266 ;
1930 1210 1988 1258 et

1635 1287 1741 1326 non
1773 1272 1952 1326 facitis

1632 1358 1770 1414 quae
1795 1343 1918 1400 dico
1937 1345 1962 1396 ?

1632 1415 1722 1468 47.
1748 1415 1958 1480 Omnis,
1988 1415 2078 1484 qui

1634 1486 1781 1542 venit
1810 1485 1878 1540 ad
1908 1501 2015 1554 me,

1633 1564 1691 1613 et
1713 1557 1865 1612 audit
1891 1572 2004 1612 ser-

1633 1644 1824 1684 mones
1849 1644 2000 1685 111808

1636 1701 1758 1766 hos,
1790 1709 1846 1756 et
1873 1700 1950 1754 fa-

1634 1774 1710 1827 cit
1734 1787 1848 1838 eos,
1881 1781 2067 1826 osten-

1587 1879 1596 1889 -
1635 1843 1759 1898 dam
1787 1842 1939 1898 vobis

1637 1917 1724 1969 cui
1754 1913 1934 1970 simile

1637 1984 1730 2041 48.
1760 1997 1880 2041 est:
1905 1985 2101 2039 similis
2125 1992 2208 2040 est

1589 2093 1594 2098 ρ
1637 2056 1843 2111 homini
1877 2056 2065 2111 aediﬁ-

1638 2131 1780 2184 cauti
1809 2129 2053 2196 domum,

1635 2205 1726 2271 qui
1755 2200 1888 2254 fodit
1917 2202 1968 2253 in

1637 2272 1830 2334 altum,
1859 2281 1913 2325 et
1938 2272 2117 2342 posuit

1637 2343 1988 2397 fundamenta

1637 2429 1799 2483 supra
1832 2423 2038 2484 petram
2061 2431 2077 2480 ;

1643 2486 2007 2540 innundantia

1640 2567 1821 2613 autem
1854 2555 2016 2618 facta.

1643 2628 1721 2699 (ο)
1753 2627 1916 2680 allisit
1949 2625 1990 2698 τ
2018 2625 2119 2681 au-

1641 2715 1766 2753 men
1795 2699 1978 2752 domui
2008 2699 2119 2764 illi,

1642 2779 1698 2824 et
1725 2785 1830 2824 non
1859 2769 2032 2838 potuit

1643 2855 1762 2896 eam
1791 2855 2010 2895 movere
2043 2856 2055 2890 Ξ

1644 2911 1866 2966 fundata
1889 2911 2036 2966 enim

1645 2993 1762 3038 erat
1787 2998 1953 3052 super
1979 2997 2073 3049 pe-

1645 3054 1735 3110 49.
1770 3064 1930 3108 train.
1956 3053 2090 3108 Nam
2117 3052 2208 3124 qui

1645 3126 1815 3191 audit,
1845 3136 1898 3179 et
1927 3140 2033 3180 non

1649 3197 1800 3262 facit,
1833 3196 2032 3251 similis

1646 3276 1730 3324 est
1753 3268 1955 3324 homini
1986 3267 2128 3323 aedi-

1648 3339 1829 3394 ﬁcanti
1857 3341 2079 3395 domum

1649 3425 1801 3465 suam
1833 3425 1997 3481 supra

1649 3497 1867 3536 arenam
1899 3483 2020 3538 sine

1649 3553 2002 3608 fundamento
2027 3571 2041 3608 :

1649 3625 1814 3679 allisit
1843 3624 2043 3679 ﬂumen

2461 485 2560 554 dit,
2593 495 2643 541 el
2677 486 2815 541 facta

2461 568 2545 614 est
2566 557 2721 614 ruina
2749 557 2944 614 domus

2467 671 2480 684 .
2526 671 2539 684 .
2587 670 2601 684 .
2644 669 2660 685 .
2709 674 2718 682 .
2766 667 2781 684 .
2822 645 3038 700 magna.

2657 769 2886 827 CAPUT
2926 771 3041 829 VII.

2468 917 2519 970 1.
2553 914 2627 987 (c)
2652 914 2715 968 Et
2735 915 2941 987 laetum
2960 923 3065 979 est,

2464 985 2586 1042 cum
2609 985 2894 1053 implesset
2915 985 2944 1056 1

2466 1061 2646 1114 omnia
2678 1059 2835 1112 verba

2468 1132 2522 1185 in
2550 1143 2711 1184 aures
2740 1129 2931 1196 plebis,

2468 1200 2694 1256 intravit
2717 1197 2901 1255 Catar—

2469 1288 2653 1327 naum.
2879 1319 2882 1322 .

2469 1345 2524 1398 2.
2557 1345 2897 1402 Centurionis

2469 1423 2650 1488 autem
2677 1419 2860 1488 cujus-

2467 1487 2592 1542 dam
2623 1503 2814 1545 servus

2467 1561 2609 1615 male
2632 1559 2857 1626 habens,

2467 1639 2585 1685 erat
2611 1635 2835 1687 moritu-

2469 1717 2582 1766 rus,
2614 1705 2705 1771 qui
2734 1704 2808 1758 illi

2471 1781 2590 1827 erat
2619 1777 2942 1842 praetiosus.

2473 1843 2528 1897 5.
2555 1845 2640 1904 Ει.
2673 1862 2794 1900 cum
2825 1862 2913 1901 au-

2471 1915 2637 1971 disset
2667 1918 2734 1970 de
2761 1917 2854 1973 Je-

2471 2001 2557 2042 su.
2588 1988 2736 2042 misit

2472 2074 2551 2113 se.
2600 2101 2612 2113 .
2659 2101 2674 2114 .
2718 2097 2734 2114 .
2774 2059 3009 2116 Judaeo—

2474 2146 2615 2195 rum,
2649 2147 2846 2201 rogans

2476 2217 2622 2266 eum,
2650 2215 2706 2256 ut
2733 2219 2824 2257 ve-

2478 2275 2634 2327 niens
2665 2276 2901 2330 salvaret

2479 2359 2694 2400 servum
2725 2351 2864 2414 ejus.

2476 2417 2532 2470 4.
2575 2417 2654 2470 Ad
2680 2418 2777 2481 illi,
2806 2433 2901 2474 ve-

2478 2488 2693 2542 nientes
2720 2490 2788 2542 ad

2477 2557 2688 2624 Jesum,
2720 2574 2876 2629 roga-

2479 2629 2611 2684 bant
2639 2646 2761 2684 eum

2479 2700 2717 2764 solicite,
2745 2701 2833 2754 di-

2481 2783 2671 2826 centes
2703 2790 2716 2825 ε
2745 2773 2880 2839 Quia

2482 2841 2676 2912 dignus
2705 2853 2807 2905 est,

2485 2923 2542 2966 nt
2573 2913 2678 2968 hoc
2710 2913 2785 2967 illi
2863 2935 2866 2940 ·

2483 2982 2540 3037 5.
2582 2995 2823 3052 praestes
2853 3001 2866 3036 :
2901 2984 2984 3039 di-

2483 3054 2599 3124 ligit
2631 3055 2775 3110 enim

2483 3133 2700 3196 gentem
2731 3142 2829 3182 no-

2487 3201 2680 3261 stram,
2710 3207 2767 3252 et

2487 3270 2826 3340 Synagogam

2487 3338 2604 3409 ipse
2634 3338 2822 3395 aedili-

2486 3411 2633 3466 cabit
2663 3412 2840 3467 nobis.

2487 3481 2541 3537 6.
2582 3481 2743 3538 Jesus
2773 3492 2954 3540 autem

2488 3553 2620 3607 abiit
2650 3569 2773 3608 cum

2488 3625 2588 3679 eis.
2619 3625 2708 3691 Et,
2730 3641 2855 3682 cum

3128 275 3235 334 554

784 3724 889 3780 que
917 3707 1029 3780 jam
1056 3720 1164 3761 non

0 3723 152 3786 ccidit,
177 3732 230 3778 et

785 3777 945 3851 longe
969 3777 1128 3834 abes-

0 3795 89 3845 acta
112 3802 185 3849 est
211 3793 320 3849 rui-

1651 3695 1834 3750 domui
1867 3695 1962 3760 illi,
1994 3703 2050 3750 et

1784 3697 1834 3776 ui
1867 3695 1962 3760 illi,
1994 3703 2082 3776 et.
2485 3694 2598 3776 jam
2635 3712 2746 3751 non

1651 3781 1910 3822 θοῐιιιῐιιιο
1931 3780 2112 3821 001101-

2491 3767 2648 3836 longe
2668 3777 2815 3823 esset

1263 3906 1498 3967 CODEX
1536 3899 1932 3962 BRIXIANUS.

0 4058 40 4097 [ιε
64 4043 206 4098 homo
231 4043 300 4098 de
335 4040 487 4096 malo
522 4037 820 4092 thensauro
866 4028 1048 4085 cordis
1090 4023 1406 4098 suiprol’ert
1433 4037 1547 4098 ma-

0 4093 534 4170 abundantia
559 4108 703 4162 enim
729 4101 928 4177 cordis.
960 4115 1022 4177 os
1050 4099 1123 4177 (ιι)
1155 4093 1271 4177 ejus
1298 4094 1339 4166 οξ-
1372 4093 1547 4177 loqui-

0 4201 59 4240 ιι.
89 4189 216 4254 Quid
247 4198 435 4241 autem
464 4180 678 4237 vocatis
708 4191 794 4231 me
826 4174 1052 4228 Domine
1085 4172 1402 4224 Domine.et
1441 4179 1546 4219 non

1 4259 292 4328 icilis.quae
317 4257 468 4312 dico.
585 4322 598 4328 _
1100 4313 1114 4328 ,
1346 4317 1387 4328 _.
1424 4305 1522 4328 ,με

30 4307 508 4398 ὁίιῖἱιὲῆἶιίῖὲέιιι
534 4322 600 4398 ad
627 4329 806 4398 me.e_t
831 4315 978 4398 audit
1002 4313 1165 4398 verba
1190 4325 1308 4398 mea
1338 4317 1403 4398 et.
1424 4307 1550 4398 facit

0 4381 56 4455 τι.⁷
76 4381 366 4455 νὸείιὲιιῖιέιπι
394 4381 584 4449 *νιιιιὶς
621 4393 708 4446 cui
755 4389 948 4461 similis
973 4397 1075 4442 est.
1105 4383 1298 4461 similis
1327 4391 1409 4435 est
1446 4381 1547 4461 Im:

1 4474 85 4524 lini
113 4472 416 4527 aediﬁcanti
443 4468 669 4524 domum
697 4463 785 4534 qui
819 4459 971 4534 l'odlit
995 4461 1047 4511 in
1082 4457 1272 4534 altum.
1297 4464 1351 4508 et
1370 4457 1550 4534 posuit

0 4544 357 4598 mdammtnm
417 4553 590 4608 supra
659 4527 887 4608 petram.
952 4527 1306 4608 ininidalione
1367 4530 1549 4608 autem

1 4627 91 4669 icta
142 4617 357 4671 inlisum
404 4601 504 4668 est'
542 4601 744 4663 ﬂumen
784 4601 966 4659 do‘mui
1005 4601 1104 4654 illi.
1138 4611 1189 4654 el
1237 4613 1341 4650 non
1375 4601 1551 4672 potuit

644 4679 786 4733 enim
831 4677 1414 4748 eratsnpra-petram.
1448 4662 1550 4748 Qui

509 4767 613 4806 non
647 4749 792 4804 fecit.
832 4745 1026 4801 similis
1053 4736 1139 4798 est
1168 4736 1372 4813 bolnlni
1403 4736 1552 4788 aedi-

0 4810 137 4886 lcanti
165 4810 389 4887 domum
418 4839 578 4882 suam
615 4833 779 4891 supra
809 4827 1009 4874 terram
1045 4814 1164 4870 sine
1203 4810 1552 4866 fundamento

1658 4021 1710 4073 in
1753 4032 1914 4086 quam
1961 4014 2151 4069 inlisus
2202 4021 2286 4069 est
2330 4013 2546 4070 ﬂuvius.
2579 4024 2634 4072 et
2663 4018 2925 4073 continuo
2962 4024 3158 4080 cecidit
3195 4035 3251 4081 et

1658 4090 1796 4144 facta
1824 4098 1909 4143 est
1937 4088 2089 4159 ruina
2122 4087 2313 4140 domus
2353 4087 2495 4144 illitis
2526 4104 2738 4159 magna.
2767 4092 2898 4144 Cum
2930 4107 3113 4151 autem
3146 4099 3247 4150 ini-

1659 4163 1861 4231 ple‘set
1909 4157 2088 4212 omnia
2122 4159 2280 4212 verba
2325 4174 2420 4232 sua
2460 4162 2515 4213 in
2558 4157 2776 4214 auribus
2803 4165 2997 4232 plebis.
3032 4171 3252 4223 ιιιιτςινίι

1657 4230 2054 4300 Captiarnaum.
2105 4230 2448 4284 Centuriunis
2494 4243 2671 4286 autem
2723 4230 3003 4302 cujusdsnn
3058 4255 3249 4294 servus

1662 4307 1801 4377 male
1826 4303 2049 4357 habens.
2071 4309 2192 4377 erat
2215 4305 2526 4377 moriturus.
2554 4306 2641 4373 qui
2672 4319 2786 4358 erat
2818 4308 2892 4360 illi
2926 4315 3246 4377 praeliusus.

1657 4376 1758 4442 Qui
1805 4390 1926 4428 cum
1980 4374 2222 4428 audisset
2277 4375 2342 4427 de
2387 4374 2514 4428 Jesn
2557 4379 2704 4429 misit
2734 4378 2799 4432 ad
2831 4374 2952 4433 enni
3005 4383 3248 4438 διλξιιὶυΐθϐ

1653 4447 1983 4502 Judaeornm
2016 4461 2211 4515 I'ugalls
2235 4461 2357 4499 eum
2385 4457 2441 4499 ut
2469 4453 2676 4500 Veniret
2696 4461 2746 4500 et
2774 4455 3004 4506 salvaret
3028 4470 3248 4508 servum

1655 4524 1774 4587 ejus
1804 4517 1874 4571 At
1906 4515 1980 4570 illi
2011 4518 2290 4571 venientes
2317 4519 2381 4570 all
2408 4517 2589 4572 Jesnm
2627 4523 2886 4588 rogabant
2927 4542 3048 4578 eum
3091 4525 3250 4579 solli-

1656 4597 1761 4663 cite
1807 4592 2053 4663 dit-entes
2082 4592 2130 4643 ei
2164 4589 2296 4654 Quia
2326 4591 2520 4656 (lignus
2543 4601 2624 4643 est
2660 4604 2714 4642 ut
2747 4592 2852 4663 lioc
2889 4596 2963 4647 illi
3007 4606 3249 4663 praestes

1656 4662 1828 4734 diligit
1881 4659 2025 4734 enim
2060 4670 2288 4734 gentem
2333 4669 2603 4734 nostram.
2633 4669 2686 4714 et
2740 4659 3078 4734 Synag-vgum
3133 4668 3249 4732 ipse

1657 4731 1961 4787 aediﬁcavit
1984 4731 2158 4784 nobis.
2192 4729 2350 4784 .lesus
2379 4739 2559 4786 autem
2595 4733 2702 4786 ibat
2730 4729 2852 4788 cum
2883 4729 3009 4790 illis.
3038 4736 3101 4789 Et
3129 4729 3255 4791 cum

1652 4804 1763 4874 jam
1793 4820 1900 4858 non
1929 4803 2090 4872 longe
2115 4809 2262 4857 esset

1246 4923 1478 4983 CODEX
1513 4921 1985 4980 CORBEIENSIS.

41 5041 125 5096 ἀΰ.
153 5056 215 5096 os
242 5039 364 5109 ejus
392 5035 656 5109 loquitur.

44 5113 127 5167 L8.
167 5099 339 5167 inlisit
373 5099 578 5165 ﬂumen
610 5101 792 5159 domui
825 5099 921 5154 illi.

46 5184 131 5241 49.
171 5183 338 5241 allisit
366 5181 576 5237 ﬂumen
601 5173 786 5232 domui
815 5171 910 5228 illi.

1674 5018 1804 5073 CAP.
1861 5015 1968 5094 ΥΠ.
2018 5044 2085 5094 -τ
2144 5015 2194 5094 t.
2237 5014 2259 5045 δ
2296 5014 2367 5069 Ει
2421 5015 2616 5094 factum
2667 5025 2780 5084 est,
2832 5034 2955 5075 cum
2986 5019 3266 5094 implesset

1748 5089 1930 5144 omnia
1963 5086 2130 5141 verba
2161 5086 2210 5140 in
2235 5102 2393 5141 aures
2415 5087 2604 5155 plebis.

1749 5161 1802 5215 ὃ.
1835 5170 1891 5213 ιιι
1917 5158 2148 5227 veniret,
2177 5158 2196 5190 ⁸
2225 5167 2281 5213 et
2309 5158 2584 5212 liberaret.

1197 5277 1586 5338 VARIANTES
1623 5270 2027 5332 LECTIONES.

46 5396 59 5424 ¹
94 5395 194 5444 Gut.
220 5407 355 5449 quae
379 5391 496 5440 dico
520 5382 868 5449 vobis?7Vulg_.
893 5392 1022 5449 quae
1043 5374 1188 5428 dico?
1244 5440 1254 5449 η

43 5459 61 5486 ²
95 5458 200 5507 Gut.
225 5444 430 5506 domum
450 5465 606 5513 suam,
629 5448 730 5513 qui.
762 5444 906 5510 Vulg.
934 5444 1148 5513 domum,
1172 5444 1276 5502 qui.

45 5519 65 5550 ³
227 5494 620 5581 ESSE—aiam
634 5494 819 5562 ‘side...
853 5494 962 5571 é'jus
997 5494 1169 5553 domus
1192 5494 1392 5563 inagna,
1432 5494 1578 5562 Vulg.

1686 5380 1845 5434 super:
1861 5375 2045 5434 terram
2068 5368 2257 5434 sine...
2282 5365 2456 5416 domus
2476 5365 2607 5434 illius
2626 5381 2820 5434 magna.

1808 5430 1934 5480 Gat..
1962 5429 2082 5481 Cum
2106 5429 2358 5491 implesset
2374 5431 2536 5479 omnia
2562 5429 2877 5487 verlla'haec.

1751 5495 1772 5525 ⁵
1798 5495 1903 5546 ϐαι.
1925 5500 1969 5544 et
1989 5498 2232 5554 sanaret,

1295 5601 1662 5661 BLANCHINI
1699 5599 1932 5657 ΝΟΤᾸΕ.

58 5744 130 5819 (α)
157 5742 501 5819 Additejns,
534 5738 700 5796 etiam
751 5743 861 5792 tex.
892 5731 987 5789 Gr.
1037 5730 1218 5787 αὐτοῦ.
1259 5752 1327 5765 -
1358 5720 1434 5795 (b)
1457 5719 1618 5777 Juxta
1651 5727 1758 5774 tex.
1809 5717 1905 5772 Gr.
1949 5714 2318 5792 προσέρῥηεεν.
2364 5742 2436 5756 -
2480 5714 2553 5787 (c)
2593 5716 2667 5772 lla
2714 5727 2768 5775 et
2815 5720 2934 5777 cod.
2991 5720 3184 5797 (iano,
3213 5731 3304 5791 καὶ

0 5815 182 5892 Eyssen
210 5818 293 5874 ὅτε
319 5815 564 5870 ἐτελέσεν.

291 5910 573 5970 Ρηιιοι..
605 5898 748 5965 XII.

2628 5882 2707 5945 18
