3716 6344
0 265 59 323 51

1024 265 1470 328 EVANGELIUM
1507 267 1880 332 SECUNDUM
1918 265 2177 333 LUCAH.

323 375 549 438 CODEX
578 375 1114 441 VERCELLENSIS.

0 494 41 545 s,
70 487 120 534 et
143 477 313 547 coepit

0 551 117 619 lqui.
232 546 375 631 dedit

0 638 74 676 mn
104 630 254 676 matri

0 709 99 751 nae.
375 733 380 740 ι

0 765 42 819 6.
81 759 434 829 Adprehth

0 844 120 889 utcm
144 836 294 888 timor

0 921 150 967 mnes,
174 914 225 960 et
249 903 343 959 bo~

1 977 187 1031 critica—

0 1059 76 1101 ant
101 1049 278 1107 Deum,
309 1044 388 1099 di-

0 1130 125 1174 entes
156 1136 167 1171 :
193 1118 331 1186 Quo-

0 1191 89 1244 iam
117 1189 342 1259 Prophe-

0 1276 10 1311 ι
33 1276 233 1331 magnus

0 1334 170 1387 nrrexit
195 1334 244 1385 in

1 1404 130 1468 obis;
160 1411 212 1457 et
236 1401 354 1472 quia

0 1473 177 1529 isilavit
200 1474 334 1529 Deus

2 1547 194 1615 opulum
213 1560 293 1608 su-

0 1633 53 1670 lm
78 1618 126 1670 in
146 1617 293 1670 bono.

0 1689 57 1742 _7.
95 1687 155 1742 Et
174 1686 324 1742 exibit
342 1699 456 1740 ven-

0 1775 92 1812 tum
114 1761 206 1811 hoc
229 1760 280 1812 in

0 1840 80 1882 Lota
104 1829 302 1895 Judaea,

0 1900 44 1954 le
69 1901 166 1964 illo,
196 1909 242 1955 et
267 1902 311 1954 in

0 1973 109 2025 )mni
132 1971 272 2026 ﬁniti-

0 2058 51 2094 na
78 2044 284 2113 regione.

6 2113 49 2168 8.
86 2112 143 2168 Et
169 2112 422 2170 renuntia-

2 2196 135 2239 erunt
160 2185 244 2239 Jo-

1 2257 106 2310 anni
139 2255 285 2312 disci-

1 2327 43 2380 9.
77 2327 174 2398 puli
199 2329 293 2386 sui.
323 2326 415 2392 Et,
442 2340 590 2384 con-

1 2401 137 2453 ocatis
160 2401 288 2454 duo-

0 2486 53 2524 wus
75 2470 268 2540 quibus-

0 2543 73 2594 lam
96 2557 146 2596 ex
173 2544 322 2597 disci-

0 2613 88 2666 iulis
110 2615 225 2678 suis,
251 2613 341 2669 Jo-

3 2699 140 2740 annes
159 2686 251 2741 mi-

0 2758 23 2807 it
45 2757 100 2810 ad
129 2758 418 2823 Dominum,

0 2825 153 2882 icens:

2 2914 26 2949 u
45 2914 112 2964 es,
135 2901 214 2970 qui
241 2915 369 2956 vena
391 2919 394 2922 θ

0 2984 86 3021 ll'llS
107 2986 179 3037 es,
205 2986 268 3024 an
297 2988 354 3024 a-

0 3055 68 3114 nm
87 3056 264 3114 expec-

0 3112 32 3164 ).
69 3112 265 3169 tamus?
291 3113 358 3169 Et
379 3126 475 3169 vo—

0 3194 120 3237 arunt
147 3186 219 3239 vi-

21 3254 73 3308 nd
95 3271 224 3323 eum,
248 3266 303 3313 et

0 3339 171 3382 xerunt
193 3347 204 3380 Ζ

0 3395 192 3455 ὠδηηθε

0 3469 155 3536 aptista
179 3471 274 3526 mi-

0 3546 13 3590 t
37 3556 139 3609 nos,
165 3542 347 3598 dicens
373 3557 389 3594 :

0 3626 17 3662 ιι
44 3626 109 3678 es,
138 3615 222 3684 qui
247 3628 379 3668 ven-

3 3697 76 3736 rus
100 3699 172 3751 es,
201 3701 264 3739 an

1 3751 85 3825 ium
109 3770 292 3825 expec-

0 3821 29 3874 Ι.
65 3821 254 3884 tamus?
283 3827 500 3884 Eadem

0 3908 65 3967 ιη
85 3897 148 3967 (ι)
173 3914 338 3954 cura-

0 3975 22 4018 ιι
45 3965 285 4034 ΐίιήιιιιοι

761 489 792 530 a
822 475 1097 548 languori-

761 551 880 616 bus,
910 561 966 608 et
995 567 1114 608 ver-

761 622 997 688 beribus,
1031 631 1086 679 et

759 695 1040 764 spiritibus

759 766 1038 836 malignis;

758 845 812 891 et
841 833 1017 892 caecis
1048 833 1185 890 mul-

760 908 826 961 tis
856 908 1076 962 donavit

757 979 846 1032 29..
891 980 1084 1033 visum.
1117 976 1183 1032 Et
1206 990 1327 1031 reso

756 1049 1022 1118 pondens,
1055 1049 1138 1103 di-

759 1119 842 1174 xit
868 1121 973 1176 illis
999 1137 1013 1175 :
1043 1120 1194 1176 Eun-

759 1199 839 1245 tes
861 1207 1063 1247 renun-

760 1262 887 1318 tiate
916 1263 1117 1318 Johan-

757 1333 833 1399 ni,
866 1350 1002 1404 quae
1029 1334 1192 1389 vidis-

757 1403 842 1469 tis,
872 1414 925 1460 et
956 1405 1139 1460 audis-

755 1473 823 1530 tis
857 1494 870 1530 :
899 1476 1055 1531 Caeci
1087 1476 1164 1529 vi—

753 1544 906 1613 dent,
934 1547 1074 1602 clodi

753 1618 1052 1682 ambulant,

756 1687 959 1758 leprosi
988 1704 1114 1759 pur-

754 1773 970 1828 gantur,
1000 1775 1119 1815 sur-

755 1831 808 1885 di
837 1832 1081 1897 audiunt,

756 1904 952 1957 mortui
981 1918 1038 1958 re
1051 1931 1068 1942 -

754 1984 996 2045 surgent,
1032 1988 1160 2041 pau-

753 2061 910 2113 peres
937 2061 1100 2100 evan-

749 2117 1049 2186 gelizautur
1079 2136 1093 2171 ε

752 2187 843 2241 25.
887 2198 959 2252 et,
990 2188 1179 2243 beatus

754 2259 878 2324 erit,
909 2260 1153 2330 quicum-

795 2346 860 2384 ue
891 2347 995 2384 non
1026 2345 1185 2386 scan-

790 2402 1074 2456 alizabitur

755 2471 808 2526 in
838 2489 943 2527 me.

752 2544 842 2598 24.
883 2545 1129 2614 Cumque
1157 2543 1265 2600 dis-

753 2616 1050 2669 cessissent

757 2687 927 2740 nuntii
954 2686 1158 2741 Johan-

760 2758 865 2830 nis,
889 2757 1070 2830 coepit

760 2829 942 2884 dicere
972 2829 1040 2883 de

752 2900 1037 2955 Johannen

751 2971 818 3025 ad
852 2971 1034 3026 turbas
1068 2989 1079 3023 :

751 3041 890 3110 Quid
919 3043 1108 3098 existis

752 3113 806 3168 in
839 3114 1055 3170 deserto

755 3185 980 3240 videre?
1005 3186 1100 3240 ha-

754 3257 1040 3312 rundinem

754 3343 781 3380 ﬂ
816 3338 974 3384 vento
995 3343 1108 3383 m0-

752 3399 843 3455 25.
891 3401 1002 3455 veri
1031 3401 1054 3453 ?
1079 3402 1094 3432 ¹
1129 3399 1234 3457 Sed
1265 3399 1394 3471 quid

754 3471 944 3525 existis
975 3471 1114 3528 vide-

753 3543 856 3596 re?
883 3543 1156 3599 hominem

755 3613 1009 3668 mollibus
1026 3629 1145 3671 ves-

757 3683 996 3739 timentis
1016 3686 1097 3739 in-

752 3755 940 3810 dutum
963 3757 985 3808 Ὺ
1011 3756 1112 3811 Ec-

750 3841 830 3892 ce,
865 3827 957 3896 qui
984 3827 1037 3881 in
1072 3843 1192 3884 ves-

750 3906 802 3981 te
832 3901 1099 3981 praetiosa

749 3978 804 4024 et
834 3969 888 4025 in
905 3969 1095 4025 delici-

2053 383 2290 444 οουεχ
2319 384 2773 447 VERONENSIS.

1621 491 1765 548 tuus,
1796 492 1853 540 et
1877 496 2006 538 coe-

1619 555 1697 622 pit
1725 555 1892 624 loqui.
1928 555 1991 608 Et

1616 624 1766 681 dedit
1798 625 1948 680 illum

1617 698 1777 768 matri
1809 698 1945 768 ejus.

1618 767 1706 821 16.
1749 768 1972 838 Accepit
2000 775 2181 823 autem

1616 839 1784 894 timor
1813 854 2040 910 magnus

1614 923 1821 974 omnes,
1858 921 1913 964 et

1613 981 2038 1052 magniﬁcabant

1617 1051 1783 1106 Deum
1809 1053 2055 1107 dicentes
2081 1070 2095 1107 :

1613 1121 1768 1190 Quod
1799 1123 2072 1195 Propheta

1615 1209 1841 1275 magnus
1871 1211 1990 1250 sur-

1614 1274 1758 1318 rexit
1786 1274 1836 1319 In
1870 1280 1960 1320 no-

1613 1334 1727 1406 bis;
1757 1344 1812 1390 ct
1837 1338 1965 1406 quia

1613 1405 1853 1461 visitavit

1613 1477 1758 1533 Deus
1788 1478 2000 1547 plebem

1611 1562 1764 1603 suam
1797 1551 1851 1604 in
1880 1548 2041 1603 bono.

1612 1619 1701 1673 17.
1747 1620 1812 1674 Et
1843 1620 1982 1676 exiit
2012 1621 2100 1677 hic

1615 1705 1796 1746 sermo
1825 1691 1900 1761 (α)
1927 1691 1982 1747 in

1618 1777 1872 1818 universa

1617 1831 1842 1892 Judaea.

1619 1903 1688 1957 Et
1707 1904 1855 1959 omni
1885 1919 2019 1960 con-

1618 1975 1746 2046 tinio
1773 1976 2007 2046 regionis

1613 2044 1756 2118 illius
1774 2046 1816 2118 ἰ-
1836 2044 1904 2102 de
1929 2063 2017 2103 eo.

1617 2117 1704 2172 18.
1750 2117 1814 2172 Et
1844 2120 2056 2174 nuntia-

1617 2201 1809 2244 verunt
1826 2189 2058 2246 Johanni

1614 2258 1863 2330 discipuli
1893 2261 2012 2328 ejus

1617 2330 1684 2384 de
1706 2333 1959 2388 omnibus
1988 2332 2094 2386 his.

1621 2401 1707 2456 19.
1741 2404 1807 2458 Et
1835 2404 2153 2459 convocavit

1617 2471 1754 2527 duos
1784 2473 1989 2529 Johanv

1617 2559 1714 2598 nes
1739 2544 1806 2599 de
1825 2544 1988 2600 disci-

1615 2615 1754 2682 pulis
1781 2615 1914 2670 suis.
1961 2655 1976 2668 .
2023 2655 2035 2668 .
2084 2656 2096 2669 .
2137 2616 2206 2672 ad

1613 2684 1821 2741 Jesum.
1869 2727 1883 2739 .
1931 2728 1945 2742 .
1991 2727 2005 2741 .

1619 2757 1700 2812 Tu
1728 2774 1809 2825 es,
1837 2758 1928 2829 qui

1623 2839 1884 2886 venturus
1914 2844 1974 2885 es
2003 2871 2020 2897 ,

1617 2915 1686 2956 an
1715 2902 1878 2956 alium
1913 2917 2012 2956 ex-

1619 2981 1894 3041 pectamus
1909 2974 1934 3026 ?

1617 3044 1707 3100 ΞΟ.
1753 3043 2136 3102 Advenicntcs.

1617 3125 1795 3172 autem
1826 3117 1893 3171 ad

1617 3203 1740 3242 eum
1773 3187 1894 3255 viri,

1617 3259 1870 3315 dixerunt
1897 3276 1911 3312 :
1944 3257 2035 3313 Jo-

1619 3329 1824 3386 bannes
1843 3331 1990 3385 misit

1619 3416 1716 3456 nos
1737 3403 1974 3472 Baptista

1617 3473 1683 3526 ad
1713 3483 1785 3540 te,
1808 3474 2032 3529 dicens:

1616 3542 1694 3598 Tu
1719 3560 1802 3610 es,
1832 3546 1924 3615 qui

1619 3626 1878 3670 venturus
1901 3629 1982 3679 es,

1616 3701 1683 3739 an
1710 3687 1876 3740 alium
1897 3701 1986 3742 ex-

1685 3767 1895 3817 ctamus
1921 3759 1944 3809 ’ἐ

1665 3828 1709 3880 1.
1751 3827 1807 3882 In
1832 3827 1944 3895 ipsa
1975 3827 2102 3884 hora

1619 3898 1694 3970 (ὸ)
1721 3899 1946 3953 curabat
1976 3899 2017 3969 1-

1618 3970 1816 4025 multos
1844 3984 1874 4024 ι
1900 3971 2018 4024 lan-

2447 483 2729 552 guoribns,

2448 563 2502 610 et
2531 556 2720 627 plagis,

2448 634 2504 681 et
2533 628 2812 697 spiritibus

2449 698 2768 768 immundis;

2446 777 2502 823 et
2528 773 2704 827 caecis
2733 772 2872 828 mul~

2450 840 2518 893 tis
2538 841 2760 899 donavit

2447 913 2644 968 visum.

2445 981 2638 1057 22._Et
2661 986 2996 1056 respondens
3016 1032 3030 1057 ,

2446 1054 2582 1109 dixit
2610 1056 2714 1110 illis
2747 1054 2761 1109 ἐ

2445 1124 2543 1192 Ite,
2574 1129 2817 1184 nuntiate

2445 1195 2700 1263 JohannL

2446 1283 2586 1337 quae
2616 1269 2844 1336 vidistis,

2447 1349 2501 1392 et
2522 1339 2751 1397 audistis
2781 1360 2796 1396 :

2447 1408 2607 1465 Caeci
2647 1413 2851 1480 vident,

2449 1481 2589 1536 clodi
2613 1483 2805 1540 ambu-

2450 1552 2582 1618 lant,
2614 1555 2812 1625 leprosi

2451 1625 2804 1693 mundantur,

2451 1699 2648 1752 mortui
2679 1714 2763 1754 re-

2450 1777 2697 1838 surgunt,
2725 1787 2858 1840 pau—

2452 1853 2608 1907 peres
2635 1856 2800 1897 evan-

2487 1909 2754 1967 elizantur
2788 1933 2800 1968 :

2490 1981 2543 2035 3.
2584 1991 2659 2046 et,
2691 1984 2881 2042 beatus

2452 2061 2556 2118 est,
2582 2055 2671 2124 qui
2696 2055 2748 2110 in

2453 2139 2539 2178 me
2569 2139 2675 2178 non
2708 2126 2824 2183 fuc—

2453 2195 2524 2248 rit
2553 2197 2781 2253 scanda-

2451 2265 2542 2318 24.
2588 2267 2799 2324 lizatus.
2828 2270 2917 2338 Et,

2451 2351 2574 2392 cum
2601 2337 2807 2395 disces-

2450 2409 2651 2463 sissent
2683 2427 2820 2468 nun-

2453 2479 2510 2532 tii
2539 2480 2615 2534 illi
2643 2480 2735 2536 Jo-

2452 2549 2670 2617 hannis,

2449 2624 2630 2692 coepit
2659 2623 2742 2678 di—

2452 2705 2578 2746 cere
2596 2695 2664 2749 ad

2452 2764 2636 2820 turbas
2657 2766 2726 2822 de

2450 2831 2739 2892 Johanne:

2452 2904 2588 2972 Quid
2610 2908 2796 2964 existis

2454 2975 2506 3030 in
2534 2978 2812 3036 desertum

2453 3047 2674 3106 videre?
2703 3067 2870 3107 arun-

2451 3118 2632 3177 dinem
2657 3138 2687 3178 a

2452 3206 2612 3248 vento
2636 3210 2754 3249 mo—

2450 3260 2542 3317 25.
2586 3266 2698 3321 veri
2717 3267 2744 3320 τ
2768 3265 2874 3324 Sed

2450 3335 2576 3404 quid
2601 3337 2788 3396 existis

2451 3406 2677 3463 videre?
2703 3409 2803 3464 ho-

2452 3478 2652 3533 minem
2681 3482 2819 3537 moi.

2450 3548 2591 3603 libus
2613 3554 2778 3606 vesti-

2449 3623 2648 3675 mentis
2679 3624 2834 3680 indu-

2452 3693 2600 3762 tum?
2621 3692 2760 3749 Ecce
2789 3737 2804 3762 ,

2450 3761 2541 3831 qui
2561 3763 2612 3816 in
2637 3771 2786 3819 veste

2449 3831 2720 3904 praetiosa

2448 3913 2594 3965 sunt,
2621 3914 2675 3958 et
2703 3905 2758 3959 in

2447 3971 2669 4040 dolitiis,
2690 3975 2746 4030 in

3130 276 3238 344 858

1230 4085 1462 4144 CODEX
1499 4084 1897 4146 BRIXIANUS.

0 4191 32 4230 IS
69 4188 118 4263 et
163 4181 330 4263 erepit
364 4181 552 4251 loqui.
604 4179 673 4234 Et
702 4178 935 4263 reddidit
964 4181 1114 4236 illum
1160 4180 1317 4263 matri
1349 4196 1500 4263 suae.
1611 4180 1813 4263 Eadem
1857 4189 2043 4263 autem
2075 4180 2208 4263 liora
2242 4183 2453 4263 curavit
2496 4185 2696 4263 multos
2723 4203 2751 4242 a
2782 4188 3130 4259 languoribus
3156 4208 3213 4254 et

0 4250 262 4324 prehendit
299 4250 504 4308 autern
549 4266 748 4324 omnes
785 4251 967 4306 timor.
997 4263 1045 4306 et
1093 4253 1508 4322 magnilicabant
1613 4252 1802 4323 plagis.
1829 4264 1882 4307 et
1912 4252 2194 4322 spiritibus
2222 4253 2399 4308 malis.
2443 4265 2497 4310 et
2533 4258 2712 4314 caecis
2759 4250 2944 4319 multis
2987 4250 3212 4324 donavit

0 4336 66 4396 uim
91 4323 350 4380 ὤπυιες,
392 4324 570 4396 (μιῆς.Δ
593 4321 861 4396 propheta
903 4339 1130 4393 magnus
1173 4321 1407 4379 surrexit
1455 4326 1505 4396 in
1614 4321 1809 4396 visum.
1843 4325 1906 4378 Et
1937 4321 2275 4396 respondens
2299 4326 2458 4382 Jesus
2488 4327 2622 4383 dixit
2653 4330 2780 4386 illis.
2827 4335 3028 4391 Emites
3065 4321 3207 4396 nunt-

0 4392 74 4448 iis.
102 4404 152 4449 et
180 4397 304 4466 quia
337 4399 444 4451 visi
469 4394 599 4448 tavit
633 4394 773 4476 Deus
822 4392 1034 4476 plebem
1066 4411 1239 4476 suam.
1271 4397 1333 4449 Et
1372 4395 1506 4450 exiit
1614 4396 1742 4476 ti_a_te
1770 4392 2196 4476 Johanni'quae
2241 4397 2473 4476 vidistis.
2507 4411 2560 4476 et
2591 4403 2836 4460 audiSIis.
2883 4409 3007 4476 quia
3058 4392 3208 4467 cneci

18 4480 184 4522 sermo
198 4463 270 4525 in
303 4470 628 4522 universam
653 4463 916 4521 Judaeam
936 4467 1004 4522 de
1031 4483 1117 4522 eu.
1141 4478 1193 4521 et
1215 4467 1268 4521 in
1290 4483 1509 4521 onmem
1615 4469 1818 4540 vident.
1853 4467 1995 4521 clodi
2018 4463 2316 4524 ambulant.
2341 4470 2538 4540 Ieprosi
2564 4463 2914 4531 mundautur:
2938 4481 3085 4534 surdi
3110 4463 3210 4536 au:

6 4535 190 4617 innem.
502 4605 521 4618 ‘
567 4605 578 4618 .
715 4607 725 4617 _
782 4607 814 4618 υ
883 4607 894 4618 .
977 4609 1007 4618 Π
1077 4609 1086 4618 Ι
1201 4609 1214 4618 .
1286 4608 1332 4618 Η
1614 4537 1792 4618 diunt.
1823 4541 2020 4618 mortui
2052 4552 2357 4610 resurgunt.
2394 4535 2660 4618 pauperes
2687 4549 3123 4618 evangelia-antur
3153 4535 3210 4612 et

0 4605 40 4658 Et
68 4611 468 4681 nuntiaveruns
497 4605 726 4681 Iohanni
765 4607 1008 4681 discipuli
1041 4609 1159 4675 ejus
1185 4609 1251 4681 de
1285 4608 1363 4662 his
1388 4623 1504 4662 om-
1613 4609 1804 4681 heatus
1826 4619 1912 4664 est
1935 4605 2242 4681 quicuntu
2271 4628 2377 4666 non
2396 4605 2568 4668 'i'uerit
2587 4605 2992 4676 scandaliiatus
3013 4622 3064 4675 in
3095 4605 3204 4679 inél

3 4693 58 4731 us
83 4691 131 4732 et
157 4679 499 4763 convocavit
519 4677 656 4732 duos
679 4677 746 4763 (ire
766 4679 1043 4762 discipulis
1065 4683 1178 4734 suis
1197 4680 1498 4736 Iohannes.
1610 4678 1745 4763 gum
1775 4677 1966 4763 autem
2002 4677 2229 4763 discessi
2265 4695 2454 4763 essent
2496 4688 2675 4763 nuncii
2724 4689 2987 4763 {ullaniiis
3027 4677 3210 4763 coepit

0 4750 109 4802 nisit
137 4751 202 4804 ad
234 4751 428 4806 Jesum
469 4750 674 4826 dicens.
705 4748 784 4803 Tu
811 4765 870 4804 es
902 4752 992 4822 qui
1038 4761 1296 4826 venturus
1317 4767 1399 4826 es.
1431 4766 1498 4805 an
1609 4753 1791 4826 dicere
1825 4751 1985 4826 Jesus
2014 4753 2082 4826 de
2111 4751 2372 4826 Johanne
2391 4755 2454 4808 ad
2485 4758 2690 4810 turbas.
2724 4759 2862 4826 Quid
2907 4762 3100 4816 existis
3131 4748 3208 4820 'in

0 4836 61 4896 im
99 4831 487 4896 expectamus.
533 4819 689 4896 Cum_
717 4830 895 4896 autem
922 4819 1217 4896 Venissent
1265 4821 1331 4896 ad
1376 4837 1499 4896 eum
1609 4824 1886 4896 desertum
1936 4823 2124 4896 videre
2167 4823 2527 4896 harundinem
2559 4842 2588 4880 a
2619 4819 2778 4882 vente
2820 4835 3045 4888 moveri.
3098 4819 3208 4892 Sed

0 4891 302 4964 idixerunt.
334 4892 624 4948 Iohannes
656 4891 892 4962 Baptista
926 4894 1072 4964 misit
1101 4908 1198 4947 nos
1226 4894 1292 4949 ad
1325 4904 1375 4948 te
1412 4892 1496 4948 di-
1609 4895 1736 4964 quid
1785 4895 1978 4949 existis
2023 4893 2206 4948 videre
2260 4895 2534 4952 hominem
2583 4899 2836 4958 mollibus
2873 4891 3212 4964 vestimentis

0 4975 49 5017 is.
74 4963 153 5019 Tu
177 4979 241 5021 es
267 4965 360 5037 qui
394 4973 660 5020 venturus
698 4978 776 5018 es.
817 4978 886 5018 an
922 4962 1085 5019 alium
1127 4974 1495 5037 expectamus.
1612 4962 1856 5026 indutum
1891 4967 2031 5023 Ecce
2053 4967 2145 5036 qui
2190 4966 2244 5020 in
2285 4978 2435 5022 veste
2478 4969 2714 5038 pretiosa
2761 4981 2889 5027 sunt
2919 4983 2976 5030 et
3000 4962 3212 5034 deliciis

1189 5077 1423 5138 CODEX
1459 5075 1932 5138 CORBEIENSIS.

1683 5174 1775 5264 ἓξ.
1821 5175 1876 5264 ἱρ
1906 5182 2056 5264 veste
2088 5173 2325 5264 pretiosa
2365 5183 2615 5264 sunt3ct
2639 5177 2692 5238 in
2729 5177 2941 5246 deliciis
2984 5200 3213 5264 supera.

7 5168 57 5256 ρ.
96 5171 338 5256 yisitavig
365 5171 585 5256 plebem
613 5185 764 5255 suam
794 5171 851 5226 in
873 5173 1034 5229 bono.
1614 5245 1626 5256 ι
1683 5174 1775 5256 εξ.
1821 5175 1876 5256 in
1906 5182 2056 5256 veste
2088 5188 2123 5256 p

1612 5245 1872 5311 hundant,
1905 5245 1960 5299 in
1982 5243 2235 5302 domibus
2262 5247 2470 5323 Regum
2491 5255 2638 5306 sunt.

10 5243 58 5296 7.
98 5244 149 5298 in
181 5244 335 5298 omni
366 5241 571 5298 contini
593 5243 830 5313 regione.

0 5317 57 5367 lt.
98 5316 435 5372 arundinem
457 5315 478 5345 ²
501 5329 530 5369 a
557 5323 718 5370 vento
747 5316 971 5374 moveri.

1129 5408 1525 5470 VARIANTES
1562 5410 1970 5472 LECTIONES.

19 5500 122 5552 Gat.
145 5501 240 5552 sed
264 5500 484 5560 existis.
503 5496 650 5562 Vulg.
674 5498 776 5548 Sed
798 5499 913 5562 quid
938 5501 1133 5551 existis.
1677 5507 1697 5536 ¹
1731 5505 1790 5556 Et
1813 5504 1880 5556 ita
1906 5504 2014 5554 ϐαι.
2044 5509 2087 5555 et
2115 5506 2231 5554 Mm.

1201 5608 1568 5672 BLANCHINI
1596 5609 1826 5672 NOTZE.

0 5707 40 5772 η)
67 5704 150 5831 [tae
193 5715 250 5793 et
304 5711 424 5760 tex.
450 5702 549 5761 ΕΓ.
581 5704 632 5760 ἂν
652 5705 738 5778 ολῃ
758 5714 824 5781 τῇ
845 5706 1213 5786 ἰουδαίᾳξκερὶ
1241 5709 1429 5774 αὐτοῦ,
1456 5708 1544 5762 καί
1583 5707 1632 5763 ἐν
1668 5707 1818 5780 πόᾳ
1850 5712 1918 5778 τῇ
1939 5705 2245 5782 περιχώρῳ.
2276 5700 2450 5768 Favet
2487 5703 2880 5785 Vercell.--(b)
2905 5712 2982 5770 Ita
3011 5724 3065 5772 et
3091 5721 3219 5778 cod.

0 5787 76 5831 IL.
104 5799 122 5831 ε
153 5792 410 5831 εοαπενε·
440 5799 449 5808 ο

0 5787 49 5830 It~
64 5818 76 5841 ,
104 5787 410 5852 ἐθεράπευε·
440 5799 449 5808 ο
