3910 6336
109 371 189 430 555
459 374 462 375 ί
1135 363 1588 434 εγιμαειιυω
1633 363 2001 434 SECUNDUM
2039 367 2294 433 suum.
3269 381 3374 436 δίας

472 478 708 549 conss
747 477 1288 551 VERCELLENSIS.
2213 485 2448 556 CODEX
2473 485 2934 571 vastissimis.

111 587 154 642 6.
184 583 284 656 Iud.
315 584 384 639 Et
405 584 552 642 aliud
913 587 1002 656 qui
1035 587 1290 654 audiunt;
1775 586 1829 642 6.
1870 595 2018 642 runt.
2045 587 2114 642 Et
2612 589 2862 646 seminati
2894 593 3054 655 sunt;

110 654 272 714 cecidit
299 656 317 686 ¹
348 673 440 710 su-
911 654 1260 730 venitautem
1774 657 1920 730 aliud
1945 660 2089 713 ceci-
2615 660 2671 717 hi
2699 669 2852 726 sunt,
2883 659 2978 730 qui

110 744 186 800 per
211 737 435 796 petram,
907 729 1173 796 diabolus,
1208 739 1265 785 et
1774 727 1855 783 dit
1880 743 2042 800 supra
2067 739 2175 786 ter-
2612 732 2838 788 audiunt
2866 727 3092 787 verbum

111 812 156 856 et
175 809 372 854 enatum
754 844 762 851 .
904 801 1063 856 tollet
1089 800 1157 856 de
1179 815 1301 858 cor-
1775 814 1916 867 ram,
1943 809 1998 856 et
2017 816 2112 855 na-
2616 803 2745 869 Dei;
2780 802 2930 858 venit

113 870 316 942 exaruit,
333 885 498 942 prop-
908 872 974 927 de
1003 886 1188 927 eorum
1775 879 1887 925 tum
1911 871 2074 940 aruit,
2611 882 2794 930 autem
2817 872 3086 938 diabolus,

113 951 177 998 ter
192 941 319 1011 quod
341 941 450 997 non
908 941 1158 1012 verbum,
1183 959 1251 1000 ne
1774 943 1899 1011 quia
1933 958 2039 997 non
2614 955 2669 1001 et
2701 945 2842 1000 tollit
2874 983 2890 998 .
2937 983 2952 997 .
2995 985 3009 998 .
3053 965 3068 998 ὅ
3113 983 3126 996 .

117 1013 306 1067 haberet
331 1027 487 1070 umo—
909 1015 1198 1070 credentes
1776 1012 2008 1068 habebat
2030 1014 2128 1068 bu—
2614 1016 2683 1073 de
2708 1016 2922 1072 illorum

111 1099 216 1140 rem.
911 1086 1045 1140 salvi
1076 1087 1226 1140 ﬁant.
1775 1085 1828 1138 7.
1870 1099 2097 1140 morem.
2122 1086 2192 1142 Et
2616 1128 2629 1143 .
2677 1128 2690 1142 .
2736 1128 2748 1141 .
2796 1128 2810 1140 .
2856 1128 2870 1140 .
2917 1126 2930 1140 .
2965 1087 3217 1153 verbtini,

111 1158 151 1210 7.
185 1154 238 1209 Et
258 1154 386 1210 aliut
406 1155 555 1214 ceci-
914 1158 1001 1212 15.
1043 1157 1142 1224 Qui
1170 1165 1350 1214 autem
1775 1155 1909 1210 aliut
1931 1157 2130 1212 cecidit
2610 1175 2679 1215 ne
2707 1157 2991 1214 credentes

112 1227 172 1282 dit
192 1225 318 1281 inter
344 1230 455 1298 spi-
910 1242 1074 1304 super
1111 1237 1339 1304 petram,
1775 1227 1918 1304 inter
1938 1228 2146 1304 spinas,
2609 1230 2931 1304 salviiiant.
2972 1300 2984 1304 _
3133 1297 3136 1304 ι

114 1312 203 1362 nas,
225 1297 486 1371 et‘creve-
909 1298 964 1353 hi
987 1301 1276 1371 sunt,_qui,-
1775 1306 1831 1371 et
1851 1297 2009 1352 simul
2032 1314 2122 1371 εχ·
2610 1303 2701 1356 15.
2733 1301 2864 1355 Nam
2896 1300 2987 1368 qui
3015 1297 3176 1371 supra

112 1378 208 1423 runt
222 1368 427 1444 spinae,
908 1383 1028 1444 cum
1056 1369 1245 1425 audie-
1778 1368 1968 1444 bogtae
2001 1369 2190 1438 spinae
2611 1383 2821 1444 petram
2840 1412 2873 1444 ,ί
2890 1371 2944 1425 hi

113 1451 155 1496 et
172 1439 441 1512 suil'ocave—
909 1439 1038 1512 rint,
1066 1456 1186 1496 cum
1209 1457 1344 1512 gau-
1427 1488 1430 1490 .
1777 1439 2179 1512 suﬂ'ocaverunt
2610 1439 2758 1510 sunt,
2787 1443 2898 1512 qui,
2931 1455 3055 1498 cum

113 1511 368 1582 runtillud.
399 1513 473 1568 Et
529 1533 534 1538 ε
907 1511 1000 1566 dio
1024 1511 1288 1582 recipient
1777 1511 1831 1566 8.
1873 1511 2011 1566 illut.
2047 1513 2111 1566 Et
2610 1511 2880 1570 audierint
2919 1529 3042 1570 ver-

115 1581 230 1637 aiiud
253 1583 444 1639 cecidit
911 1581 1175 1638 verbum’:
1210 1591 1266 1638 et
1774 1582 1920 1636 aliud
1948 1583 2168 1640 cecidit.
2609 1585 2758 1650 bum,
2792 1599 2915 1639 cum

116 1667 242 1728 super
265 1662 460 1710 terram
911 1655 1010 1722 ipsi
1036 1654 1058 1728 ’ζ
1089 1654 1299 1728 r_adices
1777 1652 1830 1728 in
1866 1661 2065 1709 terram
2608 1656 2970 1728 gaudioireci-

116 1725 352 1798 optimam,
380 1733 438 1781 et
908 1741 1016 1798 non
1040 1725 1273 1798 habent;
1778 1723 2082 1798 bonam,_et
2611 1723 2761 1798 piunt
2791 1725 2922 1798 illud
2947 1743 2962 1780 :

117 1795 368 1861 bonam,et
393 1812 489 1853 or-
907 1797 996 1866 qui
1028 1797 1094 1851 ad
1126 1805 1262 1850 tem-
1777 1806 1960 1866 natum
1993 1795 2120 1851 fecit
2611 1795 2664 1853 et
2691 1799 2746 1854 bi
2778 1797 3015 1854 radices?

119 1876 210 1921 tum
231 1866 343 1922 iecit
361 1869 502 1925 lrnc-
909 1863 1008 1935 pus
1027 1867 1278 1935 credunt,
1776 1863 2006 1921 fructum
2033 1882 2162 1924 cen-
2612 1885 2723 1925 non
2763 1871 3000 1935 habent;

123 1945 214 1992 tum
233 1940 414 1995 centies
907 1946 964 1993 et
987 1938 1038 1992 in
1065 1948 1273 2008 tempo-
1777 1939 2010 2011 tnplum‘.
2611 1941 2739 2011 quia
2761 1940 2827 1994 ad
2855 1949 2994 1995 tem-

121 2017 304 2082 t_ant_um.
356 2081 364 2082 ί
907 2025 966 2082 re
991 2020 1219 2082 tempta-
1777 2008 1922 2082 llaec
1955 2008 2173 2082 dicens,
2611 2008 2714 2082 pus
2740 2011 2990 2078 credunt,-

118 2078 173 2156 Ei
202 2080 314 2156 haec
339 2081 541 2156 dicens,
904 2081 1073 2156 tionis
1091 2080 1266 2156 disce:
1372 2155 1379 2156 ί
1773 2079 2045 2156 clamabat
2070 2100 2082 2134 :
2112 2081 2216 2150 Qui
2606 2078 2662 2138 et
2691 2083 2743 2136 in
2772 2091 3022 2156 tempore

119 2150 342 2224 clamabat
375 2171 387 2206 :
415 2150 537 2222 Qni'
914 2151 998 2204 M.
1042 2151 1197 2205 dunt.
1229 2155 1384 2220 Quod
1777 2151 1942 2207 habet
1969 2166 2134 2210 aures
2609 2150 2976 2224 temptationis

119 2219 247 2295 habet
267 2237 417 2295 aures
440 2219 457 2222 ⁷
906 2233 1088 2278 autem
1122 2223 1181 2295 in,
1203 2219 1314 2295 spi-
1778 2223 2054 2295 audiendi,
2085 2225 2288 2280 audiat.
2607 2219 2891 2282 recedunt.

118 2292 342 2367 audiendi,
374 2311 470 2351 au-
906 2308 1004 2367 nas
1037 2292 1251 2363 cecidit;
1775 2292 1829 2348 9.
1863 2295 2341 2367 lnterrogaverunt
2610 2299 2697 2352 14.
2739 2295 2892 2365 Quod
2921 2293 3100 2354 autem
3133 2299 3188 2353 in

118 2362 300 2438 9._diat.
324 2367 561 2425 lutei-ro.
907 2362 962 2418 lii
992 2374 1138 2438 sunt,
1163 2367 1252 2435 qui
1775 2375 1954 2438 autem
1978 2362 2102 2422 eum
2607 2362 2780 2438 spinis
2801 2369 3014 2436 cecidit,

117 2435 388 2509 gabantau-
905 2436 1132 2509 audiunt
1171 2445 1291 2491 ver;
1775 2436 2049 2506 discipuli,
2078 2451 2216 2508 quae
2608 2435 2662 2493 hi
2693 2447 2850 2505 sunt,
2882 2441 2973 2509 qui

117 2516 198 2577 tem
223 2508 358 2563 illum
904 2506 1057 2574 bum,
1091 2515 1146 2561 et
1167 2522 1196 2561 a
1219 2509 1421 2566 sollici-
1774 2519 1919 2562 esset
1949 2506 2109 2564 haec‘
2605 2511 2853 2577 audiunt,
2881 2506 2937 2564 et

113 2575 337 2647 discipuli,
361 2582 519 2650 quid—
908 2578 1208 2650 tudinibus,
1243 2587 1299 2634 et
1775 2579 2057 2648 parabola.
2604 2597 2634 2635 a
2666 2575 3123 2650 solicitudinlbus,

115 2663 210 2723 nam
233 2649 524 2718 essethaec
904 2649 1193 2723 divi_t_iis,et
1222 2650 1303 2704 lu-
1772 2649 2111 2723 10._Qtijbus
2141 2650 2256 2723 ipse
2604 2661 2662 2707 et
2684 2653 2888 2707 divitiis

117 2720 192 2794 it).
215 2723 472 2794 parabola.
505 2725 608 2794 Qui
903 2719 1070 2794 _x_u‘riis
1119 2734 1310 2794 saecuc
1349 2743 1374 2758 σε
1770 2719 1947 2794 dixit:
1977 2719 2175 2778 Vobis'
2603 2733 2657 2777 et
2687 2723 3063 2792 voluptatibus

113 2788 248 2844 dixit:
278 2792 445 2851 Vobis
516 2788 550 2794 ’⁷
901 2791 937 2846 li
965 2790 1271 2862 ingredien-
1770 2790 1955 2846 datum
1991 2803 2075 2847 est
2604 2794 2743 2848 vitae
2773 2788 2995 2859 euntes,

113 2861 319 2917 traditum
340 2877 426 2921 est
904 2873 1008 2927 tes,
1033 2862 1302 2917 sullocan-
1769 2877 1939 2918 nosse
1969 2875 2172 2935 myste—
2602 2865 2764 2919 simul
2795 2863 3062 2918 sull'ocané

112 2936 385 3002 mysterium
899 2941 1009 3006 tur,
1039 2941 1096 3006 et
1121 2935 1141 2964 ³
1166 2948 1275 2988 non
1769 2935 1908 3006 rium
1947 2937 2096 3006 regni
2606 2944 2712 2997 tur,
2741 2943 2798 2991 et
2827 2949 2933 3006 non

111 3006 228 3072 regni
256 3007 346 3062 Dei
378 3026 392 3061 :
420 3024 511 3065 ce.
905 3005 1036 3059 dant
1061 3005 1206 3060 lruc-
1769 3003 1864 3059 Dei
1893 3023 1906 3058 :
2013 3003 2032 3006 ⁷
2603 3006 2853 3062 referunt
2889 3005 3002 3072 frti-'-

114 3069 217 3128 teiis
239 3088 412 3134 autem
907 3084 1040 3130 tum.
1768 3077 1967 3130 ceteris
1997 3087 2176 3133 autem
2605 3079 2692 3132 l5.
2735 3087 2904 3132 ctum.
2937 3069 3099 3144 Quod
3126 3071 3242 3133 dit-

109 3145 150 3198 in
182 3149 450 3217 mrabolis,
905 3148 994 3201 15.
1035 3147 1187 3215 Quod
1215 3161 1396 3207 autem
1770 3146 1822 3201 in
1854 3149 2130 3217 parabolis
2605 3158 2714 3203 tem
2743 3151 2795 3203 in
2827 3149 3025 3204 bonam

111 3227 154 3268 ut
176 3217 402 3276 videntes
901 3217 956 3273 in
981 3227 1178 3276 terram
1769 3218 1984 3288 loquor,
2017 3230 2075 3274 ut
2601 3228 2800 3275 terram
2833 3235 2846 3273 :
2880 3219 2937 3274 lli

109 3301 192 3341 non
222 3290 450 3361 videant,
901 3290 1140 3346 bonam:
1174 3293 1229 3348 hi
1260 3305 1412 3361 sunt,
1769 3291 2016 3347 videntes
2057 3307 2164 3347 non
2597 3299 2764 3359 sunt,
2797 3291 2887 3361 qui
2920 3293 2974 3346 in

109 3361 183 3439 et‘
204 3362 435 3439 audi_en-_
881 3362 995 3432 .qui
1015 3361 1076 3439 in
1105 3365 1273 3439 corde
1308 3365 1384 3439 (α)
1409 3368 1505 3422 bo-
1768 3361 2006 3439 videant,
2039 3372 2094 3419 et
2597 3362 2762 3439 corde
2791 3361 2992 3439 (a)_bo-

109 3437 172 3504 tes
192 3447 282 3487 non
310 3435 470 3491 intel-
905 3447 976 3486 no
1000 3433 1041 3504 ἰ-
1073 3433 1373 3493 audientes
1767 3433 2048 3504 audientes
2077 3450 2183 3492 non
2603 3449 2674 3488 no
2693 3433 2730 3504 ’τ
2760 3433 3079 3501 audientes,

105 3499 269 3574 legant.
902 3499 1150 3572 verbum,
1184 3523 1272 3562 re-
1769 3503 2104 3574 intellegant.
2600 3499 2824 3560 verbum
2848 3508 2978 3560 reti-

103 3571 175 3625 ll.
209 3575 296 3631 Est
314 3586 494 3634 autem
528 3579 660 3635 haec
812 3582 814 3584 '
904 3575 1099 3641 tinent,
1123 3571 1178 3632 et
1211 3578 1354 3635 fruc—
1771 3575 1860 3628 11.
1905 3571 1999 3630 Est
2025 3587 2202 3634 autem
2227 3578 2360 3634 haec
2600 3586 2764 3644 nent,
2792 3585 2848 3630 et
2872 3576 2984 3630 fru-

101 3645 323 3710 parabola
353 3667 367 3702 :
406 3649 505 3706 Se-
907 3655 1016 3700 tum
1049 3648 1178 3703 dant
1210 3651 1264 3704 in
1769 3648 2024 3716 Ρίιτθὺοιᾶ
2057 3651 2217 3715 1³Ιὶδῖ
2600 3656 2743 3701 Clum
2776 3646 3023 3703 adfare?"

99 3726 317 3788 I_n_en,est
339 3735 453 3775 ver-
647 3765 660 3781 ,
905 3719 1191 3788 patientia.
1771 3717 1989 3788 Semen,
2022 3731 2104 3773 est
2602 3732 2699 3788 per
2723 3719 3059 3787 patientiam.

100 3785 175 3838 12.
210 3790 326 3845 bum
349 3791 462 3847 Dei.
493 3791 595 3860 Qui
908 3785 1000 3842 lt).
1042 3789 1214 3845 Nemo
1242 3800 1422 3848 autem
1770 3787 1993 3860 verbum
2027 3791 2122 3845 Dei
2603 3787 2690 3842 16.
2724 3785 2902 3860 Nemo
2931 3797 3108 3845 autem

96 3861 468 3918 autem‘secus
506 3857 537 3860 ⁷⁷
909 3860 930 3890 ⁸
953 3861 1232 3918 lucernam
1771 3857 1860 3912 12.
1902 3858 2000 3926 Qui
2032 3871 2211 3919 autem
2596 3859 2843 3914 accendit
2871 3859 2953 3914 lu-

97 3927 239 3998 viam,
265 3932 314 3988 bi
335 3944 481 4001 sunt,
903 3946 1188 3989 accensam
1769 3942 1928 3984 secus
1955 3931 2095 3986 viam
2597 3945 2817 3986 cernam
2842 3971 2856 3996 ,
2881 3940 2936 3986 et

1331 4037 1602 4098 acounx
1641 4029 2037 4103 BRIXIANUS.

101 4127 294 4205 litaiiiud
311 4132 508 4189 cecidit
532 4149 694 4203 supra
719 4142 925 4205 petram
951 4143 1005 4188 et
1033 4143 1216 4188 natum
1231 4133 1396 4188 aruit.
1415 4134 1540 4202 quia
1561 4149 1671 4188 non
1776 4138 1933 4192 diunt
1976 4135 2173 4194 deinde
2200 4137 2351 4193 venit
2394 4136 2663 4192 diabolus.
2702 4145 2757 4191 et
2789 4135 2932 4190 tollit
2958 4134 3026 4190 de
3049 4134 3215 4190 corde
3246 4133 3371 4190 illo-

97 4199 828 4261 habebatumorem.Etaliud
847 4199 1670 4277 ceciditinterspinas.fetsimul
1779 4225 1896 4264 rum
1931 4210 2172 4265 verbum.
2209 4225 2281 4266 ne
2306 4210 2594 4265 credentes
2618 4207 2754 4262 salvi
2797 4207 2949 4262 ﬁant.
2983 4206 3120 4262 Nam
3149 4207 3240 4277 qui
3272 4221 3369 4262 su-

98 4285 307 4351 exo‘rtae
334 4285 465 4332 sunt
495 4279 688 4351 spinae
717 4288 772 4332 et
799 4276 1388 4351 sull'ocaveruntillud.
1413 4276 1500 4351 _Et
1524 4277 1670 4351 aliud
1780 4295 1876 4351 pra
1909 4292 2118 4351 petram
2163 4283 2217 4336 hi
2241 4290 2370 4336 sunt
2396 4281 2486 4351 qui
2517 4296 2640 4336 cum
2682 4278 2972 4334 audierint.
3023 4291 3147 4351 cum
3171 4276 3372 4349 gaudio

98 4345 347 4403 ceciditin
384 4345 808 4422 terramibonam
841 4358 893 4403 et
919 4347 1266 4418 germinavit.
1316 4357 1371 4422 et
1404 4347 1533 4422 fecit
1561 4348 1672 4422 [ηιξ
1780 4345 2083 4422 suscipiunt
2121 4354 2368 4409 verbum.
2413 4345 2470 4406 et
2504 4353 2554 4406 bi
2601 4351 2811 4406 radices
2853 4366 2958 4404 non
2987 4345 3210 4422 habent.
3245 4351 3373 4420 quia

96 4427 229 4495 ctum
255 4419 567 4495 centuplum,
594 4421 738 4495 llaec
793 4436 918 4495 cum
953 4422 1267 4495 loqueretur
1299 4419 1535 4474 dicebat.
1563 4421 1668 4487 Qui
1782 4424 1847 4477 ad
1873 4419 2082 4495 tempus
2107 4425 2355 4488 credunt,
2385 4433 2438 4480 et
2464 4423 2518 4478 in
2545 4434 2789 4495 tempore
2817 4421 3187 4495 temptationis
3207 4419 3370 4495 recea

98 4483 432 4564 habetaures
449 4491 705 4564 audiendi
735 4490 943 4545 audiat.
976 4483 1460 4559 ln'terrogaverunt
1492 4483 1671 4564 autem
1783 4495 1917 4549 dunt
1940 4483 2092 4562 Q'uod
2125 4505 2304 4551 autem
2341 4483 2400 4549 in
2433 4495 2604 4564 spinis
2631 4483 2829 4548 cecidit
2865 4483 3096 4547 ΙιΓευιιῑ.
3131 4493 3220 4561 qui
3247 4507 3371 4564 cum

96 4571 206 4632 eum
233 4560 476 4631 discipuli
508 4562 630 4632 ejus
651 4562 917 4626 dicentes,
954 4577 1094 4631 quae
1121 4571 1207 4615 est
1241 4564 1373 4616 haec
1395 4561 1672 4628 parabola.
1781 4560 2054 4621 audierint
2073 4567 2296 4622 verbum
2327 4581 2356 4620 a
2378 4560 2743 4622 sollicitudine
2769 4564 3074 4619 divitiarum
3098 4560 3160 4617 et
3179 4563 3374 4630 volup-

94 4625 281 4692 Quibus
311 4625 398 4688 ille
439 4625 578 4688 dixit
608 4633 774 4689 Vobis
799 4625 986 4688 datum
1017 4641 1121 4688 est.
1164 4647 1326 4687 nosse
1354 4625 1672 4703 mysterium
1785 4639 1984 4691 tatibus
2031 4639 2174 4693 vitae
2225 4647 2420 4693 euntes
2463 4637 2796 4692 snﬂ'ocantnr
2831 4639 2887 4689 et
2930 4643 3036 4688 non
3071 4633 3202 4687 dant
3229 4625 3373 4687 l'ruca

94 4704 228 4769 τεςυί
254 4703 364 4758 Dei-
1212 4775 1215 4776 ν
1245 4773 1256 4776 Α
1635 4775 1641 4776 γ
1783 4717 1895 4762 tum
1923 4709 2078 4776 Quod
2125 4717 2305 4764 autem
2358 4709 2412 4762 in
2467 4720 2668 4763 terram
2709 4707 2909 4760 bonam
2941 4705 3138 4760 cecidit
3167 4705 3217 4757 hi
3247 4705 3376 4757 sunt

253 4777 663 4850 ceterisantem
690 4777 742 4830 in
779 4777 1054 4850 parabolis
1085 4785 1140 4830 ut
1171 4773 1421 4830 videntes
1457 4789 1567 4828 non
1598 4775 1676 4828 νὶ-
1781 4782 1871 4850 qni
1909 4773 1962 4834 in
2000 4781 2166 4836 corde
2197 4781 2338 4835 bono
2369 4789 2424 4834 et
2456 4780 2688 4848 benigno
2715 4776 2999 4850 audientes
3027 4777 3253 4850 verbum
3280 4789 3368 4828 rc-

94 4838 318 4919 deantet
347 4847 630 4902 audientes
662 4838 1125 4919 non'intelligant.
1545 4917 1555 4919 _
1782 4838 1976 4907 tinent.
2020 4861 2075 4907 et
2114 4851 2346 4907 fructuum
2389 4838 2644 4906 adierunt
2684 4864 2780 4919 per
2821 4847 3156 4919 patientiam.
3200 4844 3372 4900 Nemo

258 4916 398 4973 llaec
447 4928 534 4972 est
576 4929 756 4974 antem
793 4919 1046 4988 parabola
1088 4918 1288 4973 Semen
1332 4926 1415 4971 est
1443 4917 1669 4972 verbum
1780 4931 1958 4980 autem
1991 4924 2267 4980 lucernam
2288 4921 2590 4979 accendens

96 4980 196 5039 Dei.
221 4987 369 5057 Quod
395 4999 576 5045 autem
607 5005 764 5046 secus
793 4980 941 5045 'viam
963 4989 1180 5046 cecidit.
1215 4989 1270 5044 hi
1299 5000 1427 5044 sunt
1455 4989 1546 5059 qui
1577 5004 1674 5043 au-

1377 5102 1615 5160 CODEX
1649 5097 2116 5158 COBBEIENSIS.

160 5195 278 5270 CAP.
301 5199 438 5258 Vlli.
460 5199 809 5257 ιιι-πως
858 5199 1044 5258 datum
1083 5209 1166 5255 est
1197 5199 1339 5255 scire
1359 5197 1680 5270 mysterium
1861 5193 1948 5270 iis.
1990 5204 2204 5270 euntes,
2237 5192 2776 5270 simulsui‘l‘ocantur.

93 5263 199 5323 Dei.
1419 5263 1435 5270 ⁷
1859 5267 1946 5322 15.
1987 5274 2042 5320 et
2071 5265 2304 5321 fructum
2328 5265 2560 5321 aﬂ‘crunt
2591 5275 2684 5335 per
2707 5263 3047 5335 patientiam.

1324 5351 1490 5418 VARI
1503 5360 1721 5418 ANTES
1758 5353 2052 5416 LECTION
2061 5358 2162 5415 ES.

155 5455 171 5521 ξ
202 5455 304 5521 Qui.
327 5470 478 5520 super
500 5463 714 5520 petrosa.
751 5453 898 5521 Vulg.
927 5469 1070 5519 supra
1098 5461 1353 5521 petram.“
1528 5519 1571 5521 __
1615 5511 1626 5521 ι
1845 5451 1869 5521 ξ
1902 5454 2007 5521 Gut.
2032 5455 2079 5504 el
2101 5451 2223 5521 Hm.-
2247 5453 2487 5521 radicem.
2518 5450 2662 5521 Vulg.
2685 5451 2894 5521 radices.

158 5515 304 5583 ἶσαι.
330 5511 735 5583 audientes,_non
761 5511 1059 5583 audiantfet
1078 5511 1174 5569 non
1198 5516 1496 5579 intelligant.
1528 5511 1676 5579 Vulg.
1847 5517 1869 5583 ξ
1907 5520 2023 5583 ym.
2048 5530 2144 5566 non
2171 5517 2412 5583 iecerunt.
2447 5513 2591 5578 Vulg.
2615 5511 2716 5565 non
2742 5515 2982 5583 referunt.

100 5577 360 5645 audientes,
383 5595 479 5631 non
506 5581 801 5645 intelligant.
963 5577 974 5583 ’
1132 5642 1142 5645 _
1169 5642 1177 5645 Α
1233 5643 1236 5645 Α
1366 5577 1383 5579 “
1400 5641 1444 5645 __
1490 5641 1492 5644 ν
1630 5577 1646 5579 ⁷’
1784 5641 1796 5645 _
1849 5578 1869 5609 ⁸
1904 5580 2012 5629 Gal.
2034 5578 2308 5628 accendens
2329 5577 2596 5645 lucernam,
2614 5580 2808 5642 operuit
2825 5589 3152 5645 eamgvasso...
3171 5583 3240 5630 ut.
3263 5579 3387 5630 Mm.

132 5639 176 5705 f
207 5643 310 5692 Gal.
336 5637 486 5693 secus
508 5644 636 5694 viam
668 5637 791 5706 sunt
830 5645 1083 5704 seminati,
1130 5642 1181 5706 bi
1221 5643 1352 5692 Sunt.
1393 5641 1510 5690 Mm.
1533 5645 1680 5690 Secus
1784 5641 2040 5706 ltiCot‘nam
2077 5649 2327 5706 accensam
2359 5641 2520 5702 operit
2560 5637 2670 5690 eam
2689 5654 2821 5692 vaso.
2853 5637 2999 5706 Vulg.
3031 5637 3280 5692 lucernam
3303 5651 3387 5691 ac-

96 5703 215 5753 vtam
235 5715 365 5766 sunt,
393 5707 441 5757 hi
462 5712 593 5756 sunt.
629 5705 775 5773 Vulg.
795 5720 944 5758 secus
968 5703 1110 5768 viam,
1133 5704 1184 5754 hi
1204 5709 1332 5755 sunt.
1788 5704 2026 5767 cendens,
2054 5703 2218 5768 cperit
2236 5715 2346 5753 eam
2370 5715 2508 5766 vase,
2529 5711 2630 5755 aut.

1377 5783 1746 5843 BLANCHINI
1794 5784 2025 5843 NOTAE.

172 5877 242 5950 (α)
273 5879 407 5939 Post
427 5881 581 5952 bona,
605 5881 760 5939 deest
790 5889 839 5938 et
865 5882 1078 5955 optimo,
1102 5881 1261 5938 etiam
1286 5880 1339 5938 in
1365 5878 1488 5939 cod.
1514 5879 1670 5938 Cant.
