1955 3168
221 153 270 181 571
488 152 624 181 EUSEBII
644 151 811 182 VERCELL.
833 147 1057 183 EVANGELIUM
1078 154 1147 183 CUM
1169 148 1284 182 VARIIS
1303 153 1380 182 COD.
1401 155 1601 185 COLLATUM.
1805 159 1850 187 .372

402 211 519 240 CODEX
537 210 812 241 YERCELLENSIS.

225 263 333 296 gerunt,
344 263 371 287 et
384 266 429 287 re-

227 296 369 323 nuntiave—

229 335 292 359 runt
304 330 375 366 quod

227 367 327 394 factum
335 369 377 393 est

227 403 255 430 in
270 402 420 435 civitatem;

227 443 255 466 et
269 439 295 465 in
307 444 396 472 agros.

227 473 271 502 35.
293 473 429 501 Exierunt
447 477 497 501 au-

228 514 281 536 tent
293 509 387 537 videre

227 545 299 581 quod
316 545 418 572 factum

229 586 280 614 est,
299 585 327 608 et
346 587 431 608 vene-

229 616 293 644 runt
308 616 342 643 ad
355 616 447 644 Jesum
460 636 468 651 ,

230 657 257 680 et
271 653 381 680 invene-

230 693 294 716 runt
308 687 406 715 seden-

230 728 284 751 tem
296 724 304 739 ¹
318 723 468 758 hominem,-

231 767 246 787 a
257 767 311 794 quo
323 759 433 786 daemo-

231 795 274 822 nia
289 795 423 828 exierant,

231 831 368 864 vestitum,
382 835 411 858 et

231 871 401 894 constantem

233 907 323 929 mente
335 907 397 929 ante

233 938 313 973 pedes
329 938 402 970 Jesu,

234 979 260 999 et
275 975 431 1000 timuerunt.

233 1009 278 1035 36.
301 1009 451 1035 Adnuntia-

232 1049 330 1072 verunt
349 1052 383 1071 au
389 1059 397 1064 -

216 1078 286 1108 'tem
303 1080 367 1113 illis,
382 1079 421 1116 (α)
432 1080 443 1095 ’
458 1080 504 1116 qui
519 1080 540 1116 1-

233 1116 367 1149 videram,

233 1151 370 1188 quomodo

235 1192 346 1215 sanatus
357 1191 399 1215 est
408 1187 442 1220 is,

233 1224 279 1260 qui
291 1223 328 1260 (b)
345 1231 358 1249 a
374 1223 485 1250 daemo-

235 1258 287 1287 niis
297 1258 319 1294 ἰι-
333 1263 391 1286 erat
411 1266 456 1286 ve-
488 1270 494 1279 ι

236 1299 324 1322 xalus.

236 1331 282 1358 57.
303 1329 418 1365 Rogavit
431 1334 523 1358 autem

236 1366 310 1393 illum
325 1367 415 1393 omnis

240 1401 387 1429 multitudo

235 1437 356 1473 regionis
368 1437 421 1465 Ge-

237 1481 408 1506 rasenorum,

239 1514 268 1537 ut
281 1509 406 1536 discede—

237 1549 280 1573 ret
294 1544 329 1572 ab
342 1545 397 1577 eis;
413 1551 480 1580 quo-

236 1581 309 1608 niam
324 1580 407 1608 timo-

237 1624 268 1644 re
285 1622 383 1650 magno

238 1652 398 1680 detineban-

239 1692 292 1715 tur.
309 1688 369 1723 ipse
383 1695 429 1715 au-

237 1728 292 1751 tem
307 1731 402 1751 ascen-

238 1760 306 1787 dens
319 1759 347 1786 in
359 1767 408 1786 na-

644 258 750 285 Dimisit
764 267 810 285 au-

645 299 696 321 tem
713 295 791 321 Jesus
804 295 838 321 il-

645 331 713 360 lum,
726 330 818 357 dicens
836 339 841 357 :

644 366 688 393 59.
710 366 857 394 Revertere

645 402 715 428 domi
728 407 792 436 aput

646 442 682 470 te,
698 442 725 465 et
740 438 837 465 enarra

645 477 743 508 quanta
761 473 809 501 libi

646 509 656 524 ⁸
670 509 765 536 fecerit
773 509 855 537 Deus.

646 545 679 572 Et
691 544 757 571 abiit
771 553 819 579 per

647 585 730 608 totam
742 581 809 607 civi-

648 620 730 643 tatem
745 624 822 650 prae-

648 652 740 679 dicans
755 660 838 686 quan-

650 693 674 715 la
689 688 766 714 Jesus
780 688 859 715 fecis-

649 728 690 751 set
704 723 751 749 illi.

650 760 694 786 40.
717 759 827 786 Factum
840 764 881 787 est
892 765 938 786 att-

650 800 717 827 tem,
736 795 797 821 dunt
813 803 855 822 re-

648 835 800 858 verteretur

648 866 742 898 Jesus,
757 871 784 893 et
799 873 878 894 exce-

649 903 717 937 pit.
739 920 746 928 .
770 922 776 929 .
799 910 842 929 um

649 943 692 965 tur
713 956 720 964 .
742 959 749 965 .
772 957 780 965 .
802 957 810 965 .
830 942 906 966 erant

649 974 904 1002 eni......s

649 1013 822 1044 expectantes

649 1052 722 1072 cum.

650 1081 694 1108 41.
716 1080 750 1108 Et
762 1088 825 1108 ecce
839 1080 913 1108 venit

650 1117 693 1143 vir
704 1116 813 1144 nomine

651 1151 754 1185 Jairus,
766 1157 793 1179 et
806 1152 850 1179 ltic

652 1193 711 1215 erat
721 1188 850 1223 Princeps
891 1202 894 1205 -

653 1223 811 1258 Synagogae
823 1232 829 1250 :

652 1267 667 1286 C
671 1264 679 1286 ι
683 1280 690 1292 ,
703 1263 822 1294 prostra-

655 1299 696 1322 tus
706 1295 739 1322 ad
751 1295 833 1330 pedes

654 1330 718 1358 Jesu
727 1351 734 1361 .
750 1338 828 1366 roga-

654 1367 700 1393 bat
716 1366 802 1399 illum,
816 1372 845 1395 ut
858 1368 899 1395 iti-

654 1406 739 1429 traret
753 1402 778 1429 in

655 1438 764 1465 domum
776 1442 853 1466 suam

654 1472 700 1500 42.
721 1473 787 1507 Quia
803 1475 858 1502 iilia‘
870 1473 930 1502 uni-

654 1516 686 1536 ca
697 1509 805 1536 eratd'lli
820 1509 859 1538 fe-

654 1552 685 1572 re
699 1552 831 1572 annorum

654 1580 808 1613 duodecim,

655 1620 683 1644 et
697 1616 763 1643 haec
774 1616 858 1644 mori-

655 1651 761 1678 cbutur.

656 1686 691 1714 Et
702 1686 802 1714 factum
814 1691 868 1721 est,-

655 1722 719 1750 dum
730 1723 782 1751 iret.
791 1723 833 1759 (ά)
848 1721 915 1758 ίαν-Ι

657 1758 925 1787 ιω...⁷..ειιει

1286 211 1404 240 eouex
1423 205 1650 241 VERONENSIS.

1076 264 1148 293 runt,
1161 263 1188 286 et
1203 267 1273 286 nun-

1075 296 1211 323 tiaverunt
1229 295 1256 322 in

1075 331 1222 364 civitatem,
1239 334 1266 358 et

1075 367 1102 394 in
1120 367 1207 394 villas.

1075 402 1121 430 55.
1144 403 1275 429 Exierunt
1287 405 1334 428 au-

1077 443 1130 465 tem
1143 438 1235 465 videre

1077 473 1148 509 quod
1163 473 1263 500 factum

1077 513 1128 542 est,
1145 514 1171 536 et
1180 517 1261 536 vene-

1078 549 1139 572 ruttt
1153 545 1185 571 ad
1196 544 1299 576 Jesum,

1078 584 1106 608 et
1119 581 1284 608 invenerunt

1079 615 1215 644 hominem
1231 623 1282 643 se—

1078 652 1199 684 dentem,
1215 659 1229 679 st

1079 695 1133 723 quo
1146 688 1256 715 daemo-

1080 724 1126 751 nia
1140 724 1278 756 exierant,

1080 759 1206 787 vestitum
1215 780 1222 791 ,
1240 766 1271 786 ac

1081 802 1163 822 sanae
1178 794 1287 829 utentis,

1081 831 1114 858 ad
1129 830 1212 866 pedes
1227 831 1296 865 ejus,

1081 872 1108 894 et
1121 868 1269 894 timuerunt

1082 902 1171 929 valde.

1082 938 1125 965 56.
1141 937 1341 965 Nuntiaveruitt

1081 979 1169 1001 autent
1181 973 1228 1004 iiii,

1082 1009 1121 1044 (ιι)
1136 1009 1179 1044 qui
1193 1008 1213 1044 -ξ-
1229 1008 1302 1044 vide;

1083 1043 1154 1078 rant,
1171 1043 1308 1079 quomodo

1084 1079 1176 1108 Salvus
1189 1080 1275 1107 iactus

1082 1121 1134 1149 est,
1146 1116 1190 1151 qui
1207 1115 1244 1151 (ὁ)
1256 1123 1270 1141 a
1288 1115 1352 1142 dae-

1083 1153 1183 1179 moniis
1193 1151 1213 1186 ηι-
1225 1158 1308 1179 vexa-

1084 1187 1172 1215 batur.

1083 1223 1127 1251 37.
1150 1223 1184 1250 Et
1197 1226 1359 1258 rogaverunt

1084 1260 1160 1286 illum
1173 1261 1262 1286 omnis

1086 1295 1233 1322 multitudo

1086 1332 1207 1366 regionis
1217 1330 1269 1359 Ge-

1088 1374 1258 1399 rasettorum,

1088 1407 1117 1429 ιιι
1130 1402 1284 1429 disredcret

1087 1438 1200 1479 abjpsis
1213 1446 1220 1470 ;

1087 1481 1149 1508 quta
1165 1479 1262 1500 umore

1087 1517 1186 1544 magno
1198 1514 1272 1536 tene-

1090 1544 1199 1572 bantur.

1089 1580 1149 1614 lpse
1159 1584 1249 1607 autem

1089 1617 1241 1644 ascendens

1091 1660 1197 1686 navem,

1088 1695 1214 1715 reversus
1228 1692 1279 1715 est.

1089 1723 1134 1750 58.
1150 1723 1183 1750 Et
1194 1723 1306 1759 rogabat

1090 1759 1166 1786 illum
1181 1760 1231 1793 vir,

1494 260 1603 287 domum
1619 280 1629 294 ,

1494 301 1521 323 et
1533 303 1610 322 narra

1493 336 1591 365 quanta
1612 331 1660 359 tibi

1494 367 1622 394 Dominus
1638 367 1676 395 ie-

1493 403 1569 430 cerit.

1494 438 1529 466 Et
1544 439 1609 466 abiit

1494 481 1542 510 per
1559 475 1666 502 univer-

1493 517 1550 537 sam
1562 510 1626 537 civi—

1493 549 1575 573 tatem
1587 546 1694 580 praedi-

1495 588 1560 608 cans
1575 587 1675 616 quanta

1495 616 1574 645 Jesus
1587 617 1651 645 fecit

1498 688 1542 715 40.
1564 688 1676 716 Factum
1687 693 1726 716 est

1497 729 1587 752 atttem
1593 745 1599 755 .
1615 732 1675 752 cum

1499 760 1615 788 redisset

1498 795 1512 823 J
1516 803 1587 828 esus,

1499 832 1609 867 excepit

1498 868 1574 895 illum

1499 904 1577 931 turba
1594 912 1600 929 :
1614 905 1691 931 erant

1498 938 1571 967 enim
1583 946 1676 966 omnes

1498 978 1697 1011 expectanlesﬂ

1498 1011 1544 1038 M.
1566 1010 1652 1037 illum.
1667 1009 1699 1038 Et

1498 1053 1562 1074 ecce
1577 1045 1650 1073 venit

1499 1082 1550 1114 vir,
1566 1082 1609 1108 eui

1500 1125 1599 1145 nomen

1499 1153 1600 1184 Jairus.
1617 1160 1644 1181 et

1501 1189 1559 1223 ipse
1575 1189 1703 1225 Princeps

1502 1224 1652 1260 Sinagogae

1501 1265 1571 1293 erat,
1589 1265 1616 1287 et
1626 1261 1696 1289 ceci-

1502 1296 1542 1323 dit
1555 1296 1588 1322 ad
1604 1297 1685 1330 pedes

1501 1331 1581 1361 Jesu.
1593 1339 1692 1367 rogans

1502 1375 1576 1399 eum,
1592 1372 1622 1394 ut
1637 1370 1677 1395 in-

1504 1407 1589 1430 traret
1600 1403 1627 1430 in
1642 1403 1691 1431 do-

1504 1446 1577 1467 mum
1594 1439 1668 1474 ejus,

1504 1473 1549 1501 42.
1571 1482 1607 1509 qu
1628 1493 1635 1500 .
1658 1495 1664 1502 .

1506 1510 1584 1537 unica
1596 1514 1655 1537 erat

1506 1565 1513 1572 .
1537 1565 1544 1572 .
1565 1545 1583 1572 ii
1598 1544 1655 1573 fere

1505 1588 1637 1608 annorum
1653 1590 1703 1610 Χιί.

1505 1621 1532 1644 et
1549 1617 1613 1644 haec
1627 1624 1684 1645 mo-

1505 1652 1635 1680 riebatur.

1508 1689 1542 1715 Et
1555 1688 1680 1723 contigit,

1506 1724 1570 1750 dum
1587 1724 1638 1751 iret

1505 1759 1595 1796 Jesus,
1610 1759 1650 1796 (ά)
1666 1766 1743 1795 prae-

238 1793 422 1828 ve,‘reversus
655 1801 706 1821 con
727 1813 735 1820 .
758 1814 764 1820 .
787 1814 794 1821 .
817 1815 823 1822 .
850 1816 857 1822 .
879 1815 886 1822 .
910 1801 966 1823 me-
1037 1819 1039 1821 .
1089 1801 1104 1820 a
1119 1803 1172 1829 quo
1182 1795 1292 1823 du‘emo-
1508 1793 1671 1823 utebateu'tn

239 1831 285 1859 58.
302 1835 354 1858 est.
371 1830 381 1846 ³
397 1830 520 1866 Rogabat
659 1850 665 1857 .
689 1849 695 1856 .
778 1849 785 1857 .
809 1850 815 1856 .
839 1850 845 1857 .
869 1851 875 1857 .
897 1831 933 1858 ita

1090 1830 1134 1857 nia
1151 1831 1289 1863 exierant,
1508 1830 1633 1867 populus.
1650 1831 1671 1867 -ι-
1703 1832 1710 1851 τ

238 1872 328 1894 autem
344 1873 406 1894 eum
442 1865 450 1866 7
658 1865 860 1893 tttsuﬂ‘ocarent
1090 1870 1118 1892 ut
1134 1874 1194 1893 eunt
1207 1867 1266 1901 ipso
1508 1867 1553 1894 45.
1575 1866 1609 1894 Et
1622 1865 1720 1895 mulier

238 1902 285 1930 ille
297 1903 347 1936 vir,
363 1910 377 1930 a
388 1909 442 1937 quo
657 1902 702 1929 45.
723 1909 794 1929 eum.
808 1902 844 1929 Et
856 1903 931 1931 muli-
1089 1907 1171 1930 esset.
1189 1902 1294 1931 Dimisit
1508 1902 1643 1937 quaedam

238 1940 362 1966 exierant
374 1938 439 1966 dae-
656 1945 702 1970 er,
719 1945 788 1972 quae
801 1942 860 1966 erat
1089 1943 1180 1965 autem
1193 1938 1281 1972 illutn,
1510 1942 1568 1965 erat
1582 1938 1610 1964 in

238 1974 340 2008 monia,
354 1979 384 2001 ut
396 1981 440 2001 es-
656 1973 683 2000 itt
698 1973 829 2008 proﬂuvio
1090 1972 1126 2036 (c3
1140 1974 1233 2002 dicens
1246 1974 1266 2010 ἰ-
1280 1984 1286 2003 :
1510 1974 1583 2000 ﬂttxtt
1598 1980 1660 2001 san-

238 2014 279 2036 set
291 2017 395 2036 secum.
656 2008 795 2036 sanauinis
808 2009 842 2036 ab
1090 2010 1107 2036 5
1129 2030 1134 2036 .
1149 2010 1215 2036 Redi
1511 2009 1600 2036 guinis
1618 2009 1653 2036 ab

238 2014 279 2037 set
291 2017 395 2037 secum.
656 2008 795 2044 sanguinis
808 2009 842 2037 ab
1090 2008 1134 2037 59.
1149 2010 1215 2037 Redi
1254 2008 1258 2010 ⁷
1511 2009 1600 2045 guinis
1618 2009 1653 2037 ab

907 2066 1021 2095 CODEX
1040 2066 1236 2095 BRIXIANUS.
1245 2070 1251 2101 ξ’

244 2118 351 2150 gerunt.
366 2119 393 2142 et
407 2114 599 2142 nuntiaverunt
614 2114 641 2141 in
656 2114 794 2150 civitatein
807 2118 833 2140 et
849 2113 875 2140 itt
889 2114 977 2141 villas.
988 2114 1043 2141 Ex-
1095 2123 1169 2142 mum
1186 2120 1267 2142 tuam.
1297 2118 1323 2142 et
1336 2121 1414 2141 narra
1431 2117 1530 2149 quanta
1546 2113 1594 2150 tibi
1609 2113 1680 2140 Deus
1696 2111 1768 2139 fecit.
1782 2108 1867 2150 Etabiii

245 2147 435 2186 i'trrttntztutem
451 2150 543 2177 videre
555 2150 625 2186 quod
648 2150 748 2186 factum
769 2149 856 2176 iuerat
869 2154 896 2177 et
909 2155 1044 2177 venerunt
1096 2158 1144 2186 per
1157 2152 1309 2178 univers:tm
1332 2147 1468 2177 civitatein
1494 2149 1768 2186 praedicnnsguantp
1785 2147 1867 2173 ΐοςὶδςθι

245 2186 277 2213 ad
291 2183 583 2213 Jesttmetinvenerunt
598 2185 734 2212 hominem
747 2185 886 2212 sedentem
898 2186 1048 2220 aqttudae-
1098 2183 1122 2213 ei
1138 2187 1225 2213 Jesus.
1241 2185 1353 2213 Furtum
1375 2190 1415 2212 est
1430 2183 1518 2212 autem
1540 2192 1601 2211 cum
1619 2183 1868 2211 redissetJesus.cx-

246 2223 338 2249 monia
360 2222 494 2248 exierunt.
518 2222 644 2258 vestitum
670 2228 700 2248 ac
716 2228 781 2247 sana
797 2226 887 2258 mente
915 2219 947 2248 ad
965 2222 1047 2257 pedes
1099 2223 1169 2257 repit
1191 2223 1265 2249 ilittm
1290 2222 1377 2248 turba.
1406 2226 1483 2258 erant
1509 2221 1580 2247 enim
1602 2227 1698 2258 omnes
1721 2219 1868 2258 expeelrmief

245 2258 309 2286 Jesu
324 2262 351 2285 et
372 2258 529 2284 timuerunt.
544 2257 729 2284 Narraverunt
744 2260 833 2283 autem
849 2257 902 2284 illis
917 2257 957 2293 (a)
966 2253 1011 2292 qui
1027 2257 1048 2292 -ι-
1100 2253 1161 2285 ευίιι
1178 2258 1210 2285 Et
1221 2265 1285 2285 ecce
1298 2258 1371 2285 venit
1386 2257 1427 2283 vir
1439 2257 1481 2283 cui
1496 2262 1594 2293 nomen
1606 2255 1766 2293 daturus-tet
1778 2254 1814 2279 hic

244 2289 1050 2330 viderantquomodosanusﬁtctusessetalggioueltregal
1102 2294 1231 2327 Princeps
1247 2293 1416 2330 δγηίιειιεμιίιἶ
1431 2296 1458 2319 et
1471 2291 1569 2330 cecidit
1580 2289 1613 2318 ad
1629 2291 1714 2330 pedes
1725 2290 1868 2330 Ιθςτξτιέίπξξ

245 2323 411 2357 νοῑυιιιθώιι
427 2330 514 2356 omnis
531 2323 1050 2363 tttttltitudnregionisGEraseuortttttvut
1104 2337 1165 2357 eum
1178 2323 1207 2356 ut
1226 2323 1339 2356 intraret
1357 2323 1384 2355 in
1401 2327 1511 2354 domum
1531 2327 1589 2361 ejus
1602 2323 1663 2361 quia
1678 2327 1730 2353 tilia
1747 2323 1869 2363 υηὶυληοτεξι

245 2365 396 2393 discederet
409 2365 442 2392 ab
454 2365 518 2400 ipsis
532 2365 592 2399 quia
609 2356 705 2391 timore
712 2356 820 2399 "magno
837 2365 1004 2391 tenebuntur.
1019 2399 1033 2400 η
1104 2366 1140 2392 illi
1150 2356 1211 2393 i‘cre
1224 2372 1356 2391 annorum
1367 2363 1508 2391 duodecim
1521 2356 1621 2400 et'ltaeé
1632 2362 1796 2400 moriebatur.
1809 2356 1870 2400 Clyti:

283 2392 349 2435 Ipse
369 2392 470 2428 autem.
484 2392 635 2427 ascendens
649 2408 753 2436 navem
768 2392 905 2436 “reversus
934 2403 986 2427 est.
1016 2399 1050 2427 Et
1102 2407 1155 2436 que
1176 2402 1227 2428 iter
1239 2407 1330 2436 ageret
1353 2400 1468 2436 aturliis
1489 2398 1730 2436 eorttprit‘nebatur.
1744 2396 1775 2423 Et
1791 2392 1869 2421 mulier

247 2433 360 2471 rogabat
383 2436 457 2463 illum
480 2437 546 2463 vira
567 2443 620 2471 quo
639 2435 783 2472 daemonia
799 2435 921 2463 exierant
935 2440 969 2472 rut
986 2443 1048 2472 cum
1101 2433 1233 2472 quaedam
1254 2433 1312 2464 erat
1327 2436 1353 2464 in
1369 2434 1442 2463 ﬂuxu
1458 2433 1599 2469 sanguinis
1613 2433 1647 2460 ab

246 2478 279 2499 eo
294 2476 376 2509 esset.
392 2472 499 2500 Dimisit
508 2477 598 2500 autem
606 2479 668 2499 eutn
677 2471 756 2499 Jesus
767 2471 872 2499 dicens.
886 2471 951 2498 Redi
963 2471 989 2498 in
1000 2471 1049 2498 do-

897 2525 1013 2555 CODEX
1032 2524 1268 2554 CORBEIDNSIS.

288 2575 335 2604 42.
356 2577 596 2612 compritnebatur,
612 2580 642 2604 ut
653 2575 818 2604 suﬂocarent
832 2583 905 2603 eum.
1141 2573 1185 2602 45,
1207 2571 1304 2601 mulier
1316 2572 1326 2588 "
1340 2570 1366 2600 in
1383 2571 1517 2608 proﬂuvio
1531 2564 1679 2607 sanguinis.

877 2628 1074 2660 VARIANTES
1094 2619 1294 2658 LECTIONES.

282 2685 291 2700 ¹
311 2683 363 2708 θαι
378 2682 516 2717 hominem.
533 2688 547 2705 ε
558 2688 607 2712 quo
626 2680 756 2717 σξιοτιιρηὶι
776 2680 1050 2717 ςπίεευιιιινεθιίφπιι

250 2705 674 2741 εθηθῖιῖἐίιίέξὀαίζὲἆιιθέἐηνθηιίέ.
691 2711 764 2744 Vulg.
776 2705 1050 2741 ltominem'sedenteut,
1112 2705 1117 2708 ⁷
1133 2709 1143 2724 ³
1161 2709 1220 2732 Mm.
1233 2707 1344 2744 Rogavit.
1361 2706 1434 2738 Vulg.
1446 2705 1565 2742 negabat.

252 2754 264 2764 ιι
276 2753 325 2764 mm
336 2745 464 2764 dnnmnnia
478 2744 599 2764 exierant,
615 2743 738 2764 vestitum.
752 2749 780 2764 ac
795 2749 852 2764 sana
863 2744 957 2764 mente.
1133 2739 1144 2754 ⁸
1162 2740 1221 2764 Mm.
1233 2738 1320 2763 recerti.
1331 2738 1407 2763 Deus.
1424 2736 1497 2764 Villa.
1510 2737 1567 2762 feeit
1579 2736 1655 2761 Deus.

251 2754 265 2772 τι
276 2753 325 2776 quo
336 2745 466 2769 daemonia
478 2744 600 2773 exierant,
615 2744 738 2773 vestitum,
752 2749 780 2767 ac
795 2749 853 2766 sana
863 2744 957 2777 mepte.
1133 2744 1144 2754 ⁸
1162 2744 1221 2764 Mm.
1233 2744 1407 2775 tecerttlueus.
1426 2744 1497 2770 vutg.

283 2779 293 2793 ¹
312 2777 366 2802 Gal.
377 2782 442 2807 quae
459 2774 582 2805 viderant,
596 2778 622 2799 et
640 2774 769 2806 quomodo.
785 2772 855 2805 Vulg.
870 2779 912 2804 qut
925 2772 1051 2801 Videraut,
1135 2771 1145 2787 ⁸
1164 2771 1217 2795 Gal.
1232 2777 1256 2795 tn
1269 2770 1350 2794 ﬂuvto.

918 2823 1101 2852 BLANCHINI
1120 2815 1235 2851 Noras.

301 2876 341 2912 (α)
354 2876 424 2904 Ante
439 2875 482 2910 qui
493 2895 500 2907 ,
516 2873 596 2912 deest
605 2876 638 2905 et,
652 2866 731 2912 etiam
742 2871 849 2912 _in_cod.
865 2871 998 2912 CantL—H‘
1011 2868 1143 2912 (inultum
1159 2872 1215 2912 teis;
1233 2867 1283 2912 ἓν.
1298 2887 1313 2910 ,ἱ
1325 2866 1531 2910 όιδοέιμονισίθείς.
1541 2864 1621 2902 -(ο)
1637 2860 1705 2894 Ante
1718 2863 1803 2895 diem,
1815 2854 1875 2886 de?“

264 2903 450 2947 Je£u3,’etiam'
462 2903 560 2939 itt'cod.
576 2903 655 2938 Cant.
669 2923 704 2929 -
717 2907 759 2944 (ά)
773 2907 853 2936 Juxta
867 2911 921 2936 lex.
935 2907 994 2941 Gr.,
1009 2907 1031 2934 oi
1041 2903 1122 2942 ὄχλοι
1131 2903 1274 2934 συνέθλιϐον
1284 2903 1370 2935 αὐτόν.
