1955 3168
83 178 129 208 5ῖῦ
615 178 839 209 EVANGELIUII
860 178 1046 209 SECUNDUM
1060 178 1189 209 Luem.
1675 162 1727 208 5774

265 236 380 266 CODEX
401 235 673 267 VERCELLENSIS.

498 286 540 317 lo;
556 291 582 313 et
597 292 709 319 quomo—

498 321 532 348 do
552 326 644 347 sanata
665 325 706 348 est

497 357 650 383 confestim.

90 283 157 313 annis
170 283 233 311 dum

91 320 177 353 decim,
192 320 200 335 ¹
216 328 286 355 quae

93 357 113 384 iu
125 355 229 383 medicis

94 398 254 425 cousumpse-
497 392 542 419 48.
563 392 613 425 Qui
627 392 691 418 dicit
706 391 733 419 el
748 400 754 418 :

93 431 126 455 rut
138 434 242 454 omnem
498 428 576 458 Filia,
593 427 658 454 fides
675 431 718 454 tua

91 463 256 490 substantiam
499 469 522 490 te
537 463 640 490 salvum
658 464 696 490 l'e-

88 505 166 530 suam,
184 505 231 525 nec
245 504 293 533 po-
502 499 554 525 cit:
572 498 674 526 vadeiu

89 534 133 570 luit
146 534 177 560 ab
188 533 277 569 aliquo
494 541 570 570 pace.

89 569 128 597 Η.
148 571 243 602 curari,
259 574 322 599 acce
329 585 336 591 -

89 605 149 632 deus
158 604 190 632 de
199 612 243 632 re-

91 646 137 673 tro,
151 641 234 675 tetigit

88 676 266 705 vestimentum

88 712 140 746 ejus
148 732 154 743 ,
169 715 194 738 et
207 720 269 747 pro-

89 749 154 774 tinus
166 748 237 775 stetit

494 569 539 598 l9.
559 569 654 597 Adhuc
674 570 787 599 loouen-

495 577 539 598 cu.
559 577 654 597 Adnue
674 577 701 598 to

495 610 575 642 tceo,
591 606 667 642 venit
683 577 721 642 ((3

493 648 508 668 a
523 641 647 676 Principe

495 676 654 719 Sjnagogae
667 677 699 712 1-,

494 713 588 740 dicens
602 713 637 740 ei.
662 733 669 739 .
692 732 698 740 .
719 720 763 741 or—

494 753 537 775 tua
553 752 595 775 est
607 748 661 775 ﬁlia

491 787 548 816 tua,
562 783 617 811 noli
629 783 639 798 ³
654 791 700 812 ve-

492 826 557 846 xare
571 819 656 846 illum.

493 855 537 882 50.
553 854 632 882 .lesus
644 860 746 890 autem,

86 783 167 824 fluxus
178 790 237 824 san-

85 826 164 853 guinis
178 826 243 853 ejus.

87 855 131 882 45.
148 853 219 891 Iesus
232 860 335 891 autem,
352 856 402 884 sci-

88 896 135 917 ens
146 889 208 923 quod
221 892 277 919 exi-
328 889 332 891 ’
491 897 553 917 cum
573 890 665 918 audis-

90 925 176 952 erilah
187 927 279 954 eovir-
490 930 542 952 set.
563 947 571 955 .
597 946 604 952 .
628 947 634 953 .
658 946 665 953 .
690 948 696 954 .
720 948 727 955 .

93 960 290 996 tus.dixit:Qui
490 961 569 988 dixit.
593 981 599 987 .
623 982 630 989 .
651 966 688 989 at.
712 983 718 989 .
743 983 749 990 .
772 963 779 990 i

91 995 169 1036 tetigit
177 997 231 1024 me?
244 995 296 1026 Ne-
490 997 597 1059 Puellae
612 1005 618 1024 :
635 997 688 1025 No-

91 1031 198 1059 zanttbus
501 1041 508 1059 ι
530 1033 645 1059 limere:

87 1031 198 1065 gantibus
491 1031 508 1059 li
530 1033 627 1060 timere
639 1041 645 1059 :

84 1070 164 1093 autem
174 1075 227 1095 om-
489 1072 593 1095 tantum
614 1076 674 1097 cre-

487 1103 531 1135 de,
545 1109 572 1131 et
587 1104 666 1132 vivet.

487 1138 519 1166 5t
526 1159 533 1166 .
553 1139 675 1174 Cumque
690 1148 736 1169 ve-

486 1175 572 1202 nisset
584 1175 668 1210 domi,

487 1217 540 1238 non
556 1215 598 1238 est
614 1218 675 1245 pas-

485 1253 531 1273 sus
546 1247 647 1273 intrare

484 1289 577 1309 secum
592 1291 687 1317 quem-

485 1325 578 1352 quam,
596 1319 646 1346 nittl
663 1318 713 1348 Pe-

484 1357 568 1387 trum,
584 1358 612 1382 et
625 1354 672 1383 Jo-

483 1388 603 1424 bannen,
615 1396 642 1418 et

482 1423 623 1460 Jacobum,
639 1431 666 1454 et

84 1103 165 1136 nibus,
178 1104 213 1131 ait
223 1104 274 1132 Pe-

87 1141 146 1169 trus,
161 1143 185 1165 et
197 1139 240 1174 qui
253 1144 316 1168 cum

86 1174 127 1200 illo
138 1180 206 1201 erant
221 1184 228 1202 :
243 1175 297 1203 Mtt-

84 1210 167 1243 gister,
183 1213 276 1239 turbae

86 1250 133 1271 tam
144 1252 249 1281 magnae

85 1281 241 1315 conprimunt

84 1321 124 1354 te,
133 1320 154 1354 et
167 1317 229 1344 dicis
245 1327 251 1345 :
266 1319 332 1354 Quis

84 1351 159 1386 tetigit
172 1353 231 1381 me?

82 1387 122 1414 46.
141 1388 184 1421 Qui
199 1389 267 1418 dixit
282 1399 289 1418 :

81 1423 168 1459 Tetigit
179 1432 219 1453 me

79 1460 179 1500 aliquis;
195 1468 245 1497 ego
483 1467 601 1499 patrem,
615 1468 642 1491 et

81 1503 143 1534 enim
156 1503 254 1532 cogno‘
481 1502 595 1526 matrem
613 1507 660 1534 pu-

80 1532 101 1559 vi
115 1533 232 1561 virtutem
480 1535 560 1562 ellae.

480 1571 525 1599 52.
546 1570 588 1598 Pl.
611 1591 617 1597 .
639 1570 737 1598 rabant
749 1576 793 1599 ttu-

479 1610 532 1634 tem
546 1614 639 1634 omnes
648 1627 656 1639 ,

478 1648 505 1670 et
518 1642 679 1678 plangebant

79 1568 156 1596 exisse
168 1577 181 1596 a
196 1575 249 1597 me.

79 1602 115 1630 47.
134 1604 165 1632 Ut
184 1605 251 1632 vidit
266 1610 356 1633 autem

77 1639 170 1674 mulier,
186 1648 216 1669 se
230 1646 284 1669 non

74 1674 185 1712 latuisse,
200 1684 247 1704 ve-
478 1674 552 1705 eam.
567 1674 617 1712 Qui
631 1679 669 1705 di-

73 1710 104 1736 nit
117 1716 228 1740 tremens
239 1733 247 1746 ,
476 1714 512 1741 )til
532 1723 538 1740 :
553 1710 641 1742 Nolite
653 1713 702 1742 lle-1

73 1746 265 1782 ’etprocidens
475 1758 514 1779 re.
530 1750 541 1765 ⁸
556 1758 601 1777 no.
627 1771 632 1776 .
657 1770 662 1776 .
684 1749 740 1777 nim

70 1787 124 1821 ante
138 1783 217 1821 pedes
232 1784 264 1810 il-
475 1785 514 1821 (li)
527 1794 582 1813 mo.
606 1806 613 1812 .
636 1805 644 1812 .
665 1793 679 1813 a
694 1789 736 1813 est
748 1785 778 1820 τ,

72 1816 132 1850 lius;
147 1819 173 1846 et
188 1819 223 1847 ob
237 1823 319 1855 quam
473 1816 526 1848 ὲ.’.
550 1841 557 1848 .
578 1821 594 1848 d
611 1821 720 1848 dormit.

69 1860 163 1880 causam
180 1855 241 1882 teti-
472 1857 518 1884 b3.
540 1857 582 1884 Et.
606 1876 612 1882 .
637 1877 643 1883 .
664 1856 791 1885 ridebant

67 1888 100 1925 git
114 1897 180 1923 eum,
196 1891 236 1918 in-
472 1899 544 1925 eum,
559 1893 649 1919 scien-

68 1923 156 1951 dicavil
170 1933 260 1954 coram

69 1960 133 1987 omni
146 1968 229 1996 popu-

471 1932 513 1955 tes
526 1935 586 1955 eam
599 1934 673 1955 uror-

470 1968 543 1991 tuam
557 1971 629 1991 esse.

1143 237 1260 267 CODEX
1280 237 1508 267 VERONENSIS.

1346 286 1429 317 illum,
1448 286 1577 312 iudicabit.

1344 329 1434 348 curam
1448 321 1589 353 omnibus;

929 285 1070 325 annis'xtr.

928 328 997 356 quae
1012 329 1038 347 ιιι

928 356 1050 384 medicos
1060 364 1122 384 ero-
1160 366 1164 377 ε
1345 363 1370 384 et
1386 357 1556 390 quetltutltno-

927 397 1038 427 gaverat
1058 399 1113 419 om-
1346 392 1407 418 dum
1425 392 1566 419 confestim

928 435 989 455 nem
1005 427 1183 456 substantiam
1344 432 1437 455 sanata
1455 432 1506 455 est.

927 470 1015 495 suam,
1030 470 1081 491 nec
1345 463 1390 491 48.
1412 463 1452 491 Ad
1470 464 1527 498 ipse

927 499 962 526 ab
976 499 1033 526 ullo
1043 506 1091 534 po—
1346 499 1414 526 dixit
1429 499 1467 526 illi
1483 507 1490 526 :

927 534 979 561 tnit
998 535 1086 562 curari
1104 544 1110 562 ι
1346 534 1424 566 Filia,
1440 535 1507 562 ﬁdes

926 569 972 596 44.
993 571 1110 599 accessit
1124 578 1166 599 re-
1344 576 1388 597 tua
1405 575 1430 598 te
1444 571 1546 598 salvam

927 610 979 638 tro,
1001 610 1029 632 et
1343 606 1406 633 fecit
1419 614 1424 632 :
1440 606 1507 633 vade

926 641 1014 676 tetigit
1029 649 1075 668 ve—
1342 642 1368 669 in
1384 649 1459 676 pace.

1341 676 1387 704 49.
1410 677 1506 705 Adhuc
1521 677 1568 706 illo

1341 713 1481 748 loquente,
1496 714 1571 741 venit

1341 748 1380 783 (α)
1394 756 1408 775 a
1425 749 1550 782 Principe

1340 784 1499 820 Synagogae
1514 785 1546 820 τ,

924 677 1044 713 alimenti
1060 678 1118 713 ejus

926 712 1073 746 fimbriam,

925 753 952 775 et
967 748 1109 776 confestim

923 784 998 811 stetit
1010 783 1098 813 ﬂuxus

923 819 1061 854 sanguinis
1339 819 1433 847 dicens
1447 820 1473 847 ei
1486 829 1491 846 :

923 855 992 888 ejus.
1339 855 1406 889 Quia
1423 861 1531 883 mortua

924 891 969 917 45.
991 891 1026 919 Et
1037 893 1075 920 uit
1088 893 1189 922 Jesus:
1337 896 1379 919 est
1403 891 1470 918 ﬁlia.
1492 911 1499 918 .
1522 912 1528 918 .
1553 912 1559 918 .
1601 908 1607 919 .

924 925 990 960 Quis
1004 932 1047 955 est
1338 927 1392 954 noli
1405 935 1514 955 vexare.

922 962 966 996 qui
983 971 1026 990 me
1043 968 1082 991 te-
1337 961 1381 990 50.
1403 962 1481 990 Jesus
1496 967 1597 995 autem,

1337 998 1430 1025 audito
1443 998 1494 1026 huc

923 998 997 1031 tigit?
1012 998 1117 1035 Negan-
1337 998 1430 1025 audito
1443 998 1486 1025 hot

923 1033 993 1061 libus
1004 1039 1094 1061 autem
1340 1033 1434 1061 verbo.
1448 1034 1486 1061 ait

922 1033 993 1061 libus
1004 1033 1094 1064 autem

921 1070 1056 1104 omnibus,
1336 1069 1406 1131 Ριξξινὶ
1422 1070 1551 1104 puellae)

921 1104 990 1131 dixit
1004 1105 1055 1131 Pe—
1360 1105 1395 1131 oli
1411 1106 1518 1131 timere.

921 1104 990 1132 dixit
1004 1105 1055 1134 Pe—
1336 1104 1395 1132 Noli
1411 1106 1518 1139 timere,

920 1144 989 1173 trus,
1006 1147 1032 1178 et
1043 1145 1088 1178 qui
1336 1140 1417 1178 crede
1431 1146 1544 1175 tantum,

920 1182 980 1203 cum
995 1177 1057 1205 illo’
1334 1180 1361 1203 et
1376 1177 1447 1203 Salva
1461 1177 1522 1204 erit.

1335 1212 1379 1239 5i.
1402 1212 1437 1239 Et
1452 1220 1513 1239 cum
1528 1213 1619 1241 venis-

1334 1252 1377 1274 set
1390 1249 1511 1275 domum.

1333 1290 1386 1310 non
1402 1284 1525 1318 permisit

1333 1318 1434 1346 intrare
1450 1326 1541 1347 secum

1332 1361 1505 1389 quemquam,

1331 1390 1382 1416 nisi
1399 1389 1520 1423 Petrum,

1331 1429 1358 1452 et
1375 1425 1529 1458 Johannen,

1331 1466 1357 1488 et
1376 1460 1530 1495 Jacohump

1330 1499 1488 1532 etjpatrem,
1505 1501 1533 1525 et

1329 1537 1443 1559 matrem
1456 1533 1573 1568 puellae.

1326 1567 1371 1595 52.
1392 1567 1506 1596 Flebant
1520 1574 1609 1596 autem

1326 1610 1432 1636 omnes,
1449 1610 1477 1631 et
1486 1605 1564 1640 plan-

1325 1640 1424 1673 gebant
1439 1640 1524 1667 illam.

1325 1677 1366 1705 Ad
1380 1678 1426 1704 ille
1438 1676 1476 1704 di-

1323 1713 1363 1740 xit
1379 1722 1384 1739 :
1400 1712 1489 1740 Nolite

1323 1749 1399 1780 ﬂere,
1414 1756 1467 1776 non
1484 1753 1525 1775 est

1322 1783 1361 1821 (θ)
1376 1789 1481 1821 ιηοι-ιιιη
1492 1783 1523 1819 ατ,

1320 1821 1367 1847 Sed
1382 1820 1494 1847 dormit.

1319 1856 1363 1883 55.
1386 1855 1418 1882 Et
1431 1854 1593 1882 deridebant

1319 1899 1391 1922 eum.
1407 1891 1523 1918 scientes

1319 1927 1389 1960 quod
1407 1931 1512 1953 ruortua

1319 1966 1401 1989 esset.

919 1217 996 1238 erant
1013 1222 1018 1239 :
1035 1214 1117 1243 Prae-

918 1253 1022 1281 ceptor,
1038 1251 1132 1280 lurhad

919 1288 944 1309 te
958 1286 1129 1318 conprimeut

918 1322 971 1355 tam
987 1327 1111 1355 magnae,

915 1358 941 1381 et
954 1354 1022 1382 dicis
1039 1365 1045 1382 :
1058 1357 1123 1390 Quis

914 1397 958 1417 me
975 1391 1079 1426 tetigit?

913 1426 958 1453 46.
980 1426 1020 1453 Ad
1037 1427 1116 1457 Jesns
1130 1429 1170 1457 di-

914 1462 973 1489 xit:
988 1462 1088 1499 Tetigit

912 1505 956 1526 me
970 1499 1084 1533 aliquis;

911 1541 972 1561 nam
988 1539 1016 1562 et
1026 1543 1076 1571 ego

910 1572 1023 1605 cognovi
1038 1573 1091 1599 vir-

911 1610 993 1634 tutem
1010 1607 1043 1635 de
1057 1615 1100 1635 mc

909 1643 1009 1670 exisse.

907 1678 954 1705 47.
975 1679 1174 1707 Vidensahtem

907 1714 1005 1742 mulier
1013 1736 1019 1746 ,
1034 1715 1094 1749 quia

906 1757 961 1777 non
975 1750 1054 1777 latuit

905 1785 993 1818 illum,
1005 1786 1079 1814 venit

906 1821 1013 1852 timens,
1030 1827 1057 1849 et

905 1857 1017 1891 procidit
1035 1861 1099 1885 ante

903 1892 985 1927 pedes
1005 1892 1078 1919 illius
1095 1902 1102 1918 ε

903 1932 932 1955 et
950 1927 985 1954 ob
999 1932 1079 1963 quant

902 1970 1012 1990 causam
1026 1964 1145 1999 tetigerit

702 2026 828 2057 'CODEX
847 2022 1043 2057 nummulis.

62 2072 273 2103 annisdnodeclm
279 2082 349 2111 quae
356 2076 381 2103 in
390 2075 502 2104 medicis
511 2080 671 2111 erogaverat
677 2083 784 2103 omnem
792 2075 851 2103 sub-

62 2111 175 2138 stantiam
187 2118 273 2138 suam.
287 2116 314 2139 et
329 2119 383 2139 non
395 2112 484 2147 potuit
495 2112 528 2140 ub
541 2113 594 2140 ullo
607 2113 707 2140 curari.
718 2111 850 2139 accedens

18 2169 29 2181 ,
61 2149 135 2172 retro.
156 2147 243 2181 tetigit
257 2148 390 2174 limhriam
410 2149 564 2176 vestimenti
581 2149 650 2182 ejus.
667 2153 693 2175 et
706 2147 849 2175 confestim

60 2182 125 2208 stetit
138 2182 229 2210 ﬂuxus
241 2182 381 2218 sanguinis
392 2184 462 2218 ejus.
481 2186 508 2211 et
524 2184 562 2211 ait
573 2182 652 2211 Jcsus
667 2184 733 2217 Quis
748 2189 788 2210 εει
803 2183 849 2218 qui

60 2223 95 2243 me
109 2218 200 2253 tetigit.
216 2218 381 2253 Negautihus
402 2225 492 2246 autent
509 2219 634 2246 omnibus
647 2220 685 2246 ait
706 2219 802 2246 Petrus
822 2224 849 2245 ot

57 2252 95 2285 qui
110 2260 166 2280 cum
179 2252 323 2281 “Inerant.
342 2255 515 2289 Praeceptor.
533 2255 628 2282 tnrlnle
642 2260 667 2282 te
679 2254 849 2282 circumdant

57 2290 273 2325 gloomprimuut.
294 2295 320 2317 et
339 2290 407 2317 diois
422 2290 487 2325 Quis
499 2298 543 2318 me
559 2290 655 2325 tetigit.
674 2291 705 2317 Et
716 2290 794 2317 Iesus
809 2291 847 2317 ait

56 2321 201 2361 'l'etigit'me
216 2325 322 2361 aliquis.
338 2333 388 2360 ego
399 2321 470 2354 enim
484 2327 597 2361 cognovi
609 2321 737 2353 'virtutem
753 2325 786 2352 de
802 2333 846 2353 me

57 2358 144 2387 exisse.
162 2358 269 2388 Vitlcns'
288 2358 378 2388 autem
403 2362 500 2389 mulier
518 2358 587 2397 'quia
614 2369 667 2388 non
695 2362 770 2388 latuit
783 2365 844 2387 eum

56 2398 175 2428 tremens,
190 2397 263 2424 venit
278 2401 306 2424 et
322 2397 437 2432 procidit
449 2402 512 2424 ante
521 2405 595 2425 eum.
608 2397 679 2424 etob
689 2404 770 2432 quam
782 2404 846 2423 cau-

55 2434 104 2457 sam
119 2432 238 2467 tetigerit
261 2440 322 2460 eum
347 2432 475 2461 iudicavit
495 2436 589 2461 eoi-am
609 2433 683 2460 omni
704 2432 804 2467 populo
817 2436 846 2459 et

923 2076 1130 2103 uemadmodum
1144 2075 1289 2104 confestim
1303 2079 1398 2103 sanata
1408 2080 1460 2103 est.
1476 2075 1516 2102 Ad
1526 2074 1571 2102 ille
1582 2074 1651 2102 dixit
1661 2075 1696 2102 ei.

929 2112 971 2139 Ilia
988 2112 1055 2139 fides
1069 2116 1112 2139 tua
1136 2117 1162 2139 te
1185 2112 1286 2139 salvam
1300 2111 1362 2139 fecit
1382 2111 1450 2138 vade
1466 2112 1491 2138 in
1508 2118 1584 2145 pace.
1602 2111 1697 2138 Adhuc
1732 2132 1736 2133 ν

904 2147 952 2175 illo
965 2148 1093 2182 loquente
1108 2148 1180 2175 venit
1195 2147 1303 2183 quidam
1318 2148 1350 2174 ad
1371 2147 1523 2182 l’rincipem
1540 2147 1698 2182 Synagoguc

902 2183 998 2210 dicens
1012 2183 1037 2210 ei
1053 2183 1120 2217 Quia
1134 2189 1237 2210 mortua
1258 2188 1299 2210 est
1316 2183 1368 2210 lilia
1385 2188 1428 2209 tua
1441 2183 1496 2210 noli
1513 2190 1610 2209 Vexare
1625 2190 1697 2209 Clllll.

902 2218 982 2246 Jesus
997 2225 1087 2246 autem
1102 2219 1194 2246 audito
1205 2219 1256 2246 hoc
1270 2219 1364 2246 verbo.
1381 2218 1419 2245 ait
1434 2218 1501 2252 patri
1515 2218 1621 2252 puellae
1635 2218 1695 2244 Noli

900 2256 997 2282 timere
1018 2259 1119 2282 tantum
1136 2255 1216 2282 credo
1231 2259 1258 2282 cl
1272 2255 1346 2281 salut
1362 2255 1424 2281 crit.
1444 2254 1476 2281 Et
1498 2261 1558 2280 cum
1577 2254 1698 2280 vertisset

899 2290 929 2328 in
942 2291 1052 2328 domum
1068 2298 1123 2317 non
1142 2291 1264 2328 permisit
1285 2290 1388 2328 intrare
1409 2297 1499 2328 secum
1522 2296 1695 2323 quemquam.

898 2325 955 2353 nisi
969 2326 1078 2353 Petrum
1096 2331 1123 2352 et
1137 2325 1289 2353 Johaunem
1306 2325 1477 2352 et'Jacobum
1501 2331 1527 2351 et
1546 2329 1651 2358 patrem
1668 2329 1695 2350 ιιι

899 2366 1011 2389 matrem
1027 2362 1141 2395 puellae.
1154 2360 1269 2388 Flehuut
1282 2364 1372 2388 autem
1386 2368 1480 2387 omnes
1490 2365 1516 2386 ct
1534 2359 1696 2395 plangebant

898 2396 974 2424 illam
987 2393 1083 2424 Atl'ille
1094 2396 1172 2423 dixit.
1189 2396 1278 2424 Nolite
1289 2396 1354 2423 ﬂere
1365 2404 1419 2423 non
1433 2400 1474 2423 est
1487 2397 1558 2422 enim
1575 2393 1612 2430 (lt)
1623 2402 1694 2421 tuor-

897 2436 942 2459 tua
954 2432 974 2468 -ι-
989 2433 1037 2460 sed
1048 2433 1157 2460 dormit.
1178 2432 1211 2459 Et
1228 2432 1389 2459 deridebunt
1408 2439 1469 2459 eum
1492 2432 1609 2458 scientes
1622 2430 1693 2465 quod

685 2491 801 2523 GODEX
815 2491 1052 2522 CURBEIENSIS.

51 2537 238 2599 cisl5.[turbie
261 2543 288 2568 te
308 2540 489 2575 comprimunt
510 2545 566 2569 tam
591 2548 704 2578 magnae
716 2560 725 2576 ,
741 2545 780 2577 et,
795 2540 836 2568 di-

93 2594 99 2599 .
109 2583 123 2599 t‘.
136 2582 162 2599 t"..

76 2580 86 2599 s
126 2579 134 2602 ι
154 2595 162 2602 .

81 2583 123 2638 36..a
136 2582 202 2639 (liam
214 2615 245 2639 et
259 2619 311 2647 ego
323 2612 438 2648 cognovi
452 2612 584 2641 virtutem
595 2613 685 2642 exisse
697 2613 732 2641 de
745 2617 797 2640 me.

924 2540 970 2568 47.
991 2541 1054 2576 quia
1068 2548 1122 2568 non
1137 2540 1216 2568 latuit
1229 2539 1315 2573 illum,
1330 2540 1403 2567 venit
1417 2544 1546 2567 tremens.

926 2576 971 2605 55.
992 2578 1111 2605 scientes
1125 2577 1134 2592 ⁵
1150 2583 1210 2605 eam
1225 2579 1358 2603 mortuam
1373 2582 1443 2603 esse.

657 2670 701 2698 VA
706 2669 854 2698 RIANTES
871 2667 1075 2698 LECTIONES.

48 2713 226 2771 in‘mgggoqsuae
240 2716 265 2741 in
277 2716 389 2742 medicis.
403 2717 462 2742 Mm.
475 2722 539 2748 quae
551 2716 661 2742 medicis.
684 2716 758 2748 Vulg.
769 2723 834 2748 quae

76 2753 191 2809 352:”th
202 2778 340 2809 procedens
350 2778 380 2802 ad
391 2778 498 2809 pedes...
512 2779 633 2804 indicavit.
646 2776 705 2804 Mm.
718 2780 833 2804 narravit.

50 2805 113 2853 Vidi].
127 2811 153 2833 et
166 2805 270 2844 procidit
282 2814 340 2845 ante
350 2805 428 2840 pedes
440 2811 493 2841 ejus
555 2811 679 2835 iudicavit.

98 2840 150 2865 Gal.
171 2846 259 2865 vexaar
281 2840 357 2865 illum.
386 2842 444 2865 Mm.
468 2847 562 2867 vexare
582 2842 735 2873 magistrum.
759 2841 826 2874 July

888 2721 982 2741 vexare
995 2714 1071 2740 illum.

920 2744 932 2761 ‘
949 2746 1002 2771 Gal.
1016 2749 1038 2771 et
1051 2741 1110 2771 Mm.-
1122 2752 1168 2770 non
1181 2747 1220 2771 est
1228 2745 1309 2771 tamen
1323 2747 1425 2776 mortua,
1435 2744 1487 2770 sed.
1504 2745 1578 2777 Vulg.
1591 2745 1639 2770 non
1652 2746 1691 2770 est

889 2781 986 2809 mortua
999 2777 1090 2809 puella,
1103 2777 1155 2803 sed.

922 2808 931 2824 '
950 2807 1005 2834 ραις
1016 2810 1075 2840 quis
1084 2807 1181 2833 mortua
1194 2807 1330 2834 esset.Mm.
1342 2809 1400 2841 quis
1410 2809 1505 2833 mortus
1517 2813 1564 2833 eet.

703 2894 885 2924 BLANCHINI
905 2895 1021 2924 NOTE.

80 2937 109 2975 (ιι)
127 2938 167 2967 lla
182 2943 210 2967 et
225 2944 278 2968 tex.
300 2938 346 2969 Gr.
357 2960 366 2974 ,
382 2941 454 2980 παρὰ
475 2943 522 2970 τοῦ
544 2942 772 2982 ἀρχισυναγώγου.
789 2956 823 2963 —-
835 2942 872 2979 (ὁ)
888 2942 953 2972 Post
967 2948 1071 2971 mortua
1081 2964 1089 2979 ,
1104 2943 1181 2972 deest
1192 2943 1278 2979 puella
1290 2964 1298 2978 ,
1313 2942 1394 2971 etiam
1410 2937 1436 2970 in
1450 2945 1504 2970 lex.
1520 2939 1566 2969 Gr.
