  <div class='ocr_page' id='page_1' title='image "/cluster/home/n/w/nwhite01/storage/ocr_20150623/12/hvd.32044015471980/297.png"; bbox 0 0 3910 6336; ppageno 0'>
   <div class='ocr_carea' id='block_1_1' title="bbox 488 296 561 354">
    <p class='ocr_par' dir='ltr' id='par_1_1' title="bbox 488 296 561 354">
     <span class='ocr_line' id='line_1_1' title="bbox 488 296 561 354; baseline 0.014 -1"><span class='ocrx_word' id='word_1_1' title='bbox 488 296 561 354; x_wconf 72' lang='lat'><strong>57</strong></span> 
     </span>
    </p>
   </div>
   <div class='ocr_carea' id='block_1_2' title="bbox 873 457 1686 518">
    <p class='ocr_par' dir='ltr' id='par_1_2' title="bbox 873 457 1686 518">
     <span class='ocr_line' id='line_1_2' title="bbox 873 457 1686 518; baseline 0 -2"><span class='ocrx_word' id='word_1_2' title='bbox 873 457 1107 517; x_wconf 80' lang='lat' dir='ltr'><strong>CODEX</strong></span> <span class='ocrx_word' id='word_1_3' title='bbox 1144 458 1686 518; x_wconf 78' lang='lat' dir='ltr'><strong>VERCELLENSIS.</strong></span> 
     </span>
    </p>
   </div>
   <div class='ocr_carea' id='block_1_3' title="bbox 492 553 1590 625">
    <p class='ocr_par' dir='ltr' id='par_1_3' title="bbox 492 553 1590 625">
     <span class='ocr_line' id='line_1_3' title="bbox 492 553 1590 625; baseline -0.006 -10"><span class='ocrx_word' id='word_1_4' title='bbox 492 556 584 615; x_wconf 75' lang='grc'><strong>54.</strong></span> <span class='ocrx_word' id='word_1_5' title='bbox 623 555 747 625; x_wconf 87' lang='lat' dir='ltr'><strong>Ipse</strong></span> <span class='ocrx_word' id='word_1_6' title='bbox 771 562 982 624; x_wconf 88' lang='lat' dir='ltr'><strong>autem,</strong></span> <span class='ocrx_word' id='word_1_7' title='bbox 1011 554 1109 611; x_wconf 84' lang='lat' dir='ltr'><strong>ad-</strong></span> <span class='ocrx_word' id='word_1_8' title='bbox 1323 553 1590 610; x_wconf 80' lang='lat' dir='ltr'><strong>habeatis.</strong></span> 
     </span>
    </p>
   </div>
   <div class='ocr_carea' id='block_1_4' title="bbox 490 626 1818 702">
    <p class='ocr_par' dir='ltr' id='par_1_4' title="bbox 490 626 1818 702">
     <span class='ocr_line' id='line_1_4' title="bbox 490 626 1818 702; baseline -0.002 -20"><span class='ocrx_word' id='word_1_9' title='bbox 490 629 796 702; x_wconf 83' lang='lat' dir='ltr'><strong>praebensa</strong></span> <span class='ocrx_word' id='word_1_10' title='bbox 1323 628 1378 682; x_wconf 80' lang='grc'><strong>4.</strong></span> <span class='ocrx_word' id='word_1_11' title='bbox 1416 626 1486 702; x_wconf 88' lang='lat' dir='ltr'><strong>ln_</strong></span> <span class='ocrx_word' id='word_1_12' title='bbox 1501 638 1818 696; x_wconf 77' lang='lat' dir='ltr'><strong>quamcum~</strong></span> 
     </span>
    </p>
   </div>
   <div class='ocr_carea' id='block_1_5' title="bbox 493 697 1674 770">
    <p class='ocr_par' dir='ltr' id='par_1_5' title="bbox 493 697 1674 770">
     <span class='ocr_line' id='line_1_5' title="bbox 493 697 1674 770; baseline -0.005 -14"><span class='ocrx_word' id='word_1_13' title='bbox 493 697 656 758; x_wconf 80' lang='lat' dir='ltr'><strong>inanu</strong></span> <span class='ocrx_word' id='word_1_14' title='bbox 679 699 795 770; x_wconf 89' lang='lat' dir='ltr'><strong>ejus</strong></span> <span class='ocrx_word' id='word_1_15' title='bbox 848 768 861 770; x_wconf 95' lang='lat'><em>_</em></span> <span class='ocrx_word' id='word_1_16' title='bbox 1325 713 1432 770; x_wconf 84' lang='lat' dir='ltr'><strong>que</strong></span> <span class='ocrx_word' id='word_1_17' title='bbox 1455 697 1674 770; x_wconf 84' lang='lat' dir='ltr'><strong>domum</strong></span> 
     </span>
    </p>
   </div>
   <div class='ocr_carea' id='block_1_6' title="bbox 493 767 1614 835">
    <p class='ocr_par' dir='ltr' id='par_1_6' title="bbox 493 767 1614 835">
     <span class='ocr_line' id='line_1_6' title="bbox 493 767 1614 835; baseline -0.006 -5"><span class='ocrx_word' id='word_1_18' title='bbox 493 767 862 835; x_wconf 63' lang='lat' dir='ltr'><strong>exclamévit,’</strong></span> <span class='ocrx_word' id='word_1_19' title='bbox 1326 767 1614 824; x_wconf 82' lang='lat' dir='ltr'><strong>intraveri-</strong></span> 
     </span>
    </p>
   </div>
   <div class='ocr_carea' id='block_1_7' title="bbox 493 841 918 899">
    <p class='ocr_par' dir='ltr' id='par_1_7' title="bbox 493 841 918 899">
     <span class='ocr_line' id='line_1_7' title="bbox 493 841 918 899; baseline -0.005 -1"><span class='ocrx_word' id='word_1_20' title='bbox 493 845 685 899; x_wconf 88' lang='lat' dir='ltr'><strong>dicens</strong></span> <span class='ocrx_word' id='word_1_21' title='bbox 710 858 725 896; x_wconf 87' lang='lat'><strong>:</strong></span> <span class='ocrx_word' id='word_1_22' title='bbox 758 841 918 897; x_wconf 89' lang='lat' dir='ltr'><strong>Puel-</strong></span> 
     </span>
    </p>
   </div>
   <div class='ocr_carea' id='block_1_8' title="bbox 494 912 1115 984">
    <p class='ocr_par' dir='ltr' id='par_1_8' title="bbox 494 912 1115 984">
     <span class='ocr_line' id='line_1_8' title="bbox 494 912 1115 984; baseline -0.003 -13"><span class='ocrx_word' id='word_1_23' title='bbox 494 915 584 971; x_wconf 85' lang='lat'><strong>55.</strong></span> <span class='ocrx_word' id='word_1_24' title='bbox 627 913 697 979; x_wconf 90' lang='lat' dir='ltr'><strong>la,</strong></span> <span class='ocrx_word' id='word_1_25' title='bbox 727 927 908 984; x_wconf 78' lang='lat' dir='ltr'><strong>surge.</strong></span> <span class='ocrx_word' id='word_1_26' title='bbox 936 912 1008 969; x_wconf 86' lang='lat' dir='ltr'><strong>Et</strong></span> <span class='ocrx_word' id='word_1_27' title='bbox 1028 927 1115 969; x_wconf 61' lang='lat' dir='ltr'><strong>reo</strong></span> 
     </span>
    </p>
   </div>
   <div class='ocr_carea' id='block_1_9' title="bbox 494 994 795 1042">
    <p class='ocr_par' dir='ltr' id='par_1_9' title="bbox 494 994 795 1042">
     <span class='ocr_line' id='line_1_9' title="bbox 494 994 795 1042; baseline -0.003 0"><span class='ocrx_word' id='word_1_28' title='bbox 494 999 687 1042; x_wconf 85' lang='lat' dir='ltr'><strong>versus</strong></span> <span class='ocrx_word' id='word_1_29' title='bbox 709 994 795 1041; x_wconf 83' lang='lat' dir='ltr'><strong>est</strong></span> 
     </span>
    </p>
   </div>
   <div class='ocr_carea' id='block_1_10' title="bbox 495 1056 961 1129">
    <p class='ocr_par' dir='ltr' id='par_1_10' title="bbox 495 1056 961 1129">
     <span class='ocr_line' id='line_1_10' title="bbox 495 1056 961 1129; baseline -0.013 -13"><span class='ocrx_word' id='word_1_30' title='bbox 495 1057 716 1129; x_wconf 77' lang='lat' dir='ltr'><strong>spiritus</strong></span> <span class='ocrx_word' id='word_1_31' title='bbox 737 1056 877 1126; x_wconf 88' lang='lat' dir='ltr'><strong>ejus,</strong></span> <span class='ocrx_word' id='word_1_32' title='bbox 904 1064 961 1112; x_wconf 95' lang='lat' dir='ltr'><strong>et</strong></span> 
     </span>
    </p>
   </div>
   <div class='ocr_carea' id='block_1_11' title="bbox 495 1130 884 1186">
    <p class='ocr_par' dir='ltr' id='par_1_11' title="bbox 495 1130 884 1186">
     <span class='ocr_line' id='line_1_11' title="bbox 495 1130 884 1186; baseline -0.01 0"><span class='ocrx_word' id='word_1_33' title='bbox 495 1130 736 1186; x_wconf 77' lang='lat' dir='ltr'><strong>surrexit</strong></span> <span class='ocrx_word' id='word_1_34' title='bbox 772 1137 884 1182; x_wconf 82' lang='lat' dir='ltr'><strong>sta-</strong></span> 
     </span>
    </p>
   </div>
   <div class='ocr_carea' id='block_1_12' title="bbox 496 1198 903 1269">
    <p class='ocr_par' dir='ltr' id='par_1_12' title="bbox 496 1198 903 1269">
     <span class='ocr_line' id='line_1_12' title="bbox 496 1198 903 1269; baseline -0.01 -12"><span class='ocrx_word' id='word_1_35' title='bbox 496 1202 613 1257; x_wconf 90' lang='lat' dir='ltr'><strong>tim.</strong></span> <span class='ocrx_word' id='word_1_36' title='bbox 640 1198 712 1253; x_wconf 88' lang='lat' dir='ltr'><strong>Et</strong></span> <span class='ocrx_word' id='word_1_37' title='bbox 737 1199 903 1269; x_wconf 89' lang='lat' dir='ltr'><strong>jussit</strong></span> 
     </span>
    </p>
   </div>
   <div class='ocr_carea' id='block_1_13' title="bbox 495 1271 867 1328">
    <p class='ocr_par' dir='ltr' id='par_1_13' title="bbox 495 1271 867 1328">
     <span class='ocr_line' id='line_1_13' title="bbox 495 1271 867 1328; baseline -0.011 0"><span class='ocrx_word' id='word_1_38' title='bbox 495 1273 614 1328; x_wconf 86' lang='lat' dir='ltr'><strong>dari</strong></span> <span class='ocrx_word' id='word_1_39' title='bbox 641 1271 692 1324; x_wconf 88' lang='lat' dir='ltr'><strong>ei</strong></span> <span class='ocrx_word' id='word_1_40' title='bbox 721 1287 867 1325; x_wconf 88' lang='lat' dir='ltr'><strong>man-</strong></span> 
     </span>
    </p>
   </div>
   <div class='ocr_carea' id='block_1_14' title="bbox 495 1344 720 1400">
    <p class='ocr_par' dir='ltr' id='par_1_14' title="bbox 495 1344 720 1400">
     <span class='ocr_line' id='line_1_14' title="bbox 495 1344 720 1400; baseline -0.013 -4"><span class='ocrx_word' id='word_1_41' title='bbox 495 1344 631 1400; x_wconf 90' lang='lat' dir='ltr'><strong>duca</strong></span> <span class='ocrx_word' id='word_1_42' title='bbox 640 1356 720 1396; x_wconf 90' lang='lat' dir='ltr'><strong>re.</strong></span> 
     </span>
    </p>
   </div>
   <div class='ocr_carea' id='block_1_15' title="bbox 498 1414 1036 1485">
    <p class='ocr_par' dir='ltr' id='par_1_15' title="bbox 498 1414 1036 1485">
     <span class='ocr_line' id='line_1_15' title="bbox 498 1414 1036 1485; baseline -0.006 -13"><span class='ocrx_word' id='word_1_43' title='bbox 498 1415 588 1472; x_wconf 82' lang='lat'><strong>56.</strong></span> <span class='ocrx_word' id='word_1_44' title='bbox 630 1414 1036 1485; x_wconf 89' lang='lat' dir='ltr'><strong>Obstupuerunt</strong></span> 
     </span>
    </p>
   </div>
   <div class='ocr_carea' id='block_1_16' title="bbox 497 1496 908 1555">
    <p class='ocr_par' dir='ltr' id='par_1_16' title="bbox 497 1496 908 1555">
     <span class='ocr_line' id='line_1_16' title="bbox 497 1496 908 1555; baseline 0.005 -15"><span class='ocrx_word' id='word_1_45' title='bbox 497 1496 679 1541; x_wconf 89' lang='lat' dir='ltr'><strong>autem</strong></span> <span class='ocrx_word' id='word_1_46' title='bbox 713 1501 908 1555; x_wconf 85' lang='lat' dir='ltr'><strong>paren-</strong></span> 
     </span>
    </p>
   </div>
   <div class='ocr_carea' id='block_1_17' title="bbox 500 1558 942 1628">
    <p class='ocr_par' dir='ltr' id='par_1_17' title="bbox 500 1558 942 1628">
     <span class='ocr_line' id='line_1_17' title="bbox 500 1558 942 1628; baseline 0.007 -17"><span class='ocrx_word' id='word_1_47' title='bbox 500 1564 585 1613; x_wconf 89' lang='lat' dir='ltr'><strong>tes</strong></span> <span class='ocrx_word' id='word_1_48' title='bbox 614 1558 754 1628; x_wconf 88' lang='lat' dir='ltr'><strong>ejus,</strong></span> <span class='ocrx_word' id='word_1_49' title='bbox 786 1572 942 1628; x_wconf 88' lang='lat' dir='ltr'><strong>prae-</strong></span> 
     </span>
    </p>
   </div>
   <div class='ocr_carea' id='block_1_18' title="bbox 499 1629 849 1700">
    <p class='ocr_par' dir='ltr' id='par_1_18' title="bbox 499 1629 849 1700">
     <span class='ocr_line' id='line_1_18' title="bbox 499 1629 849 1700; baseline -0.006 -16"><span class='ocrx_word' id='word_1_50' title='bbox 499 1629 752 1700; x_wconf 73' lang='lat' dir='ltr'><strong>cepitque</strong></span> <span class='ocrx_word' id='word_1_51' title='bbox 784 1630 849 1683; x_wconf 87' lang='lat' dir='ltr'><strong>il—</strong></span> 
     </span>
    </p>
   </div>
   <div class='ocr_carea' id='block_1_19' title="bbox 500 1700 893 1765">
    <p class='ocr_par' dir='ltr' id='par_1_19' title="bbox 500 1700 893 1765">
     <span class='ocr_line' id='line_1_19' title="bbox 500 1700 893 1765; baseline 0 -9"><span class='ocrx_word' id='word_1_52' title='bbox 500 1700 590 1765; x_wconf 85' lang='lat' dir='ltr'><strong>lis,</strong></span> <span class='ocrx_word' id='word_1_53' title='bbox 627 1709 687 1756; x_wconf 90' lang='lat' dir='ltr'><strong>ut</strong></span> <span class='ocrx_word' id='word_1_54' title='bbox 719 1701 893 1756; x_wconf 90' lang='lat' dir='ltr'><strong>nemi-</strong></span> 
     </span>
    </p>
   </div>
   <div class='ocr_carea' id='block_1_20' title="bbox 500 1771 834 1828">
    <p class='ocr_par' dir='ltr' id='par_1_20' title="bbox 500 1771 834 1828">
     <span class='ocr_line' id='line_1_20' title="bbox 500 1771 834 1828; baseline 0 -1"><span class='ocrx_word' id='word_1_55' title='bbox 500 1771 557 1827; x_wconf 88' lang='lat' dir='ltr'><strong>ni</strong></span> <span class='ocrx_word' id='word_1_56' title='bbox 588 1771 834 1828; x_wconf 78' lang='lat' dir='ltr'><strong>dicerent</strong></span> 
     </span>
    </p>
   </div>
   <div class='ocr_carea' id='block_1_21' title="bbox 500 1842 873 1914">
    <p class='ocr_par' dir='ltr' id='par_1_21' title="bbox 500 1842 873 1914">
     <span class='ocr_line' id='line_1_21' title="bbox 500 1842 873 1914; baseline -0.003 -15"><span class='ocrx_word' id='word_1_57' title='bbox 500 1843 645 1914; x_wconf 87' lang='lat' dir='ltr'><strong>quod</strong></span> <span class='ocrx_word' id='word_1_58' title='bbox 675 1842 873 1899; x_wconf 82' lang='lat' dir='ltr'><strong>factum</strong></span> 
     </span>
    </p>
   </div>
   <div class='ocr_carea' id='block_1_22' title="bbox 701 1958 1063 2016">
    <p class='ocr_par' dir='ltr' id='par_1_22' title="bbox 701 1958 1063 2016">
     <span class='ocr_line' id='line_1_22' title="bbox 701 1958 1063 2016; baseline -0.006 0"><span class='ocrx_word' id='word_1_59' title='bbox 701 1958 932 2016; x_wconf 77' lang='lat' dir='ltr'><strong>CAPUT</strong></span> <span class='ocrx_word' id='word_1_60' title='bbox 971 1959 1063 2016; x_wconf 81' lang='lat' dir='ltr'><strong>IX.</strong></span> 
     </span>
    </p>
   </div>
   <div class='ocr_carea' id='block_1_23' title="bbox 505 2052 905 2110">
    <p class='ocr_par' dir='ltr' id='par_1_23' title="bbox 505 2052 905 2110">
     <span class='ocr_line' id='line_1_23' title="bbox 505 2052 905 2110; baseline -0.003 -1"><span class='ocrx_word' id='word_1_61' title='bbox 505 2054 557 2109; x_wconf 82' lang='grc'><strong>1.</strong></span> <span class='ocrx_word' id='word_1_62' title='bbox 599 2063 705 2110; x_wconf 93' lang='lat' dir='ltr'><strong>est.</strong></span> <span class='ocrx_word' id='word_1_63' title='bbox 722 2055 737 2086; x_wconf 85' lang='grc'>¹</span> <span class='ocrx_word' id='word_1_64' title='bbox 763 2052 905 2109; x_wconf 90' lang='lat' dir='ltr'><strong>Con-</strong></span> 
     </span>
    </p>
   </div>
   <div class='ocr_carea' id='block_1_24' title="bbox 502 2126 836 2181">
    <p class='ocr_par' dir='ltr' id='par_1_24' title="bbox 502 2126 836 2181">
     <span class='ocr_line' id='line_1_24' title="bbox 502 2126 836 2181; baseline -0.006 0"><span class='ocrx_word' id='word_1_65' title='bbox 502 2126 714 2181; x_wconf 79' lang='lat' dir='ltr'><strong>vocatis</strong></span> <span class='ocrx_word' id='word_1_66' title='bbox 739 2140 836 2180; x_wconf 93' lang='lat' dir='ltr'><strong>au-</strong></span> 
     </span>
    </p>
   </div>
   <div class='ocr_carea' id='block_1_25' title="bbox 505 2197 857 2254">
    <p class='ocr_par' dir='ltr' id='par_1_25' title="bbox 505 2197 857 2254">
     <span class='ocr_line' id='line_1_25' title="bbox 505 2197 857 2254; baseline 0.003 -2"><span class='ocrx_word' id='word_1_67' title='bbox 505 2207 616 2254; x_wconf 90' lang='lat' dir='ltr'><strong>tem</strong></span> <span class='ocrx_word' id='word_1_68' title='bbox 649 2197 857 2253; x_wconf 87' lang='lat' dir='ltr'><strong>duode-</strong></span> 
     </span>
    </p>
   </div>
   <div class='ocr_carea' id='block_1_26' title="bbox 502 2269 872 2338">
    <p class='ocr_par' dir='ltr' id='par_1_26' title="bbox 502 2269 872 2338">
     <span class='ocr_line' id='line_1_26' title="bbox 502 2269 872 2338; baseline -0.005 -14"><span class='ocrx_word' id='word_1_69' title='bbox 502 2269 608 2324; x_wconf 91' lang='lat' dir='ltr'><strong>cim</strong></span> <span class='ocrx_word' id='word_1_70' title='bbox 637 2269 872 2338; x_wconf 83' lang='lat' dir='ltr'><strong>Aposto-</strong></span> 
     </span>
    </p>
   </div>
   <div class='ocr_carea' id='block_1_27' title="bbox 505 2339 906 2406">
    <p class='ocr_par' dir='ltr' id='par_1_27' title="bbox 505 2339 906 2406">
     <span class='ocr_line' id='line_1_27' title="bbox 505 2339 906 2406; baseline -0.002 -10"><span class='ocrx_word' id='word_1_71' title='bbox 505 2339 596 2406; x_wconf 89' lang='lat' dir='ltr'><strong>lis,</strong></span> <span class='ocrx_word' id='word_1_72' title='bbox 620 2340 769 2395; x_wconf 88' lang='lat' dir='ltr'><strong>dedit</strong></span> <span class='ocrx_word' id='word_1_73' title='bbox 797 2339 906 2395; x_wconf 83' lang='lat' dir='ltr'><strong>illis</strong></span> 
     </span>
    </p>
   </div>
   <div class='ocr_carea' id='block_1_28' title="bbox 504 2411 784 2478">
    <p class='ocr_par' dir='ltr' id='par_1_28' title="bbox 504 2411 784 2478">
     <span class='ocr_line' id='line_1_28' title="bbox 504 2411 784 2478; baseline 0 -12"><span class='ocrx_word' id='word_1_74' title='bbox 504 2411 784 2478; x_wconf 80' lang='lat' dir='ltr'><strong>virtutem,</strong></span> 
     </span>
    </p>
   </div>
   <div class='ocr_carea' id='block_1_29' title="bbox 505 2492 831 2553">
    <p class='ocr_par' dir='ltr' id='par_1_29' title="bbox 505 2492 831 2553">
     <span class='ocr_line' id='line_1_29' title="bbox 505 2492 831 2553; baseline 0 -15"><span class='ocrx_word' id='word_1_75' title='bbox 505 2493 563 2538; x_wconf 90' lang='lat' dir='ltr'><strong>et</strong></span> <span class='ocrx_word' id='word_1_76' title='bbox 593 2492 831 2553; x_wconf 89' lang='lat' dir='ltr'><strong>potesta-</strong></span> 
     </span>
    </p>
   </div>
   <div class='ocr_carea' id='block_1_30' title="bbox 509 2566 811 2624">
    <p class='ocr_par' dir='ltr' id='par_1_30' title="bbox 509 2566 811 2624">
     <span class='ocr_line' id='line_1_30' title="bbox 509 2566 811 2624; baseline -0.007 -14"><span class='ocrx_word' id='word_1_77' title='bbox 509 2566 618 2611; x_wconf 90' lang='lat' dir='ltr'><strong>tem</strong></span> <span class='ocrx_word' id='word_1_78' title='bbox 647 2570 811 2624; x_wconf 87' lang='lat' dir='ltr'><strong>super</strong></span> 
     </span>
    </p>
   </div>
   <div class='ocr_carea' id='block_1_31' title="bbox 507 2625 838 2682">
    <p class='ocr_par' dir='ltr' id='par_1_31' title="bbox 507 2625 838 2682">
     <span class='ocr_line' id='line_1_31' title="bbox 507 2625 838 2682; baseline -0.006 0"><span class='ocrx_word' id='word_1_79' title='bbox 507 2625 688 2682; x_wconf 88' lang='lat' dir='ltr'><strong>omnia</strong></span> <span class='ocrx_word' id='word_1_80' title='bbox 709 2626 838 2681; x_wconf 85' lang='lat' dir='ltr'><strong>dae-</strong></span> 
     </span>
    </p>
   </div>
   <div class='ocr_carea' id='block_1_32' title="bbox 509 2697 944 2762">
    <p class='ocr_par' dir='ltr' id='par_1_32' title="bbox 509 2697 944 2762">
     <span class='ocr_line' id='line_1_32' title="bbox 509 2697 944 2762; baseline -0.002 -8"><span class='ocrx_word' id='word_1_81' title='bbox 509 2697 715 2762; x_wconf 87' lang='lat' dir='ltr'><strong>monia,</strong></span> <span class='ocrx_word' id='word_1_82' title='bbox 749 2707 805 2753; x_wconf 91' lang='lat' dir='ltr'><strong>et</strong></span> <span class='ocrx_word' id='word_1_83' title='bbox 827 2698 944 2754; x_wconf 87' lang='lat' dir='ltr'><strong>lan-</strong></span> 
     </span>
    </p>
   </div>
   <div class='ocr_carea' id='block_1_33' title="bbox 507 2785 930 2842">
    <p class='ocr_par' dir='ltr' id='par_1_33' title="bbox 507 2785 930 2842">
     <span class='ocr_line' id='line_1_33' title="bbox 507 2785 930 2842; baseline 0.002 -17"><span class='ocrx_word' id='word_1_84' title='bbox 507 2785 707 2842; x_wconf 78' lang='lat' dir='ltr'><strong>guores</strong></span> <span class='ocrx_word' id='word_1_85' title='bbox 722 2785 930 2842; x_wconf 64' lang='lat' dir='ltr'><strong>curan-</strong></span> 
     </span>
    </p>
   </div>
   <div class='ocr_carea' id='block_1_34' title="bbox 506 2840 1106 2898">
    <p class='ocr_par' dir='ltr' id='par_1_34' title="bbox 506 2840 1106 2898">
     <span class='ocr_line' id='line_1_34' title="bbox 506 2840 1106 2898; baseline 0.002 -2"><span class='ocrx_word' id='word_1_86' title='bbox 506 2840 564 2897; x_wconf 70' lang='lat'><strong>‘2.</strong></span> <span class='ocrx_word' id='word_1_87' title='bbox 605 2841 682 2896; x_wconf 87' lang='lat' dir='ltr'><strong>di.</strong></span> <span class='ocrx_word' id='word_1_88' title='bbox 721 2840 787 2896; x_wconf 85' lang='lat' dir='ltr'><strong>Et</strong></span> <span class='ocrx_word' id='word_1_89' title='bbox 810 2843 958 2898; x_wconf 85' lang='lat' dir='ltr'><strong>misit</strong></span> <span class='ocrx_word' id='word_1_90' title='bbox 983 2841 1106 2898; x_wconf 90' lang='lat' dir='ltr'><strong>illos</strong></span> 
     </span>
    </p>
   </div>
   <div class='ocr_carea' id='block_1_35' title="bbox 508 2912 829 2985">
    <p class='ocr_par' dir='ltr' id='par_1_35' title="bbox 508 2912 829 2985">
     <span class='ocr_line' id='line_1_35' title="bbox 508 2912 829 2985; baseline 0 -16"><span class='ocrx_word' id='word_1_91' title='bbox 508 2912 829 2985; x_wconf 87' lang='lat' dir='ltr'><strong>praedicare</strong></span> 
     </span>
    </p>
   </div>
   <div class='ocr_carea' id='block_1_36' title="bbox 509 2985 893 3056">
    <p class='ocr_par' dir='ltr' id='par_1_36' title="bbox 509 2985 893 3056">
     <span class='ocr_line' id='line_1_36' title="bbox 509 2985 893 3056; baseline 0 -16"><span class='ocrx_word' id='word_1_92' title='bbox 509 2999 741 3056; x_wconf 76' lang='lat' dir='ltr'><strong>regnum</strong></span> <span class='ocrx_word' id='word_1_93' title='bbox 776 2985 893 3050; x_wconf 88' lang='lat' dir='ltr'><strong>Dei,</strong></span> 
     </span>
    </p>
   </div>
   <div class='ocr_carea' id='block_1_37' title="bbox 510 3067 790 3111">
    <p class='ocr_par' dir='ltr' id='par_1_37' title="bbox 510 3067 790 3111">
     <span class='ocr_line' id='line_1_37' title="bbox 510 3067 790 3111; baseline -0.004 0"><span class='ocrx_word' id='word_1_94' title='bbox 510 3067 566 3111; x_wconf 90' lang='lat' dir='ltr'><strong>et</strong></span> <span class='ocrx_word' id='word_1_95' title='bbox 594 3070 650 3110; x_wconf 92' lang='lat' dir='ltr'><strong>sa</strong></span> <span class='ocrx_word' id='word_1_96' title='bbox 660 3069 790 3110; x_wconf 85' lang='lat' dir='ltr'><strong>nare</strong></span> 
     </span>
    </p>
   </div>
   <div class='ocr_carea' id='block_1_38' title="bbox 511 3126 1074 3194">
    <p class='ocr_par' dir='ltr' id='par_1_38' title="bbox 511 3126 1074 3194">
     <span class='ocr_line' id='line_1_38' title="bbox 511 3126 1074 3194; baseline 0.007 -13"><span class='ocrx_word' id='word_1_97' title='bbox 511 3128 568 3181; x_wconf 80' lang='lat'><strong>3.</strong></span> <span class='ocrx_word' id='word_1_98' title='bbox 609 3136 881 3194; x_wconf 73' lang='lat' dir='ltr'><strong>aegrotos.</strong></span> <span class='ocrx_word' id='word_1_99' title='bbox 913 3127 980 3184; x_wconf 87' lang='lat' dir='ltr'><strong>Et</strong></span> <span class='ocrx_word' id='word_1_100' title='bbox 1001 3126 1074 3184; x_wconf 91' lang='lat' dir='ltr'><strong>di-</strong></span> 
     </span>
    </p>
   </div>
   <div class='ocr_carea' id='block_1_39' title="bbox 515 3197 888 3252">
    <p class='ocr_par' dir='ltr' id='par_1_39' title="bbox 515 3197 888 3252">
     <span class='ocr_line' id='line_1_39' title="bbox 515 3197 888 3252; baseline -0.003 0"><span class='ocrx_word' id='word_1_101' title='bbox 515 3198 598 3252; x_wconf 91' lang='lat' dir='ltr'><strong>xit</strong></span> <span class='ocrx_word' id='word_1_102' title='bbox 625 3198 691 3250; x_wconf 92' lang='lat' dir='ltr'><strong>ad</strong></span> <span class='ocrx_word' id='word_1_103' title='bbox 723 3197 844 3252; x_wconf 85' lang='lat' dir='ltr'><strong>illos</strong></span> <span class='ocrx_word' id='word_1_104' title='bbox 875 3215 888 3251; x_wconf 89' lang='lat'><strong>:</strong></span> 
     </span>
    </p>
   </div>
   <div class='ocr_carea' id='block_1_40' title="bbox 514 3267 892 3324">
    <p class='ocr_par' dir='ltr' id='par_1_40' title="bbox 514 3267 892 3324">
     <span class='ocr_line' id='line_1_40' title="bbox 514 3267 892 3324; baseline -0.005 0"><span class='ocrx_word' id='word_1_105' title='bbox 514 3267 656 3324; x_wconf 83' lang='lat' dir='ltr'><strong>Nihil</strong></span> <span class='ocrx_word' id='word_1_106' title='bbox 688 3269 892 3323; x_wconf 89' lang='lat' dir='ltr'><strong>tollatis</strong></span> 
     </span>
    </p>
   </div>
   <div class='ocr_carea' id='block_1_41' title="bbox 515 3340 925 3410">
    <p class='ocr_par' dir='ltr' id='par_1_41' title="bbox 515 3340 925 3410">
     <span class='ocr_line' id='line_1_41' title="bbox 515 3340 925 3410; baseline 0 -15"><span class='ocrx_word' id='word_1_107' title='bbox 515 3341 571 3395; x_wconf 94' lang='lat' dir='ltr'><strong>in</strong></span> <span class='ocrx_word' id='word_1_108' title='bbox 598 3340 715 3406; x_wconf 88' lang='lat' dir='ltr'><strong>via,</strong></span> <span class='ocrx_word' id='word_1_109' title='bbox 744 3355 925 3410; x_wconf 89' lang='lat' dir='ltr'><strong>neque</strong></span> 
     </span>
    </p>
   </div>
   <div class='ocr_carea' id='block_1_42' title="bbox 516 3411 886 3482">
    <p class='ocr_par' dir='ltr' id='par_1_42' title="bbox 516 3411 886 3482">
     <span class='ocr_line' id='line_1_42' title="bbox 516 3411 886 3482; baseline 0.008 -17"><span class='ocrx_word' id='word_1_110' title='bbox 516 3411 724 3482; x_wconf 78' lang='lat' dir='ltr'><strong>virgam</strong></span> <span class='ocrx_word' id='word_1_111' title='bbox 743 3451 758 3474; x_wconf 94' lang='lat'><strong>,</strong></span> <span class='ocrx_word' id='word_1_112' title='bbox 789 3427 886 3468; x_wconf 92' lang='lat' dir='ltr'><strong>ne-</strong></span> 
     </span>
    </p>
   </div>
   <div class='ocr_carea' id='block_1_43' title="bbox 516 3497 857 3552">
    <p class='ocr_par' dir='ltr' id='par_1_43' title="bbox 516 3497 857 3552">
     <span class='ocr_line' id='line_1_43' title="bbox 516 3497 857 3552; baseline -0.012 -14"><span class='ocrx_word' id='word_1_113' title='bbox 516 3497 623 3552; x_wconf 89' lang='lat' dir='ltr'><strong>que</strong></span> <span class='ocrx_word' id='word_1_114' title='bbox 646 3498 795 3552; x_wconf 91' lang='lat' dir='ltr'><strong>pera.</strong></span> <span class='ocrx_word' id='word_1_115' title='bbox 842 3520 857 3535; x_wconf 93' lang='lat'><strong>.</strong></span> 
     </span>
    </p>
   </div>
   <div class='ocr_carea' id='block_1_44' title="bbox 519 3555 881 3622">
    <p class='ocr_par' dir='ltr' id='par_1_44' title="bbox 519 3555 881 3622">
     <span class='ocr_line' id='line_1_44' title="bbox 519 3555 881 3622; baseline 0.003 -13"><span class='ocrx_word' id='word_1_116' title='bbox 519 3568 696 3622; x_wconf 88' lang='lat' dir='ltr'><strong>neque</strong></span> <span class='ocrx_word' id='word_1_117' title='bbox 716 3555 881 3610; x_wconf 88' lang='lat' dir='ltr'><strong>calci-</strong></span> 
     </span>
    </p>
   </div>
   <div class='ocr_carea' id='block_1_45' title="bbox 517 3635 877 3689">
    <p class='ocr_par' dir='ltr' id='par_1_45' title="bbox 517 3635 877 3689">
     <span class='ocr_line' id='line_1_45' title="bbox 517 3635 877 3689; baseline 0 -9"><span class='ocrx_word' id='word_1_118' title='bbox 517 3635 756 3689; x_wconf 84' lang='lat' dir='ltr'><strong>amenta,</strong></span> <span class='ocrx_word' id='word_1_119' title='bbox 781 3640 877 3680; x_wconf 92' lang='lat' dir='ltr'><strong>ne—</strong></span> 
     </span>
    </p>
   </div>
   <div class='ocr_carea' id='block_1_46' title="bbox 519 3711 885 3766">
    <p class='ocr_par' dir='ltr' id='par_1_46' title="bbox 519 3711 885 3766">
     <span class='ocr_line' id='line_1_46' title="bbox 519 3711 885 3766; baseline 0 -16"><span class='ocrx_word' id='word_1_120' title='bbox 519 3711 625 3765; x_wconf 88' lang='lat' dir='ltr'><strong>que</strong></span> <span class='ocrx_word' id='word_1_121' title='bbox 656 3711 849 3766; x_wconf 89' lang='lat' dir='ltr'><strong>panem</strong></span> <span class='ocrx_word' id='word_1_122' title='bbox 870 3738 885 3762; x_wconf 92' lang='lat'><strong>,</strong></span> 
     </span>
    </p>
   </div>
   <div class='ocr_carea' id='block_1_47' title="bbox 522 3782 878 3837">
    <p class='ocr_par' dir='ltr' id='par_1_47' title="bbox 522 3782 878 3837">
     <span class='ocr_line' id='line_1_47' title="bbox 522 3782 878 3837; baseline 0 -15"><span class='ocrx_word' id='word_1_123' title='bbox 522 3782 698 3837; x_wconf 88' lang='lat' dir='ltr'><strong>neque</strong></span> <span class='ocrx_word' id='word_1_124' title='bbox 723 3783 878 3837; x_wconf 54' lang='lat' dir='ltr'><strong>pecu.</strong></span> 
     </span>
    </p>
   </div>
   <div class='ocr_carea' id='block_1_48' title="bbox 522 3838 896 3910">
    <p class='ocr_par' dir='ltr' id='par_1_48' title="bbox 522 3838 896 3910">
     <span class='ocr_line' id='line_1_48' title="bbox 522 3838 896 3910; baseline 0.008 -18"><span class='ocrx_word' id='word_1_125' title='bbox 522 3838 687 3910; x_wconf 87' lang='lat' dir='ltr'><strong>niam,</strong></span> <span class='ocrx_word' id='word_1_126' title='bbox 722 3854 896 3910; x_wconf 86' lang='lat' dir='ltr'><strong>neque</strong></span> 
     </span>
    </p>
   </div>
   <div class='ocr_carea' id='block_1_49' title="bbox 524 3909 900 3966">
    <p class='ocr_par' dir='ltr' id='par_1_49' title="bbox 524 3909 900 3966">
     <span class='ocr_line' id='line_1_49' title="bbox 524 3909 900 3966; baseline 0 0"><span class='ocrx_word' id='word_1_127' title='bbox 524 3909 659 3966; x_wconf 88' lang='lat' dir='ltr'><strong>duas</strong></span> <span class='ocrx_word' id='word_1_128' title='bbox 690 3909 900 3966; x_wconf 84' lang='lat' dir='ltr'><strong>tunicas</strong></span> 
     </span>
    </p>
   </div>
   <div class='ocr_carea' id='block_1_50' title="bbox 526 4142 3756 4214">
    <p class='ocr_par' dir='ltr' id='par_1_50' title="bbox 526 4142 3756 4214">
     <span class='ocr_line' id='line_1_50' title="bbox 526 4142 3756 4214; baseline -0.002 -17"><span class='ocrx_word' id='word_1_129' title='bbox 526 4152 736 4197; x_wconf 90' lang='lat' dir='ltr'><strong>mortua</strong></span> <span class='ocrx_word' id='word_1_130' title='bbox 765 4153 932 4199; x_wconf 86' lang='lat' dir='ltr'><strong>esset.</strong></span> <span class='ocrx_word' id='word_1_131' title='bbox 962 4145 1082 4209; x_wconf 87' lang='lat' dir='ltr'><strong>Ipse</strong></span> <span class='ocrx_word' id='word_1_132' title='bbox 1113 4153 1293 4200; x_wconf 88' lang='lat' dir='ltr'><strong>autem</strong></span> <span class='ocrx_word' id='word_1_133' title='bbox 1323 4146 1528 4201; x_wconf 90' lang='lat' dir='ltr'><strong>eiciens</strong></span> <span class='ocrx_word' id='word_1_134' title='bbox 1555 4160 1744 4201; x_wconf 84' lang='lat' dir='ltr'><strong>omnes</strong></span> <span class='ocrx_word' id='word_1_135' title='bbox 1772 4147 1936 4201; x_wconf 89' lang='lat' dir='ltr'><strong>l&#39;oras.</strong></span> <span class='ocrx_word' id='word_1_136' title='bbox 1970 4155 2025 4202; x_wconf 90' lang='lat' dir='ltr'><strong>et</strong></span> <span class='ocrx_word' id='word_1_137' title='bbox 2045 4156 2127 4202; x_wconf 88' lang='lat' dir='ltr'><strong>te—</strong></span> <span class='ocrx_word' id='word_1_138' title='bbox 2231 4147 2320 4202; x_wconf 90' lang='lat' dir='ltr'><strong>tis.</strong></span> <span class='ocrx_word' id='word_1_139' title='bbox 2348 4147 2482 4200; x_wconf 84' lang='lat' dir='ltr'><strong>Etin</strong></span> <span class='ocrx_word' id='word_1_140' title='bbox 2503 4159 2897 4214; x_wconf 83' lang='lat' dir='ltr'><strong>quamcumque</strong></span> <span class='ocrx_word' id='word_1_141' title='bbox 2913 4142 3565 4200; x_wconf 88' lang='lat' dir='ltr'><strong>domumintroieritis.ibi</strong></span> <span class='ocrx_word' id='word_1_142' title='bbox 3589 4142 3756 4194; x_wconf 77' lang='lat' dir='ltr'><strong>manete</strong></span> 
     </span>
    </p>
   </div>
   <div class='ocr_carea' id='block_1_51' title="bbox 528 4215 3861 4288">
    <p class='ocr_par' dir='ltr' id='par_1_51' title="bbox 528 4215 3861 4288">
     <span class='ocr_line' id='line_1_51' title="bbox 528 4215 3861 4288; baseline -0.001 -20"><span class='ocrx_word' id='word_1_143' title='bbox 528 4228 666 4268; x_wconf 88' lang='lat' dir='ltr'><strong>nens</strong></span> <span class='ocrx_word' id='word_1_144' title='bbox 697 4230 915 4268; x_wconf 86' lang='lat' dir='ltr'><strong>manum</strong></span> <span class='ocrx_word' id='word_1_145' title='bbox 950 4217 1069 4285; x_wconf 93' lang='lat' dir='ltr'><strong>ejus</strong></span> <span class='ocrx_word' id='word_1_146' title='bbox 1113 4216 1366 4271; x_wconf 75' lang='lat' dir='ltr'><strong>clamavit</strong></span> <span class='ocrx_word' id='word_1_147' title='bbox 1401 4217 1607 4272; x_wconf 89' lang='lat' dir='ltr'><strong>dicens.</strong></span> <span class='ocrx_word' id='word_1_148' title='bbox 1660 4218 1844 4272; x_wconf 86' lang='lat' dir='ltr'><strong>Puella</strong></span> <span class='ocrx_word' id='word_1_149' title='bbox 1871 4233 2033 4288; x_wconf 78' lang='lat' dir='ltr'><strong>surge</strong></span> <span class='ocrx_word' id='word_1_150' title='bbox 2062 4219 2128 4273; x_wconf 87' lang='lat' dir='ltr'><strong>Et</strong></span> <span class='ocrx_word' id='word_1_151' title='bbox 2229 4219 2405 4273; x_wconf 88' lang='lat' dir='ltr'><strong>donec</strong></span> <span class='ocrx_word' id='word_1_152' title='bbox 2423 4215 3757 4288; x_wconf 60' lang='lat' dir='ltr'><strong>excatisthuicumquenonreceperintvosexentl-</strong></span> <span class='ocrx_word' id='word_1_153' title='bbox 3860 4215 3861 4258; x_wconf 40' lang='grc' dir='ltr'><strong><em>Ψ</em></strong></span> 
     </span>
    </p>
   </div>
   <div class='ocr_carea' id='block_1_52' title="bbox 529 4288 2125 4360">
    <p class='ocr_par' dir='ltr' id='par_1_52' title="bbox 529 4288 2125 4360">
     <span class='ocr_line' id='line_1_52' title="bbox 529 4288 2125 4360; baseline 0.003 -22"><span class='ocrx_word' id='word_1_154' title='bbox 529 4299 782 4360; x_wconf 72' lang='lat' dir='ltr'><strong>reversus</strong></span> <span class='ocrx_word' id='word_1_155' title='bbox 813 4295 898 4342; x_wconf 84' lang='lat' dir='ltr'><strong>est</strong></span> <span class='ocrx_word' id='word_1_156' title='bbox 921 4288 1145 4360; x_wconf 73' lang='lat' dir='ltr'><strong>spiritus</strong></span> <span class='ocrx_word' id='word_1_157' title='bbox 1171 4288 1287 4357; x_wconf 79' lang='lat' dir='ltr'><strong>ejus</strong></span> <span class='ocrx_word' id='word_1_158' title='bbox 1315 4296 1369 4341; x_wconf 90' lang='lat' dir='ltr'><strong>et</strong></span> <span class='ocrx_word' id='word_1_159' title='bbox 1396 4289 1629 4342; x_wconf 75' lang='lat' dir='ltr'><strong>surrexit</strong></span> <span class='ocrx_word' id='word_1_160' title='bbox 1648 4291 1906 4343; x_wconf 90' lang='lat' dir='ltr'><strong>continuo</strong></span> <span class='ocrx_word' id='word_1_161' title='bbox 1929 4291 1991 4344; x_wconf 82' lang='lat' dir='ltr'><strong>Et</strong></span> <span class='ocrx_word' id='word_1_162' title='bbox 2009 4289 2125 4360; x_wconf 83' lang='lat' dir='ltr'><strong>jus-</strong></span> 
     </span>
    </p>
   </div>
   <div class='ocr_carea' id='block_1_53' title="bbox 529 4354 2124 4431">
    <p class='ocr_par' dir='ltr' id='par_1_53' title="bbox 529 4354 2124 4431">
     <span class='ocr_line' id='line_1_53' title="bbox 529 4354 2124 4431; baseline 0.003 -21"><span class='ocrx_word' id='word_1_163' title='bbox 529 4354 702 4431; x_wconf 25' lang='lat' dir='ltr'><strong>sit-illi</strong></span> <span class='ocrx_word' id='word_1_164' title='bbox 728 4357 857 4412; x_wconf 89' lang='lat' dir='ltr'><strong>dare</strong></span> <span class='ocrx_word' id='word_1_165' title='bbox 890 4354 1236 4413; x_wconf 68' lang='lat' dir='ltr'><strong>manducare.</strong></span> <span class='ocrx_word' id='word_1_166' title='bbox 1273 4360 1338 4431; x_wconf 83' lang='lat' dir='ltr'><strong>Et</strong></span> <span class='ocrx_word' id='word_1_167' title='bbox 1364 4367 1685 4431; x_wconf 83' lang='lat' dir='ltr'><strong>stupuerunt</strong></span> <span class='ocrx_word' id='word_1_168' title='bbox 1717 4369 1972 4431; x_wconf 82' lang='lat' dir='ltr'><strong>parentes</strong></span> <span class='ocrx_word' id='word_1_169' title='bbox 2006 4354 2124 4431; x_wconf 76' lang='lat' dir='ltr'><strong>ejus</strong></span> 
     </span>
    </p>
   </div>
   <div class='ocr_carea' id='block_1_54' title="bbox 529 4428 2118 4502">
    <p class='ocr_par' dir='ltr' id='par_1_54' title="bbox 529 4428 2118 4502">
     <span class='ocr_line' id='line_1_54' title="bbox 529 4428 2118 4502; baseline 0.004 -24"><span class='ocrx_word' id='word_1_170' title='bbox 529 4428 726 4502; x_wconf 58' lang='lat' dir='ltr'><strong>quibus</strong></span> <span class='ocrx_word' id='word_1_171' title='bbox 757 4431 1032 4495; x_wconf 85' lang='lat' dir='ltr'><strong>praecepit</strong></span> <span class='ocrx_word' id='word_1_172' title='bbox 1059 4446 1126 4484; x_wconf 90' lang='lat' dir='ltr'><strong>ne</strong></span> <span class='ocrx_word' id='word_1_173' title='bbox 1156 4429 1317 4502; x_wconf 81' lang='lat' dir='ltr'><strong>alicui</strong></span> <span class='ocrx_word' id='word_1_174' title='bbox 1357 4430 1601 4485; x_wconf 90' lang='lat' dir='ltr'><strong>dicerent</strong></span> <span class='ocrx_word' id='word_1_175' title='bbox 1627 4428 1769 4502; x_wconf 73' lang='grc' dir='ltr'>(ιιιύά</span> <span class='ocrx_word' id='word_1_176' title='bbox 1795 4430 1993 4486; x_wconf 84' lang='lat' dir='ltr'><strong>factum</strong></span> <span class='ocrx_word' id='word_1_177' title='bbox 2016 4428 2118 4486; x_wconf 82' lang='lat' dir='ltr'><strong>est.</strong></span> 
     </span>
    </p>
   </div>
   <div class='ocr_carea' id='block_1_55' title="bbox 599 4497 2121 4571">
    <p class='ocr_par' dir='ltr' id='par_1_55' title="bbox 599 4497 2121 4571">
     <span class='ocr_line' id='line_1_55' title="bbox 599 4497 2121 4571; baseline 0.003 -18"><span class='ocrx_word' id='word_1_178' title='bbox 599 4497 924 4554; x_wconf 81' lang='lat' dir='ltr'><strong>Convocatis</strong></span> <span class='ocrx_word' id='word_1_179' title='bbox 964 4511 1144 4554; x_wconf 89' lang='lat' dir='ltr'><strong>autem</strong></span> <span class='ocrx_word' id='word_1_180' title='bbox 1172 4500 1460 4556; x_wconf 81' lang='lat' dir='ltr'><strong>duodecim</strong></span> <span class='ocrx_word' id='word_1_181' title='bbox 1506 4497 1800 4571; x_wconf 75' lang='lat' dir='ltr'><strong>Apostolis.</strong></span> <span class='ocrx_word' id='word_1_182' title='bbox 1834 4502 1984 4558; x_wconf 87' lang='lat' dir='ltr'><strong>dedit</strong></span> <span class='ocrx_word' id='word_1_183' title='bbox 2010 4503 2121 4558; x_wconf 84' lang='lat' dir='ltr'><strong>illis</strong></span> 
     </span>
    </p>
   </div>
   <div class='ocr_carea' id='block_1_56' title="bbox 530 4569 2118 4639">
    <p class='ocr_par' dir='ltr' id='par_1_56' title="bbox 530 4569 2118 4639">
     <span class='ocr_line' id='line_1_56' title="bbox 530 4569 2118 4639; baseline 0.004 -18"><span class='ocrx_word' id='word_1_184' title='bbox 530 4569 784 4624; x_wconf 83' lang='lat' dir='ltr'><strong>virtutem</strong></span> <span class='ocrx_word' id='word_1_185' title='bbox 814 4580 868 4625; x_wconf 90' lang='lat' dir='ltr'><strong>et</strong></span> <span class='ocrx_word' id='word_1_186' title='bbox 911 4580 1232 4639; x_wconf 66' lang='lat' dir='ltr'><strong>potestatem</strong></span> <span class='ocrx_word' id='word_1_187' title='bbox 1265 4588 1428 4635; x_wconf 80' lang='lat' dir='ltr'><strong>super</strong></span> <span class='ocrx_word' id='word_1_188' title='bbox 1457 4569 1634 4627; x_wconf 86' lang='lat' dir='ltr'><strong>omnia</strong></span> <span class='ocrx_word' id='word_1_189' title='bbox 1660 4575 1946 4629; x_wconf 88' lang='lat' dir='ltr'><strong>daemonia</strong></span> <span class='ocrx_word' id='word_1_190' title='bbox 1975 4584 2029 4629; x_wconf 92' lang='lat' dir='ltr'><strong>et</strong></span> <span class='ocrx_word' id='word_1_191' title='bbox 2061 4585 2118 4628; x_wconf 92' lang='lat' dir='ltr'><strong>ut</strong></span> 
     </span>
    </p>
   </div>
   <div class='ocr_carea' id='block_1_57' title="bbox 529 4640 2115 4714">
    <p class='ocr_par' dir='ltr' id='par_1_57' title="bbox 529 4640 2115 4714">
     <span class='ocr_line' id='line_1_57' title="bbox 529 4640 2115 4714; baseline 0.004 -22"><span class='ocrx_word' id='word_1_192' title='bbox 529 4640 818 4714; x_wconf 59' lang='lat' dir='ltr'><strong>[angulares</strong></span> <span class='ocrx_word' id='word_1_193' title='bbox 845 4651 1103 4697; x_wconf 87' lang='lat' dir='ltr'><strong>sanarent</strong></span> <span class='ocrx_word' id='word_1_194' title='bbox 1131 4644 1194 4697; x_wconf 79' lang='lat' dir='ltr'><strong>Et</strong></span> <span class='ocrx_word' id='word_1_195' title='bbox 1229 4641 1374 4697; x_wconf 85' lang='lat' dir='ltr'><strong>misit</strong></span> <span class='ocrx_word' id='word_1_196' title='bbox 1407 4644 1526 4697; x_wconf 89' lang='lat' dir='ltr'><strong>illos</strong></span> <span class='ocrx_word' id='word_1_197' title='bbox 1558 4647 1870 4714; x_wconf 89' lang='lat' dir='ltr'><strong>praedicare</strong></span> <span class='ocrx_word' id='word_1_198' title='bbox 1893 4661 2115 4714; x_wconf 77' lang='lat' dir='ltr'><strong>regnum</strong></span> 
     </span>
    </p>
   </div>
   <div class='ocr_carea' id='block_1_58' title="bbox 531 4711 2111 4771">
    <p class='ocr_par' dir='ltr' id='par_1_58' title="bbox 531 4711 2111 4771">
     <span class='ocr_line' id='line_1_58' title="bbox 531 4711 2111 4771; baseline 0.003 -6"><span class='ocrx_word' id='word_1_199' title='bbox 531 4711 645 4766; x_wconf 87' lang='lat' dir='ltr'><strong>Dei.</strong></span> <span class='ocrx_word' id='word_1_200' title='bbox 679 4725 733 4768; x_wconf 92' lang='lat' dir='ltr'><strong>et</strong></span> <span class='ocrx_word' id='word_1_201' title='bbox 777 4729 971 4768; x_wconf 89' lang='lat' dir='ltr'><strong>sanare</strong></span> <span class='ocrx_word' id='word_1_202' title='bbox 1001 4730 1190 4768; x_wconf 77' lang='lat' dir='ltr'><strong>omnes</strong></span> <span class='ocrx_word' id='word_1_203' title='bbox 1237 4711 1598 4770; x_wconf 77' lang='lat' dir='ltr'><strong>inﬁrmitates.</strong></span> <span class='ocrx_word' id='word_1_204' title='bbox 1652 4717 1716 4771; x_wconf 87' lang='lat' dir='ltr'><strong>Et</strong></span> <span class='ocrx_word' id='word_1_205' title='bbox 1757 4719 1831 4770; x_wconf 90' lang='lat' dir='ltr'><strong>ait</strong></span> <span class='ocrx_word' id='word_1_206' title='bbox 1870 4716 1935 4770; x_wconf 86' lang='lat' dir='ltr'><strong>ad</strong></span> <span class='ocrx_word' id='word_1_207' title='bbox 1956 4711 2111 4770; x_wconf 75' lang='lat' dir='ltr'><strong>illus.</strong></span> 
     </span>
    </p>
   </div>
   <div class='ocr_carea' id='block_1_59' title="bbox 529 4782 2112 4856">
    <p class='ocr_par' dir='ltr' id='par_1_59' title="bbox 529 4782 2112 4856">
     <span class='ocr_line' id='line_1_59' title="bbox 529 4782 2112 4856; baseline 0.003 -19"><span class='ocrx_word' id='word_1_208' title='bbox 529 4782 669 4838; x_wconf 85' lang='lat' dir='ltr'><strong>Nihil</strong></span> <span class='ocrx_word' id='word_1_209' title='bbox 701 4785 930 4839; x_wconf 90' lang='lat' dir='ltr'><strong>tuleritis</strong></span> <span class='ocrx_word' id='word_1_210' title='bbox 948 4785 1000 4839; x_wconf 87' lang='lat' dir='ltr'><strong>in</strong></span> <span class='ocrx_word' id='word_1_211' title='bbox 1021 4787 1108 4840; x_wconf 86' lang='lat' dir='ltr'><strong>via</strong></span> <span class='ocrx_word' id='word_1_212' title='bbox 1129 4801 1303 4856; x_wconf 87' lang='lat' dir='ltr'><strong>neque</strong></span> <span class='ocrx_word' id='word_1_213' title='bbox 1327 4785 1552 4856; x_wconf 81' lang='lat' dir='ltr'><strong>virgam.</strong></span> <span class='ocrx_word' id='word_1_214' title='bbox 1598 4803 1772 4856; x_wconf 91' lang='lat' dir='ltr'><strong>neque</strong></span> <span class='ocrx_word' id='word_1_215' title='bbox 1805 4803 1986 4855; x_wconf 82' lang='lat' dir='ltr'><strong>peram</strong></span> <span class='ocrx_word' id='word_1_216' title='bbox 2016 4803 2112 4841; x_wconf 88' lang='lat' dir='ltr'><strong>ne-</strong></span> 
     </span>
    </p>
   </div>
   <div class='ocr_carea' id='block_1_60' title="bbox 529 4858 2112 4928">
    <p class='ocr_par' dir='ltr' id='par_1_60' title="bbox 529 4858 2112 4928">
     <span class='ocr_line' id='line_1_60' title="bbox 529 4858 2112 4928; baseline 0.004 -22"><span class='ocrx_word' id='word_1_217' title='bbox 529 4870 634 4925; x_wconf 90' lang='lat' dir='ltr'><strong>que</strong></span> <span class='ocrx_word' id='word_1_218' title='bbox 647 4871 836 4926; x_wconf 85' lang='lat' dir='ltr'><strong>panem</strong></span> <span class='ocrx_word' id='word_1_219' title='bbox 853 4872 1029 4927; x_wconf 83' lang='lat' dir='ltr'><strong>neque</strong></span> <span class='ocrx_word' id='word_1_220' title='bbox 1041 4861 1530 4928; x_wconf 87' lang='lat' dir='ltr'><strong>pecuniam.neque</strong></span> <span class='ocrx_word' id='word_1_221' title='bbox 1543 4858 1677 4914; x_wconf 91' lang='lat' dir='ltr'><strong>duas</strong></span> <span class='ocrx_word' id='word_1_222' title='bbox 1689 4859 1901 4914; x_wconf 66' lang='lat' dir='ltr'><strong>tunicis</strong></span> <span class='ocrx_word' id='word_1_223' title='bbox 1914 4859 2112 4913; x_wconf 86' lang='lat' dir='ltr'><strong>habea-</strong></span> 
     </span>
    </p>
   </div>
   <div class='ocr_carea' id='block_1_61' title="bbox 1330 839 1752 907">
    <p class='ocr_par' dir='ltr' id='par_1_61' title="bbox 1330 839 1752 907">
     <span class='ocr_line' id='line_1_61' title="bbox 1330 839 1752 907; baseline 0.005 -13"><span class='ocrx_word' id='word_1_224' title='bbox 1330 841 1400 896; x_wconf 93' lang='lat' dir='ltr'><strong>tis</strong></span> <span class='ocrx_word' id='word_1_225' title='bbox 1418 882 1433 907; x_wconf 94' lang='lat'><strong>,</strong></span> <span class='ocrx_word' id='word_1_226' title='bbox 1463 839 1535 895; x_wconf 88' lang='lat' dir='ltr'><strong>ibi</strong></span> <span class='ocrx_word' id='word_1_227' title='bbox 1567 855 1752 896; x_wconf 91' lang='lat' dir='ltr'><strong>mane-</strong></span> 
     </span>
    </p>
   </div>
   <div class='ocr_carea' id='block_1_62' title="bbox 1331 911 1906 984">
    <p class='ocr_par' dir='ltr' id='par_1_62' title="bbox 1331 911 1906 984">
     <span class='ocr_line' id='line_1_62' title="bbox 1331 911 1906 984; baseline -0.002 -17"><span class='ocrx_word' id='word_1_228' title='bbox 1331 920 1408 979; x_wconf 90' lang='lat' dir='ltr'><strong>te,</strong></span> <span class='ocrx_word' id='word_1_229' title='bbox 1441 921 1497 964; x_wconf 90' lang='lat' dir='ltr'><strong>et</strong></span> <span class='ocrx_word' id='word_1_230' title='bbox 1530 911 1659 984; x_wconf 58' lang='lat' dir='ltr'><strong>nide</strong></span> <span class='ocrx_word' id='word_1_231' title='bbox 1690 913 1763 984; x_wconf 75' lang='grc' dir='ltr'><strong>(ο)</strong></span> <span class='ocrx_word' id='word_1_232' title='bbox 1794 913 1906 968; x_wconf 83' lang='lat' dir='ltr'><strong>exi-</strong></span> 
     </span>
    </p>
   </div>
   <div class='ocr_carea' id='block_1_63' title="bbox 1332 981 1881 1054">
    <p class='ocr_par' dir='ltr' id='par_1_63' title="bbox 1332 981 1881 1054">
     <span class='ocr_line' id='line_1_63' title="bbox 1332 981 1881 1054; baseline 0.004 -15"><span class='ocrx_word' id='word_1_233' title='bbox 1332 984 1385 1039; x_wconf 87' lang='lat'><strong>5.</strong></span> <span class='ocrx_word' id='word_1_234' title='bbox 1429 992 1503 1038; x_wconf 92' lang='lat' dir='ltr'><strong>te.</strong></span> <span class='ocrx_word' id='word_1_235' title='bbox 1529 981 1595 1036; x_wconf 88' lang='lat' dir='ltr'><strong>Et</strong></span> <span class='ocrx_word' id='word_1_236' title='bbox 1635 981 1881 1054; x_wconf 89' lang='lat' dir='ltr'><strong>quicum-</strong></span> 
     </span>
    </p>
   </div>
   <div class='ocr_carea' id='block_1_64' title="bbox 1329 1069 1684 1125">
    <p class='ocr_par' dir='ltr' id='par_1_64' title="bbox 1329 1069 1684 1125">
     <span class='ocr_line' id='line_1_64' title="bbox 1329 1069 1684 1125; baseline 0 -16"><span class='ocrx_word' id='word_1_237' title='bbox 1329 1069 1437 1125; x_wconf 91' lang='lat' dir='ltr'><strong>que</strong></span> <span class='ocrx_word' id='word_1_238' title='bbox 1465 1069 1570 1109; x_wconf 90' lang='lat' dir='ltr'><strong>non</strong></span> <span class='ocrx_word' id='word_1_239' title='bbox 1596 1069 1684 1109; x_wconf 88' lang='lat' dir='ltr'><strong>re-</strong></span> 
     </span>
    </p>
   </div>
   <div class='ocr_carea' id='block_1_65' title="bbox 1329 1127 1742 1196">
    <p class='ocr_par' dir='ltr' id='par_1_65' title="bbox 1329 1127 1742 1196">
     <span class='ocr_line' id='line_1_65' title="bbox 1329 1127 1742 1196; baseline 0 -14"><span class='ocrx_word' id='word_1_240' title='bbox 1329 1127 1578 1196; x_wconf 90' lang='lat' dir='ltr'><strong>ceperint</strong></span> <span class='ocrx_word' id='word_1_241' title='bbox 1605 1141 1704 1182; x_wconf 89' lang='lat' dir='ltr'><strong>vos</strong></span> <span class='ocrx_word' id='word_1_242' title='bbox 1729 1168 1742 1192; x_wconf 92' lang='lat'><strong>,</strong></span> 
     </span>
    </p>
   </div>
   <div class='ocr_carea' id='block_1_66' title="bbox 1329 1207 1591 1253">
    <p class='ocr_par' dir='ltr' id='par_1_66' title="bbox 1329 1207 1591 1253">
     <span class='ocr_line' id='line_1_66' title="bbox 1329 1207 1591 1253; baseline -0.004 0"><span class='ocrx_word' id='word_1_243' title='bbox 1329 1207 1591 1253; x_wconf 88' lang='lat' dir='ltr'><strong>exeuntes</strong></span> 
     </span>
    </p>
   </div>
   <div class='ocr_carea' id='block_1_67' title="bbox 1330 1269 1640 1325">
    <p class='ocr_par' dir='ltr' id='par_1_67' title="bbox 1330 1269 1640 1325">
     <span class='ocr_line' id='line_1_67' title="bbox 1330 1269 1640 1325; baseline -0.006 0"><span class='ocrx_word' id='word_1_244' title='bbox 1330 1269 1398 1325; x_wconf 90' lang='lat' dir='ltr'><strong>de</strong></span> <span class='ocrx_word' id='word_1_245' title='bbox 1421 1269 1640 1324; x_wconf 79' lang='lat' dir='ltr'><strong>civitate</strong></span> 
     </span>
    </p>
   </div>
   <div class='ocr_carea' id='block_1_68' title="bbox 1330 1340 1670 1410">
    <p class='ocr_par' dir='ltr' id='par_1_68' title="bbox 1330 1340 1670 1410">
     <span class='ocr_line' id='line_1_68' title="bbox 1330 1340 1670 1410; baseline 0.003 -15"><span class='ocrx_word' id='word_1_246' title='bbox 1330 1341 1447 1407; x_wconf 90' lang='lat' dir='ltr'><strong>illa,</strong></span> <span class='ocrx_word' id='word_1_247' title='bbox 1484 1340 1670 1410; x_wconf 86' lang='lat' dir='ltr'><strong>pulve-</strong></span> 
     </span>
    </p>
   </div>
   <div class='ocr_carea' id='block_1_69' title="bbox 1335 1421 1718 1467">
    <p class='ocr_par' dir='ltr' id='par_1_69' title="bbox 1335 1421 1718 1467">
     <span class='ocr_line' id='line_1_69' title="bbox 1335 1421 1718 1467; baseline -0.003 0"><span class='ocrx_word' id='word_1_248' title='bbox 1335 1427 1449 1467; x_wconf 88' lang='lat' dir='ltr'><strong>rem</strong></span> <span class='ocrx_word' id='word_1_249' title='bbox 1480 1421 1718 1467; x_wconf 89' lang='lat' dir='ltr'><strong>vestrum</strong></span> 
     </span>
    </p>
   </div>
   <div class='ocr_carea' id='block_1_70' title="bbox 1334 1483 1663 1554">
    <p class='ocr_par' dir='ltr' id='par_1_70' title="bbox 1334 1483 1663 1554">
     <span class='ocr_line' id='line_1_70' title="bbox 1334 1483 1663 1554; baseline 0.003 -16"><span class='ocrx_word' id='word_1_250' title='bbox 1334 1483 1402 1538; x_wconf 91' lang='lat' dir='ltr'><strong>de</strong></span> <span class='ocrx_word' id='word_1_251' title='bbox 1433 1484 1663 1554; x_wconf 88' lang='lat' dir='ltr'><strong>pedibus</strong></span> 
     </span>
    </p>
   </div>
   <div class='ocr_carea' id='block_1_71' title="bbox 1332 1557 1762 1611">
    <p class='ocr_par' dir='ltr' id='par_1_71' title="bbox 1332 1557 1762 1611">
     <span class='ocr_line' id='line_1_71' title="bbox 1332 1557 1762 1611; baseline -0.002 0"><span class='ocrx_word' id='word_1_252' title='bbox 1332 1557 1573 1611; x_wconf 86' lang='lat' dir='ltr'><strong>excutite</strong></span> <span class='ocrx_word' id='word_1_253' title='bbox 1615 1596 1627 1608; x_wconf 93' lang='lat'><strong>.</strong></span> <span class='ocrx_word' id='word_1_254' title='bbox 1676 1598 1688 1610; x_wconf 92' lang='lat'><strong>.</strong></span> <span class='ocrx_word' id='word_1_255' title='bbox 1729 1571 1762 1610; x_wconf 93' lang='lat' dir='ltr'><strong>n</strong></span> 
     </span>
    </p>
   </div>
   <div class='ocr_carea' id='block_1_72' title="bbox 1336 1627 1634 1682">
    <p class='ocr_par' dir='ltr' id='par_1_72' title="bbox 1336 1627 1634 1682">
     <span class='ocr_line' id='line_1_72' title="bbox 1336 1627 1634 1682; baseline -0.003 0"><span class='ocrx_word' id='word_1_256' title='bbox 1336 1627 1634 1682; x_wconf 89' lang='lat' dir='ltr'><strong>testimoni-</strong></span> 
     </span>
    </p>
   </div>
   <div class='ocr_carea' id='block_1_73' title="bbox 1337 1697 1583 1752">
    <p class='ocr_par' dir='ltr' id='par_1_73' title="bbox 1337 1697 1583 1752">
     <span class='ocr_line' id='line_1_73' title="bbox 1337 1697 1583 1752; baseline 0 0"><span class='ocrx_word' id='word_1_257' title='bbox 1337 1713 1427 1752; x_wconf 92' lang='lat' dir='ltr'><strong>um</strong></span> <span class='ocrx_word' id='word_1_258' title='bbox 1453 1697 1583 1752; x_wconf 91' lang='lat' dir='ltr'><strong>illis.</strong></span> 
     </span>
    </p>
   </div>
   <div class='ocr_carea' id='block_1_74' title="bbox 1337 1769 1882 1825">
    <p class='ocr_par' dir='ltr' id='par_1_74' title="bbox 1337 1769 1882 1825">
     <span class='ocr_line' id='line_1_74' title="bbox 1337 1769 1882 1825; baseline 0 -1"><span class='ocrx_word' id='word_1_259' title='bbox 1337 1769 1392 1824; x_wconf 88' lang='lat'><strong>6.</strong></span> <span class='ocrx_word' id='word_1_260' title='bbox 1434 1771 1454 1800; x_wconf 78' lang='grc'><em>³</em></span> <span class='ocrx_word' id='word_1_261' title='bbox 1487 1769 1760 1825; x_wconf 86' lang='lat' dir='ltr'><strong>Exeuntes</strong></span> <span class='ocrx_word' id='word_1_262' title='bbox 1787 1782 1882 1824; x_wconf 87' lang='lat' dir='ltr'><strong>au-</strong></span> 
     </span>
    </p>
   </div>
   <div class='ocr_carea' id='block_1_75' title="bbox 1237 1840 1687 1909">
    <p class='ocr_par' dir='ltr' id='par_1_75' title="bbox 1237 1840 1687 1909">
     <span class='ocr_line' id='line_1_75' title="bbox 1237 1840 1687 1909; baseline 0.007 -17"><span class='ocrx_word' id='word_1_263' title='bbox 1237 1889 1240 1892; x_wconf 82' lang='lat'><strong>.</strong></span> <span class='ocrx_word' id='word_1_264' title='bbox 1336 1851 1466 1909; x_wconf 91' lang='lat' dir='ltr'><strong>tem,</strong></span> <span class='ocrx_word' id='word_1_265' title='bbox 1489 1840 1687 1895; x_wconf 90' lang='lat' dir='ltr'><strong>circui-</strong></span> 
     </span>
    </p>
   </div>
   <div class='ocr_carea' id='block_1_76' title="bbox 1335 1911 1763 1967">
    <p class='ocr_par' dir='ltr' id='par_1_76' title="bbox 1335 1911 1763 1967">
     <span class='ocr_line' id='line_1_76' title="bbox 1335 1911 1763 1967; baseline -0.002 0"><span class='ocrx_word' id='word_1_266' title='bbox 1335 1911 1763 1967; x_wconf 87' lang='lat' dir='ltr'><strong>b...rmu-</strong></span> 
     </span>
    </p>
   </div>
   <div class='ocr_carea' id='block_1_77' title="bbox 1341 1983 1794 2040">
    <p class='ocr_par' dir='ltr' id='par_1_77' title="bbox 1341 1983 1794 2040">
     <span class='ocr_line' id='line_1_77' title="bbox 1341 1983 1794 2040; baseline 0.002 -3"><span class='ocrx_word' id='word_1_267' title='bbox 1341 1983 1417 2038; x_wconf 92' lang='lat' dir='ltr'><strong>ni.</strong></span> <span class='ocrx_word' id='word_1_268' title='bbox 1455 2024 1472 2040; x_wconf 90' lang='lat'><strong>.</strong></span> <span class='ocrx_word' id='word_1_269' title='bbox 1516 2024 1530 2038; x_wconf 92' lang='lat'><strong>.</strong></span> <span class='ocrx_word' id='word_1_270' title='bbox 1577 2024 1590 2039; x_wconf 96' lang='lat'><strong>.</strong></span> <span class='ocrx_word' id='word_1_271' title='bbox 1631 1999 1794 2038; x_wconf 88' lang='lat' dir='ltr'><strong>evan-</strong></span> 
     </span>
    </p>
   </div>
   <div class='ocr_carea' id='block_1_78' title="bbox 1339 2057 1743 2125">
    <p class='ocr_par' dir='ltr' id='par_1_78' title="bbox 1339 2057 1743 2125">
     <span class='ocr_line' id='line_1_78' title="bbox 1339 2057 1743 2125; baseline 0 -15"><span class='ocrx_word' id='word_1_272' title='bbox 1339 2057 1443 2125; x_wconf 80' lang='lat' dir='ltr'><strong>geli</strong></span> <span class='ocrx_word' id='word_1_273' title='bbox 1488 2096 1502 2108; x_wconf 93' lang='lat'><strong>.</strong></span> <span class='ocrx_word' id='word_1_274' title='bbox 1546 2095 1560 2108; x_wconf 93' lang='lat'><strong>.</strong></span> <span class='ocrx_word' id='word_1_275' title='bbox 1604 2065 1743 2122; x_wconf 87' lang='lat' dir='ltr'><strong>ntes,</strong></span> 
     </span>
    </p>
   </div>
   <div class='ocr_carea' id='block_1_79' title="bbox 1340 2135 1671 2182">
    <p class='ocr_par' dir='ltr' id='par_1_79' title="bbox 1340 2135 1671 2182">
     <span class='ocr_line' id='line_1_79' title="bbox 1340 2135 1671 2182; baseline -0.006 0"><span class='ocrx_word' id='word_1_276' title='bbox 1340 2137 1395 2182; x_wconf 91' lang='lat' dir='ltr'><strong>et</strong></span> <span class='ocrx_word' id='word_1_277' title='bbox 1415 2135 1671 2182; x_wconf 87' lang='lat' dir='ltr'><strong>curantes</strong></span> 
     </span>
    </p>
   </div>
   <div class='ocr_carea' id='block_1_80' title="bbox 1341 2198 1559 2254">
    <p class='ocr_par' dir='ltr' id='par_1_80' title="bbox 1341 2198 1559 2254">
     <span class='ocr_line' id='line_1_80' title="bbox 1341 2198 1559 2254; baseline -0.005 -2"><span class='ocrx_word' id='word_1_278' title='bbox 1341 2198 1559 2254; x_wconf 86' lang='lat' dir='ltr'><strong>ubioue.</strong></span> 
     </span>
    </p>
   </div>
   <div class='ocr_carea' id='block_1_81' title="bbox 1340 2269 1825 2328">
    <p class='ocr_par' dir='ltr' id='par_1_81' title="bbox 1340 2269 1825 2328">
     <span class='ocr_line' id='line_1_81' title="bbox 1340 2269 1825 2328; baseline 0.004 -4"><span class='ocrx_word' id='word_1_279' title='bbox 1340 2271 1394 2324; x_wconf 87' lang='lat'><strong>7.</strong></span> <span class='ocrx_word' id='word_1_280' title='bbox 1435 2269 1623 2324; x_wconf 79' lang='lat' dir='ltr'><strong>Audiit</strong></span> <span class='ocrx_word' id='word_1_281' title='bbox 1645 2280 1825 2328; x_wconf 89' lang='lat' dir='ltr'><strong>autem</strong></span> 
     </span>
    </p>
   </div>
   <div class='ocr_carea' id='block_1_82' title="bbox 1339 2341 1718 2399">
    <p class='ocr_par' dir='ltr' id='par_1_82' title="bbox 1339 2341 1718 2399">
     <span class='ocr_line' id='line_1_82' title="bbox 1339 2341 1718 2399; baseline 0.008 -3"><span class='ocrx_word' id='word_1_282' title='bbox 1339 2341 1584 2396; x_wconf 85' lang='lat' dir='ltr'><strong>Herodes</strong></span> <span class='ocrx_word' id='word_1_283' title='bbox 1615 2342 1718 2399; x_wconf 80' lang='lat' dir='ltr'><strong>Te-</strong></span> 
     </span>
    </p>
   </div>
   <div class='ocr_carea' id='block_1_83' title="bbox 1341 2413 1710 2469">
    <p class='ocr_par' dir='ltr' id='par_1_83' title="bbox 1341 2413 1710 2469">
     <span class='ocr_line' id='line_1_83' title="bbox 1341 2413 1710 2469; baseline 0.005 -1"><span class='ocrx_word' id='word_1_284' title='bbox 1341 2413 1558 2468; x_wconf 89' lang='lat' dir='ltr'><strong>trarcba</strong></span> <span class='ocrx_word' id='word_1_285' title='bbox 1589 2429 1710 2469; x_wconf 91' lang='lat' dir='ltr'><strong>om-</strong></span> 
     </span>
    </p>
   </div>
   <div class='ocr_carea' id='block_1_84' title="bbox 1340 2486 1750 2555">
    <p class='ocr_par' dir='ltr' id='par_1_84' title="bbox 1340 2486 1750 2555">
     <span class='ocr_line' id='line_1_84' title="bbox 1340 2486 1750 2555; baseline 0.005 -16"><span class='ocrx_word' id='word_1_286' title='bbox 1340 2486 1454 2549; x_wconf 81' lang='lat' dir='ltr'><strong>nia;</strong></span> <span class='ocrx_word' id='word_1_287' title='bbox 1484 2499 1622 2555; x_wconf 87' lang='lat' dir='ltr'><strong>quae</strong></span> <span class='ocrx_word' id='word_1_288' title='bbox 1653 2487 1750 2542; x_wconf 81' lang='lat' dir='ltr'><strong>lie-</strong></span> 
     </span>
    </p>
   </div>
   <div class='ocr_carea' id='block_1_85' title="bbox 1342 2555 1725 2621">
    <p class='ocr_par' dir='ltr' id='par_1_85' title="bbox 1342 2555 1725 2621">
     <span class='ocr_line' id='line_1_85' title="bbox 1342 2555 1725 2621; baseline 0.003 -9"><span class='ocrx_word' id='word_1_289' title='bbox 1342 2555 1497 2621; x_wconf 88' lang='lat' dir='ltr'><strong>bant,</strong></span> <span class='ocrx_word' id='word_1_290' title='bbox 1525 2565 1582 2611; x_wconf 89' lang='lat' dir='ltr'><strong>et</strong></span> <span class='ocrx_word' id='word_1_291' title='bbox 1608 2565 1725 2613; x_wconf 88' lang='lat' dir='ltr'><strong>stu-</strong></span> 
     </span>
    </p>
   </div>
   <div class='ocr_carea' id='block_1_86' title="bbox 1345 2627 1790 2701">
    <p class='ocr_par' dir='ltr' id='par_1_86' title="bbox 1345 2627 1790 2701">
     <span class='ocr_line' id='line_1_86' title="bbox 1345 2627 1790 2701; baseline 0 -17"><span class='ocrx_word' id='word_1_292' title='bbox 1345 2627 1525 2701; x_wconf 85' lang='lat' dir='ltr'><strong>pebat,</strong></span> <span class='ocrx_word' id='word_1_293' title='bbox 1551 2643 1618 2685; x_wconf 91' lang='lat' dir='ltr'><strong>eo</strong></span> <span class='ocrx_word' id='word_1_294' title='bbox 1646 2628 1790 2701; x_wconf 87' lang='lat' dir='ltr'><strong>quod</strong></span> 
     </span>
    </p>
   </div>
   <div class='ocr_carea' id='block_1_87' title="bbox 1339 2699 1614 2756">
    <p class='ocr_par' dir='ltr' id='par_1_87' title="bbox 1339 2699 1614 2756">
     <span class='ocr_line' id='line_1_87' title="bbox 1339 2699 1614 2756; baseline 0.007 -2"><span class='ocrx_word' id='word_1_295' title='bbox 1339 2699 1614 2756; x_wconf 89' lang='lat' dir='ltr'><strong>diceretur</strong></span> 
     </span>
    </p>
   </div>
   <div class='ocr_carea' id='block_1_88' title="bbox 1341 2771 1855 2827">
    <p class='ocr_par' dir='ltr' id='par_1_88' title="bbox 1341 2771 1855 2827">
     <span class='ocr_line' id='line_1_88' title="bbox 1341 2771 1855 2827; baseline -0.004 -1"><span class='ocrx_word' id='word_1_296' title='bbox 1341 2771 1396 2826; x_wconf 86' lang='lat'><strong>8.</strong></span> <span class='ocrx_word' id='word_1_297' title='bbox 1439 2787 1470 2826; x_wconf 88' lang='lat' dir='ltr'><strong>a</strong></span> <span class='ocrx_word' id='word_1_298' title='bbox 1499 2771 1818 2827; x_wconf 77' lang='lat' dir='ltr'><strong>quibusdam</strong></span> <span class='ocrx_word' id='word_1_299' title='bbox 1846 2791 1855 2824; x_wconf 93' lang='lat'>:</span> 
     </span>
    </p>
   </div>
   <div class='ocr_carea' id='block_1_89' title="bbox 1342 2844 1785 2910">
    <p class='ocr_par' dir='ltr' id='par_1_89' title="bbox 1342 2844 1785 2910">
     <span class='ocr_line' id='line_1_89' title="bbox 1342 2844 1785 2910; baseline 0.005 -13"><span class='ocrx_word' id='word_1_300' title='bbox 1342 2844 1479 2910; x_wconf 84' lang='lat' dir='ltr'><strong>Quia</strong></span> <span class='ocrx_word' id='word_1_301' title='bbox 1508 2844 1785 2899; x_wconf 86' lang='lat' dir='ltr'><strong>.lohaunes</strong></span> 
     </span>
    </p>
   </div>
   <div class='ocr_carea' id='block_1_90' title="bbox 1343 2917 1628 2970">
    <p class='ocr_par' dir='ltr' id='par_1_90' title="bbox 1343 2917 1628 2970">
     <span class='ocr_line' id='line_1_90' title="bbox 1343 2917 1628 2970; baseline 0 0"><span class='ocrx_word' id='word_1_302' title='bbox 1343 2917 1580 2970; x_wconf 77' lang='lat' dir='ltr'><strong>surrexit</strong></span> <span class='ocrx_word' id='word_1_303' title='bbox 1601 2933 1628 2969; x_wconf 93' lang='lat' dir='ltr'><strong>a</strong></span> 
     </span>
    </p>
   </div>
   <div class='ocr_carea' id='block_1_91' title="bbox 1346 2985 1823 3055">
    <p class='ocr_par' dir='ltr' id='par_1_91' title="bbox 1346 2985 1823 3055">
     <span class='ocr_line' id='line_1_91' title="bbox 1346 2985 1823 3055; baseline -0.004 -13"><span class='ocrx_word' id='word_1_304' title='bbox 1346 2987 1573 3042; x_wconf 88' lang='lat' dir='ltr'><strong>mortuis</strong></span> <span class='ocrx_word' id='word_1_305' title='bbox 1607 3007 1620 3042; x_wconf 89' lang='lat'>:</span> <span class='ocrx_word' id='word_1_306' title='bbox 1653 3003 1682 3041; x_wconf 89' lang='lat' dir='ltr'><strong>a</strong></span> <span class='ocrx_word' id='word_1_307' title='bbox 1705 2985 1823 3055; x_wconf 87' lang='lat' dir='ltr'><strong>qui-</strong></span> 
     </span>
    </p>
   </div>
   <div class='ocr_carea' id='block_1_92' title="bbox 1345 3057 1698 3114">
    <p class='ocr_par' dir='ltr' id='par_1_92' title="bbox 1345 3057 1698 3114">
     <span class='ocr_line' id='line_1_92' title="bbox 1345 3057 1698 3114; baseline -0.003 0"><span class='ocrx_word' id='word_1_308' title='bbox 1345 3057 1570 3114; x_wconf 89' lang='lat' dir='ltr'><strong>busdam</strong></span> <span class='ocrx_word' id='word_1_309' title='bbox 1601 3074 1698 3113; x_wconf 91' lang='lat' dir='ltr'><strong>au-</strong></span> 
     </span>
    </p>
   </div>
   <div class='ocr_carea' id='block_1_93' title="bbox 1348 3129 1795 3198">
    <p class='ocr_par' dir='ltr' id='par_1_93' title="bbox 1348 3129 1795 3198">
     <span class='ocr_line' id='line_1_93' title="bbox 1348 3129 1795 3198; baseline 0.002 -14"><span class='ocrx_word' id='word_1_310' title='bbox 1348 3139 1456 3185; x_wconf 91' lang='lat' dir='ltr'><strong>tem</strong></span> <span class='ocrx_word' id='word_1_311' title='bbox 1494 3147 1506 3183; x_wconf 93' lang='lat'><strong>:</strong></span> <span class='ocrx_word' id='word_1_312' title='bbox 1528 3129 1662 3198; x_wconf 84' lang='lat' dir='ltr'><strong>Quia</strong></span> <span class='ocrx_word' id='word_1_313' title='bbox 1691 3129 1795 3185; x_wconf 87' lang='lat' dir='ltr'><strong>He-</strong></span> 
     </span>
    </p>
   </div>
   <div class='ocr_carea' id='block_1_94' title="bbox 1352 3201 1717 3270">
    <p class='ocr_par' dir='ltr' id='par_1_94' title="bbox 1352 3201 1717 3270">
     <span class='ocr_line' id='line_1_94' title="bbox 1352 3201 1717 3270; baseline -0.008 -14"><span class='ocrx_word' id='word_1_314' title='bbox 1352 3201 1453 3256; x_wconf 86' lang='lat' dir='ltr'><strong>lias</strong></span> <span class='ocrx_word' id='word_1_315' title='bbox 1482 3215 1717 3270; x_wconf 88' lang='lat' dir='ltr'><strong>apparu-</strong></span> 
     </span>
    </p>
   </div>
   <div class='ocr_carea' id='block_1_95' title="bbox 1356 3271 1870 3327">
    <p class='ocr_par' dir='ltr' id='par_1_95' title="bbox 1356 3271 1870 3327">
     <span class='ocr_line' id='line_1_95' title="bbox 1356 3271 1870 3327; baseline -0.004 -1"><span class='ocrx_word' id='word_1_316' title='bbox 1356 3313 1368 3326; x_wconf 95' lang='lat'><strong>.</strong></span> <span class='ocrx_word' id='word_1_317' title='bbox 1415 3312 1428 3325; x_wconf 95' lang='lat'><strong>.</strong></span> <span class='ocrx_word' id='word_1_318' title='bbox 1474 3313 1489 3327; x_wconf 94' lang='lat'><strong>.</strong></span> <span class='ocrx_word' id='word_1_319' title='bbox 1531 3274 1600 3326; x_wconf 80' lang='lat' dir='ltr'><strong>al)</strong></span> <span class='ocrx_word' id='word_1_320' title='bbox 1625 3271 1748 3326; x_wconf 90' lang='lat' dir='ltr'><strong>aliis</strong></span> <span class='ocrx_word' id='word_1_321' title='bbox 1775 3285 1870 3325; x_wconf 87' lang='lat' dir='ltr'><strong>att-</strong></span> 
     </span>
    </p>
   </div>
   <div class='ocr_carea' id='block_1_96' title="bbox 1351 3342 1823 3411">
    <p class='ocr_par' dir='ltr' id='par_1_96' title="bbox 1351 3342 1823 3411">
     <span class='ocr_line' id='line_1_96' title="bbox 1351 3342 1823 3411; baseline 0 -13"><span class='ocrx_word' id='word_1_322' title='bbox 1351 3353 1459 3398; x_wconf 90' lang='lat' dir='ltr'><strong>tem</strong></span> <span class='ocrx_word' id='word_1_323' title='bbox 1495 3362 1508 3398; x_wconf 89' lang='lat'><strong>:</strong></span> <span class='ocrx_word' id='word_1_324' title='bbox 1533 3343 1670 3411; x_wconf 84' lang='lat' dir='ltr'><strong>Quia</strong></span> <span class='ocrx_word' id='word_1_325' title='bbox 1693 3342 1823 3398; x_wconf 85' lang='lat' dir='ltr'><strong>Pro-</strong></span> 
     </span>
    </p>
   </div>
   <div class='ocr_carea' id='block_1_97' title="bbox 1353 3417 1734 3483">
    <p class='ocr_par' dir='ltr' id='par_1_97' title="bbox 1353 3417 1734 3483">
     <span class='ocr_line' id='line_1_97' title="bbox 1353 3417 1734 3483; baseline 0.005 -17"><span class='ocrx_word' id='word_1_326' title='bbox 1353 3417 1516 3483; x_wconf 87' lang='lat' dir='ltr'><strong>pheta</strong></span> <span class='ocrx_word' id='word_1_327' title='bbox 1546 3419 1612 3468; x_wconf 84' lang='lat' dir='ltr'><strong>de</strong></span> <span class='ocrx_word' id='word_1_328' title='bbox 1637 3428 1734 3468; x_wconf 86' lang='lat' dir='ltr'><strong>an-</strong></span> 
     </span>
    </p>
   </div>
   <div class='ocr_carea' id='block_1_98' title="bbox 1351 3485 1723 3556">
    <p class='ocr_par' dir='ltr' id='par_1_98' title="bbox 1351 3485 1723 3556">
     <span class='ocr_line' id='line_1_98' title="bbox 1351 3485 1723 3556; baseline 0 -17"><span class='ocrx_word' id='word_1_329' title='bbox 1351 3485 1515 3556; x_wconf 86' lang='lat' dir='ltr'><strong>tiquis</strong></span> <span class='ocrx_word' id='word_1_330' title='bbox 1538 3501 1723 3541; x_wconf 88' lang='lat' dir='ltr'><strong>surre—</strong></span> 
     </span>
    </p>
   </div>
   <div class='ocr_carea' id='block_1_99' title="bbox 1348 3556 1720 3612">
    <p class='ocr_par' dir='ltr' id='par_1_99' title="bbox 1348 3556 1720 3612">
     <span class='ocr_line' id='line_1_99' title="bbox 1348 3556 1720 3612; baseline -0.005 0"><span class='ocrx_word' id='word_1_331' title='bbox 1348 3556 1404 3612; x_wconf 91' lang='lat'><strong>9.</strong></span> <span class='ocrx_word' id='word_1_332' title='bbox 1437 3556 1534 3611; x_wconf 87' lang='lat' dir='ltr'><strong>xit.</strong></span> <span class='ocrx_word' id='word_1_333' title='bbox 1568 3557 1720 3611; x_wconf 90' lang='lat' dir='ltr'><strong>Dixit</strong></span> 
     </span>
    </p>
   </div>
   <div class='ocr_carea' id='block_1_100' title="bbox 1350 3625 1896 3699">
    <p class='ocr_par' dir='ltr' id='par_1_100' title="bbox 1350 3625 1896 3699">
     <span class='ocr_line' id='line_1_100' title="bbox 1350 3625 1896 3699; baseline 0.004 -17"><span class='ocrx_word' id='word_1_334' title='bbox 1350 3625 1429 3699; x_wconf 71' lang='lat' dir='ltr'><strong>(a)</strong></span> <span class='ocrx_word' id='word_1_335' title='bbox 1463 3644 1553 3683; x_wconf 87' lang='lat' dir='ltr'><strong>an.</strong></span> <span class='ocrx_word' id='word_1_336' title='bbox 1598 3667 1613 3681; x_wconf 93' lang='lat'><strong>.</strong></span> <span class='ocrx_word' id='word_1_337' title='bbox 1658 3666 1672 3680; x_wconf 94' lang='lat'><strong>.</strong></span> <span class='ocrx_word' id='word_1_338' title='bbox 1714 3628 1778 3699; x_wconf 64' lang='grc' dir='ltr'><strong>τ.</strong></span> <span class='ocrx_word' id='word_1_339' title='bbox 1823 3667 1896 3685; x_wconf 92' lang='grc'><strong>..</strong></span> 
     </span>
    </p>
   </div>
   <div class='ocr_carea' id='block_1_101' title="bbox 1353 3738 2038 3827">
    <p class='ocr_par' dir='ltr' id='par_1_101' title="bbox 1353 3738 2038 3827">
     <span class='ocr_line' id='line_1_101' title="bbox 1353 3738 2038 3827; baseline 0 0"><span class='ocrx_word' id='word_1_340' title='bbox 1353 3738 1490 3827; x_wconf 65' lang='lat' dir='ltr'><strong>loha</strong></span> <span class='ocrx_word' id='word_1_341' title='bbox 1534 3740 1559 3827; x_wconf 50' lang='grc'><strong>.’</strong></span> <span class='ocrx_word' id='word_1_342' title='bbox 1593 3809 1608 3822; x_wconf 93' lang='grc'><strong>.</strong></span> <span class='ocrx_word' id='word_1_343' title='bbox 1643 3740 1768 3827; x_wconf 74' lang='lat' dir='ltr'><strong>item</strong></span> <span class='ocrx_word' id='word_1_344' title='bbox 1836 3739 1850 3754; x_wconf 48' lang='lat'><em>.</em></span> <span class='ocrx_word' id='word_1_345' title='bbox 1931 3741 1942 3753; x_wconf 47' lang='grc'><em>’</em></span> <span class='ocrx_word' id='word_1_346' title='bbox 2027 3742 2038 3754; x_wconf 54' lang='grc'><em>’</em></span> 
     </span>
    </p>
   </div>
   <div class='ocr_carea' id='block_1_102' title="bbox 1362 3843 1794 3898">
    <p class='ocr_par' dir='ltr' id='par_1_102' title="bbox 1362 3843 1794 3898">
     <span class='ocr_line' id='line_1_102' title="bbox 1362 3843 1794 3898; baseline 0 -2"><span class='ocrx_word' id='word_1_347' title='bbox 1362 3843 1794 3898; x_wconf 89' lang='lat' dir='ltr'><strong>.....colla</strong></span> 
     </span>
    </p>
   </div>
   <div class='ocr_carea' id='block_1_103' title="bbox 1357 3914 1795 3985">
    <p class='ocr_par' dir='ltr' id='par_1_103' title="bbox 1357 3914 1795 3985">
     <span class='ocr_line' id='line_1_103' title="bbox 1357 3914 1795 3985; baseline 0.002 -16"><span class='ocrx_word' id='word_1_348' title='bbox 1357 3915 1428 3969; x_wconf 94' lang='lat' dir='ltr'><strong>vi.</strong></span> <span class='ocrx_word' id='word_1_349' title='bbox 1457 3914 1590 3985; x_wconf 88' lang='lat' dir='ltr'><strong>Quis</strong></span> <span class='ocrx_word' id='word_1_350' title='bbox 1617 3923 1795 3971; x_wconf 87' lang='lat' dir='ltr'><strong>autem</strong></span> 
     </span>
    </p>
   </div>
   <div class='ocr_carea' id='block_1_104' title="bbox 564 341 3740 411">
    <p class='ocr_par' dir='ltr' id='par_1_104' title="bbox 564 341 3740 411">
     <span class='ocr_line' id='line_1_104' title="bbox 564 341 3740 411; baseline 0.003 -11"><span class='ocrx_word' id='word_1_351' title='bbox 564 347 597 400; x_wconf 84' lang='lat'><strong>5</strong></span> <span class='ocrx_word' id='word_1_352' title='bbox 1031 343 1302 404; x_wconf 85' lang='lat' dir='ltr'><strong>EUSEBII</strong></span> <span class='ocrx_word' id='word_1_353' title='bbox 1340 342 1678 404; x_wconf 76' lang='lat' dir='ltr'><strong>VERCELL.</strong></span> <span class='ocrx_word' id='word_1_354' title='bbox 1720 341 2170 405; x_wconf 80' lang='lat' dir='ltr'><strong>EVANGELIUM</strong></span> <span class='ocrx_word' id='word_1_355' title='bbox 2207 348 2352 407; x_wconf 86' lang='lat' dir='ltr'><strong>CUM</strong></span> <span class='ocrx_word' id='word_1_356' title='bbox 2393 347 2622 408; x_wconf 79' lang='lat' dir='ltr'><strong>VARIIS</strong></span> <span class='ocrx_word' id='word_1_357' title='bbox 2659 347 2818 407; x_wconf 90' lang='lat' dir='ltr'><strong>COD.</strong></span> <span class='ocrx_word' id='word_1_358' title='bbox 2851 348 3247 409; x_wconf 74' lang='lat' dir='ltr'><strong>COLLATUM.</strong></span> <span class='ocrx_word' id='word_1_359' title='bbox 3653 355 3740 411; x_wconf 79' lang='lat'><strong>576</strong></span> 
     </span>
    </p>
   </div>
   <div class='ocr_carea' id='block_1_105' title="bbox 2616 464 3348 523">
    <p class='ocr_par' dir='ltr' id='par_1_105' title="bbox 2616 464 3348 523">
     <span class='ocr_line' id='line_1_105' title="bbox 2616 464 3348 523; baseline 0 -3"><span class='ocrx_word' id='word_1_360' title='bbox 2616 464 2849 522; x_wconf 80' lang='lat' dir='ltr'><strong>CODEX</strong></span> <span class='ocrx_word' id='word_1_361' title='bbox 2890 465 3348 523; x_wconf 72' lang='lat' dir='ltr'><strong>VERONENSIS.</strong></span> 
     </span>
    </p>
   </div>
   <div class='ocr_carea' id='block_1_106' title="bbox 2189 557 2688 628">
    <p class='ocr_par' dir='ltr' id='par_1_106' title="bbox 2189 557 2688 628">
     <span class='ocr_line' id='line_1_106' title="bbox 2189 557 2688 628; baseline 0 -14"><span class='ocrx_word' id='word_1_362' title='bbox 2189 558 2281 614; x_wconf 72' lang='grc'><strong>54.</strong></span> <span class='ocrx_word' id='word_1_363' title='bbox 2323 557 2444 628; x_wconf 89' lang='lat' dir='ltr'><strong>Ipse</strong></span> <span class='ocrx_word' id='word_1_364' title='bbox 2483 565 2688 624; x_wconf 87' lang='lat' dir='ltr'><strong>autem,</strong></span> 
     </span>
    </p>
   </div>
   <div class='ocr_carea' id='block_1_107' title="bbox 2192 640 2623 684">
    <p class='ocr_par' dir='ltr' id='par_1_107' title="bbox 2192 640 2623 684">
     <span class='ocr_line' id='line_1_107' title="bbox 2192 640 2623 684; baseline 0 0"><span class='ocrx_word' id='word_1_365' title='bbox 2192 640 2382 684; x_wconf 92' lang='lat' dir='ltr'><strong>tenens</strong></span> <span class='ocrx_word' id='word_1_366' title='bbox 2407 645 2623 684; x_wconf 84' lang='lat' dir='ltr'><strong>manum</strong></span> 
     </span>
    </p>
   </div>
   <div class='ocr_carea' id='block_1_108' title="bbox 2189 700 2633 771">
    <p class='ocr_par' dir='ltr' id='par_1_108' title="bbox 2189 700 2633 771">
     <span class='ocr_line' id='line_1_108' title="bbox 2189 700 2633 771; baseline -0.005 -16"><span class='ocrx_word' id='word_1_367' title='bbox 2189 700 2327 771; x_wconf 85' lang='lat' dir='ltr'><strong>ejus,</strong></span> <span class='ocrx_word' id='word_1_368' title='bbox 2356 701 2633 768; x_wconf 78' lang='lat' dir='ltr'><strong>clamavit,</strong></span> 
     </span>
    </p>
   </div>
   <div class='ocr_carea' id='block_1_109' title="bbox 2188 771 2669 838">
    <p class='ocr_par' dir='ltr' id='par_1_109' title="bbox 2188 771 2669 838">
     <span class='ocr_line' id='line_1_109' title="bbox 2188 771 2669 838; baseline -0.002 -11"><span class='ocrx_word' id='word_1_369' title='bbox 2188 771 2375 827; x_wconf 88' lang='lat' dir='ltr'><strong>dicens</strong></span> <span class='ocrx_word' id='word_1_370' title='bbox 2410 790 2421 825; x_wconf 94' lang='lat'>:</span> <span class='ocrx_word' id='word_1_371' title='bbox 2463 771 2669 838; x_wconf 87' lang='lat' dir='ltr'><strong>Puella,</strong></span> 
     </span>
    </p>
   </div>
   <div class='ocr_carea' id='block_1_110' title="bbox 2190 843 2598 913">
    <p class='ocr_par' dir='ltr' id='par_1_110' title="bbox 2190 843 2598 913">
     <span class='ocr_line' id='line_1_110' title="bbox 2190 843 2598 913; baseline -0.002 -15"><span class='ocrx_word' id='word_1_372' title='bbox 2190 845 2280 899; x_wconf 82' lang='lat'><strong>55.</strong></span> <span class='ocrx_word' id='word_1_373' title='bbox 2323 859 2506 913; x_wconf 80' lang='lat' dir='ltr'><strong>surge.</strong></span> <span class='ocrx_word' id='word_1_374' title='bbox 2532 843 2598 897; x_wconf 89' lang='lat' dir='ltr'><strong>Et</strong></span> 
     </span>
    </p>
   </div>
   <div class='ocr_carea' id='block_1_111' title="bbox 2190 914 2572 987">
    <p class='ocr_par' dir='ltr' id='par_1_111' title="bbox 2190 914 2572 987">
     <span class='ocr_line' id='line_1_111' title="bbox 2190 914 2572 987; baseline -0.003 -19"><span class='ocrx_word' id='word_1_375' title='bbox 2190 914 2266 987; x_wconf 90' lang='lat' dir='ltr'><strong>(a)</strong></span> <span class='ocrx_word' id='word_1_376' title='bbox 2298 915 2572 987; x_wconf 83' lang='lat' dir='ltr'><strong>c0nvertit</strong></span> 
     </span>
    </p>
   </div>
   <div class='ocr_carea' id='block_1_112' title="bbox 2191 985 2670 1056">
    <p class='ocr_par' dir='ltr' id='par_1_112' title="bbox 2191 985 2670 1056">
     <span class='ocr_line' id='line_1_112' title="bbox 2191 985 2670 1056; baseline 0.002 -16"><span class='ocrx_word' id='word_1_377' title='bbox 2191 985 2439 1056; x_wconf 66' lang='lat' dir='ltr'><strong>Spiritum</strong></span> <span class='ocrx_word' id='word_1_378' title='bbox 2470 986 2588 1056; x_wconf 80' lang='lat' dir='ltr'><strong>ejus</strong></span> <span class='ocrx_word' id='word_1_379' title='bbox 2609 985 2670 1056; x_wconf 68' lang='lat'><strong>1-,</strong></span> 
     </span>
    </p>
   </div>
   <div class='ocr_carea' id='block_1_113' title="bbox 2192 1059 2507 1113">
    <p class='ocr_par' dir='ltr' id='par_1_113' title="bbox 2192 1059 2507 1113">
     <span class='ocr_line' id='line_1_113' title="bbox 2192 1059 2507 1113; baseline -0.01 0"><span class='ocrx_word' id='word_1_380' title='bbox 2192 1068 2248 1113; x_wconf 93' lang='lat' dir='ltr'><strong>et</strong></span> <span class='ocrx_word' id='word_1_381' title='bbox 2273 1059 2507 1112; x_wconf 84' lang='lat' dir='ltr'><strong>surrexit</strong></span> 
     </span>
    </p>
   </div>
   <div class='ocr_carea' id='block_1_114' title="bbox 2192 1127 2576 1184">
    <p class='ocr_par' dir='ltr' id='par_1_114' title="bbox 2192 1127 2576 1184">
     <span class='ocr_line' id='line_1_114' title="bbox 2192 1127 2576 1184; baseline -0.008 0"><span class='ocrx_word' id='word_1_382' title='bbox 2192 1130 2470 1184; x_wconf 87' lang='lat' dir='ltr'><strong>continuo.</strong></span> <span class='ocrx_word' id='word_1_383' title='bbox 2509 1127 2576 1183; x_wconf 87' lang='lat' dir='ltr'><strong>Et</strong></span> 
     </span>
    </p>
   </div>
   <div class='ocr_carea' id='block_1_115' title="bbox 2189 1199 2604 1269">
    <p class='ocr_par' dir='ltr' id='par_1_115' title="bbox 2189 1199 2604 1269">
     <span class='ocr_line' id='line_1_115' title="bbox 2189 1199 2604 1269; baseline -0.002 -15"><span class='ocrx_word' id='word_1_384' title='bbox 2189 1200 2351 1269; x_wconf 91' lang='lat' dir='ltr'><strong>jussit</strong></span> <span class='ocrx_word' id='word_1_385' title='bbox 2380 1201 2457 1254; x_wconf 89' lang='lat' dir='ltr'><strong>illi</strong></span> <span class='ocrx_word' id='word_1_386' title='bbox 2487 1199 2604 1254; x_wconf 85' lang='lat' dir='ltr'><strong>dari</strong></span> 
     </span>
    </p>
   </div>
   <div class='ocr_carea' id='block_1_116' title="bbox 2194 1271 2544 1326">
    <p class='ocr_par' dir='ltr' id='par_1_116' title="bbox 2194 1271 2544 1326">
     <span class='ocr_line' id='line_1_116' title="bbox 2194 1271 2544 1326; baseline -0.006 -1"><span class='ocrx_word' id='word_1_387' title='bbox 2194 1271 2544 1326; x_wconf 87' lang='lat' dir='ltr'><strong>manducare.</strong></span> 
     </span>
    </p>
   </div>
   <div class='ocr_carea' id='block_1_117' title="bbox 2195 1342 2737 1409">
    <p class='ocr_par' dir='ltr' id='par_1_117' title="bbox 2195 1342 2737 1409">
     <span class='ocr_line' id='line_1_117' title="bbox 2195 1342 2737 1409; baseline -0.004 -12"><span class='ocrx_word' id='word_1_388' title='bbox 2195 1342 2286 1397; x_wconf 77' lang='grc'><strong>56.</strong></span> <span class='ocrx_word' id='word_1_389' title='bbox 2329 1343 2394 1396; x_wconf 82' lang='grc' dir='ltr'><strong>Ει</strong></span> <span class='ocrx_word' id='word_1_390' title='bbox 2415 1351 2737 1409; x_wconf 89' lang='lat' dir='ltr'><strong>stupuerunt</strong></span> 
     </span>
    </p>
   </div>
   <div class='ocr_carea' id='block_1_118' title="bbox 2195 1414 2624 1484">
    <p class='ocr_par' dir='ltr' id='par_1_118' title="bbox 2195 1414 2624 1484">
     <span class='ocr_line' id='line_1_118' title="bbox 2195 1414 2624 1484; baseline -0.002 -17"><span class='ocrx_word' id='word_1_391' title='bbox 2195 1426 2451 1484; x_wconf 87' lang='lat' dir='ltr'><strong>parentes</strong></span> <span class='ocrx_word' id='word_1_392' title='bbox 2473 1414 2624 1482; x_wconf 91' lang='lat' dir='ltr'><strong>ejus:</strong></span> 
     </span>
    </p>
   </div>
   <div class='ocr_carea' id='block_1_119' title="bbox 2196 1485 2646 1554">
    <p class='ocr_par' dir='ltr' id='par_1_119' title="bbox 2196 1485 2646 1554">
     <span class='ocr_line' id='line_1_119' title="bbox 2196 1485 2646 1554; baseline 0.002 -16"><span class='ocrx_word' id='word_1_393' title='bbox 2196 1485 2393 1554; x_wconf 87' lang='lat' dir='ltr'><strong>quibus</strong></span> <span class='ocrx_word' id='word_1_394' title='bbox 2426 1500 2646 1553; x_wconf 82' lang='lat' dir='ltr'><strong>praece-</strong></span> 
     </span>
    </p>
   </div>
   <div class='ocr_carea' id='block_1_120' title="bbox 2195 1557 2577 1626">
    <p class='ocr_par' dir='ltr' id='par_1_120' title="bbox 2195 1557 2577 1626">
     <span class='ocr_line' id='line_1_120' title="bbox 2195 1557 2577 1626; baseline -0.003 -17"><span class='ocrx_word' id='word_1_395' title='bbox 2195 1559 2296 1626; x_wconf 88' lang='lat' dir='ltr'><strong>pit,</strong></span> <span class='ocrx_word' id='word_1_396' title='bbox 2323 1573 2391 1612; x_wconf 91' lang='lat' dir='ltr'><strong>ne</strong></span> <span class='ocrx_word' id='word_1_397' title='bbox 2416 1557 2577 1610; x_wconf 88' lang='lat' dir='ltr'><strong>alicui</strong></span> 
     </span>
    </p>
   </div>
   <div class='ocr_carea' id='block_1_121' title="bbox 2197 1625 2648 1698">
    <p class='ocr_par' dir='ltr' id='par_1_121' title="bbox 2197 1625 2648 1698">
     <span class='ocr_line' id='line_1_121' title="bbox 2197 1625 2648 1698; baseline -0.002 -15"><span class='ocrx_word' id='word_1_398' title='bbox 2197 1625 2462 1693; x_wconf 88' lang='lat' dir='ltr'><strong>dicereut,</strong></span> <span class='ocrx_word' id='word_1_399' title='bbox 2504 1625 2648 1698; x_wconf 91' lang='lat' dir='ltr'><strong>quod</strong></span> 
     </span>
    </p>
   </div>
   <div class='ocr_carea' id='block_1_122' title="bbox 2201 1700 2532 1755">
    <p class='ocr_par' dir='ltr' id='par_1_122' title="bbox 2201 1700 2532 1755">
     <span class='ocr_line' id='line_1_122' title="bbox 2201 1700 2532 1755; baseline -0.009 -1"><span class='ocrx_word' id='word_1_400' title='bbox 2201 1700 2400 1754; x_wconf 83' lang='lat' dir='ltr'><strong>factum</strong></span> <span class='ocrx_word' id='word_1_401' title='bbox 2429 1709 2532 1755; x_wconf 92' lang='lat' dir='ltr'><strong>est.</strong></span> 
     </span>
    </p>
   </div>
   <div class='ocr_carea' id='block_1_123' title="bbox 2397 1811 2761 1870">
    <p class='ocr_par' dir='ltr' id='par_1_123' title="bbox 2397 1811 2761 1870">
     <span class='ocr_line' id='line_1_123' title="bbox 2397 1811 2761 1870; baseline -0.014 0"><span class='ocrx_word' id='word_1_402' title='bbox 2397 1813 2627 1870; x_wconf 81' lang='lat' dir='ltr'><strong>CAPUT</strong></span> <span class='ocrx_word' id='word_1_403' title='bbox 2667 1811 2761 1868; x_wconf 76' lang='lat' dir='ltr'><strong>IX.</strong></span> 
     </span>
    </p>
   </div>
   <div class='ocr_carea' id='block_1_124' title="bbox 2199 1907 2606 1966">
    <p class='ocr_par' dir='ltr' id='par_1_124' title="bbox 2199 1907 2606 1966">
     <span class='ocr_line' id='line_1_124' title="bbox 2199 1907 2606 1966; baseline -0.01 0"><span class='ocrx_word' id='word_1_404' title='bbox 2199 1913 2252 1966; x_wconf 79' lang='grc'><strong>1.</strong></span> <span class='ocrx_word' id='word_1_405' title='bbox 2285 1907 2606 1965; x_wconf 84' lang='lat' dir='ltr'><strong>Convocatis</strong></span> 
     </span>
    </p>
   </div>
   <div class='ocr_carea' id='block_1_125' title="bbox 2200 1993 2505 2037">
    <p class='ocr_par' dir='ltr' id='par_1_125' title="bbox 2200 1993 2505 2037">
     <span class='ocr_line' id='line_1_125' title="bbox 2200 1993 2505 2037; baseline -0.003 -1"><span class='ocrx_word' id='word_1_406' title='bbox 2200 1993 2378 2037; x_wconf 89' lang='lat' dir='ltr'><strong>autem</strong></span> <span class='ocrx_word' id='word_1_407' title='bbox 2410 1997 2505 2036; x_wconf 71' lang='lat' dir='ltr'><strong>XII.</strong></span> 
     </span>
    </p>
   </div>
   <div class='ocr_carea' id='block_1_126' title="bbox 2201 2052 2596 2125">
    <p class='ocr_par' dir='ltr' id='par_1_126' title="bbox 2201 2052 2596 2125">
     <span class='ocr_line' id='line_1_126' title="bbox 2201 2052 2596 2125; baseline -0.008 -17"><span class='ocrx_word' id='word_1_408' title='bbox 2201 2055 2278 2125; x_wconf 84' lang='lat' dir='ltr'><strong>(b)</strong></span> <span class='ocrx_word' id='word_1_409' title='bbox 2318 2052 2596 2125; x_wconf 79' lang='lat' dir='ltr'><strong>discipulis</strong></span> 
     </span>
    </p>
   </div>
   <div class='ocr_carea' id='block_1_127' title="bbox 2203 2123 2583 2194">
    <p class='ocr_par' dir='ltr' id='par_1_127' title="bbox 2203 2123 2583 2194">
     <span class='ocr_line' id='line_1_127' title="bbox 2203 2123 2583 2194; baseline -0.011 -13"><span class='ocrx_word' id='word_1_410' title='bbox 2203 2123 2314 2181; x_wconf 84' lang='lat' dir='ltr'><strong>suis</strong></span> <span class='ocrx_word' id='word_1_411' title='bbox 2345 2123 2409 2194; x_wconf 47' lang='grc' dir='ltr'><strong>ἦ,</strong></span> <span class='ocrx_word' id='word_1_412' title='bbox 2432 2123 2583 2178; x_wconf 84' lang='lat' dir='ltr'><strong>dedit</strong></span> 
     </span>
    </p>
   </div>
   <div class='ocr_carea' id='block_1_128' title="bbox 2207 2197 2620 2258">
    <p class='ocr_par' dir='ltr' id='par_1_128' title="bbox 2207 2197 2620 2258">
     <span class='ocr_line' id='line_1_128' title="bbox 2207 2197 2620 2258; baseline -0.01 -6"><span class='ocrx_word' id='word_1_413' title='bbox 2207 2197 2317 2252; x_wconf 85' lang='lat' dir='ltr'><strong>illis</strong></span> <span class='ocrx_word' id='word_1_414' title='bbox 2344 2199 2620 2258; x_wconf 86' lang='lat' dir='ltr'><strong>virtutem,</strong></span> 
     </span>
    </p>
   </div>
   <div class='ocr_carea' id='block_1_129' title="bbox 2209 2277 2609 2337">
    <p class='ocr_par' dir='ltr' id='par_1_129' title="bbox 2209 2277 2609 2337">
     <span class='ocr_line' id='line_1_129' title="bbox 2209 2277 2609 2337; baseline -0.005 -15"><span class='ocrx_word' id='word_1_415' title='bbox 2209 2278 2263 2322; x_wconf 86' lang='lat' dir='ltr'><strong>ct</strong></span> <span class='ocrx_word' id='word_1_416' title='bbox 2289 2277 2609 2337; x_wconf 87' lang='lat' dir='ltr'><strong>potestatem</strong></span> 
     </span>
    </p>
   </div>
   <div class='ocr_carea' id='block_1_130' title="bbox 2208 2338 2571 2409">
    <p class='ocr_par' dir='ltr' id='par_1_130' title="bbox 2208 2338 2571 2409">
     <span class='ocr_line' id='line_1_130' title="bbox 2208 2338 2571 2409; baseline -0.011 -14"><span class='ocrx_word' id='word_1_417' title='bbox 2208 2355 2371 2409; x_wconf 85' lang='lat' dir='ltr'><strong>super</strong></span> <span class='ocrx_word' id='word_1_418' title='bbox 2391 2338 2571 2393; x_wconf 88' lang='lat' dir='ltr'><strong>omnia</strong></span> 
     </span>
    </p>
   </div>
   <div class='ocr_carea' id='block_1_131' title="bbox 2208 2413 2518 2474">
    <p class='ocr_par' dir='ltr' id='par_1_131' title="bbox 2208 2413 2518 2474">
     <span class='ocr_line' id='line_1_131' title="bbox 2208 2413 2518 2474; baseline -0.01 -7"><span class='ocrx_word' id='word_1_419' title='bbox 2208 2413 2518 2474; x_wconf 88' lang='lat' dir='ltr'><strong>daemonia,</strong></span> 
     </span>
    </p>
   </div>
   <div class='ocr_carea' id='block_1_132' title="bbox 2211 2483 2608 2552">
    <p class='ocr_par' dir='ltr' id='par_1_132' title="bbox 2211 2483 2608 2552">
     <span class='ocr_line' id='line_1_132' title="bbox 2211 2483 2608 2552; baseline -0.015 -13"><span class='ocrx_word' id='word_1_420' title='bbox 2211 2495 2264 2540; x_wconf 91' lang='lat' dir='ltr'><strong>ct</strong></span> <span class='ocrx_word' id='word_1_421' title='bbox 2294 2493 2352 2538; x_wconf 88' lang='lat' dir='ltr'><strong>ut</strong></span> <span class='ocrx_word' id='word_1_422' title='bbox 2381 2483 2608 2552; x_wconf 85' lang='lat' dir='ltr'><strong>languo-</strong></span> 
     </span>
    </p>
   </div>
   <div class='ocr_carea' id='block_1_133' title="bbox 2210 2561 2603 2611">
    <p class='ocr_par' dir='ltr' id='par_1_133' title="bbox 2210 2561 2603 2611">
     <span class='ocr_line' id='line_1_133' title="bbox 2210 2561 2603 2611; baseline -0.015 0"><span class='ocrx_word' id='word_1_423' title='bbox 2210 2570 2300 2611; x_wconf 87' lang='lat' dir='ltr'><strong>res</strong></span> <span class='ocrx_word' id='word_1_424' title='bbox 2329 2561 2603 2608; x_wconf 91' lang='lat' dir='ltr'><strong>curarent.</strong></span> 
     </span>
    </p>
   </div>
   <div class='ocr_carea' id='block_1_134' title="bbox 2209 2625 2699 2682">
    <p class='ocr_par' dir='ltr' id='par_1_134' title="bbox 2209 2625 2699 2682">
     <span class='ocr_line' id='line_1_134' title="bbox 2209 2625 2699 2682; baseline -0.006 -1"><span class='ocrx_word' id='word_1_425' title='bbox 2209 2628 2268 2682; x_wconf 75' lang='lat'><strong>2.</strong></span> <span class='ocrx_word' id='word_1_426' title='bbox 2309 2627 2376 2680; x_wconf 88' lang='lat' dir='ltr'><strong>Et</strong></span> <span class='ocrx_word' id='word_1_427' title='bbox 2407 2625 2550 2679; x_wconf 91' lang='lat' dir='ltr'><strong>misit</strong></span> <span class='ocrx_word' id='word_1_428' title='bbox 2578 2625 2699 2680; x_wconf 91' lang='lat' dir='ltr'><strong>illos</strong></span> 
     </span>
    </p>
   </div>
   <div class='ocr_carea' id='block_1_135' title="bbox 2205 2698 2523 2769">
    <p class='ocr_par' dir='ltr' id='par_1_135' title="bbox 2205 2698 2523 2769">
     <span class='ocr_line' id='line_1_135' title="bbox 2205 2698 2523 2769; baseline -0.013 -15"><span class='ocrx_word' id='word_1_429' title='bbox 2205 2698 2523 2769; x_wconf 68' lang='lat' dir='ltr'><strong>praedicare</strong></span> 
     </span>
    </p>
   </div>
   <div class='ocr_carea' id='block_1_136' title="bbox 2206 2767 2578 2839">
    <p class='ocr_par' dir='ltr' id='par_1_136' title="bbox 2206 2767 2578 2839">
     <span class='ocr_line' id='line_1_136' title="bbox 2206 2767 2578 2839; baseline -0.013 -15"><span class='ocrx_word' id='word_1_430' title='bbox 2206 2767 2430 2839; x_wconf 74' lang='lat' dir='ltr'><strong>regnum</strong></span> <span class='ocrx_word' id='word_1_431' title='bbox 2461 2767 2578 2833; x_wconf 90' lang='lat' dir='ltr'><strong>Dei,</strong></span> 
     </span>
    </p>
   </div>
   <div class='ocr_carea' id='block_1_137' title="bbox 2205 2841 2570 2896">
    <p class='ocr_par' dir='ltr' id='par_1_137' title="bbox 2205 2841 2570 2896">
     <span class='ocr_line' id='line_1_137' title="bbox 2205 2841 2570 2896; baseline -0.011 0"><span class='ocrx_word' id='word_1_432' title='bbox 2205 2849 2260 2896; x_wconf 90' lang='lat' dir='ltr'><strong>et</strong></span> <span class='ocrx_word' id='word_1_433' title='bbox 2280 2855 2471 2894; x_wconf 86' lang='lat' dir='ltr'><strong>sanare</strong></span> <span class='ocrx_word' id='word_1_434' title='bbox 2499 2841 2570 2893; x_wconf 93' lang='lat' dir='ltr'><strong>in-</strong></span> 
     </span>
    </p>
   </div>
   <div class='ocr_carea' id='block_1_138' title="bbox 2205 2908 2703 2968">
    <p class='ocr_par' dir='ltr' id='par_1_138' title="bbox 2205 2908 2703 2968">
     <span class='ocr_line' id='line_1_138' title="bbox 2205 2908 2703 2968; baseline -0.008 -1"><span class='ocrx_word' id='word_1_435' title='bbox 2205 2914 2260 2968; x_wconf 75' lang='lat'><strong>3.</strong></span> <span class='ocrx_word' id='word_1_436' title='bbox 2305 2913 2507 2965; x_wconf 90' lang='lat' dir='ltr'><strong>lirmos.</strong></span> <span class='ocrx_word' id='word_1_437' title='bbox 2539 2908 2607 2964; x_wconf 87' lang='lat' dir='ltr'><strong>Et</strong></span> <span class='ocrx_word' id='word_1_438' title='bbox 2629 2908 2703 2964; x_wconf 89' lang='lat' dir='ltr'><strong>ait</strong></span> 
     </span>
    </p>
   </div>
   <div class='ocr_carea' id='block_1_139' title="bbox 2209 2982 2462 3036">
    <p class='ocr_par' dir='ltr' id='par_1_139' title="bbox 2209 2982 2462 3036">
     <span class='ocr_line' id='line_1_139' title="bbox 2209 2982 2462 3036; baseline -0.008 0"><span class='ocrx_word' id='word_1_439' title='bbox 2209 2983 2274 3036; x_wconf 87' lang='lat' dir='ltr'><strong>ad</strong></span> <span class='ocrx_word' id='word_1_440' title='bbox 2301 2982 2419 3036; x_wconf 91' lang='lat' dir='ltr'><strong>illos</strong></span> <span class='ocrx_word' id='word_1_441' title='bbox 2449 2999 2462 3034; x_wconf 87' lang='lat'>:</span> 
     </span>
    </p>
   </div>
   <div class='ocr_carea' id='block_1_140' title="bbox 2208 3053 2568 3110">
    <p class='ocr_par' dir='ltr' id='par_1_140' title="bbox 2208 3053 2568 3110">
     <span class='ocr_line' id='line_1_140' title="bbox 2208 3053 2568 3110; baseline -0.006 0"><span class='ocrx_word' id='word_1_442' title='bbox 2208 3053 2354 3110; x_wconf 81' lang='lat' dir='ltr'><strong>Nihil</strong></span> <span class='ocrx_word' id='word_1_443' title='bbox 2383 3053 2568 3108; x_wconf 86' lang='lat' dir='ltr'><strong>tuleri-</strong></span> 
     </span>
    </p>
   </div>
   <div class='ocr_carea' id='block_1_141' title="bbox 2212 3127 2489 3189">
    <p class='ocr_par' dir='ltr' id='par_1_141' title="bbox 2212 3127 2489 3189">
     <span class='ocr_line' id='line_1_141' title="bbox 2212 3127 2489 3189; baseline -0.014 -5"><span class='ocrx_word' id='word_1_444' title='bbox 2212 3130 2280 3184; x_wconf 91' lang='lat' dir='ltr'><strong>tis</strong></span> <span class='ocrx_word' id='word_1_445' title='bbox 2308 3129 2361 3182; x_wconf 91' lang='lat' dir='ltr'><strong>in</strong></span> <span class='ocrx_word' id='word_1_446' title='bbox 2387 3127 2489 3189; x_wconf 91' lang='lat' dir='ltr'><strong>via,</strong></span> 
     </span>
    </p>
   </div>
   <div class='ocr_carea' id='block_1_142' title="bbox 2215 3197 2530 3270">
    <p class='ocr_par' dir='ltr' id='par_1_142' title="bbox 2215 3197 2530 3270">
     <span class='ocr_line' id='line_1_142' title="bbox 2215 3197 2530 3270; baseline -0.022 -13"><span class='ocrx_word' id='word_1_447' title='bbox 2215 3215 2394 3270; x_wconf 82' lang='lat' dir='ltr'><strong>neque</strong></span> <span class='ocrx_word' id='word_1_448' title='bbox 2420 3197 2530 3252; x_wconf 84' lang='lat' dir='ltr'><strong>vir-</strong></span> 
     </span>
    </p>
   </div>
   <div class='ocr_carea' id='block_1_143' title="bbox 2212 3281 2569 3344">
    <p class='ocr_par' dir='ltr' id='par_1_143' title="bbox 2212 3281 2569 3344">
     <span class='ocr_line' id='line_1_143' title="bbox 2212 3281 2569 3344; baseline -0.008 -18"><span class='ocrx_word' id='word_1_449' title='bbox 2212 3288 2358 3344; x_wconf 78' lang='lat' dir='ltr'><strong>gam,</strong></span> <span class='ocrx_word' id='word_1_450' title='bbox 2391 3281 2569 3338; x_wconf 87' lang='lat' dir='ltr'><strong>neque</strong></span> 
     </span>
    </p>
   </div>
   <div class='ocr_carea' id='block_1_144' title="bbox 2212 3359 2440 3416">
    <p class='ocr_par' dir='ltr' id='par_1_144' title="bbox 2212 3359 2440 3416">
     <span class='ocr_line' id='line_1_144' title="bbox 2212 3359 2440 3416; baseline -0.022 -16"><span class='ocrx_word' id='word_1_451' title='bbox 2212 3359 2401 3416; x_wconf 88' lang='lat' dir='ltr'><strong>peram</strong></span> <span class='ocrx_word' id='word_1_452' title='bbox 2424 3383 2440 3407; x_wconf 92' lang='lat'><strong>,</strong></span> 
     </span>
    </p>
   </div>
   <div class='ocr_carea' id='block_1_145' title="bbox 2215 3410 2622 3484">
    <p class='ocr_par' dir='ltr' id='par_1_145' title="bbox 2215 3410 2622 3484">
     <span class='ocr_line' id='line_1_145' title="bbox 2215 3410 2622 3484; baseline -0.015 -14"><span class='ocrx_word' id='word_1_453' title='bbox 2215 3410 2393 3484; x_wconf 78' lang='lat' dir='ltr'><strong>neque</strong></span> <span class='ocrx_word' id='word_1_454' title='bbox 2422 3410 2622 3468; x_wconf 87' lang='lat' dir='ltr'><strong>calcia-</strong></span> 
     </span>
    </p>
   </div>
   <div class='ocr_carea' id='block_1_146' title="bbox 2215 3495 2546 3548">
    <p class='ocr_par' dir='ltr' id='par_1_146' title="bbox 2215 3495 2546 3548">
     <span class='ocr_line' id='line_1_146' title="bbox 2215 3495 2546 3548; baseline -0.012 -6"><span class='ocrx_word' id='word_1_455' title='bbox 2215 3495 2422 3548; x_wconf 90' lang='lat' dir='ltr'><strong>menta,</strong></span> <span class='ocrx_word' id='word_1_456' title='bbox 2451 3500 2546 3539; x_wconf 86' lang='lat' dir='ltr'><strong>ne-</strong></span> 
     </span>
    </p>
   </div>
   <div class='ocr_carea' id='block_1_147' title="bbox 2214 3570 2569 3629">
    <p class='ocr_par' dir='ltr' id='par_1_147' title="bbox 2214 3570 2569 3629">
     <span class='ocr_line' id='line_1_147' title="bbox 2214 3570 2569 3629; baseline -0.011 -17"><span class='ocrx_word' id='word_1_457' title='bbox 2214 3573 2320 3629; x_wconf 89' lang='lat' dir='ltr'><strong>que</strong></span> <span class='ocrx_word' id='word_1_458' title='bbox 2352 3570 2569 3626; x_wconf 88' lang='lat' dir='ltr'><strong>panem,</strong></span> 
     </span>
    </p>
   </div>
   <div class='ocr_carea' id='block_1_148' title="bbox 2217 3642 2518 3700">
    <p class='ocr_par' dir='ltr' id='par_1_148' title="bbox 2217 3642 2518 3700">
     <span class='ocr_line' id='line_1_148' title="bbox 2217 3642 2518 3700; baseline -0.007 -16"><span class='ocrx_word' id='word_1_459' title='bbox 2217 3643 2395 3700; x_wconf 90' lang='lat' dir='ltr'><strong>neque</strong></span> <span class='ocrx_word' id='word_1_460' title='bbox 2424 3642 2518 3698; x_wconf 90' lang='lat' dir='ltr'><strong>pe-</strong></span> 
     </span>
    </p>
   </div>
   <div class='ocr_carea' id='block_1_149' title="bbox 2217 3703 2585 3764">
    <p class='ocr_par' dir='ltr' id='par_1_149' title="bbox 2217 3703 2585 3764">
     <span class='ocr_line' id='line_1_149' title="bbox 2217 3703 2585 3764; baseline -0.005 -9"><span class='ocrx_word' id='word_1_461' title='bbox 2217 3703 2454 3764; x_wconf 89' lang='lat' dir='ltr'><strong>cuniam,</strong></span> <span class='ocrx_word' id='word_1_462' title='bbox 2490 3713 2585 3753; x_wconf 91' lang='lat' dir='ltr'><strong>ue-</strong></span> 
     </span>
    </p>
   </div>
   <div class='ocr_carea' id='block_1_150' title="bbox 2217 3771 2588 3843">
    <p class='ocr_par' dir='ltr' id='par_1_150' title="bbox 2217 3771 2588 3843">
     <span class='ocr_line' id='line_1_150' title="bbox 2217 3771 2588 3843; baseline 0 -20"><span class='ocrx_word' id='word_1_463' title='bbox 2217 3788 2324 3843; x_wconf 89' lang='lat' dir='ltr'><strong>que</strong></span> <span class='ocrx_word' id='word_1_464' title='bbox 2349 3771 2485 3826; x_wconf 86' lang='lat' dir='ltr'><strong>duas</strong></span> <span class='ocrx_word' id='word_1_465' title='bbox 2504 3779 2588 3824; x_wconf 89' lang='lat' dir='ltr'><strong>tu-</strong></span> 
     </span>
    </p>
   </div>
   <div class='ocr_carea' id='block_1_151' title="bbox 2221 3840 2748 3898">
    <p class='ocr_par' dir='ltr' id='par_1_151' title="bbox 2221 3840 2748 3898">
     <span class='ocr_line' id='line_1_151' title="bbox 2221 3840 2748 3898; baseline -0.004 0"><span class='ocrx_word' id='word_1_466' title='bbox 2221 3840 2395 3898; x_wconf 67' lang='lat' dir='ltr'><strong>nicas.</strong></span> <span class='ocrx_word' id='word_1_467' title='bbox 2439 3881 2454 3897; x_wconf 93' lang='lat'><strong>.</strong></span> <span class='ocrx_word' id='word_1_468' title='bbox 2502 3883 2515 3897; x_wconf 95' lang='lat'><strong>.</strong></span> <span class='ocrx_word' id='word_1_469' title='bbox 2565 3878 2578 3894; x_wconf 86' lang='lat'><strong>.</strong></span> <span class='ocrx_word' id='word_1_470' title='bbox 2626 3881 2638 3894; x_wconf 97' lang='lat'><strong>.</strong></span> <span class='ocrx_word' id='word_1_471' title='bbox 2682 3840 2748 3896; x_wconf 83' lang='lat' dir='ltr'><strong>is.</strong></span> 
     </span>
    </p>
   </div>
   <div class='ocr_carea' id='block_1_152' title="bbox 2222 3914 2682 3983">
    <p class='ocr_par' dir='ltr' id='par_1_152' title="bbox 2222 3914 2682 3983">
     <span class='ocr_line' id='line_1_152' title="bbox 2222 3914 2682 3983; baseline -0.007 -15"><span class='ocrx_word' id='word_1_472' title='bbox 2222 3914 2280 3969; x_wconf 78' lang='grc'><strong>4.</strong></span> <span class='ocrx_word' id='word_1_473' title='bbox 2325 3915 2390 3970; x_wconf 86' lang='grc' dir='ltr'><strong>Ει</strong></span> <span class='ocrx_word' id='word_1_474' title='bbox 2414 3915 2468 3971; x_wconf 90' lang='lat' dir='ltr'><strong>in</strong></span> <span class='ocrx_word' id='word_1_475' title='bbox 2500 3927 2682 3983; x_wconf 57' lang='lat' dir='ltr'><strong>quam.</strong></span> 
     </span>
    </p>
   </div>
   <div class='ocr_carea' id='block_1_153' title="bbox 1864 4025 2527 4085">
    <p class='ocr_par' dir='ltr' id='par_1_153' title="bbox 1864 4025 2527 4085">
     <span class='ocr_line' id='line_1_153' title="bbox 1864 4025 2527 4085; baseline -0.008 0"><span class='ocrx_word' id='word_1_476' title='bbox 1864 4027 2099 4085; x_wconf 78' lang='lat' dir='ltr'><strong>CODEX</strong></span> <span class='ocrx_word' id='word_1_477' title='bbox 2138 4025 2527 4084; x_wconf 79' lang='lat' dir='ltr'><strong>BRIXIANUS.</strong></span> 
     </span>
    </p>
   </div>
   <div class='ocr_carea' id='block_1_154' title="bbox 2230 4285 3818 4356">
    <p class='ocr_par' dir='ltr' id='par_1_154' title="bbox 2230 4285 3818 4356">
     <span class='ocr_line' id='line_1_154' title="bbox 2230 4285 3818 4356; baseline -0.012 -12"><span class='ocrx_word' id='word_1_478' title='bbox 2230 4291 2400 4344; x_wconf 86' lang='lat' dir='ltr'><strong>tes‘de</strong></span> <span class='ocrx_word' id='word_1_479' title='bbox 2415 4289 2629 4342; x_wconf 81' lang='lat' dir='ltr'><strong>civitate</strong></span> <span class='ocrx_word' id='word_1_480' title='bbox 2642 4285 3004 4342; x_wconf 80' lang='lat' dir='ltr'><strong>illa.excutite</strong></span> <span class='ocrx_word' id='word_1_481' title='bbox 3020 4291 3294 4356; x_wconf 88' lang='lat' dir='ltr'><strong>pulverem</strong></span> <span class='ocrx_word' id='word_1_482' title='bbox 3311 4289 3378 4342; x_wconf 91' lang='lat' dir='ltr'><strong>de</strong></span> <span class='ocrx_word' id='word_1_483' title='bbox 3395 4285 3602 4354; x_wconf 84' lang='lat' dir='ltr'><strong>pedibus</strong></span> <span class='ocrx_word' id='word_1_484' title='bbox 3615 4289 3759 4332; x_wconf 83' lang='lat' dir='ltr'><strong>vestns</strong></span> <span class='ocrx_word' id='word_1_485' title='bbox 3803 4333 3818 4356; x_wconf 40' lang='grc' dir='ltr'>δ</span> 
     </span>
    </p>
   </div>
   <div class='ocr_carea' id='block_1_155' title="bbox 2229 4357 3760 4428">
    <p class='ocr_par' dir='ltr' id='par_1_155' title="bbox 2229 4357 3760 4428">
     <span class='ocr_line' id='line_1_155' title="bbox 2229 4357 3760 4428; baseline -0.008 -14"><span class='ocrx_word' id='word_1_486' title='bbox 2229 4360 2280 4414; x_wconf 90' lang='lat' dir='ltr'><strong>in</strong></span> <span class='ocrx_word' id='word_1_487' title='bbox 2314 4362 2687 4413; x_wconf 84' lang='lat' dir='ltr'><strong>testimonium</strong></span> <span class='ocrx_word' id='word_1_488' title='bbox 2734 4359 2860 4412; x_wconf 89' lang='lat' dir='ltr'><strong>illis.</strong></span> <span class='ocrx_word' id='word_1_489' title='bbox 2891 4360 3107 4428; x_wconf 82' lang='lat' dir='ltr'><strong>Egressi</strong></span> <span class='ocrx_word' id='word_1_490' title='bbox 3139 4370 3319 4413; x_wconf 87' lang='lat' dir='ltr'><strong>autem</strong></span> <span class='ocrx_word' id='word_1_491' title='bbox 3348 4357 3760 4428; x_wconf 33' lang='lat' dir='ltr'><strong>circumibantlpcf</strong></span> 
     </span>
    </p>
   </div>
   <div class='ocr_carea' id='block_1_156' title="bbox 2226 4419 3760 4498">
    <p class='ocr_par' dir='ltr' id='par_1_156' title="bbox 2226 4419 3760 4498">
     <span class='ocr_line' id='line_1_156' title="bbox 2226 4419 3760 4498; baseline -0.006 -12"><span class='ocrx_word' id='word_1_492' title='bbox 2226 4431 2471 4486; x_wconf 79' lang='lat' dir='ltr'><strong>castella.</strong></span> <span class='ocrx_word' id='word_1_493' title='bbox 2506 4419 2965 4498; x_wconf 56' lang='lat' dir='ltr'><strong>evangelizautcsv</strong></span> <span class='ocrx_word' id='word_1_494' title='bbox 2988 4440 3042 4484; x_wconf 85' lang='lat' dir='ltr'><strong>et</strong></span> <span class='ocrx_word' id='word_1_495' title='bbox 3071 4441 3329 4484; x_wconf 85' lang='lat' dir='ltr'><strong>curantes</strong></span> <span class='ocrx_word' id='word_1_496' title='bbox 3362 4430 3566 4497; x_wconf 83' lang='lat' dir='ltr'><strong>ubique.</strong></span> <span class='ocrx_word' id='word_1_497' title='bbox 3597 4419 3760 4498; x_wconf 67' lang='grc' dir='ltr'><strong>Αιιᾴινὶῑ</strong></span> 
     </span>
    </p>
   </div>
   <div class='ocr_carea' id='block_1_157' title="bbox 2223 4492 3761 4571">
    <p class='ocr_par' dir='ltr' id='par_1_157' title="bbox 2223 4492 3761 4571">
     <span class='ocr_line' id='line_1_157' title="bbox 2223 4492 3761 4571; baseline -0.008 -15"><span class='ocrx_word' id='word_1_498' title='bbox 2223 4509 2405 4557; x_wconf 89' lang='lat' dir='ltr'><strong>autem</strong></span> <span class='ocrx_word' id='word_1_499' title='bbox 2458 4492 2699 4556; x_wconf 67' lang='lat' dir='ltr'><strong>Herodés</strong></span> <span class='ocrx_word' id='word_1_500' title='bbox 2729 4500 3025 4555; x_wconf 85' lang='lat' dir='ltr'><strong>Thetrarca</strong></span> <span class='ocrx_word' id='word_1_501' title='bbox 3057 4503 3237 4555; x_wconf 89' lang='lat' dir='ltr'><strong>omnia</strong></span> <span class='ocrx_word' id='word_1_502' title='bbox 3267 4516 3408 4571; x_wconf 87' lang='lat' dir='ltr'><strong>quae</strong></span> <span class='ocrx_word' id='word_1_503' title='bbox 3439 4492 3615 4571; x_wconf 78' lang='lat' dir='ltr'><strong>liebaut</strong></span> <span class='ocrx_word' id='word_1_504' title='bbox 3639 4492 3694 4571; x_wconf 57' lang='lat' dir='ltr'><strong>ab</strong></span> <span class='ocrx_word' id='word_1_505' title='bbox 3715 4500 3761 4570; x_wconf 70' lang='lat' dir='ltr'><strong>eo</strong></span> 
     </span>
    </p>
   </div>
   <div class='ocr_carea' id='block_1_158' title="bbox 2225 4561 3761 4640">
    <p class='ocr_par' dir='ltr' id='par_1_158' title="bbox 2225 4561 3761 4640">
     <span class='ocr_line' id='line_1_158' title="bbox 2225 4561 3761 4640; baseline -0.008 -12"><span class='ocrx_word' id='word_1_506' title='bbox 2225 4584 2280 4628; x_wconf 91' lang='lat' dir='ltr'><strong>et</strong></span> <span class='ocrx_word' id='word_1_507' title='bbox 2329 4573 2615 4628; x_wconf 73' lang='lat' dir='ltr'><strong>ltesitaliat.</strong></span> <span class='ocrx_word' id='word_1_508' title='bbox 2648 4589 2714 4626; x_wconf 78' lang='lat' dir='ltr'><strong>cn</strong></span> <span class='ocrx_word' id='word_1_509' title='bbox 2759 4573 2903 4640; x_wconf 83' lang='lat' dir='ltr'><strong>quod</strong></span> <span class='ocrx_word' id='word_1_510' title='bbox 2945 4573 3220 4627; x_wconf 86' lang='lat' dir='ltr'><strong>diceretur</strong></span> <span class='ocrx_word' id='word_1_511' title='bbox 3267 4561 3300 4625; x_wconf 65' lang='grc' dir='ltr'><strong>εἰ</strong></span> <span class='ocrx_word' id='word_1_512' title='bbox 3328 4570 3625 4639; x_wconf 78' lang='lat' dir='ltr'><strong>quibusdam</strong></span> <span class='ocrx_word' id='word_1_513' title='bbox 3663 4561 3761 4640; x_wconf 58' lang='lat' dir='ltr'><strong>Qui:</strong></span> 
     </span>
    </p>
   </div>
   <div class='ocr_carea' id='block_1_159' title="bbox 2222 4632 3760 4710">
    <p class='ocr_par' dir='ltr' id='par_1_159' title="bbox 2222 4632 3760 4710">
     <span class='ocr_line' id='line_1_159' title="bbox 2222 4632 3760 4710; baseline -0.008 -10"><span class='ocrx_word' id='word_1_514' title='bbox 2222 4644 2495 4700; x_wconf 80' lang='lat' dir='ltr'><strong>Johannes</strong></span> <span class='ocrx_word' id='word_1_515' title='bbox 2529 4632 2816 4698; x_wconf 52' lang='lat' dir='ltr'><strong>surrexit&#39;a</strong></span> <span class='ocrx_word' id='word_1_516' title='bbox 2841 4646 3088 4698; x_wconf 87' lang='lat' dir='ltr'><strong>mortuis.</strong></span> <span class='ocrx_word' id='word_1_517' title='bbox 3120 4662 3147 4694; x_wconf 73' lang='grc' dir='ltr'><strong>ιι</strong></span> <span class='ocrx_word' id='word_1_518' title='bbox 3182 4632 3498 4710; x_wconf 68' lang='lat' dir='ltr'><strong>quibusdam</strong></span> <span class='ocrx_word' id='word_1_519' title='bbox 3527 4653 3637 4691; x_wconf 84' lang='lat' dir='ltr'><strong>vero</strong></span> <span class='ocrx_word' id='word_1_520' title='bbox 3664 4632 3760 4698; x_wconf 51' lang='lat' dir='ltr'><strong>Qui?I</strong></span> 
     </span>
    </p>
   </div>
   <div class='ocr_carea' id='block_1_160' title="bbox 2221 4710 3764 4782">
    <p class='ocr_par' dir='ltr' id='par_1_160' title="bbox 2221 4710 3764 4782">
     <span class='ocr_line' id='line_1_160' title="bbox 2221 4710 3764 4782; baseline -0.006 -12"><span class='ocrx_word' id='word_1_521' title='bbox 2221 4715 2406 4771; x_wconf 84' lang='lat' dir='ltr'><strong>Helias</strong></span> <span class='ocrx_word' id='word_1_522' title='bbox 2444 4716 2692 4782; x_wconf 80' lang='lat' dir='ltr'><strong>apparuit</strong></span> <span class='ocrx_word' id='word_1_523' title='bbox 2720 4714 2786 4768; x_wconf 85' lang='lat' dir='ltr'><strong>ab</strong></span> <span class='ocrx_word' id='word_1_524' title='bbox 2835 4717 2955 4768; x_wconf 86' lang='lat' dir='ltr'><strong>aliis</strong></span> <span class='ocrx_word' id='word_1_525' title='bbox 3001 4723 3178 4768; x_wconf 86' lang='lat' dir='ltr'><strong>autem</strong></span> <span class='ocrx_word' id='word_1_526' title='bbox 3209 4714 3346 4781; x_wconf 90' lang='lat' dir='ltr'><strong>Quia</strong></span> <span class='ocrx_word' id='word_1_527' title='bbox 3401 4710 3638 4782; x_wconf 68' lang='lat' dir='ltr'><strong>Propheta</strong></span> <span class='ocrx_word' id='word_1_528' title='bbox 3663 4713 3764 4782; x_wconf 54' lang='lat' dir='ltr'><strong>illius</strong></span> 
     </span>
    </p>
   </div>
   <div class='ocr_carea' id='block_1_161' title="bbox 2221 4775 3861 4856">
    <p class='ocr_par' dir='ltr' id='par_1_161' title="bbox 2221 4775 3861 4856">
     <span class='ocr_line' id='line_1_161' title="bbox 2221 4775 3861 4856; baseline -0.013 -15"><span class='ocrx_word' id='word_1_529' title='bbox 2221 4791 2290 4842; x_wconf 89' lang='lat' dir='ltr'><strong>de</strong></span> <span class='ocrx_word' id='word_1_530' title='bbox 2319 4775 2556 4854; x_wconf 53' lang='lat' dir='ltr'><strong>antiquis</strong></span> <span class='ocrx_word' id='word_1_531' title='bbox 2581 4787 2838 4841; x_wconf 82' lang='lat' dir='ltr'><strong>surrexit.</strong></span> <span class='ocrx_word' id='word_1_532' title='bbox 2870 4785 2963 4840; x_wconf 86' lang='lat' dir='ltr'><strong>Ait</strong></span> <span class='ocrx_word' id='word_1_533' title='bbox 2992 4786 3071 4855; x_wconf 80' lang='grc' dir='ltr'><strong>(ά)</strong></span> <span class='ocrx_word' id='word_1_534' title='bbox 3099 4775 3276 4840; x_wconf 75' lang='lat' dir='ltr'><strong>autem</strong></span> <span class='ocrx_word' id='word_1_535' title='bbox 3301 4785 3342 4856; x_wconf 63' lang='grc' dir='ltr'><strong>σι-</strong></span> <span class='ocrx_word' id='word_1_536' title='bbox 3361 4775 3583 4840; x_wconf 81' lang='lat' dir='ltr'><strong>Herodes</strong></span> <span class='ocrx_word' id='word_1_537' title='bbox 3605 4775 3764 4831; x_wconf 83' lang='lat' dir='ltr'><strong>Johan-</strong></span> <span class='ocrx_word' id='word_1_538' title='bbox 3860 4775 3861 4850; x_wconf 43' lang='grc' dir='ltr'>ξ</span> 
     </span>
    </p>
   </div>
   <div class='ocr_carea' id='block_1_162' title="bbox 2219 4857 3132 4928">
    <p class='ocr_par' dir='ltr' id='par_1_162' title="bbox 2219 4857 3132 4928">
     <span class='ocr_line' id='line_1_162' title="bbox 2219 4857 3132 4928; baseline -0.001 -15"><span class='ocrx_word' id='word_1_539' title='bbox 2219 4873 2344 4913; x_wconf 82' lang='lat' dir='ltr'><strong>nem</strong></span> <span class='ocrx_word' id='word_1_540' title='bbox 2372 4874 2472 4928; x_wconf 79' lang='lat' dir='ltr'><strong>ego</strong></span> <span class='ocrx_word' id='word_1_541' title='bbox 2501 4857 2764 4913; x_wconf 85' lang='lat' dir='ltr'><strong>decollavi</strong></span> <span class='ocrx_word' id='word_1_542' title='bbox 2795 4857 2927 4923; x_wconf 90' lang='lat' dir='ltr'><strong>Quis</strong></span> <span class='ocrx_word' id='word_1_543' title='bbox 2953 4867 3132 4913; x_wconf 90' lang='lat' dir='ltr'><strong>autem</strong></span> 
     </span>
    </p>
   </div>
   <div class='ocr_carea' id='block_1_163' title="bbox 1817 4969 2561 5029">
    <p class='ocr_par' dir='ltr' id='par_1_163' title="bbox 1817 4969 2561 5029">
     <span class='ocr_line' id='line_1_163' title="bbox 1817 4969 2561 5029; baseline -0.004 -2"><span class='ocrx_word' id='word_1_544' title='bbox 1817 4970 2051 5027; x_wconf 83' lang='lat' dir='ltr'><strong>CODEX</strong></span> <span class='ocrx_word' id='word_1_545' title='bbox 2086 4969 2561 5029; x_wconf 80' lang='lat' dir='ltr'><strong>CORBEIENSIS.</strong></span> 
     </span>
    </p>
   </div>
   <div class='ocr_carea' id='block_1_164' title="bbox 605 5085 1540 5157">
    <p class='ocr_par' dir='ltr' id='par_1_164' title="bbox 605 5085 1540 5157">
     <span class='ocr_line' id='line_1_164' title="bbox 605 5085 1540 5157; baseline -0.001 -18"><span class='ocrx_word' id='word_1_546' title='bbox 605 5086 695 5142; x_wconf 81' lang='lat'><strong>55.</strong></span> <span class='ocrx_word' id='word_1_547' title='bbox 739 5086 808 5141; x_wconf 88' lang='lat' dir='ltr'><strong>Et</strong></span> <span class='ocrx_word' id='word_1_548' title='bbox 833 5085 1098 5142; x_wconf 84' lang='lat' dir='ltr'><strong>convertit</strong></span> <span class='ocrx_word' id='word_1_549' title='bbox 1127 5087 1375 5157; x_wconf 92' lang='lat' dir='ltr'><strong>spiritum</strong></span> <span class='ocrx_word' id='word_1_550' title='bbox 1402 5085 1540 5156; x_wconf 87' lang='lat' dir='ltr'><strong>ejus.</strong></span> 
     </span>
    </p>
   </div>
   <div class='ocr_carea' id='block_1_165' title="bbox 605 5157 2129 5230">
    <p class='ocr_par' dir='ltr' id='par_1_165' title="bbox 605 5157 2129 5230">
     <span class='ocr_line' id='line_1_165' title="bbox 605 5157 2129 5230; baseline 0 -19"><span class='ocrx_word' id='word_1_551' title='bbox 605 5157 736 5211; x_wconf 60' lang='lat' dir='ltr'><strong>Car.</strong></span> <span class='ocrx_word' id='word_1_552' title='bbox 764 5157 857 5212; x_wconf 85' lang='lat' dir='ltr'><strong>IX.</strong></span> <span class='ocrx_word' id='word_1_553' title='bbox 878 5159 932 5213; x_wconf 81' lang='grc'><strong>5.</strong></span> <span class='ocrx_word' id='word_1_554' title='bbox 951 5189 1023 5198; x_wconf 91' lang='grc'><strong><em>-</em></strong></span> <span class='ocrx_word' id='word_1_555' title='bbox 1049 5173 1222 5230; x_wconf 88' lang='lat' dir='ltr'><strong>neque</strong></span> <span class='ocrx_word' id='word_1_556' title='bbox 1251 5173 1455 5230; x_wconf 86' lang='lat' dir='ltr'><strong>peram,</strong></span> <span class='ocrx_word' id='word_1_557' title='bbox 1478 5170 1654 5228; x_wconf 90' lang='lat' dir='ltr'><strong>neque</strong></span> <span class='ocrx_word' id='word_1_558' title='bbox 1681 5157 2129 5225; x_wconf 87' lang='lat' dir='ltr'><strong>calceamentum,</strong></span> 
     </span>
    </p>
   </div>
   <div class='ocr_carea' id='block_1_166' title="bbox 538 5242 956 5299">
    <p class='ocr_par' dir='ltr' id='par_1_166' title="bbox 538 5242 956 5299">
     <span class='ocr_line' id='line_1_166' title="bbox 538 5242 956 5299; baseline 0.002 -16"><span class='ocrx_word' id='word_1_559' title='bbox 538 5242 714 5299; x_wconf 90' lang='lat' dir='ltr'><strong>neque</strong></span> <span class='ocrx_word' id='word_1_560' title='bbox 741 5243 956 5299; x_wconf 91' lang='lat' dir='ltr'><strong>panem.</strong></span> 
     </span>
    </p>
   </div>
   <div class='ocr_carea' id='block_1_167' title="bbox 604 5459 1456 5512">
    <p class='ocr_par' dir='ltr' id='par_1_167' title="bbox 604 5459 1456 5512">
     <span class='ocr_line' id='line_1_167' title="bbox 604 5459 1456 5512; baseline -0.002 0"><span class='ocrx_word' id='word_1_561' title='bbox 604 5463 620 5494; x_wconf 72' lang='grc'>⁸</span> <span class='ocrx_word' id='word_1_562' title='bbox 657 5464 778 5512; x_wconf 73' lang='lat' dir='ltr'><strong>Mm.</strong></span> <span class='ocrx_word' id='word_1_563' title='bbox 803 5459 1092 5511; x_wconf 86' lang='lat' dir='ltr'><strong>Convocavit</strong></span> <span class='ocrx_word' id='word_1_564' title='bbox 1111 5467 1277 5511; x_wconf 83' lang='lat' dir='ltr'><strong>autem</strong></span> <span class='ocrx_word' id='word_1_565' title='bbox 1301 5459 1390 5511; x_wconf 80' lang='lat' dir='ltr'><strong>XII</strong></span> <span class='ocrx_word' id='word_1_566' title='bbox 1415 5461 1456 5510; x_wconf 83' lang='lat' dir='ltr'><strong>A</strong></span> 
     </span>
    </p>
   </div>
   <div class='ocr_carea' id='block_1_168' title="bbox 2313 5080 3494 5152">
    <p class='ocr_par' dir='ltr' id='par_1_168' title="bbox 2313 5080 3494 5152">
     <span class='ocr_line' id='line_1_168' title="bbox 2313 5080 3494 5152; baseline -0.006 -12"><span class='ocrx_word' id='word_1_567' title='bbox 2313 5085 2367 5140; x_wconf 71' lang='grc'><strong>4.</strong></span> <span class='ocrx_word' id='word_1_568' title='bbox 2410 5084 2482 5140; x_wconf 91' lang='lat' dir='ltr'><strong>ibi</strong></span> <span class='ocrx_word' id='word_1_569' title='bbox 2510 5083 2531 5115; x_wconf 79' lang='grc'>⁸</span> <span class='ocrx_word' id='word_1_570' title='bbox 2562 5092 2814 5151; x_wconf 85' lang='lat' dir='ltr'><strong>manete,</strong></span> <span class='ocrx_word' id='word_1_571' title='bbox 2837 5091 2892 5139; x_wconf 90' lang='lat' dir='ltr'><strong>et</strong></span> <span class='ocrx_word' id='word_1_572' title='bbox 2915 5081 3042 5138; x_wconf 90' lang='lat' dir='ltr'><strong>inde</strong></span> <span class='ocrx_word' id='word_1_573' title='bbox 3069 5080 3494 5152; x_wconf 84' lang='lat' dir='ltr'><strong>proﬁciscimini.</strong></span> 
     </span>
    </p>
   </div>
   <div class='ocr_carea' id='block_1_169' title="bbox 2313 5154 3532 5225">
    <p class='ocr_par' dir='ltr' id='par_1_169' title="bbox 2313 5154 3532 5225">
     <span class='ocr_line' id='line_1_169' title="bbox 2313 5154 3532 5225; baseline -0.003 -16"><span class='ocrx_word' id='word_1_574' title='bbox 2313 5155 2366 5210; x_wconf 86' lang='lat'><strong>5.</strong></span> <span class='ocrx_word' id='word_1_575' title='bbox 2414 5155 2694 5225; x_wconf 87' lang='lat' dir='ltr'><strong>pulverem</strong></span> <span class='ocrx_word' id='word_1_576' title='bbox 2721 5155 2789 5209; x_wconf 93' lang='lat' dir='ltr'><strong>de</strong></span> <span class='ocrx_word' id='word_1_577' title='bbox 2814 5154 3043 5224; x_wconf 88' lang='lat' dir='ltr'><strong>pedibus</strong></span> <span class='ocrx_word' id='word_1_578' title='bbox 3066 5157 3266 5209; x_wconf 87' lang='lat' dir='ltr'><strong>vestris</strong></span> <span class='ocrx_word' id='word_1_579' title='bbox 3292 5154 3532 5209; x_wconf 88' lang='lat' dir='ltr'><strong>excutite.</strong></span> 
     </span>
    </p>
   </div>
   <div class='ocr_carea' id='block_1_170' title="bbox 2314 5225 3468 5297">
    <p class='ocr_par' dir='ltr' id='par_1_170' title="bbox 2314 5225 3468 5297">
     <span class='ocr_line' id='line_1_170' title="bbox 2314 5225 3468 5297; baseline -0.003 -17"><span class='ocrx_word' id='word_1_580' title='bbox 2314 5227 2366 5280; x_wconf 93' lang='lat'><strong>7.</strong></span> <span class='ocrx_word' id='word_1_581' title='bbox 2409 5227 2885 5292; x_wconf 89' lang='lat' dir='ltr'><strong>cousternabatur,</strong></span> <span class='ocrx_word' id='word_1_582' title='bbox 2918 5241 2985 5282; x_wconf 89' lang='lat' dir='ltr'><strong>eo</strong></span> <span class='ocrx_word' id='word_1_583' title='bbox 3011 5225 3152 5297; x_wconf 91' lang='lat' dir='ltr'><strong>quod</strong></span> <span class='ocrx_word' id='word_1_584' title='bbox 3183 5225 3468 5282; x_wconf 87' lang='lat' dir='ltr'><strong>diceretur.</strong></span> 
     </span>
    </p>
   </div>
   <div class='ocr_carea' id='block_1_171' title="bbox 1793 5333 2636 5434">
    <p class='ocr_par' dir='ltr' id='par_1_171' title="bbox 1793 5333 2636 5434">
     <span class='ocr_line' id='line_1_171' title="bbox 1793 5333 2636 5434; baseline -0.007 -39"><span class='ocrx_word' id='word_1_585' title='bbox 1793 5336 2189 5434; x_wconf 42' lang='lat' dir='ltr'><strong>VARIaNTES</strong></span> <span class='ocrx_word' id='word_1_586' title='bbox 2225 5333 2636 5391; x_wconf 86' lang='lat' dir='ltr'><strong>LECTIONES.</strong></span> 
     </span>
    </p>
   </div>
   <div class='ocr_carea' id='block_1_172' title="bbox 539 5521 1768 5586">
    <p class='ocr_par' dir='ltr' id='par_1_172' title="bbox 539 5521 1768 5586">
     <span class='ocr_line' id='line_1_172' title="bbox 539 5521 1768 5586; baseline -0.007 -9"><span class='ocrx_word' id='word_1_587' title='bbox 539 5524 830 5577; x_wconf 85' lang='lat' dir='ltr'><strong>Convocatis</strong></span> <span class='ocrx_word' id='word_1_588' title='bbox 856 5527 1021 5571; x_wconf 89' lang='lat' dir='ltr'><strong>autem</strong></span> <span class='ocrx_word' id='word_1_589' title='bbox 1045 5523 1303 5574; x_wconf 85' lang='lat' dir='ltr'><strong>duodecim</strong></span> <span class='ocrx_word' id='word_1_590' title='bbox 1325 5521 1588 5586; x_wconf 82' lang='lat' dir='ltr'><strong>Apostolis,</strong></span> <span class='ocrx_word' id='word_1_591' title='bbox 1611 5521 1768 5586; x_wconf 81' lang='lat' dir='ltr'><strong>dedit.</strong></span> 
     </span>
    </p>
   </div>
   <div class='ocr_carea' id='block_1_173' title="bbox 604 5582 2134 5650">
    <p class='ocr_par' dir='ltr' id='par_1_173' title="bbox 604 5582 2134 5650">
     <span class='ocr_line' id='line_1_173' title="bbox 604 5582 2134 5650; baseline -0.003 -12"><span class='ocrx_word' id='word_1_592' title='bbox 604 5591 624 5621; x_wconf 83' lang='grc'><strong><em>²</em></strong></span> <span class='ocrx_word' id='word_1_593' title='bbox 659 5587 768 5638; x_wconf 73' lang='lat' dir='ltr'><strong>Gal.</strong></span> <span class='ocrx_word' id='word_1_594' title='bbox 795 5591 1044 5636; x_wconf 84' lang='lat' dir='ltr'><strong>exeuntes</strong></span> <span class='ocrx_word' id='word_1_595' title='bbox 1065 5591 1258 5645; x_wconf 87' lang='lat' dir='ltr'><strong>autem,</strong></span> <span class='ocrx_word' id='word_1_596' title='bbox 1282 5582 1620 5638; x_wconf 81' lang='lat' dir='ltr'><strong>circumibant.</strong></span> <span class='ocrx_word' id='word_1_597' title='bbox 1652 5582 1798 5650; x_wconf 76' lang='lat' dir='ltr'><strong>Vulg.</strong></span> <span class='ocrx_word' id='word_1_598' title='bbox 1824 5584 2020 5647; x_wconf 79' lang='lat' dir='ltr'><strong>Egressi</strong></span> <span class='ocrx_word' id='word_1_599' title='bbox 2044 5597 2134 5634; x_wconf 87' lang='lat' dir='ltr'><strong>au-</strong></span> 
     </span>
    </p>
   </div>
   <div class='ocr_carea' id='block_1_174' title="bbox 589 5786 3861 5889">
    <p class='ocr_par' dir='ltr' id='par_1_174' title="bbox 589 5786 3861 5889">
     <span class='ocr_line' id='line_1_174' title="bbox 589 5786 3861 5889; baseline -0.006 -19"><span class='ocrx_word' id='word_1_600' title='bbox 589 5866 594 5882; x_wconf 80' lang='grc'>,</span> <span class='ocrx_word' id='word_1_601' title='bbox 620 5814 699 5889; x_wconf 91' lang='lat' dir='ltr'><strong>(a)</strong></span> <span class='ocrx_word' id='word_1_602' title='bbox 728 5815 885 5889; x_wconf 31' lang='lat' dir='ltr'><strong>Ita‘et</strong></span> <span class='ocrx_word' id='word_1_603' title='bbox 917 5821 1025 5870; x_wconf 91' lang='lat' dir='ltr'><strong>tex.</strong></span> <span class='ocrx_word' id='word_1_604' title='bbox 1053 5810 1179 5889; x_wconf 73' lang='lat' dir='ltr'><strong>Gr._,</strong></span> <span class='ocrx_word' id='word_1_605' title='bbox 1207 5811 1499 5889; x_wconf 38' lang='grc' dir='ltr'><strong>ἐπέστρεψε.</strong></span> <span class='ocrx_word' id='word_1_606' title='bbox 1517 5812 1806 5889; x_wconf 52' lang='grc' dir='ltr'><strong>τξπνεῦιέᾳ</strong></span> <span class='ocrx_word' id='word_1_607' title='bbox 1826 5812 2000 5872; x_wconf 71' lang='grc' dir='ltr'><strong>αὐτῆς.</strong></span> <span class='ocrx_word' id='word_1_608' title='bbox 2027 5841 2096 5853; x_wconf 90' lang='lat'><strong>-—</strong></span> <span class='ocrx_word' id='word_1_609' title='bbox 2129 5809 2206 5883; x_wconf 89' lang='lat' dir='ltr'><strong>(b)</strong></span> <span class='ocrx_word' id='word_1_610' title='bbox 2234 5810 2308 5867; x_wconf 87' lang='lat' dir='ltr'><strong>ita</strong></span> <span class='ocrx_word' id='word_1_611' title='bbox 2334 5816 2389 5865; x_wconf 81' lang='lat' dir='ltr'><strong>et</strong></span> <span class='ocrx_word' id='word_1_612' title='bbox 2414 5818 2526 5866; x_wconf 87' lang='lat' dir='ltr'><strong>tex.</strong></span> <span class='ocrx_word' id='word_1_613' title='bbox 2571 5808 2693 5875; x_wconf 88' lang='lat' dir='ltr'><strong>Gr.,</strong></span> <span class='ocrx_word' id='word_1_614' title='bbox 2727 5808 2957 5882; x_wconf 80' lang='grc' dir='ltr'><strong>μαθητὰς</strong></span> <span class='ocrx_word' id='word_1_615' title='bbox 2980 5808 3157 5863; x_wconf 76' lang='grc' dir='ltr'><strong>αὐτοῦ.</strong></span> <span class='ocrx_word' id='word_1_616' title='bbox 3183 5831 3252 5848; x_wconf 63' lang='grc' dir='ltr'><strong>ι-</strong></span> <span class='ocrx_word' id='word_1_617' title='bbox 3274 5805 3348 5880; x_wconf 86' lang='lat' dir='ltr'><strong>(c)</strong></span> <span class='ocrx_word' id='word_1_618' title='bbox 3377 5805 3519 5861; x_wconf 66' lang='lat' dir='ltr'><strong>Deest</strong></span> <span class='ocrx_word' id='word_1_619' title='bbox 3541 5810 3612 5858; x_wconf 84' lang='lat' dir='ltr'><strong>ne,</strong></span> <span class='ocrx_word' id='word_1_620' title='bbox 3641 5786 3768 5844; x_wconf 68' lang='lat' dir='ltr'><strong>etiam</strong></span> 
     </span>
    </p>
   </div>
   <div class='ocr_carea' id='block_1_175' title="bbox 1459 5455 2129 5524">
    <p class='ocr_par' dir='ltr' id='par_1_175' title="bbox 1459 5455 2129 5524">
     <span class='ocr_line' id='line_1_175' title="bbox 1459 5455 2129 5524; baseline -0.007 -13"><span class='ocrx_word' id='word_1_621' title='bbox 1459 5458 1705 5524; x_wconf 59' lang='lat' dir='ltr'><strong>postolos,</strong></span> <span class='ocrx_word' id='word_1_622' title='bbox 1717 5465 1772 5524; x_wconf 83' lang='lat' dir='ltr'><strong>et</strong></span> <span class='ocrx_word' id='word_1_623' title='bbox 1792 5458 1946 5508; x_wconf 86' lang='lat' dir='ltr'><strong>dedit.</strong></span> <span class='ocrx_word' id='word_1_624' title='bbox 1980 5455 2129 5522; x_wconf 78' lang='lat' dir='ltr'><strong>Vulg.</strong></span> 
     </span>
    </p>
   </div>
   <div class='ocr_carea' id='block_1_176' title="bbox 2240 5456 2696 5519">
    <p class='ocr_par' dir='ltr' id='par_1_176' title="bbox 2240 5456 2696 5519">
     <span class='ocr_line' id='line_1_176' title="bbox 2240 5456 2696 5519; baseline -0.004 -13"><span class='ocrx_word' id='word_1_625' title='bbox 2240 5462 2368 5519; x_wconf 89' lang='lat' dir='ltr'><strong>tem,</strong></span> <span class='ocrx_word' id='word_1_626' title='bbox 2405 5456 2696 5506; x_wconf 85' lang='lat' dir='ltr'><strong>circuibant.</strong></span> 
     </span>
    </p>
   </div>
   <div class='ocr_carea' id='block_1_177' title="bbox 2300 5516 3108 5571">
    <p class='ocr_par' dir='ltr' id='par_1_177' title="bbox 2300 5516 3108 5571">
     <span class='ocr_line' id='line_1_177' title="bbox 2300 5516 3108 5571; baseline -0.006 0"><span class='ocrx_word' id='word_1_627' title='bbox 2300 5520 2320 5551; x_wconf 85' lang='grc'>³</span> <span class='ocrx_word' id='word_1_628' title='bbox 2353 5516 2472 5571; x_wconf 81' lang='lat' dir='ltr'><strong>Mm.</strong></span> <span class='ocrx_word' id='word_1_629' title='bbox 2497 5527 2693 5569; x_wconf 86' lang='lat' dir='ltr'><strong>manete</strong></span> <span class='ocrx_word' id='word_1_630' title='bbox 2715 5516 2876 5567; x_wconf 86' lang='lat' dir='ltr'><strong>donec</strong></span> <span class='ocrx_word' id='word_1_631' title='bbox 2898 5517 3108 5567; x_wconf 78' lang='lat' dir='ltr'><strong>exeatis.</strong></span> 
     </span>
    </p>
   </div>
   <div class='ocr_carea' id='block_1_178' title="bbox 1897 5688 2520 5748">
    <p class='ocr_par' dir='ltr' id='par_1_178' title="bbox 1897 5688 2520 5748">
     <span class='ocr_line' id='line_1_178' title="bbox 1897 5688 2520 5748; baseline 0 -4"><span class='ocrx_word' id='word_1_632' title='bbox 1897 5689 2264 5747; x_wconf 81' lang='lat' dir='ltr'><strong>BLANCHINI</strong></span> <span class='ocrx_word' id='word_1_633' title='bbox 2287 5688 2520 5748; x_wconf 65' lang='lat' dir='ltr'><strong>NOTAE.</strong></span> 
     </span>
    </p>
   </div>
   <div class='ocr_carea' id='block_1_179' title="bbox 563 5878 1813 5957">
    <p class='ocr_par' dir='ltr' id='par_1_179' title="bbox 563 5878 1813 5957">
     <span class='ocr_line' id='line_1_179' title="bbox 563 5878 1813 5957; baseline -0.006 -13"><span class='ocrx_word' id='word_1_634' title='bbox 563 5878 752 5946; x_wconf 50' lang='lat' dir='ltr'><strong>in‘téx.</strong></span> <span class='ocrx_word' id='word_1_635' title='bbox 783 5884 1080 5945; x_wconf 64' lang='lat' dir='ltr'><strong>Grieco.—-</strong></span> <span class='ocrx_word' id='word_1_636' title='bbox 1107 5882 1186 5957; x_wconf 72' lang='grc' dir='ltr'><strong>(Α)</strong></span> <span class='ocrx_word' id='word_1_637' title='bbox 1217 5883 1293 5941; x_wconf 86' lang='lat' dir='ltr'><strong>Ita</strong></span> <span class='ocrx_word' id='word_1_638' title='bbox 1319 5878 1378 5940; x_wconf 82' lang='lat' dir='ltr'><strong>et&#39;</strong></span> <span class='ocrx_word' id='word_1_639' title='bbox 1399 5878 1523 5942; x_wconf 65' lang='lat' dir='ltr'><strong>end.</strong></span> <span class='ocrx_word' id='word_1_640' title='bbox 1555 5878 1711 5938; x_wconf 86' lang='lat' dir='ltr'><strong>Cant.</strong></span> <span class='ocrx_word' id='word_1_641' title='bbox 1733 5878 1813 5936; x_wconf 59' lang='lat' dir='ltr'><strong>lli.</strong></span> 
     </span>
    </p>
   </div>
   <div class='ocr_carea' id='block_1_180' title="bbox 3025 559 3496 630">
    <p class='ocr_par' dir='ltr' id='par_1_180' title="bbox 3025 559 3496 630">
     <span class='ocr_line' id='line_1_180' title="bbox 3025 559 3496 630; baseline 0.002 -16"><span class='ocrx_word' id='word_1_642' title='bbox 3025 575 3255 630; x_wconf 90' lang='lat' dir='ltr'><strong>cumque</strong></span> <span class='ocrx_word' id='word_1_643' title='bbox 3279 559 3496 615; x_wconf 90' lang='lat' dir='ltr'><strong>domum</strong></span> 
     </span>
    </p>
   </div>
   <div class='ocr_carea' id='block_1_181' title="bbox 3026 631 3397 698">
    <p class='ocr_par' dir='ltr' id='par_1_181' title="bbox 3026 631 3397 698">
     <span class='ocr_line' id='line_1_181' title="bbox 3026 631 3397 698; baseline 0.003 -13"><span class='ocrx_word' id='word_1_644' title='bbox 3026 631 3359 686; x_wconf 88' lang='lat' dir='ltr'><strong>intraveritis</strong></span> <span class='ocrx_word' id='word_1_645' title='bbox 3380 672 3397 698; x_wconf 94' lang='lat'><strong>,</strong></span> 
     </span>
    </p>
   </div>
   <div class='ocr_carea' id='block_1_182' title="bbox 3025 702 3368 769">
    <p class='ocr_par' dir='ltr' id='par_1_182' title="bbox 3025 702 3368 769">
     <span class='ocr_line' id='line_1_182' title="bbox 3025 702 3368 769; baseline 0.006 -13"><span class='ocrx_word' id='word_1_646' title='bbox 3025 702 3099 757; x_wconf 88' lang='lat' dir='ltr'><strong>ibi</strong></span> <span class='ocrx_word' id='word_1_647' title='bbox 3133 713 3368 769; x_wconf 89' lang='lat' dir='ltr'><strong>manete,</strong></span> 
     </span>
    </p>
   </div>
   <div class='ocr_carea' id='block_1_183' title="bbox 3023 773 3332 845">
    <p class='ocr_par' dir='ltr' id='par_1_183' title="bbox 3023 773 3332 845">
     <span class='ocr_line' id='line_1_183' title="bbox 3023 773 3332 845; baseline -0.003 -17"><span class='ocrx_word' id='word_1_648' title='bbox 3023 786 3080 828; x_wconf 89' lang='lat' dir='ltr'><strong>et</strong></span> <span class='ocrx_word' id='word_1_649' title='bbox 3111 773 3236 828; x_wconf 88' lang='lat' dir='ltr'><strong>inde</strong></span> <span class='ocrx_word' id='word_1_650' title='bbox 3260 773 3332 845; x_wconf 87' lang='lat' dir='ltr'><strong>(c)</strong></span> 
     </span>
    </p>
   </div>
   <div class='ocr_carea' id='block_1_184' title="bbox 3024 845 3323 912">
    <p class='ocr_par' dir='ltr' id='par_1_184' title="bbox 3024 845 3323 912">
     <span class='ocr_line' id='line_1_184' title="bbox 3024 845 3323 912; baseline -0.003 -13"><span class='ocrx_word' id='word_1_651' title='bbox 3024 845 3323 912; x_wconf 81' lang='lat' dir='ltr'><strong>proﬁcisci-</strong></span> 
     </span>
    </p>
   </div>
   <div class='ocr_carea' id='block_1_185' title="bbox 3027 917 3240 987">
    <p class='ocr_par' dir='ltr' id='par_1_185' title="bbox 3027 917 3240 987">
     <span class='ocr_line' id='line_1_185' title="bbox 3027 917 3240 987; baseline -0.005 -17"><span class='ocrx_word' id='word_1_652' title='bbox 3027 917 3157 970; x_wconf 90' lang='lat' dir='ltr'><strong>mini</strong></span> <span class='ocrx_word' id='word_1_653' title='bbox 3183 917 3240 987; x_wconf 61' lang='grc' dir='ltr'><strong>-ίκ</strong></span> 
     </span>
    </p>
   </div>
   <div class='ocr_carea' id='block_1_186' title="bbox 3028 987 3466 1058">
    <p class='ocr_par' dir='ltr' id='par_1_186' title="bbox 3028 987 3466 1058">
     <span class='ocr_line' id='line_1_186' title="bbox 3028 987 3466 1058; baseline -0.002 -16"><span class='ocrx_word' id='word_1_654' title='bbox 3028 989 3083 1042; x_wconf 79' lang='lat'><strong>5.</strong></span> <span class='ocrx_word' id='word_1_655' title='bbox 3129 989 3194 1043; x_wconf 85' lang='lat' dir='ltr'><strong>Et</strong></span> <span class='ocrx_word' id='word_1_656' title='bbox 3222 987 3466 1058; x_wconf 88' lang='lat' dir='ltr'><strong>quicum-</strong></span> 
     </span>
    </p>
   </div>
   <div class='ocr_carea' id='block_1_187' title="bbox 3016 1074 3261 1130">
    <p class='ocr_par' dir='ltr' id='par_1_187' title="bbox 3016 1074 3261 1130">
     <span class='ocr_line' id='line_1_187' title="bbox 3016 1074 3261 1130; baseline 0.012 -20"><span class='ocrx_word' id='word_1_657' title='bbox 3016 1074 3132 1130; x_wconf 67' lang='lat' dir='ltr'><strong>‘que</strong></span> <span class='ocrx_word' id='word_1_658' title='bbox 3156 1075 3261 1114; x_wconf 92' lang='lat' dir='ltr'><strong>non</strong></span> 
     </span>
    </p>
   </div>
   <div class='ocr_carea' id='block_1_188' title="bbox 3027 1130 3337 1202">
    <p class='ocr_par' dir='ltr' id='par_1_188' title="bbox 3027 1130 3337 1202">
     <span class='ocr_line' id='line_1_188' title="bbox 3027 1130 3337 1202; baseline -0.003 -18"><span class='ocrx_word' id='word_1_659' title='bbox 3027 1130 3337 1202; x_wconf 83' lang='lat' dir='ltr'><strong>receperint</strong></span> 
     </span>
    </p>
   </div>
   <div class='ocr_carea' id='block_1_189' title="bbox 3026 1204 3440 1268">
    <p class='ocr_par' dir='ltr' id='par_1_189' title="bbox 3026 1204 3440 1268">
     <span class='ocr_line' id='line_1_189' title="bbox 3026 1204 3440 1268; baseline 0.002 -13"><span class='ocrx_word' id='word_1_660' title='bbox 3026 1217 3143 1268; x_wconf 87' lang='lat' dir='ltr'><strong>vos,</strong></span> <span class='ocrx_word' id='word_1_661' title='bbox 3178 1204 3440 1258; x_wconf 71' lang='lat' dir='ltr'><strong>eienntes</strong></span> 
     </span>
    </p>
   </div>
   <div class='ocr_carea' id='block_1_190' title="bbox 3020 1273 3325 1328">
    <p class='ocr_par' dir='ltr' id='par_1_190' title="bbox 3020 1273 3325 1328">
     <span class='ocr_line' id='line_1_190' title="bbox 3020 1273 3325 1328; baseline 0 0"><span class='ocrx_word' id='word_1_662' title='bbox 3020 1273 3090 1328; x_wconf 90' lang='lat' dir='ltr'><strong>de</strong></span> <span class='ocrx_word' id='word_1_663' title='bbox 3106 1275 3325 1328; x_wconf 79' lang='lat' dir='ltr'><strong>civitate</strong></span> 
     </span>
    </p>
   </div>
   <div class='ocr_carea' id='block_1_191' title="bbox 3024 1346 3332 1409">
    <p class='ocr_par' dir='ltr' id='par_1_191' title="bbox 3024 1346 3332 1409">
     <span class='ocr_line' id='line_1_191' title="bbox 3024 1346 3332 1409; baseline -0.006 -10"><span class='ocrx_word' id='word_1_664' title='bbox 3024 1346 3136 1409; x_wconf 89' lang='lat' dir='ltr'><strong>illa,</strong></span> <span class='ocrx_word' id='word_1_665' title='bbox 3168 1346 3332 1400; x_wconf 90' lang='lat' dir='ltr'><strong>etiam</strong></span> 
     </span>
    </p>
   </div>
   <div class='ocr_carea' id='block_1_192' title="bbox 3025 1418 3428 1487">
    <p class='ocr_par' dir='ltr' id='par_1_192' title="bbox 3025 1418 3428 1487">
     <span class='ocr_line' id='line_1_192' title="bbox 3025 1418 3428 1487; baseline -0.002 -16"><span class='ocrx_word' id='word_1_666' title='bbox 3025 1418 3306 1487; x_wconf 85' lang='lat' dir='ltr'><strong>pulverem</strong></span> <span class='ocrx_word' id='word_1_667' title='bbox 3335 1431 3428 1471; x_wconf 61' lang='grc' dir='ltr'><strong>γει</strong></span> 
     </span>
    </p>
   </div>
   <div class='ocr_carea' id='block_1_193' title="bbox 3030 1486 3430 1556">
    <p class='ocr_par' dir='ltr' id='par_1_193' title="bbox 3030 1486 3430 1556">
     <span class='ocr_line' id='line_1_193' title="bbox 3030 1486 3430 1556; baseline 0 -14"><span class='ocrx_word' id='word_1_668' title='bbox 3030 1486 3202 1542; x_wconf 84' lang='lat' dir='ltr'><strong>strum</strong></span> <span class='ocrx_word' id='word_1_669' title='bbox 3235 1486 3304 1542; x_wconf 92' lang='lat' dir='ltr'><strong>dc</strong></span> <span class='ocrx_word' id='word_1_670' title='bbox 3335 1503 3430 1556; x_wconf 86' lang='lat' dir='ltr'><strong>pe-</strong></span> 
     </span>
    </p>
   </div>
   <div class='ocr_carea' id='block_1_194' title="bbox 3031 1559 3464 1614">
    <p class='ocr_par' dir='ltr' id='par_1_194' title="bbox 3031 1559 3464 1614">
     <span class='ocr_line' id='line_1_194' title="bbox 3031 1559 3464 1614; baseline 0.005 -2"><span class='ocrx_word' id='word_1_671' title='bbox 3031 1559 3193 1614; x_wconf 88' lang='lat' dir='ltr'><strong>dibus</strong></span> <span class='ocrx_word' id='word_1_672' title='bbox 3219 1560 3464 1614; x_wconf 80' lang='lat' dir='ltr'><strong>excutite</strong></span> 
     </span>
    </p>
   </div>
   <div class='ocr_carea' id='block_1_195' title="bbox 3033 1630 3490 1685">
    <p class='ocr_par' dir='ltr' id='par_1_195' title="bbox 3033 1630 3490 1685">
     <span class='ocr_line' id='line_1_195' title="bbox 3033 1630 3490 1685; baseline 0.002 0"><span class='ocrx_word' id='word_1_673' title='bbox 3033 1630 3086 1685; x_wconf 93' lang='lat' dir='ltr'><strong>in</strong></span> <span class='ocrx_word' id='word_1_674' title='bbox 3119 1631 3490 1685; x_wconf 76' lang='lat' dir='ltr'><strong>testiinonium</strong></span> 
     </span>
    </p>
   </div>
   <div class='ocr_carea' id='block_1_196' title="bbox 3036 1702 3372 1770">
    <p class='ocr_par' dir='ltr' id='par_1_196' title="bbox 3036 1702 3372 1770">
     <span class='ocr_line' id='line_1_196' title="bbox 3036 1702 3372 1770; baseline -0.003 -14"><span class='ocrx_word' id='word_1_675' title='bbox 3036 1717 3201 1770; x_wconf 85' lang='lat' dir='ltr'><strong>supra</strong></span> <span class='ocrx_word' id='word_1_676' title='bbox 3233 1702 3372 1756; x_wconf 91' lang='lat' dir='ltr'><strong>illos.</strong></span> 
     </span>
    </p>
   </div>
   <div class='ocr_carea' id='block_1_197' title="bbox 3037 1773 3538 1832">
    <p class='ocr_par' dir='ltr' id='par_1_197' title="bbox 3037 1773 3538 1832">
     <span class='ocr_line' id='line_1_197' title="bbox 3037 1773 3538 1832; baseline 0 -4"><span class='ocrx_word' id='word_1_677' title='bbox 3037 1773 3538 1832; x_wconf 84' lang='lat' dir='ltr'><strong>6........au-</strong></span> 
     </span>
    </p>
   </div>
   <div class='ocr_carea' id='block_1_198' title="bbox 3042 1844 3678 1915">
    <p class='ocr_par' dir='ltr' id='par_1_198' title="bbox 3042 1844 3678 1915">
     <span class='ocr_line' id='line_1_198' title="bbox 3042 1844 3678 1915; baseline -0.008 -15"><span class='ocrx_word' id='word_1_678' title='bbox 3042 1844 3678 1915; x_wconf 63' lang='lat' dir='ltr'><strong>tem........f...</strong></span> 
     </span>
    </p>
   </div>
   <div class='ocr_carea' id='block_1_199' title="bbox 3039 1917 3398 1986">
    <p class='ocr_par' dir='ltr' id='par_1_199' title="bbox 3039 1917 3398 1986">
     <span class='ocr_line' id='line_1_199' title="bbox 3039 1917 3398 1986; baseline -0.003 -14"><span class='ocrx_word' id='word_1_679' title='bbox 3039 1933 3138 1986; x_wconf 90' lang='lat' dir='ltr'><strong>per</strong></span> <span class='ocrx_word' id='word_1_680' title='bbox 3155 1917 3398 1982; x_wconf 89' lang='lat' dir='ltr'><strong>castella,</strong></span> 
     </span>
    </p>
   </div>
   <div class='ocr_carea' id='block_1_200' title="bbox 3038 1989 3365 2043">
    <p class='ocr_par' dir='ltr' id='par_1_200' title="bbox 3038 1989 3365 2043">
     <span class='ocr_line' id='line_1_200' title="bbox 3038 1989 3365 2043; baseline -0.003 0"><span class='ocrx_word' id='word_1_681' title='bbox 3038 1998 3092 2043; x_wconf 91' lang='lat' dir='ltr'><strong>et</strong></span> <span class='ocrx_word' id='word_1_682' title='bbox 3115 1989 3365 2042; x_wconf 89' lang='lat' dir='ltr'><strong>civitates</strong></span> 
     </span>
    </p>
   </div>
   <div class='ocr_carea' id='block_1_201' title="bbox 3038 2062 3490 2130">
    <p class='ocr_par' dir='ltr' id='par_1_201' title="bbox 3038 2062 3490 2130">
     <span class='ocr_line' id='line_1_201' title="bbox 3038 2062 3490 2130; baseline 0.002 -16"><span class='ocrx_word' id='word_1_683' title='bbox 3038 2062 3490 2130; x_wconf 80' lang='lat' dir='ltr'><strong>evangelizantes,</strong></span> 
     </span>
    </p>
   </div>
   <div class='ocr_carea' id='block_1_202' title="bbox 3037 2141 3398 2186">
    <p class='ocr_par' dir='ltr' id='par_1_202' title="bbox 3037 2141 3398 2186">
     <span class='ocr_line' id='line_1_202' title="bbox 3037 2141 3398 2186; baseline -0.006 0"><span class='ocrx_word' id='word_1_684' title='bbox 3037 2141 3093 2186; x_wconf 91' lang='lat' dir='ltr'><strong>et</strong></span> <span class='ocrx_word' id='word_1_685' title='bbox 3120 2141 3398 2186; x_wconf 89' lang='lat' dir='ltr'><strong>curantes.</strong></span> 
     </span>
    </p>
   </div>
   <div class='ocr_carea' id='block_1_203' title="bbox 3037 2201 3532 2256">
    <p class='ocr_par' dir='ltr' id='par_1_203' title="bbox 3037 2201 3532 2256">
     <span class='ocr_line' id='line_1_203' title="bbox 3037 2201 3532 2256; baseline -0.002 0"><span class='ocrx_word' id='word_1_686' title='bbox 3037 2202 3092 2256; x_wconf 87' lang='lat'><strong>7.</strong></span> <span class='ocrx_word' id='word_1_687' title='bbox 3135 2201 3356 2256; x_wconf 81' lang='lat' dir='ltr'><strong>Audivit</strong></span> <span class='ocrx_word' id='word_1_688' title='bbox 3379 2210 3532 2256; x_wconf 87' lang='lat' dir='ltr'><strong>autem</strong></span> 
     </span>
    </p>
   </div>
   <div class='ocr_carea' id='block_1_204' title="bbox 3041 2273 3420 2328">
    <p class='ocr_par' dir='ltr' id='par_1_204' title="bbox 3041 2273 3420 2328">
     <span class='ocr_line' id='line_1_204' title="bbox 3041 2273 3420 2328; baseline 0.003 -1"><span class='ocrx_word' id='word_1_689' title='bbox 3041 2273 3286 2328; x_wconf 84' lang='lat' dir='ltr'><strong>llerndcs</strong></span> <span class='ocrx_word' id='word_1_690' title='bbox 3315 2273 3420 2328; x_wconf 83' lang='lat' dir='ltr'><strong>Te-</strong></span> 
     </span>
    </p>
   </div>
   <div class='ocr_carea' id='block_1_205' title="bbox 3042 2344 3487 2405">
    <p class='ocr_par' dir='ltr' id='par_1_205' title="bbox 3042 2344 3487 2405">
     <span class='ocr_line' id='line_1_205' title="bbox 3042 2344 3487 2405; baseline -0.007 -5"><span class='ocrx_word' id='word_1_691' title='bbox 3042 2345 3261 2401; x_wconf 88' lang='lat' dir='ltr'><strong>trarcba</strong></span> <span class='ocrx_word' id='word_1_692' title='bbox 3289 2344 3487 2405; x_wconf 85' lang='lat' dir='ltr'><strong>omnia,</strong></span> 
     </span>
    </p>
   </div>
   <div class='ocr_carea' id='block_1_206' title="bbox 3041 2431 3416 2487">
    <p class='ocr_par' dir='ltr' id='par_1_206' title="bbox 3041 2431 3416 2487">
     <span class='ocr_line' id='line_1_206' title="bbox 3041 2431 3416 2487; baseline 0 -17"><span class='ocrx_word' id='word_1_693' title='bbox 3041 2431 3416 2487; x_wconf 80' lang='lat' dir='ltr'><strong>quaecumque</strong></span> 
     </span>
    </p>
   </div>
   <div class='ocr_carea' id='block_1_207' title="bbox 3042 2488 3381 2552">
    <p class='ocr_par' dir='ltr' id='par_1_207' title="bbox 3042 2488 3381 2552">
     <span class='ocr_line' id='line_1_207' title="bbox 3042 2488 3381 2552; baseline -0.003 -9"><span class='ocrx_word' id='word_1_694' title='bbox 3042 2497 3198 2544; x_wconf 87' lang='lat' dir='ltr'><strong>erant</strong></span> <span class='ocrx_word' id='word_1_695' title='bbox 3223 2488 3381 2552; x_wconf 84' lang='lat' dir='ltr'><strong>facta,</strong></span> 
     </span>
    </p>
   </div>
   <div class='ocr_carea' id='block_1_208' title="bbox 3044 2558 3590 2622">
    <p class='ocr_par' dir='ltr' id='par_1_208' title="bbox 3044 2558 3590 2622">
     <span class='ocr_line' id='line_1_208' title="bbox 3044 2558 3590 2622; baseline -0.007 -8"><span class='ocrx_word' id='word_1_696' title='bbox 3044 2568 3100 2614; x_wconf 90' lang='lat' dir='ltr'><strong>et</strong></span> <span class='ocrx_word' id='word_1_697' title='bbox 3129 2558 3590 2622; x_wconf 82' lang='lat' dir='ltr'><strong>consternebatur,</strong></span> 
     </span>
    </p>
   </div>
   <div class='ocr_carea' id='block_1_209' title="bbox 3046 2630 3284 2701">
    <p class='ocr_par' dir='ltr' id='par_1_209' title="bbox 3046 2630 3284 2701">
     <span class='ocr_line' id='line_1_209' title="bbox 3046 2630 3284 2701; baseline -0.008 -15"><span class='ocrx_word' id='word_1_698' title='bbox 3046 2646 3112 2686; x_wconf 91' lang='lat' dir='ltr'><strong>eo</strong></span> <span class='ocrx_word' id='word_1_699' title='bbox 3138 2630 3284 2701; x_wconf 91' lang='lat' dir='ltr'><strong>quod</strong></span> 
     </span>
    </p>
   </div>
   <div class='ocr_carea' id='block_1_210' title="bbox 3047 2702 3861 2758">
    <p class='ocr_par' dir='ltr' id='par_1_210' title="bbox 3047 2702 3861 2758">
     <span class='ocr_line' id='line_1_210' title="bbox 3047 2702 3861 2758; baseline -0.009 0"><span class='ocrx_word' id='word_1_700' title='bbox 3047 2702 3324 2758; x_wconf 89' lang='lat' dir='ltr'><strong>diceretur</strong></span> <span class='ocrx_word' id='word_1_701' title='bbox 3860 2715 3861 2758; x_wconf 57' lang='grc' dir='ltr'>ι</span> 
     </span>
    </p>
   </div>
   <div class='ocr_carea' id='block_1_211' title="bbox 3045 2763 3861 2844">
    <p class='ocr_par' dir='ltr' id='par_1_211' title="bbox 3045 2763 3861 2844">
     <span class='ocr_line' id='line_1_211' title="bbox 3045 2763 3861 2844; baseline -0.007 -15"><span class='ocrx_word' id='word_1_702' title='bbox 3045 2773 3101 2829; x_wconf 89' lang='grc'><strong>8.</strong></span> <span class='ocrx_word' id='word_1_703' title='bbox 3136 2789 3164 2826; x_wconf 89' lang='lat' dir='ltr'><strong>a</strong></span> <span class='ocrx_word' id='word_1_704' title='bbox 3188 2771 3502 2844; x_wconf 89' lang='lat' dir='ltr'><strong>quibusdam</strong></span> <span class='ocrx_word' id='word_1_705' title='bbox 3529 2789 3542 2823; x_wconf 91' lang='lat'><strong>:</strong></span> 
     </span>
    </p>
   </div>
   <div class='ocr_carea' id='block_1_212' title="bbox 3045 2833 3861 2912">
    <p class='ocr_par' dir='ltr' id='par_1_212' title="bbox 3045 2833 3861 2912">
     <span class='ocr_line' id='line_1_212' title="bbox 3045 2833 3861 2912; baseline -0.002 -13"><span class='ocrx_word' id='word_1_706' title='bbox 3045 2833 3503 2912; x_wconf 67' lang='lat' dir='ltr'><strong>Quod&#39;lohannes</strong></span> <span class='ocrx_word' id='word_1_707' title='bbox 3860 2833 3861 2912; x_wconf 47' lang='grc' dir='ltr'><strong>ἦ</strong></span> 
     </span>
    </p>
   </div>
   <div class='ocr_carea' id='block_1_213' title="bbox 3039 2919 3337 2972">
    <p class='ocr_par' dir='ltr' id='par_1_213' title="bbox 3039 2919 3337 2972">
     <span class='ocr_line' id='line_1_213' title="bbox 3039 2919 3337 2972; baseline -0.003 -1"><span class='ocrx_word' id='word_1_708' title='bbox 3039 2919 3283 2972; x_wconf 87' lang='lat' dir='ltr'><strong>surrexit</strong></span> <span class='ocrx_word' id='word_1_709' title='bbox 3306 2931 3337 2970; x_wconf 88' lang='lat' dir='ltr'><strong>a</strong></span> 
     </span>
    </p>
   </div>
   <div class='ocr_carea' id='block_1_214' title="bbox 3033 2985 3471 3056">
    <p class='ocr_par' dir='ltr' id='par_1_214' title="bbox 3033 2985 3471 3056">
     <span class='ocr_line' id='line_1_214' title="bbox 3033 2985 3471 3056; baseline -0.007 -14"><span class='ocrx_word' id='word_1_710' title='bbox 3033 2989 3296 3042; x_wconf 88' lang='lat' dir='ltr'><strong>mortuis:</strong></span> <span class='ocrx_word' id='word_1_711' title='bbox 3323 3002 3353 3042; x_wconf 91' lang='lat' dir='ltr'><strong>a</strong></span> <span class='ocrx_word' id='word_1_712' title='bbox 3383 2985 3471 3056; x_wconf 89' lang='lat' dir='ltr'><strong>qui</strong></span> 
     </span>
    </p>
   </div>
   <div class='ocr_carea' id='block_1_215' title="bbox 3034 3059 3382 3115">
    <p class='ocr_par' dir='ltr' id='par_1_215' title="bbox 3034 3059 3382 3115">
     <span class='ocr_line' id='line_1_215' title="bbox 3034 3059 3382 3115; baseline -0.014 0"><span class='ocrx_word' id='word_1_713' title='bbox 3034 3059 3257 3115; x_wconf 86' lang='lat' dir='ltr'><strong>busdam</strong></span> <span class='ocrx_word' id='word_1_714' title='bbox 3285 3074 3382 3111; x_wconf 90' lang='lat' dir='ltr'><strong>au-</strong></span> 
     </span>
    </p>
   </div>
   <div class='ocr_carea' id='block_1_216' title="bbox 3049 3129 3512 3197">
    <p class='ocr_par' dir='ltr' id='par_1_216' title="bbox 3049 3129 3512 3197">
     <span class='ocr_line' id='line_1_216' title="bbox 3049 3129 3512 3197; baseline 0.004 -13"><span class='ocrx_word' id='word_1_715' title='bbox 3049 3141 3156 3186; x_wconf 92' lang='lat' dir='ltr'><strong>tem</strong></span> <span class='ocrx_word' id='word_1_716' title='bbox 3189 3147 3203 3184; x_wconf 86' lang='lat'><strong>:</strong></span> <span class='ocrx_word' id='word_1_717' title='bbox 3227 3129 3383 3197; x_wconf 86' lang='lat' dir='ltr'><strong>Quod</strong></span> <span class='ocrx_word' id='word_1_718' title='bbox 3415 3130 3512 3186; x_wconf 87' lang='lat' dir='ltr'><strong>Ile-</strong></span> 
     </span>
    </p>
   </div>
   <div class='ocr_carea' id='block_1_217' title="bbox 3049 3201 3464 3271">
    <p class='ocr_par' dir='ltr' id='par_1_217' title="bbox 3049 3201 3464 3271">
     <span class='ocr_line' id='line_1_217' title="bbox 3049 3201 3464 3271; baseline -0.002 -16"><span class='ocrx_word' id='word_1_719' title='bbox 3049 3201 3150 3256; x_wconf 87' lang='lat' dir='ltr'><strong>lias</strong></span> <span class='ocrx_word' id='word_1_720' title='bbox 3171 3202 3423 3271; x_wconf 86' lang='lat' dir='ltr'><strong>apparuit</strong></span> <span class='ocrx_word' id='word_1_721' title='bbox 3452 3219 3464 3254; x_wconf 89' lang='lat'>:</span> 
     </span>
    </p>
   </div>
   <div class='ocr_carea' id='block_1_218' title="bbox 3050 3273 3522 3330">
    <p class='ocr_par' dir='ltr' id='par_1_218' title="bbox 3050 3273 3522 3330">
     <span class='ocr_line' id='line_1_218' title="bbox 3050 3273 3522 3330; baseline -0.008 -2"><span class='ocrx_word' id='word_1_722' title='bbox 3050 3273 3118 3328; x_wconf 88' lang='lat' dir='ltr'><strong>ab</strong></span> <span class='ocrx_word' id='word_1_723' title='bbox 3149 3273 3269 3326; x_wconf 86' lang='lat' dir='ltr'><strong>aliis</strong></span> <span class='ocrx_word' id='word_1_724' title='bbox 3299 3282 3478 3330; x_wconf 90' lang='lat' dir='ltr'><strong>autem</strong></span> <span class='ocrx_word' id='word_1_725' title='bbox 3510 3289 3522 3324; x_wconf 90' lang='lat'>:</span> 
     </span>
    </p>
   </div>
   <div class='ocr_carea' id='block_1_219' title="bbox 3055 3345 3373 3411">
    <p class='ocr_par' dir='ltr' id='par_1_219' title="bbox 3055 3345 3373 3411">
     <span class='ocr_line' id='line_1_219' title="bbox 3055 3345 3373 3411; baseline 0.006 -14"><span class='ocrx_word' id='word_1_726' title='bbox 3055 3345 3209 3411; x_wconf 89' lang='lat' dir='ltr'><strong>Quod</strong></span> <span class='ocrx_word' id='word_1_727' title='bbox 3237 3345 3373 3398; x_wconf 89' lang='lat' dir='ltr'><strong>Pro-</strong></span> 
     </span>
    </p>
   </div>
   <div class='ocr_carea' id='block_1_220' title="bbox 3054 3415 3385 3485">
    <p class='ocr_par' dir='ltr' id='par_1_220' title="bbox 3054 3415 3385 3485">
     <span class='ocr_line' id='line_1_220' title="bbox 3054 3415 3385 3485; baseline 0 -15"><span class='ocrx_word' id='word_1_728' title='bbox 3054 3415 3217 3485; x_wconf 85' lang='lat' dir='ltr'><strong>pheta</strong></span> <span class='ocrx_word' id='word_1_729' title='bbox 3245 3431 3385 3470; x_wconf 87' lang='lat' dir='ltr'><strong>unus</strong></span> 
     </span>
    </p>
   </div>
   <div class='ocr_carea' id='block_1_221' title="bbox 3055 3486 3384 3557">
    <p class='ocr_par' dir='ltr' id='par_1_221' title="bbox 3055 3486 3384 3557">
     <span class='ocr_line' id='line_1_221' title="bbox 3055 3486 3384 3557; baseline 0.006 -16"><span class='ocrx_word' id='word_1_730' title='bbox 3055 3486 3124 3541; x_wconf 93' lang='lat' dir='ltr'><strong>de</strong></span> <span class='ocrx_word' id='word_1_731' title='bbox 3146 3488 3384 3557; x_wconf 87' lang='lat' dir='ltr'><strong>antiquis</strong></span> 
     </span>
    </p>
   </div>
   <div class='ocr_carea' id='block_1_222' title="bbox 3055 3559 3313 3612">
    <p class='ocr_par' dir='ltr' id='par_1_222' title="bbox 3055 3559 3313 3612">
     <span class='ocr_line' id='line_1_222' title="bbox 3055 3559 3313 3612; baseline -0.008 0"><span class='ocrx_word' id='word_1_732' title='bbox 3055 3559 3313 3612; x_wconf 87' lang='lat' dir='ltr'><strong>surrexit.</strong></span> 
     </span>
    </p>
   </div>
   <div class='ocr_carea' id='block_1_223' title="bbox 3050 3628 3586 3702">
    <p class='ocr_par' dir='ltr' id='par_1_223' title="bbox 3050 3628 3586 3702">
     <span class='ocr_line' id='line_1_223' title="bbox 3050 3628 3586 3702; baseline 0.004 -19"><span class='ocrx_word' id='word_1_733' title='bbox 3050 3631 3104 3702; x_wconf 57' lang='lat'><strong>9.</strong></span> <span class='ocrx_word' id='word_1_734' title='bbox 3131 3628 3219 3683; x_wconf 86' lang='lat' dir='ltr'><strong>Ait</strong></span> <span class='ocrx_word' id='word_1_735' title='bbox 3245 3628 3324 3702; x_wconf 79' lang='grc' dir='ltr'><strong>(ά)</strong></span> <span class='ocrx_word' id='word_1_736' title='bbox 3349 3639 3524 3702; x_wconf 77' lang='lat' dir='ltr'><strong>autem</strong></span> <span class='ocrx_word' id='word_1_737' title='bbox 3544 3629 3586 3699; x_wconf 70' lang='grc' dir='ltr'><strong>-ξ-</strong></span> 
     </span>
    </p>
   </div>
   <div class='ocr_carea' id='block_1_224' title="bbox 3055 3700 3457 3756">
    <p class='ocr_par' dir='ltr' id='par_1_224' title="bbox 3055 3700 3457 3756">
     <span class='ocr_line' id='line_1_224' title="bbox 3055 3700 3457 3756; baseline 0 0"><span class='ocrx_word' id='word_1_738' title='bbox 3055 3700 3302 3756; x_wconf 78' lang='lat' dir='ltr'><strong>Herodes</strong></span> <span class='ocrx_word' id='word_1_739' title='bbox 3333 3720 3345 3754; x_wconf 89' lang='lat'>:</span> <span class='ocrx_word' id='word_1_740' title='bbox 3366 3701 3457 3756; x_wconf 84' lang='lat' dir='ltr'><strong>Jo-</strong></span> 
     </span>
    </p>
   </div>
   <div class='ocr_carea' id='block_1_225' title="bbox 3061 3773 3408 3844">
    <p class='ocr_par' dir='ltr' id='par_1_225' title="bbox 3061 3773 3408 3844">
     <span class='ocr_line' id='line_1_225' title="bbox 3061 3773 3408 3844; baseline 0.006 -17"><span class='ocrx_word' id='word_1_741' title='bbox 3061 3773 3278 3844; x_wconf 85' lang='lat' dir='ltr'><strong>bannen</strong></span> <span class='ocrx_word' id='word_1_742' title='bbox 3305 3788 3408 3844; x_wconf 75' lang='lat' dir='ltr'><strong>ego</strong></span> 
     </span>
    </p>
   </div>
   <div class='ocr_carea' id='block_1_226' title="bbox 3063 3843 3354 3899">
    <p class='ocr_par' dir='ltr' id='par_1_226' title="bbox 3063 3843 3354 3899">
     <span class='ocr_line' id='line_1_226' title="bbox 3063 3843 3354 3899; baseline 0.003 -1"><span class='ocrx_word' id='word_1_743' title='bbox 3063 3843 3354 3899; x_wconf 90' lang='lat' dir='ltr'><strong>decollavi.</strong></span> 
     </span>
    </p>
   </div>
   <div class='ocr_carea' id='block_1_227' title="bbox 3063 3913 3344 3987">
    <p class='ocr_par' dir='ltr' id='par_1_227' title="bbox 3063 3913 3344 3987">
     <span class='ocr_line' id='line_1_227' title="bbox 3063 3913 3344 3987; baseline 0 -17"><span class='ocrx_word' id='word_1_744' title='bbox 3063 3913 3184 3982; x_wconf 83' lang='lat' dir='ltr'><strong>Hic,</strong></span> <span class='ocrx_word' id='word_1_745' title='bbox 3219 3917 3344 3987; x_wconf 89' lang='lat' dir='ltr'><strong>quis</strong></span> 
     </span>
    </p>
   </div>
  </div>
