1955 3168
65 139 106 168 577

64 250 96 273 cst
108 244 154 275 liic,
170 243 203 271 de
214 250 270 279 quo

64 281 130 308 audio
142 286 190 314 ego

62 315 130 344 talia?
142 315 174 342 Et
187 322 270 350 quae-

63 352 126 380 rebat
139 351 209 378 vide-

64 395 87 415 re
99 387 177 414 illum.

65 423 98 450 l0.
116 422 146 449 Et
155 422 260 450 reversi

63 458 180 493 Apostoli,
195 465 256 485 nar-

63 498 175 526 raverunt

63 531 92 557 illi
102 537 176 564 quae-

62 573 162 600 cumque
175 565 213 593 fe-

62 606 143 629 cerunt
158 609 164 627 :
179 607 206 629 et
218 600 265 628 ad—

63 644 158 664 sumens
172 644 229 671 eos,

63 672 161 700 secessit
172 680 216 700 se-

64 717 140 736 orsum
156 709 180 735 in
195 709 234 736 lo-

65 752 112 772 cum
122 744 213 772 deser-

66 786 118 812 tum,
129 780 173 815 qui
183 787 229 808 vo-

66 817 160 843 eibatur
174 816 182 831 ²
197 816 247 843 Be-

66 852 100 878 ll.
118 856 136 878 t.
158 872 164 878 .
185 851 228 880 da.

66 893 141 914 autem
151 908 158 919 ,
172 894 231 915 cum

68 924 250 957 cognovissent,

69 964 163 986 secutae
176 964 235 986 sunt

71 1002 121 1021 eum
133 1003 139 1020 :
154 999 188 1026 et,
200 994 273 1023 exci-

72 1030 134 1064 piens
150 1030 220 1063 illos,

70 1066 215 1100 loquebatur

70 1101 111 1128 illis
120 1102 151 1128 de
160 1109 219 1136 reg-

72 1145 97 1163 no
108 1136 164 1170 Dei,
180 1145 236 1165 eos.
260 1158 266 1163 .
290 1157 297 1163 .
321 1156 328 1163 .

260 871 267 877 .
293 870 299 876 .
322 849 429 878 Turbae

73 1173 187 1200 ’necesse
202 1173 250 1200 lia—

71 1207 154 1236 hebant
164 1216 211 1236 cu-

70 1244 120 1276 rari,
130 1253 208 1272 sana-

70 1279 104 1306 ti.
118 1280 171 1307 bat.
186 1281 248 1308 Dies
261 1288 310 1308 au-

70 1319 112 1342 tem
125 1324 221 1351 coepe-

69 1355 103 1377 rat
111 1351 256 1380 declinare.

70 1387 223 1416 Accedentes

68 1428 144 1450 aulem
158 1423 224 1451 duo<

70 1457 155 1491 decim,
171 1459 249 1487 dixe-

69 1500 119 1521 runt
130 1495 169 1522 illi
186 1495 251 1523 :Di-

69 1530 133 1559 mitte
145 1530 185 1567 (c)
199 1530 304 1567 turbam
319 1531 349 1565 1-,

70 1570 100 1597 ut,
114 1565 210 1594 euntes
219 1565 294 1602 adja-

70 1607 150 1629 ceutes
164 1602 253 1635 vicos,

71 1642 93 1663 et
103 1645 191 1672 agros,
206 1645 250 1665 re-

72 1672 147 1713 ﬁciant
162 1681 205 1707 se,
219 1678 247 1701 et
258 1673 299 1701 in-

70 1714 166 1737 veniant
181 1717 227 1737 es-

69 1750 107 1780 cas
125 1754 131 1772 :
148 1745 279 1780 quoniam

70 1778 107 1806 liic
116 1781 140 1808 in
155 1778 251 1808 deser-

69 1819 93 1842 to
102 1816 159 1843 loco
171 1825 277 1844 sumus.

67 1851 105 1877 15.
120 1852 193 1879 Dixit
207 1858 297 1880 autem

67 1887 97 1913 ad
107 1888 167 1915 illos
184 1897 190 1914 :
203 1888 269 1916 Date

574 134 801 166 EVANGELIUM
820 135 1006 166 SECUNDUM
1026 134 1154 166 LUCAM.

242 194 358 224 CODEX
375 194 645 225 VERCELLENSIS.

462 243 625 271 eismandu-

462 287 535 307 care.
549 279 599 313 Qui
615 279 656 306 di-

463 321 559 342 xerunt
572 324 578 343 :
593 315 651 343 Non

463 355 528 378 sunt
540 351 618 379 nobis

464 387 606 421 plusquam

463 422 582 458 quinque
597 430 645 458 pa-

464 465 524 490 nes.
541 462 569 486 et
584 460 671 493 pisces

464 493 518 521 duo
533 503 540 521 :
558 495 610 521 nisi

464 537 525 563 nos,
537 535 644 563 eunles,

464 573 585 593 emanius
599 566 625 593 in

464 608 573 629 onmem
589 609 636 636 p0-

465 638 557 672 pulum
574 638 645 665 liunc

464 673 509 700 M.
521 680 607 701 escas.
625 673 709 701 Erant

464 714 555 736 autem
570 709 623 736 viri

461 744 519 772 fere
530 745 604 779 quin-

463 788 517 815 que
533 781 616 807 milia.

465 816 537 843 Dixit
551 821 642 843 autem

466 852 499 879 ad
511 851 630 887 discipu-

467 887 508 915 los
522 886 587 915 suos
602 896 608 914 :
625 886 703 915 Faci-

468 927 494 950 te
509 923 570 950 illos
581 927 592 942 ³
602 931 708 951 recum—

466 958 531 986 bere
550 966 598 994 per
611 966 677 987 con—

468 1181 574 1201 omnes.

469 1209 513 1236 16.
528 1209 654 1244 Acceptis
666 1215 756 1238 autem

469 1246 586 1280 quinque
599 1253 647 1280 pa-

470 1281 558 1312 nibus.
574 1285 602 1308 et
616 1281 683 1309 duo-

471 1316 521 1344 bus
534 1316 663 1358 piscibus,

471 1360 619 1387 respiciens

472 1388 499 1429 in
513 1388 629 1429 caeluin,

472 1423 610 1456 benedixit

473 1458 511 1495 (ε)
525 1467 607 1494 super
623 1459 683 1488 illos
694 1460 714 1495 -ί-
730 1469 737 1493 ;

473 1499 502 1522 et
514 1495 657 1530 cmil‘regit,

474 1535 501 1559 et
516 1530 642 1567 dabat(f)
656 1531 711 1559 dis—

475 1567 573 1602 cipulis
583 1567 614 1602 1-,
630 1567 714 1595 utad-

477 1607 608 1637 ponereiit
619 1608 676 1630 tur-

479 1639 522 1665 17.
544 1639 595 1666 ω..
612 1639 644 1666 Et
655 1639 769 1666 mandu-

479 1679 618 1707 caverunt,

481 1714 508 1736 et
519 1710 607 1737 satiati
622 1715 694 1738 sunt.

479 1745 513 1772 Et
528 1746 663 1773 sublatum

478 1785 534 1813 est,
549 1781 620 1816 quod
635 1790 679 1810 su-

477 1817 576 1849 perfuit
594 1817 662 1852 illis,

476 1852 641 1887 fragmento-

475 1895 534 1916 rum
548 1888 643 1923 cophi-

1637 135 1690 165 578

1107 193 1225 222 CODEX
1246 192 1474 222 VERONENSIS.

892 247 944 276 est,
959 243 993 270 de
1006 250 1060 278 quo

892 286 942 314 ego
955 278 1037 314 audio

893 314 958 341 talia
969 314 981 340 ?
992 313 1026 341 Et

892 350 1040 385 quaerebat
1054 349 1130 377 illum

892 386 994 413 videre.

894 421 937 449 10.
955 421 990 448 Et
1002 421 1105 450 reversi

893 457 1028 492 Apostoli,
1041 465 1103 485 nar-

893 498 1021 520 raverunt
1041 493 1080 520 illi

893 536 1080 564 quaecumque

894 563 1016 592 fecerant
1031 573 1037 590 2

894 605 932 632 et,
946 600 1097 634 adsumptis

894 635 948 662 illis
958 657 965 668 ,
980 636 1094 664 secessit

895 678 1017 699 seorsum
1032 672 1058 699 in

895 707 984 735 locum
998 707 1090 735 deser-

895 747 964 775 tum,
977 743 1050 778 quod

895 782 937 806 est
948 778 1083 806 Betsaida.

896 814 941 842 Η.
956 814 1045 848 Quod,
1057 822 1118 842 cum

897 851 1091 884 cognovissent

897 885 1003 917 turbae,
1020 885 1059 921 (α)
1073 886 1158 914 secuti
1171 885 1192 920 τι·

898 926 961 948 sunt
980 921 1072 949 illum:

898 961 925 993 et
940 957 1046 993 excepit

898 992 969 1025 illes,
987 997 1014 1020 et

899 1028 1060 1062 loquebatur

898 1063 952 1091 illis
968 1064 1002 1091 de

898 1107 983 1135 regno
999 1100 1058 1132 Dei,

897 1141 925 1163 et
938 1143 997 1168 eos,
1009 1137 1055 1171 qui

897 1178 962 1198 cura
976 1171 1032 1199 indi
1053 1191 1061 1198 .
1083 1191 1090 1199 .
1114 1192 1120 1199 .
1143 1192 1150 1199 .

898 1206 942 1234 12.
963 1207 1077 1235 sanabat
1099 1228 1105 1234 .
1129 1228 1135 1235 .
1159 1228 1164 1234 .
1188 1227 1194 1234 .
1219 1228 1224 1234 .

897 1248 987 1270 autem
1003 1250 1068 1270 €08-

898 1283 978 1313 perat
991 1279 1077 1307 decli-

899 1322 975 1342 nare.

900 1350 934 1377 Et
947 1356 1123 1379 accesserunt

900 1385 939 1422 (ὁ)
959 1387 991 1414 ad
1006 1395 1068 1414 eum
1086 1387 1107 1423 1“

901 1429 949 1449 xu.
970 1423 1113 1458 discipuli,

901 1463 930 1485 et
945 1459 1072 1486 dixerunt

904 1493 943 1520 illi
961 1503 967 1521 :
985 1495 1094 1522 Dimitte

904 1529 940 1565 (ο)
956 1530 1061 1558 lurbem
1075 1530 1107 1565 'l‘.

905 1571 934 1593 ut
948 1571 1013 1593 eant
1026 1567 1099 1594 circa

906 1602 1016 1638 castella
1025 1622 1033 1635 ,
1045 1602 1078 1638 let

906 1637 985 1664 villas
994 1658 1001 1669 ,
1016 1642 1044 1665 et

907 1673 1030 1701 reﬁciant
1043 1681 1083 1707 se,

907 1714 936 1737 et
955 1709 1093 1737 inveniant

909 1752 986 1773 escas
1003 1754 1009 1771 :
1030 1745 1092 1780 quia

910 1780 953 1808 hic
969 1781 994 1807 in
1009 1781 1069 1809 loco

910 1818 1019 1844 deserto
1032 1824 1127 1844 sumus

912 1852 956 1880 15.
980 1873 986 1880 .
1009 1873 1015 1880 .
1039 1873 1045 1880 .
1069 1873 1076 1879 .
1098 1872 1105 1879 .
1127 1856 1217 1881 autem

912 1888 1155 1916 ad....Date

730 1945 845 1974 CODEX
864 1945 1061 1974 BRIXIANUS.

68 1996 107 2029 est
122 1992 172 2020 istc
183 1992 215 2020 de
228 1999 283 2028 quo
297 1993 378 2020 audio
393 1993 508 2020 talia.Bt
522 1993 670 2029 quaerebat
683 1993 774 2021 videre
789 2001 861 2020 eum.

67 2027 98 2054 Et
113 2029 215 2056 reversi
237 2027 357 2062 Apostoli
374 2029 406 2055 ad
423 2028 515 2056 Jesuni
531 2027 710 2056 harravertint
723 2029 760 2055 illi
776 2029 865 2056 omnia

1306 241 1361 269 illis
1372 241 1484 269 mandu-

1306 284 1370 305 care
1384 284 1444 304 VOS.

1306 313 1347 340 Ad
1362 312 1400 340 illi
1416 312 1458 340 dio

1308 353 1407 376 xerunt
1423 358 1428 374 :
1442 348 1500 377 Non

1308 388 1371 411 sunt
1388 384 1467 412 nobis

1307 420 1450 455 plusquam

1309 456 1429 491 quinque
1444 463 1538 491 panes,

1309 496 1337 519 et
1350 492 1403 519 duo
1422 492 1510 527 pisces
1524 501 1531 519 :

1310 528 1361 555 nisi
1377 535 1427 555 nos
1441 535 1486 555 ea-

1309 570 1383 596 mus,
1402 568 1429 591 et
1443 571 1517 591 ema-

1310 607 1370 626 mus
1387 599 1412 626 in
1425 607 1531 627 omnem

1311 636 1380 662 lianc
1393 636 1498 662 turbam

1311 671 1344 697 Μ
1364 679 1449 698 escas.
1474 672 1559 698 Erant

1310 707 1348 742 (ά)
1368 708 1439 733 enim
1455 707 1473 741 ἦε
1489 707 1545 734 fere

1310 743 1360 769 viri
1377 742 1495 778 quinque

1312 778 1397 805 milia.
1415 779 1459 805 Ait

1312 819 1400 840 autent
1417 815 1449 840 ad
1465 814 1500 840 di-

1312 849 1433 884 scipulos
1450 858 1456 876 ε
1469 850 1521 878 Fa-

1313 886 1366 912 cite
1380 885 1442 912 illos

1314 920 1485 949 discumbere

1315 964 1364 992 per
1378 957 1503 984 convivia

1315 993 1529 1028 quinquagenos.

1316 1027 1361 1057 1'5.
1382 1027 1416 1055 Et
1432 1029 1465 1055 ita
1481 1028 1552 1056 fece-

1315 1069 1389 1092 runt.
1405 1064 1437 1091 Et
1448 1064 1504 1092 dis-

1317 1101 1471 1129 cubuerunt

1318 1144 1424 1165 omnes.
1576 1160 1578 1163 .

1320 1172 1364 1200 16.
1385 1172 1512 1207 Acceptis
1522 1176 1613 1201 autem

1320 1208 1400 1236 Jesus
1414 1209 1534 1244 quinque

1320 1244 1435 1280 panibus
1444 1265 1452 1278 ,
1466 1249 1493 1272 et

1319 1280 1426 1308 duobus
1438 1281 1481 1316 pi—

1320 1316 1412 1344 scibus
1422 1336 1429 1348 ,
1441 1315 1566 1351 respexit

1321 1352 1348 1380 in
1368 1352 1472 1379 caelum
1482 1372 1490 1384 .

1322 1393 1350 1416 et
1362 1387 1501 1416 benedixit

1323 1424 1457 1461 (eisuper
1473 1423 1532 1451 illos
1546 1422 1582 1459 1-;

1324 1459 1352 1487 et
1364 1459 1445 1494 fregit
1453 1479 1461 1491 .
1478 1463 1506 1486 et

1325 1495 1464 1523 distribuit

1326 1530 1362 1567 (Ι)
1381 1529 1521 1565 discipulis
1536 1530 1566 1566 ἦε,

1326 1571 1356 1594 ut
1369 1570 1502 1602 ponerent

1328 1607 1390 1630 ante
1400 1602 1504 1630 turbas.

1330 1639 1374 1666 17.
1395 1638 1429 1665 Ει
1442 1637 1556 1666 mandu-

1329 1678 1476 1707 caverunt,
1491 1678 1520 1702 et

1329 1709 1443 1737 saturati
1461 1713 1533 1738 sunt.

1329 1745 1364 1773 Et
1380 1745 1517 1773 sublatum

1331 1786 1390 1815 est,
1402 1781 1473 1816 quod

1332 1817 1465 1852 superfuit
1484 1817 1538 1845 illis
1546 1837 1554 1849 ,

1333 1853 1546 1887 lragmenlorum

1333 1888 1467 1924 cophinos

916 1994 1053 2021 dixerunt.
1071 1993 1129 2021 Non
1152 1997 1216 2021 sunt
1232 1993 1309 2021 nobis
1325 1993 1467 2029 plusquam
1492 1993 1612 2029 quinque
1635 2000 1718 2028 panes

917 2035 943 2057 et
959 2030 1028 2056 duos
1044 2030 1132 2063 pisces
1147 2030 1197 2057 nisi
1219 2030 1288 2057 forte
1312 2037 1362 2057 nos
1383 2037 1477 2057 eamus
1492 2035 1519 2056 et
1544 2037 1666 2056 eniamiis
1692 2029 1719 2056 in

68 2070 133 2097 quae
153 2064 288 2091 fecerunt.
305 2069 332 2092 et
345 2064 491 2092 adsumens
502 2065 562 2092 illos
577 2066 689 2093 secessit
701 2072 822 2092 seorsum
838 2065 864 2092 in

68 2098 153 2127 10mm
177 2101 327 2128 desertum.
350 2101 395 2135 qni
422 2101 520 2128 dicitur
545 2101 687 2129 Betlisaida
712 2101 788 2135 Quod
805 2109 866 2129 cum

68 2137 258 2172 cognovissent
275 2136 359 2163 turbae
380 2136 418 2172 (ο)
434 2137 518 2164 secuti
532 2136 552 2172 ἦ·
566 2143 629 2164 sunt
645 2137 718 2164 illiini
743 2141 771 2164 et
786 2145 864 2164 exce-

68 2171 104 2205 pit
117 2179 175 2199 eos.
192 2178 218 2208 et
233 2172 392 2207 loquebatur
407 2172 459 2199 illis
482 2172 516 2199 de
539 2171 622 2208 regno
638 2173 694 2200 Dei.
710 2177 736 2200 et
762 2180 809 2200 eos
823 2172 866 2208 qui

68 2214 157 2234 curam
170 2207 338 2242 indigebant.
355 2208 478 2235 sanabat.
494 2208 554 2235 Dies
567 2207 656 2236 autem
670 2210 726 2242 jam
739 2207 867 2242 coeperat

68 2242 217 2279 declinare.
231 2244 264 2270 lit
279 2249 452 2271 accesserunt
466 2244 741 2279 dundecimdiscipuli
758 2244 817 2279 ejus
829 2244 866 2279 (ὁ)

68 2277 98 2304 ad
114 2287 177 2306 cum
194 2279 215 2315 ἰ·
235 2279 469 2316 ειγᾴὶκοτυιηνίηὶ.
488 2279 598 2307 Dimitte
621 2279 657 2316 (ο)
674 2277 779 2307 turbani
798 2279 818 2315 ές
834 2277 868 2306 ὐὶ

68 2319 129 2341 eant
143 2316 172 2341 in
188 2314 300 2342 castella
324 2320 352 2342 et
366 2315 455 2341 villas.
481 2323 550 2350 quae
576 2316 602 2342 in
625 2314 739 2343 circuitu
766 2314 828 2342 sunt
841 2320 869 2342 et

69 2356 160 2377 emant
173 2350 225 2377 sibi
240 2357 317 2378 escas
336 2350 398 2384 quia
416 2350 460 2378 hic
473 2351 498 2377 in
514 2351 574 2379 loco
584 2351 694 2378 deserto
706 2358 809 2378 sumus.
823 2351 869 2378 Ait

67 2390 158 2414 autem
170 2386 205 2413 ad
221 2386 282 2414 illos
295 2385 374 2414 Iesus
389 2387 456 2414 Date
467 2386 520 2414 illis
530 2394 578 2415 vos
592 2387 767 2414 manducare.
784 2386 819 2414 At
831 2387 868 2414 illi

918 2073 1025 2092 onmem
1051 2067 1120 2093 hanc
1144 2066 1248 2092 turliam
1273 2073 1361 2093 escas.
1393 2066 1475 2093 Erant
1491 2065 1532 2101 (ά)
1548 2066 1620 2092 enim
1636 2065 1718 2101 -l-viri

919 2102 974 2128 fere
991 2101 1110 2136 quinque
1132 2102 1227 2129 millia.
1253 2101 1298 2128 Ait
1311 2106 1401 2129 autem
1424 2100 1457 2128 ad
1486 2099 1721 2135 discipuliisStios

919 2136 1011 2164 Facite
1034 2137 1095 2164 illos
1115 2136 1287 2165 discumbere
1304 2145 1351 2172 per
1364 2137 1486 2165 convivia
1503 2138 1719 2172 quinquagenos.

920 2173 954 2200 Et
975 2173 1009 2199 ita
1023 2173 1144 2200 fecerunt
1162 2173 1194 2200 Et
1207 2173 1379 2201 discumbere
1403 2173 1525 2200 fecerunt
1540 2180 1646 2200 omnes.
1669 2172 1722 2200 Ac-

920 2209 1007 2243 ceptis
1026 2215 1116 2236 autem
1139 2210 1257 2244 quinque
1279 2209 1406 2245 panibus.
1431 2214 1458 2236 et
1472 2208 1579 2236 duobus
1597 2208 1723 2245 piscibus

921 2246 1042 2278 respexit
1066 2245 1092 2272 in
1116 2246 1220 2272 caelum
1246 2244 1285 2272 et'
1302 2245 1440 2272 benedixit
1455 2252 1515 2272 eos.
1538 2250 1565 2272 et
1593 2244 1673 2279 fregit
1696 2247 1725 2271 et

921 2281 995 2308 dedit
1016 2281 1050 2316 (ί)
1075 2280 1218 2316 discipulis
1234 2280 1254 2315 -ι-
1271 2284 1300 2307 ut
1323 2286 1456 2315 ponerent
1480 2285 1558 2316 anteﬁ
1567 2279 1673 2316 turbas.
1691 2279 1725 2306 Et

922 2314 1157 2345 manducaverunt
1184 2314 1277 2344 omnes
1291 2314 1449 2344 et’saturati
1462 2320 1525 2343 sunt
1540 2315 1573 2343 Et
1605 2314 1726 2341 tulerunt

922 2353 994 2389 quod
1009 2352 1149 2388 superavit
1163 2351 1216 2379 illis
1232 2351 1446 2387 fragmentorum
1467 2351 1600 2386 cophinos
1621 2349 1725 2378 duode-

713 2443 829 2472 CODEX
848 2443 1087 2473 CORBEIENSIS.

103 2492 131 2518 9.
154 2491 215 2524 Hic,
229 2490 275 2526 qui
289 2495 345 2525 est,
363 2491 396 2519 de
409 2499 463 2527 quo
477 2491 559 2520 audio
572 2492 658 2520 talia?

68 2527 76 2535 ’
88 2566 92 2568 _
105 2527 151 2568 12.
174 2532 204 2568 ut
217 2532 280 2568 eant
295 2527 367 2554 circa
380 2528 502 2563 castella,
517 2532 544 2555 et
557 2528 646 2563 villas,
659 2532 686 2556 et
696 2527 820 2557 reﬁciant
830 2535 870 2563 se,

69 2566 96 2590 ει
108 2566 252 2591 inveniant
265 2570 352 2591 escas.

960 2493 1004 2519 l3.
1026 2492 1077 2519 nisi
1092 2498 1197 2523 eamus,
1212 2495 1240 2519 et
1252 2490 1403 2526 emamus.!

961 2528 1004 2555 16.
1026 2527 1166 2556 benedixit
1178 2534 1261 2563 super
1275 2527 1354 2562 illos._'

700 2621 900 2651 VARIANTES
919 2620 1118 2650 LECTIONES.

102 2668 110 2701 ξ
131 2668 187 2701 (Eat.
198 2667 341 2701 Bethsaida.
350 2669 416 2701 illm.
429 2668 642 2701 Betnida._Vulg.
654 2669 813 2695 Bethsaidae.

102 2700 113 2734 ξ
133 2699 190 2723 Gal.
200 2701 243 2734 qui
255 2700 336 2734 curari
348 2700 500 2731 indigebant.
515 2699 586 2734 Vulg.
598 2699 640 2732 qui
650 2701 875 2734 cura‘indigebant.

102 2730 114 2746 ³
132 2734 193 2755 .um.
205 2730 362 2756 discumbere
374 2730 451 2763 super
462 2735 554 2757 terram
563 2730 614 2764 ἱ)ρὲ
623 2732 735 2757 convivia
747 2730 877 2764 centenos,

929 2672 955 2693 et
967 2668 1164 2724 qsiyquagenOS.
1181 2666 1253 2698 Vulg.
1263 2665 1418 2692 discumbere
1429 2673 1474 2698 per
1482 2667 1594 2692 convivia
1605 2667 1727 2699 quinqua-

929 2706 977 2724 tren

928 2706 977 2731 gen

752 2785 935 2814 BLANCHINI
954 2785 1068 2815 NOTAE.

108 2832 155 2866 (ιι)
174 2831 272 2860 Veron.
287 2837 315 2860 et
336 2832 410 2860 Brix.
428 2833 517 2867 seculi,
533 2833 614 2866 forte,
626 2833 846 2868 quiai'masculini
868 2833 975 2869 generis
988 2839 1051 2861 sunt
1067 2836 1090 2862 el
1100 2832 1195 2869 ὅχλοιῗ
1213 2849 1248 2855 -
1262 2833 1300 2898 (ὁέ
1318 2833 1402 2862 Addit
1415 2834 1451 2861 ad
1464 2842 1522 2862 eum
1532 2855 1538 2866 ,
1551 2834 1633 2862 etiam
1648 2834 1728 2862 Vers.

108 2868 160 2895 ιιΙι.
176 2869 255 2896 αὐτῶ.
271 2884 307 2889 -
318 2870 356 2898 (c)
372 2869 408 2896 Ila
424 2875 450 2896 el
462 2873 515 2896 tex.
532 2869 598 2898 Gn.
615 2871 658 2898 τὸν
669 2868 758 2898 ὅγλον.
773 2884 809 2889 --
820 2869 861 2898 (ά)
873 2870 912 2898 lta
927 2875 1019 2898 ettex.
1034 2869 1093 2898 σι’..
1110 2870 1171 2898 νάο-
1185 2886 1220 2891 —
1234 2870 1270 2898 (cl
1299 2875 1324 2898 ta
1345 2875 1373 2898 et
1393 2870 1443 2898 cod
1458 2871 1537 2898 Cant.
1549 2891 1556 2898 .
1570 2870 1611 2898 ἐπ’
1624 2872 1728 2898 αὐτούς.

70 2867 165 2912 (ἒοψᾹ
176 2869 255 2912 aiis-regi.
271 2884 307 2912 "—
318 2870 356 2910 (ε)
367 2869 408 2912 .l_ia
424 2875 450 2912 et
462 2873 515 2912 tex.
532 2869 598 2911 G_r.,
615 2867 658 2912 τρν
669 2868 758 2912 alios.
773 2869 861 2912 -έτη
872 2867 912 2899 ita
927 2875 1019 2899 ettex.
1034 2869 1093 2904 Gr.,
1110 2867 1171 2908 ἀᾶρ.
1185 2886 1220 2891 —
1234 2867 1272 2907 (cf
1286 2867 1324 2898 Ita
1345 2875 1373 2898 et
1393 2870 1443 2898 cod
1458 2871 1537 2898 Cant.
1549 2891 1556 2905 ,
1570 2870 1611 2899 ἐπ’
1624 2872 1728 2903 αὐτούς.

70 2918 109 2925 -
127 2903 167 2939 (f)
185 2898 246 2932 Pos't
261 2898 412 2941 discipulis,
429 2904 507 2934 deest
518 2898 725 2941 suis,'etiam'in
740 2910 794 2934 lex.
811 2898 857 2934 (ἱτῖ
