  <div class='ocr_page' id='page_1' title='image "/cluster/home/n/w/nwhite01/storage/ocr_20150623/12/hvd.32044015471980/299.png"; bbox 0 0 1955 3168; ppageno 0'>
   <div class='ocr_carea' id='block_1_1' title="bbox 251 138 1889 174">
    <p class='ocr_par' dir='ltr' id='par_1_1' title="bbox 251 138 1889 174">
     <span class='ocr_line' id='line_1_1' title="bbox 251 138 1889 174; baseline 0.001 -7"><span class='ocrx_word' id='word_1_1' title='bbox 251 140 303 167; x_wconf 75' lang='lat'><strong>570</strong></span> <span class='ocrx_word' id='word_1_2' title='bbox 517 139 656 169; x_wconf 87' lang='lat' dir='ltr'><strong>EUSEBll</strong></span> <span class='ocrx_word' id='word_1_3' title='bbox 675 138 848 169; x_wconf 83' lang='lat' dir='ltr'><strong>VERCELL.</strong></span> <span class='ocrx_word' id='word_1_4' title='bbox 866 138 1094 174; x_wconf 70' lang='lat' dir='ltr'><strong>EVANGELIUM</strong></span> <span class='ocrx_word' id='word_1_5' title='bbox 1107 139 1176 170; x_wconf 72' lang='lat' dir='ltr'><strong>CUM</strong></span> <span class='ocrx_word' id='word_1_6' title='bbox 1199 138 1311 172; x_wconf 71' lang='lat' dir='ltr'><strong>VAlillS</strong></span> <span class='ocrx_word' id='word_1_7' title='bbox 1331 138 1408 170; x_wconf 81' lang='lat' dir='ltr'><strong>COD.</strong></span> <span class='ocrx_word' id='word_1_8' title='bbox 1429 138 1629 168; x_wconf 79' lang='lat' dir='ltr'><strong>COLLATUM.</strong></span> <span class='ocrx_word' id='word_1_9' title='bbox 1847 139 1889 169; x_wconf 77' lang='lat'><strong>580</strong></span> 
     </span>
    </p>
   </div>
   <div class='ocr_carea' id='block_1_2' title="bbox 450 195 853 227">
    <p class='ocr_par' dir='ltr' id='par_1_2' title="bbox 450 195 853 227">
     <span class='ocr_line' id='line_1_2' title="bbox 450 195 853 227; baseline 0 -2"><span class='ocrx_word' id='word_1_10' title='bbox 450 196 566 225; x_wconf 77' lang='lat' dir='ltr'><strong>CODEX</strong></span> <span class='ocrx_word' id='word_1_11' title='bbox 584 195 853 227; x_wconf 74' lang='lat' dir='ltr'><strong>VERCELLENSIS.</strong></span> 
     </span>
    </p>
   </div>
   <div class='ocr_carea' id='block_1_3' title="bbox 249 244 566 277">
    <p class='ocr_par' dir='ltr' id='par_1_3' title="bbox 249 244 566 277">
     <span class='ocr_line' id='line_1_3' title="bbox 249 244 566 277; baseline 0.009 -7"><span class='ocrx_word' id='word_1_12' title='bbox 249 244 566 277; x_wconf 86' lang='lat' dir='ltr'><strong>n......decim.</strong></span> 
     </span>
    </p>
   </div>
   <div class='ocr_carea' id='block_1_4' title="bbox 248 279 629 314">
    <p class='ocr_par' dir='ltr' id='par_1_4' title="bbox 248 279 629 314">
     <span class='ocr_line' id='line_1_4' title="bbox 248 279 629 314; baseline 0.003 -7"><span class='ocrx_word' id='word_1_13' title='bbox 248 279 629 314; x_wconf 69' lang='lat' dir='ltr'><strong>18.E.....umest,</strong></span> 
     </span>
    </p>
   </div>
   <div class='ocr_carea' id='block_1_5' title="bbox 248 316 505 343">
    <p class='ocr_par' dir='ltr' id='par_1_5' title="bbox 248 316 505 343">
     <span class='ocr_line' id='line_1_5' title="bbox 248 316 505 343; baseline 0.004 -1"><span class='ocrx_word' id='word_1_14' title='bbox 248 334 255 342; x_wconf 94' lang='lat'><strong>.</strong></span> <span class='ocrx_word' id='word_1_15' title='bbox 279 336 284 342; x_wconf 98' lang='lat'><strong>.</strong></span> <span class='ocrx_word' id='word_1_16' title='bbox 309 337 315 343; x_wconf 91' lang='lat'><strong>.</strong></span> <span class='ocrx_word' id='word_1_17' title='bbox 340 336 346 342; x_wconf 93' lang='lat'><strong>.</strong></span> <span class='ocrx_word' id='word_1_18' title='bbox 369 337 376 343; x_wconf 94' lang='lat'><strong>.</strong></span> <span class='ocrx_word' id='word_1_19' title='bbox 396 316 505 343; x_wconf 75' lang='lat' dir='ltr'><strong>essetin</strong></span> 
     </span>
    </p>
   </div>
   <div class='ocr_carea' id='block_1_6' title="bbox 248 351 510 385">
    <p class='ocr_par' dir='ltr' id='par_1_6' title="bbox 248 351 510 385">
     <span class='ocr_line' id='line_1_6' title="bbox 248 351 510 385; baseline -0.015 -6"><span class='ocrx_word' id='word_1_20' title='bbox 248 372 254 379; x_wconf 92' lang='lat'><strong>.</strong></span> <span class='ocrx_word' id='word_1_21' title='bbox 277 372 283 379; x_wconf 96' lang='lat'><strong>.</strong></span> <span class='ocrx_word' id='word_1_22' title='bbox 307 372 313 378; x_wconf 91' lang='lat'><strong>.</strong></span> <span class='ocrx_word' id='word_1_23' title='bbox 333 372 339 377; x_wconf 94' lang='lat'><strong>.</strong></span> <span class='ocrx_word' id='word_1_24' title='bbox 361 356 429 385; x_wconf 86' lang='lat' dir='ltr'><strong>reto,</strong></span> <span class='ocrx_word' id='word_1_25' title='bbox 446 351 510 384; x_wconf 66' lang='lat' dir='ltr'><strong>ade.</strong></span> 
     </span>
    </p>
   </div>
   <div class='ocr_carea' id='block_1_7' title="bbox 245 387 494 414">
    <p class='ocr_par' dir='ltr' id='par_1_7' title="bbox 245 387 494 414">
     <span class='ocr_line' id='line_1_7' title="bbox 245 387 494 414; baseline 0.004 -1"><span class='ocrx_word' id='word_1_26' title='bbox 245 393 306 414; x_wconf 87' lang='lat' dir='ltr'><strong>rant</strong></span> <span class='ocrx_word' id='word_1_27' title='bbox 319 387 357 414; x_wconf 89' lang='lat' dir='ltr'><strong>illi</strong></span> <span class='ocrx_word' id='word_1_28' title='bbox 373 387 429 414; x_wconf 89' lang='lat' dir='ltr'><strong>dis-</strong></span> <span class='ocrx_word' id='word_1_29' title='bbox 486 402 494 405; x_wconf 85' lang='lat'><strong>—</strong></span> 
     </span>
    </p>
   </div>
   <div class='ocr_carea' id='block_1_8' title="bbox 244 422 438 457">
    <p class='ocr_par' dir='ltr' id='par_1_8' title="bbox 244 422 438 457">
     <span class='ocr_line' id='line_1_8' title="bbox 244 422 438 457; baseline 0 -7"><span class='ocrx_word' id='word_1_30' title='bbox 244 422 326 457; x_wconf 90' lang='lat' dir='ltr'><strong>cipuli</strong></span> <span class='ocrx_word' id='word_1_31' title='bbox 340 423 393 455; x_wconf 85' lang='lat' dir='ltr'><strong>sui,</strong></span> <span class='ocrx_word' id='word_1_32' title='bbox 411 427 438 450; x_wconf 89' lang='lat' dir='ltr'><strong>et</strong></span> 
     </span>
    </p>
   </div>
   <div class='ocr_carea' id='block_1_9' title="bbox 244 457 394 493">
    <p class='ocr_par' dir='ltr' id='par_1_9' title="bbox 244 457 394 493">
     <span class='ocr_line' id='line_1_9' title="bbox 244 457 394 493; baseline 0 -9"><span class='ocrx_word' id='word_1_33' title='bbox 244 457 394 493; x_wconf 87' lang='lat' dir='ltr'><strong>interroga-</strong></span> 
     </span>
    </p>
   </div>
   <div class='ocr_carea' id='block_1_10' title="bbox 243 493 481 526">
    <p class='ocr_par' dir='ltr' id='par_1_10' title="bbox 243 493 481 526">
     <span class='ocr_line' id='line_1_10' title="bbox 243 493 481 526; baseline 0.004 -6"><span class='ocrx_word' id='word_1_34' title='bbox 243 494 283 521; x_wconf 95' lang='lat' dir='ltr'><strong>vit</strong></span> <span class='ocrx_word' id='word_1_35' title='bbox 293 501 350 526; x_wconf 91' lang='lat' dir='ltr'><strong>eos,</strong></span> <span class='ocrx_word' id='word_1_36' title='bbox 366 493 460 523; x_wconf 86' lang='lat' dir='ltr'><strong>dicens</strong></span> <span class='ocrx_word' id='word_1_37' title='bbox 474 502 481 521; x_wconf 91' lang='lat'><strong>:</strong></span> 
     </span>
    </p>
   </div>
   <div class='ocr_carea' id='block_1_11' title="bbox 242 529 438 562">
    <p class='ocr_par' dir='ltr' id='par_1_11' title="bbox 242 529 438 562">
     <span class='ocr_line' id='line_1_11' title="bbox 242 529 438 562; baseline 0 -6"><span class='ocrx_word' id='word_1_38' title='bbox 242 529 328 562; x_wconf 87' lang='lat' dir='ltr'><strong>Quem</strong></span> <span class='ocrx_word' id='word_1_39' title='bbox 345 537 388 557; x_wconf 89' lang='lat' dir='ltr'><strong>me</strong></span> <span class='ocrx_word' id='word_1_40' title='bbox 398 529 438 556; x_wconf 85' lang='lat' dir='ltr'><strong>di-</strong></span> 
     </span>
    </p>
   </div>
   <div class='ocr_carea' id='block_1_12' title="bbox 241 565 414 592">
    <p class='ocr_par' dir='ltr' id='par_1_12' title="bbox 241 565 414 592">
     <span class='ocr_line' id='line_1_12' title="bbox 241 565 414 592; baseline 0 0"><span class='ocrx_word' id='word_1_41' title='bbox 241 570 306 592; x_wconf 92' lang='lat' dir='ltr'><strong>cunt</strong></span> <span class='ocrx_word' id='word_1_42' title='bbox 320 565 414 592; x_wconf 86' lang='lat' dir='ltr'><strong>turbae</strong></span> 
     </span>
    </p>
   </div>
   <div class='ocr_carea' id='block_1_13' title="bbox 243 600 527 634">
    <p class='ocr_par' dir='ltr' id='par_1_13' title="bbox 243 600 527 634">
     <span class='ocr_line' id='line_1_13' title="bbox 243 600 527 634; baseline 0.007 -8"><span class='ocrx_word' id='word_1_43' title='bbox 243 600 286 627; x_wconf 81' lang='lat' dir='ltr'><strong>t9.</strong></span> <span class='ocrx_word' id='word_1_44' title='bbox 307 601 388 628; x_wconf 76' lang='lat' dir='ltr'><strong>esset</strong></span> <span class='ocrx_word' id='word_1_45' title='bbox 403 600 454 634; x_wconf 88' lang='lat' dir='ltr'><strong>Qui</strong></span> <span class='ocrx_word' id='word_1_46' title='bbox 468 607 527 628; x_wconf 86' lang='lat' dir='ltr'><strong>res-</strong></span> 
     </span>
    </p>
   </div>
   <div class='ocr_carea' id='block_1_14' title="bbox 241 636 409 670">
    <p class='ocr_par' dir='ltr' id='par_1_14' title="bbox 241 636 409 670">
     <span class='ocr_line' id='line_1_14' title="bbox 241 636 409 670; baseline 0 -7"><span class='ocrx_word' id='word_1_47' title='bbox 241 636 393 670; x_wconf 88' lang='lat' dir='ltr'><strong>pondentes</strong></span> <span class='ocrx_word' id='word_1_48' title='bbox 402 657 409 669; x_wconf 95' lang='lat'><em>,</em></span> 
     </span>
    </p>
   </div>
   <div class='ocr_carea' id='block_1_15' title="bbox 241 672 449 700">
    <p class='ocr_par' dir='ltr' id='par_1_15' title="bbox 241 672 449 700">
     <span class='ocr_line' id='line_1_15' title="bbox 241 672 449 700; baseline 0.005 -2"><span class='ocrx_word' id='word_1_49' title='bbox 241 672 385 699; x_wconf 78' lang='lat' dir='ltr'><strong>dixerunt:</strong></span> <span class='ocrx_word' id='word_1_50' title='bbox 401 672 449 700; x_wconf 79' lang='lat' dir='ltr'><strong>Jo-</strong></span> 
     </span>
    </p>
   </div>
   <div class='ocr_carea' id='block_1_16' title="bbox 241 706 439 743">
    <p class='ocr_par' dir='ltr' id='par_1_16' title="bbox 241 706 439 743">
     <span class='ocr_line' id='line_1_16' title="bbox 241 706 439 743; baseline 0 -9"><span class='ocrx_word' id='word_1_51' title='bbox 241 706 357 735; x_wconf 80' lang='lat' dir='ltr'><strong>bannetn</strong></span> <span class='ocrx_word' id='word_1_52' title='bbox 371 707 439 743; x_wconf 84' lang='lat' dir='ltr'><strong>Bap-</strong></span> 
     </span>
    </p>
   </div>
   <div class='ocr_carea' id='block_1_17' title="bbox 241 743 472 775">
    <p class='ocr_par' dir='ltr' id='par_1_17' title="bbox 241 743 472 775">
     <span class='ocr_line' id='line_1_17' title="bbox 241 743 472 775; baseline 0.004 -6"><span class='ocrx_word' id='word_1_53' title='bbox 241 743 349 775; x_wconf 84' lang='lat' dir='ltr'><strong>tistam;</strong></span> <span class='ocrx_word' id='word_1_54' title='bbox 366 743 411 770; x_wconf 84' lang='lat' dir='ltr'><strong>alii</strong></span> <span class='ocrx_word' id='word_1_55' title='bbox 425 751 472 770; x_wconf 88' lang='lat' dir='ltr'><strong>au-</strong></span> 
     </span>
    </p>
   </div>
   <div class='ocr_carea' id='block_1_18' title="bbox 240 779 433 811">
    <p class='ocr_par' dir='ltr' id='par_1_18' title="bbox 240 779 433 811">
     <span class='ocr_line' id='line_1_18' title="bbox 240 779 433 811; baseline -0.005 -5"><span class='ocrx_word' id='word_1_56' title='bbox 240 784 296 806; x_wconf 83' lang='lat' dir='ltr'><strong>tem</strong></span> <span class='ocrx_word' id='word_1_57' title='bbox 313 779 414 806; x_wconf 85' lang='lat' dir='ltr'><strong>lleliam</strong></span> <span class='ocrx_word' id='word_1_58' title='bbox 426 787 433 811; x_wconf 91' lang='lat'>;</span> 
     </span>
    </p>
   </div>
   <div class='ocr_carea' id='block_1_19' title="bbox 239 814 409 847">
    <p class='ocr_par' dir='ltr' id='par_1_19' title="bbox 239 814 409 847">
     <span class='ocr_line' id='line_1_19' title="bbox 239 814 409 847; baseline 0.012 -7"><span class='ocrx_word' id='word_1_59' title='bbox 239 814 322 847; x_wconf 81' lang='lat' dir='ltr'><strong>aliqui</strong></span> <span class='ocrx_word' id='word_1_60' title='bbox 335 822 409 847; x_wconf 91' lang='lat' dir='ltr'><strong>vero,</strong></span> 
     </span>
    </p>
   </div>
   <div class='ocr_carea' id='block_1_20' title="bbox 238 850 410 885">
    <p class='ocr_par' dir='ltr' id='par_1_20' title="bbox 238 850 410 885">
     <span class='ocr_line' id='line_1_20' title="bbox 238 850 410 885; baseline 0.006 -9"><span class='ocrx_word' id='word_1_61' title='bbox 238 850 301 885; x_wconf 88' lang='lat' dir='ltr'><strong>quia</strong></span> <span class='ocrx_word' id='word_1_62' title='bbox 318 850 410 877; x_wconf 84' lang='lat' dir='ltr'><strong>Profe—</strong></span> 
     </span>
    </p>
   </div>
   <div class='ocr_carea' id='block_1_21' title="bbox 239 886 422 912">
    <p class='ocr_par' dir='ltr' id='par_1_21' title="bbox 239 886 422 912">
     <span class='ocr_line' id='line_1_21' title="bbox 239 886 422 912; baseline 0 0"><span class='ocrx_word' id='word_1_63' title='bbox 239 889 265 912; x_wconf 87' lang='lat' dir='ltr'><strong>ta</strong></span> <span class='ocrx_word' id='word_1_64' title='bbox 280 893 350 912; x_wconf 89' lang='lat' dir='ltr'><strong>unus</strong></span> <span class='ocrx_word' id='word_1_65' title='bbox 366 886 373 901; x_wconf 84' lang='lat'>&#39;</span> <span class='ocrx_word' id='word_1_66' title='bbox 388 886 422 912; x_wconf 91' lang='lat' dir='ltr'><strong>de</strong></span> 
     </span>
    </p>
   </div>
   <div class='ocr_carea' id='block_1_22' title="bbox 236 921 373 955">
    <p class='ocr_par' dir='ltr' id='par_1_22' title="bbox 236 921 373 955">
     <span class='ocr_line' id='line_1_22' title="bbox 236 921 373 955; baseline 0.007 -8"><span class='ocrx_word' id='word_1_67' title='bbox 236 921 373 955; x_wconf 87' lang='lat' dir='ltr'><strong>prioribus</strong></span> 
     </span>
    </p>
   </div>
   <div class='ocr_carea' id='block_1_23' title="bbox 236 956 496 985">
    <p class='ocr_par' dir='ltr' id='par_1_23' title="bbox 236 956 496 985">
     <span class='ocr_line' id='line_1_23' title="bbox 236 956 496 985; baseline 0.012 -3"><span class='ocrx_word' id='word_1_68' title='bbox 236 956 282 984; x_wconf 77' lang='lat'><strong>20.</strong></span> <span class='ocrx_word' id='word_1_69' title='bbox 303 956 431 984; x_wconf 82' lang='lat' dir='ltr'><strong>surrexit.</strong></span> <span class='ocrx_word' id='word_1_70' title='bbox 453 956 496 985; x_wconf 90' lang='lat' dir='ltr'><strong>Di-</strong></span> 
     </span>
    </p>
   </div>
   <div class='ocr_carea' id='block_1_24' title="bbox 237 992 380 1019">
    <p class='ocr_par' dir='ltr' id='par_1_24' title="bbox 237 992 380 1019">
     <span class='ocr_line' id='line_1_24' title="bbox 237 992 380 1019; baseline 0.007 -1"><span class='ocrx_word' id='word_1_71' title='bbox 237 992 277 1018; x_wconf 81' lang='lat' dir='ltr'><strong>xit</strong></span> <span class='ocrx_word' id='word_1_72' title='bbox 290 996 380 1019; x_wconf 90' lang='lat' dir='ltr'><strong>autem</strong></span> 
     </span>
    </p>
   </div>
   <div class='ocr_carea' id='block_1_25' title="bbox 238 1026 450 1056">
    <p class='ocr_par' dir='ltr' id='par_1_25' title="bbox 238 1026 450 1056">
     <span class='ocr_line' id='line_1_25' title="bbox 238 1026 450 1056; baseline 0.009 -2"><span class='ocrx_word' id='word_1_73' title='bbox 238 1026 291 1055; x_wconf 86' lang='lat' dir='ltr'><strong>illis</strong></span> <span class='ocrx_word' id='word_1_74' title='bbox 309 1036 316 1055; x_wconf 93' lang='lat'><strong>:</strong></span> <span class='ocrx_word' id='word_1_75' title='bbox 335 1027 388 1055; x_wconf 85' lang='lat' dir='ltr'><strong>Vos</strong></span> <span class='ocrx_word' id='word_1_76' title='bbox 403 1036 450 1056; x_wconf 85' lang='lat' dir='ltr'><strong>att-</strong></span> 
     </span>
    </p>
   </div>
   <div class='ocr_carea' id='block_1_26' title="bbox 237 1066 386 1097">
    <p class='ocr_par' dir='ltr' id='par_1_26' title="bbox 237 1066 386 1097">
     <span class='ocr_line' id='line_1_26' title="bbox 237 1066 386 1097; baseline 0.013 -9"><span class='ocrx_word' id='word_1_77' title='bbox 237 1066 291 1089; x_wconf 92' lang='lat' dir='ltr'><strong>tem</strong></span> <span class='ocrx_word' id='word_1_78' title='bbox 306 1071 386 1097; x_wconf 86' lang='lat' dir='ltr'><strong>quem</strong></span> 
     </span>
    </p>
   </div>
   <div class='ocr_carea' id='block_1_27' title="bbox 236 1098 382 1126">
    <p class='ocr_par' dir='ltr' id='par_1_27' title="bbox 236 1098 382 1126">
     <span class='ocr_line' id='line_1_27' title="bbox 236 1098 382 1126; baseline 0.014 -2"><span class='ocrx_word' id='word_1_79' title='bbox 236 1105 281 1125; x_wconf 89' lang='lat' dir='ltr'><strong>me</strong></span> <span class='ocrx_word' id='word_1_80' title='bbox 291 1098 382 1126; x_wconf 88' lang='lat' dir='ltr'><strong>dicitis</strong></span> 
     </span>
    </p>
   </div>
   <div class='ocr_carea' id='block_1_28' title="bbox 237 1134 460 1169">
    <p class='ocr_par' dir='ltr' id='par_1_28' title="bbox 237 1134 460 1169">
     <span class='ocr_line' id='line_1_28' title="bbox 237 1134 460 1169; baseline 0.009 -9"><span class='ocrx_word' id='word_1_81' title='bbox 237 1134 318 1161; x_wconf 79' lang='lat' dir='ltr'><strong>esse?</strong></span> <span class='ocrx_word' id='word_1_82' title='bbox 338 1134 460 1169; x_wconf 83' lang='lat' dir='ltr'><strong>Respon-</strong></span> 
     </span>
    </p>
   </div>
   <div class='ocr_carea' id='block_1_29' title="bbox 234 1169 406 1198">
    <p class='ocr_par' dir='ltr' id='par_1_29' title="bbox 234 1169 406 1198">
     <span class='ocr_line' id='line_1_29' title="bbox 234 1169 406 1198; baseline 0.017 -3"><span class='ocrx_word' id='word_1_83' title='bbox 234 1169 302 1196; x_wconf 89' lang='lat' dir='ltr'><strong>dens</strong></span> <span class='ocrx_word' id='word_1_84' title='bbox 317 1174 406 1198; x_wconf 87' lang='lat' dir='ltr'><strong>autem</strong></span> 
     </span>
    </p>
   </div>
   <div class='ocr_carea' id='block_1_30' title="bbox 235 1203 446 1238">
    <p class='ocr_par' dir='ltr' id='par_1_30' title="bbox 235 1203 446 1238">
     <span class='ocr_line' id='line_1_30' title="bbox 235 1203 446 1238; baseline 0.009 -7"><span class='ocrx_word' id='word_1_85' title='bbox 235 1203 343 1238; x_wconf 88' lang='lat' dir='ltr'><strong>Petrus,</strong></span> <span class='ocrx_word' id='word_1_86' title='bbox 357 1205 427 1233; x_wconf 82' lang='lat' dir='ltr'><strong>dixit</strong></span> <span class='ocrx_word' id='word_1_87' title='bbox 440 1214 446 1232; x_wconf 82' lang='lat' dir='ltr'><em>z</em></span> 
     </span>
    </p>
   </div>
   <div class='ocr_carea' id='block_1_31' title="bbox 233 1240 616 1277">
    <p class='ocr_par' dir='ltr' id='par_1_31' title="bbox 233 1240 616 1277">
     <span class='ocr_line' id='line_1_31' title="bbox 233 1240 616 1277; baseline 0.013 -10"><span class='ocrx_word' id='word_1_88' title='bbox 233 1240 279 1277; x_wconf 65' lang='lat' dir='ltr'><strong>2i.</strong></span> <span class='ocrx_word' id='word_1_89' title='bbox 307 1240 455 1269; x_wconf 75' lang='lat' dir='ltr'><strong>Christum.</strong></span> <span class='ocrx_word' id='word_1_90' title='bbox 471 1241 540 1277; x_wconf 78' lang='lat' dir='ltr'><strong>Qui,</strong></span> <span class='ocrx_word' id='word_1_91' title='bbox 556 1249 616 1273; x_wconf 85' lang='lat' dir='ltr'><strong>cum</strong></span> 
     </span>
    </p>
   </div>
   <div class='ocr_carea' id='block_1_32' title="bbox 233 1275 404 1311">
    <p class='ocr_par' dir='ltr' id='par_1_32' title="bbox 233 1275 404 1311">
     <span class='ocr_line' id='line_1_32' title="bbox 233 1275 404 1311; baseline 0.012 -9"><span class='ocrx_word' id='word_1_92' title='bbox 233 1275 404 1311; x_wconf 87' lang='lat' dir='ltr'><strong>obiurgasset</strong></span> 
     </span>
    </p>
   </div>
   <div class='ocr_carea' id='block_1_33' title="bbox 231 1311 430 1347">
    <p class='ocr_par' dir='ltr' id='par_1_33' title="bbox 231 1311 430 1347">
     <span class='ocr_line' id='line_1_33' title="bbox 231 1311 430 1347; baseline 0.015 -10"><span class='ocrx_word' id='word_1_93' title='bbox 231 1311 304 1344; x_wconf 80' lang='lat' dir='ltr'><strong>illos,</strong></span> <span class='ocrx_word' id='word_1_94' title='bbox 319 1319 430 1347; x_wconf 88' lang='lat' dir='ltr'><strong>praece-</strong></span> 
     </span>
    </p>
   </div>
   <div class='ocr_carea' id='block_1_34' title="bbox 232 1348 438 1381">
    <p class='ocr_par' dir='ltr' id='par_1_34' title="bbox 232 1348 438 1381">
     <span class='ocr_line' id='line_1_34' title="bbox 232 1348 438 1381; baseline 0.015 -8"><span class='ocrx_word' id='word_1_95' title='bbox 232 1348 271 1381; x_wconf 87' lang='lat' dir='ltr'><strong>pit</strong></span> <span class='ocrx_word' id='word_1_96' title='bbox 286 1356 319 1375; x_wconf 91' lang='lat' dir='ltr'><strong>ne</strong></span> <span class='ocrx_word' id='word_1_97' title='bbox 333 1348 377 1375; x_wconf 92' lang='lat' dir='ltr'><strong>cui</strong></span> <span class='ocrx_word' id='word_1_98' title='bbox 396 1348 438 1376; x_wconf 91' lang='lat' dir='ltr'><strong>di-</strong></span> 
     </span>
    </p>
   </div>
   <div class='ocr_carea' id='block_1_35' title="bbox 231 1384 406 1418">
    <p class='ocr_par' dir='ltr' id='par_1_35' title="bbox 231 1384 406 1418">
     <span class='ocr_line' id='line_1_35' title="bbox 231 1384 406 1418; baseline 0.011 -8"><span class='ocrx_word' id='word_1_99' title='bbox 231 1388 326 1411; x_wconf 88' lang='lat' dir='ltr'><strong>cerent</strong></span> <span class='ocrx_word' id='word_1_100' title='bbox 340 1384 391 1412; x_wconf 92' lang='lat' dir='ltr'><strong>hoc</strong></span> <span class='ocrx_word' id='word_1_101' title='bbox 398 1405 406 1418; x_wconf 91' lang='lat'><strong><em>,</em></strong></span> 
     </span>
    </p>
   </div>
   <div class='ocr_carea' id='block_1_36' title="bbox 229 1418 497 1455">
    <p class='ocr_par' dir='ltr' id='par_1_36' title="bbox 229 1418 497 1455">
     <span class='ocr_line' id='line_1_36' title="bbox 229 1418 497 1455; baseline 0.015 -10"><span class='ocrx_word' id='word_1_102' title='bbox 229 1418 275 1445; x_wconf 75' lang='lat'><strong>22.</strong></span> <span class='ocrx_word' id='word_1_103' title='bbox 296 1419 389 1448; x_wconf 87' lang='lat' dir='ltr'><strong>dicens</strong></span> <span class='ocrx_word' id='word_1_104' title='bbox 401 1430 407 1448; x_wconf 70' lang='grc' dir='ltr'>π</span> <span class='ocrx_word' id='word_1_105' title='bbox 423 1420 497 1455; x_wconf 90' lang='lat' dir='ltr'><strong>Quo-</strong></span> 
     </span>
    </p>
   </div>
   <div class='ocr_carea' id='block_1_37' title="bbox 231 1455 428 1490">
    <p class='ocr_par' dir='ltr' id='par_1_37' title="bbox 231 1455 428 1490">
     <span class='ocr_line' id='line_1_37' title="bbox 231 1455 428 1490; baseline 0.015 -10"><span class='ocrx_word' id='word_1_106' title='bbox 231 1455 303 1490; x_wconf 82' lang='lat' dir='ltr'><strong>niam</strong></span> <span class='ocrx_word' id='word_1_107' title='bbox 319 1460 428 1490; x_wconf 85' lang='lat' dir='ltr'><strong>oportet</strong></span> 
     </span>
    </p>
   </div>
   <div class='ocr_carea' id='block_1_38' title="bbox 231 1489 435 1518">
    <p class='ocr_par' dir='ltr' id='par_1_38' title="bbox 231 1489 435 1518">
     <span class='ocr_line' id='line_1_38' title="bbox 231 1489 435 1518; baseline 0.01 -2"><span class='ocrx_word' id='word_1_108' title='bbox 231 1489 331 1518; x_wconf 87' lang='lat' dir='ltr'><strong>Filium</strong></span> <span class='ocrx_word' id='word_1_109' title='bbox 340 1489 435 1518; x_wconf 75' lang='lat' dir='ltr'><strong>inomi-</strong></span> 
     </span>
    </p>
   </div>
   <div class='ocr_carea' id='block_1_39' title="bbox 231 1526 435 1562">
    <p class='ocr_par' dir='ltr' id='par_1_39' title="bbox 231 1526 435 1562">
     <span class='ocr_line' id='line_1_39' title="bbox 231 1526 435 1562; baseline 0.01 -10"><span class='ocrx_word' id='word_1_110' title='bbox 231 1526 273 1553; x_wconf 91' lang='lat' dir='ltr'><strong>nis</strong></span> <span class='ocrx_word' id='word_1_111' title='bbox 290 1527 373 1554; x_wconf 88' lang='lat' dir='ltr'><strong>multa</strong></span> <span class='ocrx_word' id='word_1_112' title='bbox 388 1535 435 1562; x_wconf 85' lang='lat' dir='ltr'><strong>pa-</strong></span> 
     </span>
    </p>
   </div>
   <div class='ocr_carea' id='block_1_40' title="bbox 231 1562 452 1597">
    <p class='ocr_par' dir='ltr' id='par_1_40' title="bbox 231 1562 452 1597">
     <span class='ocr_line' id='line_1_40' title="bbox 231 1562 452 1597; baseline 0.005 -9"><span class='ocrx_word' id='word_1_113' title='bbox 231 1562 250 1588; x_wconf 91' lang='lat' dir='ltr'><strong>ti</strong></span> <span class='ocrx_word' id='word_1_114' title='bbox 260 1582 267 1594; x_wconf 81' lang='lat'><strong><em>,</em></strong></span> <span class='ocrx_word' id='word_1_115' title='bbox 281 1566 309 1590; x_wconf 91' lang='lat' dir='ltr'><strong>et</strong></span> <span class='ocrx_word' id='word_1_116' title='bbox 322 1563 452 1597; x_wconf 87' lang='lat' dir='ltr'><strong>reproba-</strong></span> 
     </span>
    </p>
   </div>
   <div class='ocr_carea' id='block_1_41' title="bbox 230 1597 439 1625">
    <p class='ocr_par' dir='ltr' id='par_1_41' title="bbox 230 1597 439 1625">
     <span class='ocr_line' id='line_1_41' title="bbox 230 1597 439 1625; baseline 0.005 -1"><span class='ocrx_word' id='word_1_117' title='bbox 230 1597 252 1624; x_wconf 87' lang='lat' dir='ltr'><strong>ri</strong></span> <span class='ocrx_word' id='word_1_118' title='bbox 266 1599 275 1612; x_wconf 85' lang='grc'>¹</span> <span class='ocrx_word' id='word_1_119' title='bbox 291 1605 306 1624; x_wconf 84' lang='lat' dir='ltr'><strong>a</strong></span> <span class='ocrx_word' id='word_1_120' title='bbox 318 1598 439 1625; x_wconf 88' lang='lat' dir='ltr'><strong>Seniori-</strong></span> 
     </span>
    </p>
   </div>
   <div class='ocr_carea' id='block_1_42' title="bbox 230 1633 441 1665">
    <p class='ocr_par' dir='ltr' id='par_1_42' title="bbox 230 1633 441 1665">
     <span class='ocr_line' id='line_1_42' title="bbox 230 1633 441 1665; baseline 0.009 -6"><span class='ocrx_word' id='word_1_121' title='bbox 230 1633 280 1660; x_wconf 87' lang='lat' dir='ltr'><strong>bus</strong></span> <span class='ocrx_word' id='word_1_122' title='bbox 289 1653 297 1665; x_wconf 89' lang='lat'><strong>,</strong></span> <span class='ocrx_word' id='word_1_123' title='bbox 309 1638 336 1661; x_wconf 86' lang='lat' dir='ltr'><strong>et</strong></span> <span class='ocrx_word' id='word_1_124' title='bbox 349 1633 441 1661; x_wconf 89' lang='lat' dir='ltr'><strong>Ponti-</strong></span> 
     </span>
    </p>
   </div>
   <div class='ocr_carea' id='block_1_43' title="bbox 229 1668 472 1702">
    <p class='ocr_par' dir='ltr' id='par_1_43' title="bbox 229 1668 472 1702">
     <span class='ocr_line' id='line_1_43' title="bbox 229 1668 472 1702; baseline 0.012 -7"><span class='ocrx_word' id='word_1_125' title='bbox 229 1668 326 1696; x_wconf 83' lang='lat' dir='ltr'><strong>ﬁcibus</strong></span> <span class='ocrx_word' id='word_1_126' title='bbox 335 1690 342 1702; x_wconf 89' lang='lat'><strong>,</strong></span> <span class='ocrx_word' id='word_1_127' title='bbox 358 1673 385 1696; x_wconf 93' lang='lat' dir='ltr'><strong>et</strong></span> <span class='ocrx_word' id='word_1_128' title='bbox 399 1669 472 1698; x_wconf 87' lang='lat' dir='ltr'><strong>Scri-</strong></span> 
     </span>
    </p>
   </div>
   <div class='ocr_carea' id='block_1_44' title="bbox 230 1703 427 1737">
    <p class='ocr_par' dir='ltr' id='par_1_44' title="bbox 230 1703 427 1737">
     <span class='ocr_line' id='line_1_44' title="bbox 230 1703 427 1737; baseline 0.01 -7"><span class='ocrx_word' id='word_1_129' title='bbox 230 1703 287 1737; x_wconf 86' lang='lat' dir='ltr'><strong>bis,</strong></span> <span class='ocrx_word' id='word_1_130' title='bbox 300 1709 328 1732; x_wconf 92' lang='lat' dir='ltr'><strong>et</strong></span> <span class='ocrx_word' id='word_1_131' title='bbox 342 1704 427 1732; x_wconf 88' lang='lat' dir='ltr'><strong>inter-</strong></span> 
     </span>
    </p>
   </div>
   <div class='ocr_carea' id='block_1_45' title="bbox 230 1738 473 1775">
    <p class='ocr_par' dir='ltr' id='par_1_45' title="bbox 230 1738 473 1775">
     <span class='ocr_line' id='line_1_45' title="bbox 230 1738 473 1775; baseline 0.012 -10"><span class='ocrx_word' id='word_1_132' title='bbox 230 1738 285 1772; x_wconf 87' lang='lat' dir='ltr'><strong>ﬁci,</strong></span> <span class='ocrx_word' id='word_1_133' title='bbox 300 1743 328 1767; x_wconf 91' lang='lat' dir='ltr'><strong>et</strong></span> <span class='ocrx_word' id='word_1_134' title='bbox 342 1744 403 1775; x_wconf 91' lang='lat' dir='ltr'><strong>post</strong></span> <span class='ocrx_word' id='word_1_135' title='bbox 417 1744 473 1768; x_wconf 88' lang='lat' dir='ltr'><strong>ter-</strong></span> 
     </span>
    </p>
   </div>
   <div class='ocr_carea' id='block_1_46' title="bbox 227 1775 438 1804">
    <p class='ocr_par' dir='ltr' id='par_1_46' title="bbox 227 1775 438 1804">
     <span class='ocr_line' id='line_1_46' title="bbox 227 1775 438 1804; baseline 0.014 -3"><span class='ocrx_word' id='word_1_136' title='bbox 227 1775 295 1802; x_wconf 89' lang='lat' dir='ltr'><strong>tium</strong></span> <span class='ocrx_word' id='word_1_137' title='bbox 306 1775 378 1803; x_wconf 91' lang='lat' dir='ltr'><strong>diem</strong></span> <span class='ocrx_word' id='word_1_138' title='bbox 393 1783 438 1804; x_wconf 86' lang='lat' dir='ltr'><strong>re-</strong></span> 
     </span>
    </p>
   </div>
   <div class='ocr_carea' id='block_1_47' title="bbox 228 1810 475 1846">
    <p class='ocr_par' dir='ltr' id='par_1_47' title="bbox 228 1810 475 1846">
     <span class='ocr_line' id='line_1_47' title="bbox 228 1810 475 1846; baseline 0.004 -7"><span class='ocrx_word' id='word_1_139' title='bbox 228 1810 274 1839; x_wconf 74' lang='grc'><strong>23.</strong></span> <span class='ocrx_word' id='word_1_140' title='bbox 295 1818 415 1846; x_wconf 86' lang='lat' dir='ltr'><strong>surgere.</strong></span> <span class='ocrx_word' id='word_1_141' title='bbox 431 1812 475 1840; x_wconf 89' lang='lat' dir='ltr'><strong>Di-</strong></span> 
     </span>
    </p>
   </div>
   <div class='ocr_carea' id='block_1_48' title="bbox 229 1847 413 1874">
    <p class='ocr_par' dir='ltr' id='par_1_48' title="bbox 229 1847 413 1874">
     <span class='ocr_line' id='line_1_48' title="bbox 229 1847 413 1874; baseline 0 0"><span class='ocrx_word' id='word_1_142' title='bbox 229 1847 308 1874; x_wconf 89' lang='lat' dir='ltr'><strong>cebat</strong></span> <span class='ocrx_word' id='word_1_143' title='bbox 323 1851 413 1874; x_wconf 87' lang='lat' dir='ltr'><strong>autem</strong></span> 
     </span>
    </p>
   </div>
   <div class='ocr_carea' id='block_1_49' title="bbox 229 1883 399 1911">
    <p class='ocr_par' dir='ltr' id='par_1_49' title="bbox 229 1883 399 1911">
     <span class='ocr_line' id='line_1_49' title="bbox 229 1883 399 1911; baseline 0.018 -3"><span class='ocrx_word' id='word_1_144' title='bbox 229 1883 262 1909; x_wconf 86' lang='lat' dir='ltr'><strong>ad</strong></span> <span class='ocrx_word' id='word_1_145' title='bbox 281 1890 377 1910; x_wconf 90' lang='lat' dir='ltr'><strong>omnes</strong></span> <span class='ocrx_word' id='word_1_146' title='bbox 392 1893 399 1911; x_wconf 88' lang='lat'>:</span> 
     </span>
    </p>
   </div>
   <div class='ocr_carea' id='block_1_50' title="bbox 228 1918 398 1953">
    <p class='ocr_par' dir='ltr' id='par_1_50' title="bbox 228 1918 398 1953">
     <span class='ocr_line' id='line_1_50' title="bbox 228 1918 398 1953; baseline 0.006 -8"><span class='ocrx_word' id='word_1_147' title='bbox 228 1918 257 1945; x_wconf 92' lang='lat' dir='ltr'><strong>Si</strong></span> <span class='ocrx_word' id='word_1_148' title='bbox 272 1919 331 1953; x_wconf 89' lang='lat' dir='ltr'><strong>quis</strong></span> <span class='ocrx_word' id='word_1_149' title='bbox 341 1919 398 1946; x_wconf 94' lang='lat' dir='ltr'><strong>vult</strong></span> 
     </span>
    </p>
   </div>
   <div class='ocr_carea' id='block_1_51' title="bbox 227 1955 434 1989">
    <p class='ocr_par' dir='ltr' id='par_1_51' title="bbox 227 1955 434 1989">
     <span class='ocr_line' id='line_1_51' title="bbox 227 1955 434 1989; baseline 0.005 -7"><span class='ocrx_word' id='word_1_150' title='bbox 227 1959 287 1989; x_wconf 87' lang='lat' dir='ltr'><strong>post</strong></span> <span class='ocrx_word' id='word_1_151' title='bbox 303 1962 346 1983; x_wconf 90' lang='lat' dir='ltr'><strong>me</strong></span> <span class='ocrx_word' id='word_1_152' title='bbox 360 1955 434 1983; x_wconf 90' lang='lat' dir='ltr'><strong>veni—</strong></span> 
     </span>
    </p>
   </div>
   <div class='ocr_carea' id='block_1_52' title="bbox 666 244 840 279">
    <p class='ocr_par' dir='ltr' id='par_1_52' title="bbox 666 244 840 279">
     <span class='ocr_line' id='line_1_52' title="bbox 666 244 840 279; baseline 0.006 -8"><span class='ocrx_word' id='word_1_153' title='bbox 666 251 695 271; x_wconf 94' lang='lat' dir='ltr'><strong>re</strong></span> <span class='ocrx_word' id='word_1_154' title='bbox 705 265 712 277; x_wconf 89' lang='lat'><strong><em>,</em></strong></span> <span class='ocrx_word' id='word_1_155' title='bbox 724 244 840 279; x_wconf 76' lang='lat' dir='ltr'><strong>abneget</strong></span> 
     </span>
    </p>
   </div>
   <div class='ocr_carea' id='block_1_53' title="bbox 667 280 859 314">
    <p class='ocr_par' dir='ltr' id='par_1_53' title="bbox 667 280 859 314">
     <span class='ocr_line' id='line_1_53' title="bbox 667 280 859 314; baseline 0 -7"><span class='ocrx_word' id='word_1_156' title='bbox 667 287 696 307; x_wconf 89' lang='lat' dir='ltr'><strong>se</strong></span> <span class='ocrx_word' id='word_1_157' title='bbox 711 280 816 314; x_wconf 81' lang='lat' dir='ltr'><strong>ipsum,</strong></span> <span class='ocrx_word' id='word_1_158' title='bbox 832 283 859 307; x_wconf 93' lang='lat' dir='ltr'><strong>et</strong></span> 
     </span>
    </p>
   </div>
   <div class='ocr_carea' id='block_1_54' title="bbox 667 320 860 350">
    <p class='ocr_par' dir='ltr' id='par_1_54' title="bbox 667 320 860 350">
     <span class='ocr_line' id='line_1_54' title="bbox 667 320 860 350; baseline -0.005 -8"><span class='ocrx_word' id='word_1_159' title='bbox 667 320 795 350; x_wconf 85' lang='lat' dir='ltr'><strong>sequatur</strong></span> <span class='ocrx_word' id='word_1_160' title='bbox 808 323 860 343; x_wconf 92' lang='lat' dir='ltr'><strong>me.</strong></span> 
     </span>
    </p>
   </div>
   <div class='ocr_carea' id='block_1_55' title="bbox 665 350 923 386">
    <p class='ocr_par' dir='ltr' id='par_1_55' title="bbox 665 350 923 386">
     <span class='ocr_line' id='line_1_55' title="bbox 665 350 923 386; baseline 0.016 -9"><span class='ocrx_word' id='word_1_161' title='bbox 665 350 710 377; x_wconf 76' lang='lat'><strong>24.</strong></span> <span class='ocrx_word' id='word_1_162' title='bbox 720 352 839 386; x_wconf 80' lang='lat' dir='ltr'><strong>Quisque</strong></span> <span class='ocrx_word' id='word_1_163' title='bbox 850 351 923 381; x_wconf 87' lang='lat' dir='ltr'><strong>enim</strong></span> 
     </span>
    </p>
   </div>
   <div class='ocr_carea' id='block_1_56' title="bbox 664 386 855 414">
    <p class='ocr_par' dir='ltr' id='par_1_56' title="bbox 664 386 855 414">
     <span class='ocr_line' id='line_1_56' title="bbox 664 386 855 414; baseline 0.005 -1"><span class='ocrx_word' id='word_1_164' title='bbox 664 387 780 414; x_wconf 89' lang='lat' dir='ltr'><strong>voluerit</strong></span> <span class='ocrx_word' id='word_1_165' title='bbox 795 386 839 414; x_wconf 89' lang='lat' dir='ltr'><strong>ani</strong></span> <span class='ocrx_word' id='word_1_166' title='bbox 847 403 855 408; x_wconf 95' lang='lat'><strong><em>-</em></strong></span> 
     </span>
    </p>
   </div>
   <div class='ocr_carea' id='block_1_57' title="bbox 663 430 822 450">
    <p class='ocr_par' dir='ltr' id='par_1_57' title="bbox 663 430 822 450">
     <span class='ocr_line' id='line_1_57' title="bbox 663 430 822 450; baseline 0.006 -1"><span class='ocrx_word' id='word_1_167' title='bbox 663 430 735 450; x_wconf 91' lang='lat' dir='ltr'><strong>mam</strong></span> <span class='ocrx_word' id='word_1_168' title='bbox 745 430 822 450; x_wconf 87' lang='lat' dir='ltr'><strong>suam</strong></span> 
     </span>
    </p>
   </div>
   <div class='ocr_carea' id='block_1_58' title="bbox 663 458 850 486">
    <p class='ocr_par' dir='ltr' id='par_1_58' title="bbox 663 458 850 486">
     <span class='ocr_line' id='line_1_58' title="bbox 663 458 850 486; baseline 0.011 -2"><span class='ocrx_word' id='word_1_169' title='bbox 663 458 768 485; x_wconf 89' lang='lat' dir='ltr'><strong>salvam</strong></span> <span class='ocrx_word' id='word_1_170' title='bbox 782 459 850 486; x_wconf 82' lang='lat' dir='ltr'><strong>face-</strong></span> 
     </span>
    </p>
   </div>
   <div class='ocr_carea' id='block_1_59' title="bbox 662 494 869 528">
    <p class='ocr_par' dir='ltr' id='par_1_59' title="bbox 662 494 869 528">
     <span class='ocr_line' id='line_1_59' title="bbox 662 494 869 528; baseline 0.005 -8"><span class='ocrx_word' id='word_1_171' title='bbox 662 501 706 526; x_wconf 84' lang='lat' dir='ltr'><strong>re,</strong></span> <span class='ocrx_word' id='word_1_172' title='bbox 728 494 823 528; x_wconf 87' lang='lat' dir='ltr'><strong>perdet</strong></span> <span class='ocrx_word' id='word_1_173' title='bbox 836 494 869 521; x_wconf 90' lang='lat' dir='ltr'><strong>il-</strong></span> 
     </span>
    </p>
   </div>
   <div class='ocr_carea' id='block_1_60' title="bbox 663 529 929 565">
    <p class='ocr_par' dir='ltr' id='par_1_60' title="bbox 663 529 929 565">
     <span class='ocr_line' id='line_1_60' title="bbox 663 529 929 565; baseline 0.011 -9"><span class='ocrx_word' id='word_1_174' title='bbox 663 529 716 565; x_wconf 85' lang='lat' dir='ltr'><strong>lam</strong></span> <span class='ocrx_word' id='word_1_175' title='bbox 733 538 739 556; x_wconf 88' lang='lat'>:</span> <span class='ocrx_word' id='word_1_176' title='bbox 755 534 792 561; x_wconf 90' lang='lat' dir='ltr'><strong>et,</strong></span> <span class='ocrx_word' id='word_1_177' title='bbox 807 530 853 565; x_wconf 90' lang='lat' dir='ltr'><strong>qui</strong></span> <span class='ocrx_word' id='word_1_178' title='bbox 869 536 929 564; x_wconf 85' lang='lat' dir='ltr'><strong>per-</strong></span> 
     </span>
    </p>
   </div>
   <div class='ocr_carea' id='block_1_61' title="bbox 663 564 834 592">
    <p class='ocr_par' dir='ltr' id='par_1_61' title="bbox 663 564 834 592">
     <span class='ocr_line' id='line_1_61' title="bbox 663 564 834 592; baseline 0 0"><span class='ocrx_word' id='word_1_179' title='bbox 663 564 762 592; x_wconf 86' lang='lat' dir='ltr'><strong>diderit</strong></span> <span class='ocrx_word' id='word_1_180' title='bbox 776 564 834 592; x_wconf 86' lang='lat' dir='ltr'><strong>ani-</strong></span> 
     </span>
    </p>
   </div>
   <div class='ocr_carea' id='block_1_62' title="bbox 663 607 826 628">
    <p class='ocr_par' dir='ltr' id='par_1_62' title="bbox 663 607 826 628">
     <span class='ocr_line' id='line_1_62' title="bbox 663 607 826 628; baseline 0.006 -1"><span class='ocrx_word' id='word_1_181' title='bbox 663 607 735 627; x_wconf 90' lang='lat' dir='ltr'><strong>mam</strong></span> <span class='ocrx_word' id='word_1_182' title='bbox 749 608 826 628; x_wconf 91' lang='lat' dir='ltr'><strong>suam</strong></span> 
     </span>
    </p>
   </div>
   <div class='ocr_carea' id='block_1_63' title="bbox 662 637 830 670">
    <p class='ocr_par' dir='ltr' id='par_1_63' title="bbox 662 637 830 670">
     <span class='ocr_line' id='line_1_63' title="bbox 662 637 830 670; baseline 0 -7"><span class='ocrx_word' id='word_1_183' title='bbox 662 643 744 664; x_wconf 85' lang='lat' dir='ltr'><strong>causa</strong></span> <span class='ocrx_word' id='word_1_184' title='bbox 763 637 830 670; x_wconf 91' lang='lat' dir='ltr'><strong>mei,</strong></span> 
     </span>
    </p>
   </div>
   <div class='ocr_carea' id='block_1_64' title="bbox 662 671 822 699">
    <p class='ocr_par' dir='ltr' id='par_1_64' title="bbox 662 671 822 699">
     <span class='ocr_line' id='line_1_64' title="bbox 662 671 822 699; baseline 0.013 -2"><span class='ocrx_word' id='word_1_185' title='bbox 662 671 777 699; x_wconf 86' lang='lat' dir='ltr'><strong>salvabit</strong></span> <span class='ocrx_word' id='word_1_186' title='bbox 789 672 822 699; x_wconf 92' lang='lat' dir='ltr'><strong>il-</strong></span> 
     </span>
    </p>
   </div>
   <div class='ocr_carea' id='block_1_65' title="bbox 662 706 933 742">
    <p class='ocr_par' dir='ltr' id='par_1_65' title="bbox 662 706 933 742">
     <span class='ocr_line' id='line_1_65' title="bbox 662 706 933 742; baseline 0.007 -9"><span class='ocrx_word' id='word_1_187' title='bbox 662 706 787 734; x_wconf 87' lang='lat' dir='ltr'><strong>25.1am.</strong></span> <span class='ocrx_word' id='word_1_188' title='bbox 804 707 845 742; x_wconf 88' lang='lat' dir='ltr'><strong>Qu</strong></span> <span class='ocrx_word' id='word_1_189' title='bbox 867 728 873 734; x_wconf 92' lang='lat'><strong>.</strong></span> <span class='ocrx_word' id='word_1_190' title='bbox 895 727 902 735; x_wconf 85' lang='lat'><strong>.</strong></span> <span class='ocrx_word' id='word_1_191' title='bbox 927 728 933 735; x_wconf 96' lang='lat'><strong>.</strong></span> 
     </span>
    </p>
   </div>
   <div class='ocr_carea' id='block_1_66' title="bbox 662 743 859 778">
    <p class='ocr_par' dir='ltr' id='par_1_66' title="bbox 662 743 859 778">
     <span class='ocr_line' id='line_1_66' title="bbox 662 743 859 778; baseline 0 -8"><span class='ocrx_word' id='word_1_192' title='bbox 662 743 733 770; x_wconf 91' lang='lat' dir='ltr'><strong>enim</strong></span> <span class='ocrx_word' id='word_1_193' title='bbox 753 751 802 778; x_wconf 89' lang='lat' dir='ltr'><strong>pro</strong></span> <span class='ocrx_word' id='word_1_194' title='bbox 823 764 829 770; x_wconf 89' lang='lat'><strong>.</strong></span> <span class='ocrx_word' id='word_1_195' title='bbox 853 762 859 770; x_wconf 96' lang='lat'><strong>.</strong></span> 
     </span>
    </p>
   </div>
   <div class='ocr_carea' id='block_1_67' title="bbox 663 777 822 806">
    <p class='ocr_par' dir='ltr' id='par_1_67' title="bbox 663 777 822 806">
     <span class='ocr_line' id='line_1_67' title="bbox 663 777 822 806; baseline 0.013 -2"><span class='ocrx_word' id='word_1_196' title='bbox 663 777 763 806; x_wconf 91' lang='lat' dir='ltr'><strong>homini</strong></span> <span class='ocrx_word' id='word_1_197' title='bbox 781 779 822 806; x_wconf 93' lang='lat' dir='ltr'><strong>lu-</strong></span> 
     </span>
    </p>
   </div>
   <div class='ocr_carea' id='block_1_68' title="bbox 661 814 824 842">
    <p class='ocr_par' dir='ltr' id='par_1_68' title="bbox 661 814 824 842">
     <span class='ocr_line' id='line_1_68' title="bbox 661 814 824 842; baseline 0 -1"><span class='ocrx_word' id='word_1_198' title='bbox 661 814 732 841; x_wconf 89' lang='lat' dir='ltr'><strong>crari</strong></span> <span class='ocrx_word' id='word_1_199' title='bbox 746 822 824 842; x_wconf 93' lang='lat' dir='ltr'><strong>mun-</strong></span> 
     </span>
    </p>
   </div>
   <div class='ocr_carea' id='block_1_69' title="bbox 661 849 845 883">
    <p class='ocr_par' dir='ltr' id='par_1_69' title="bbox 661 849 845 883">
     <span class='ocr_line' id='line_1_69' title="bbox 661 849 845 883; baseline 0.011 -7"><span class='ocrx_word' id='word_1_200' title='bbox 661 849 725 877; x_wconf 90' lang='lat' dir='ltr'><strong>dum</strong></span> <span class='ocrx_word' id='word_1_201' title='bbox 742 855 828 877; x_wconf 91' lang='lat' dir='ltr'><strong>totum</strong></span> <span class='ocrx_word' id='word_1_202' title='bbox 837 871 845 883; x_wconf 84' lang='lat'><strong>,</strong></span> 
     </span>
    </p>
   </div>
   <div class='ocr_carea' id='block_1_70' title="bbox 661 886 849 923">
    <p class='ocr_par' dir='ltr' id='par_1_70' title="bbox 661 886 849 923">
     <span class='ocr_line' id='line_1_70' title="bbox 661 886 849 923; baseline 0.005 -11"><span class='ocrx_word' id='word_1_203' title='bbox 661 893 690 912; x_wconf 86' lang='lat' dir='ltr'><strong>se</strong></span> <span class='ocrx_word' id='word_1_204' title='bbox 703 891 800 923; x_wconf 75' lang='lat' dir='ltr'><strong>autem</strong></span> <span class='ocrx_word' id='word_1_205' title='bbox 809 886 849 923; x_wconf 79' lang='lat' dir='ltr'><strong>ip-</strong></span> 
     </span>
    </p>
   </div>
   <div class='ocr_carea' id='block_1_71' title="bbox 660 921 831 956">
    <p class='ocr_par' dir='ltr' id='par_1_71' title="bbox 660 921 831 956">
     <span class='ocr_line' id='line_1_71' title="bbox 660 921 831 956; baseline 0 -8"><span class='ocrx_word' id='word_1_206' title='bbox 660 928 721 948; x_wconf 89' lang='lat' dir='ltr'><strong>sum</strong></span> <span class='ocrx_word' id='word_1_207' title='bbox 737 921 831 956; x_wconf 83' lang='lat' dir='ltr'><strong>perde-</strong></span> 
     </span>
    </p>
   </div>
   <div class='ocr_carea' id='block_1_72' title="bbox 661 957 882 993">
    <p class='ocr_par' dir='ltr' id='par_1_72' title="bbox 661 957 882 993">
     <span class='ocr_line' id='line_1_72' title="bbox 661 957 882 993; baseline 0.005 -11"><span class='ocrx_word' id='word_1_208' title='bbox 661 964 701 989; x_wconf 90' lang='lat' dir='ltr'><strong>re,</strong></span> <span class='ocrx_word' id='word_1_209' title='bbox 715 961 760 984; x_wconf 85' lang='lat' dir='ltr'><strong>aut</strong></span> <span class='ocrx_word' id='word_1_210' title='bbox 775 957 812 993; x_wconf 89' lang='lat' dir='ltr'><strong>(b)</strong></span> <span class='ocrx_word' id='word_1_211' title='bbox 824 957 882 992; x_wconf 80' lang='lat' dir='ltr'><strong>juc-</strong></span> 
     </span>
    </p>
   </div>
   <div class='ocr_carea' id='block_1_73' title="bbox 661 992 801 1019">
    <p class='ocr_par' dir='ltr' id='par_1_73' title="bbox 661 992 801 1019">
     <span class='ocr_line' id='line_1_73' title="bbox 661 992 801 1019; baseline 0.007 -1"><span class='ocrx_word' id='word_1_212' title='bbox 661 996 747 1019; x_wconf 87' lang='lat' dir='ltr'><strong>turam</strong></span> <span class='ocrx_word' id='word_1_213' title='bbox 763 992 801 1019; x_wconf 81' lang='lat' dir='ltr'><strong>fa-</strong></span> 
     </span>
    </p>
   </div>
   <div class='ocr_carea' id='block_1_74' title="bbox 657 1026 1005 1068">
    <p class='ocr_par' dir='ltr' id='par_1_74' title="bbox 657 1026 1005 1068">
     <span class='ocr_line' id='line_1_74' title="bbox 657 1026 1005 1068; baseline 0 -14"><span class='ocrx_word' id='word_1_214' title='bbox 657 1026 703 1068; x_wconf 65' lang='lat'><strong>26.</strong></span> <span class='ocrx_word' id='word_1_215' title='bbox 725 1029 790 1055; x_wconf 90' lang='lat' dir='ltr'><strong>ciat.</strong></span> <span class='ocrx_word' id='word_1_216' title='bbox 806 1028 827 1063; x_wconf 56' lang='lat' dir='ltr'>f</span> <span class='ocrx_word' id='word_1_217' title='bbox 841 1027 945 1064; x_wconf 82' lang='lat' dir='ltr'><strong>Quisqu</strong></span> <span class='ocrx_word' id='word_1_218' title='bbox 967 1047 973 1054; x_wconf 92' lang='lat'><strong>.</strong></span> <span class='ocrx_word' id='word_1_219' title='bbox 999 1047 1005 1054; x_wconf 94' lang='lat'><strong>.</strong></span> 
     </span>
    </p>
   </div>
   <div class='ocr_carea' id='block_1_75' title="bbox 658 1070 810 1090">
    <p class='ocr_par' dir='ltr' id='par_1_75' title="bbox 658 1070 810 1090">
     <span class='ocr_line' id='line_1_75' title="bbox 658 1070 810 1090; baseline 0.007 -1"><span class='ocrx_word' id='word_1_220' title='bbox 658 1070 729 1090; x_wconf 86' lang='lat' dir='ltr'><strong>enim</strong></span> <span class='ocrx_word' id='word_1_221' title='bbox 742 1071 810 1090; x_wconf 90' lang='lat' dir='ltr'><strong>con-</strong></span> 
     </span>
    </p>
   </div>
   <div class='ocr_carea' id='block_1_76' title="bbox 658 1098 864 1126">
    <p class='ocr_par' dir='ltr' id='par_1_76' title="bbox 658 1098 864 1126">
     <span class='ocr_line' id='line_1_76' title="bbox 658 1098 864 1126; baseline 0.005 -2"><span class='ocrx_word' id='word_1_222' title='bbox 658 1098 733 1126; x_wconf 81' lang='lat' dir='ltr'><strong>fusus</strong></span> <span class='ocrx_word' id='word_1_223' title='bbox 748 1099 807 1126; x_wconf 79' lang='lat' dir='ltr'><strong>fuer</strong></span> <span class='ocrx_word' id='word_1_224' title='bbox 828 1118 835 1125; x_wconf 94' lang='lat'><strong>.</strong></span> <span class='ocrx_word' id='word_1_225' title='bbox 858 1120 864 1125; x_wconf 92' lang='lat'><strong>.</strong></span> 
     </span>
    </p>
   </div>
   <div class='ocr_carea' id='block_1_77' title="bbox 657 1139 884 1167">
    <p class='ocr_par' dir='ltr' id='par_1_77' title="bbox 657 1139 884 1167">
     <span class='ocr_line' id='line_1_77' title="bbox 657 1139 884 1167; baseline 0.009 -7"><span class='ocrx_word' id='word_1_226' title='bbox 657 1139 823 1167; x_wconf 88' lang='lat' dir='ltr'><strong>me,etm.</strong></span> <span class='ocrx_word' id='word_1_227' title='bbox 847 1155 884 1162; x_wconf 93' lang='lat'><strong>..</strong></span> 
     </span>
    </p>
   </div>
   <div class='ocr_carea' id='block_1_78' title="bbox 657 1168 873 1198">
    <p class='ocr_par' dir='ltr' id='par_1_78' title="bbox 657 1168 873 1198">
     <span class='ocr_line' id='line_1_78' title="bbox 657 1168 873 1198; baseline 0.005 -2"><span class='ocrx_word' id='word_1_228' title='bbox 657 1168 731 1197; x_wconf 84' lang='lat' dir='ltr'><strong>hunc</strong></span> <span class='ocrx_word' id='word_1_229' title='bbox 742 1170 784 1197; x_wconf 84' lang='lat' dir='ltr'><strong>Fil</strong></span> <span class='ocrx_word' id='word_1_230' title='bbox 806 1192 812 1198; x_wconf 91' lang='lat'><strong>.</strong></span> <span class='ocrx_word' id='word_1_231' title='bbox 836 1191 843 1197; x_wconf 97' lang='lat'><strong>.</strong></span> <span class='ocrx_word' id='word_1_232' title='bbox 866 1191 873 1197; x_wconf 88' lang='lat'><strong>.</strong></span> 
     </span>
    </p>
   </div>
   <div class='ocr_carea' id='block_1_79' title="bbox 657 1204 898 1234">
    <p class='ocr_par' dir='ltr' id='par_1_79' title="bbox 657 1204 898 1234">
     <span class='ocr_line' id='line_1_79' title="bbox 657 1204 898 1234; baseline 0.012 -3"><span class='ocrx_word' id='word_1_233' title='bbox 657 1204 748 1233; x_wconf 87' lang='lat' dir='ltr'><strong>homin</strong></span> <span class='ocrx_word' id='word_1_234' title='bbox 771 1226 777 1232; x_wconf 91' lang='lat'><strong>.</strong></span> <span class='ocrx_word' id='word_1_235' title='bbox 801 1224 809 1232; x_wconf 90' lang='lat'><strong>.</strong></span> <span class='ocrx_word' id='word_1_236' title='bbox 831 1226 838 1233; x_wconf 92' lang='lat'><strong>.</strong></span> <span class='ocrx_word' id='word_1_237' title='bbox 860 1225 868 1233; x_wconf 88' lang='lat'><strong>.</strong></span> <span class='ocrx_word' id='word_1_238' title='bbox 890 1226 898 1234; x_wconf 88' lang='lat'><strong>.</strong></span> 
     </span>
    </p>
   </div>
   <div class='ocr_carea' id='block_1_80' title="bbox 655 1240 840 1270">
    <p class='ocr_par' dir='ltr' id='par_1_80' title="bbox 655 1240 840 1270">
     <span class='ocr_line' id='line_1_80' title="bbox 655 1240 840 1270; baseline 0.011 -3"><span class='ocrx_word' id='word_1_239' title='bbox 655 1240 751 1268; x_wconf 78' lang='lat' dir='ltr'><strong>fundet</strong></span> <span class='ocrx_word' id='word_1_240' title='bbox 772 1264 778 1270; x_wconf 89' lang='lat'><strong>.</strong></span> <span class='ocrx_word' id='word_1_241' title='bbox 801 1261 808 1267; x_wconf 92' lang='lat'><strong>.</strong></span> <span class='ocrx_word' id='word_1_242' title='bbox 833 1261 840 1269; x_wconf 89' lang='lat'><strong>.</strong></span> 
     </span>
    </p>
   </div>
   <div class='ocr_carea' id='block_1_81' title="bbox 653 1283 865 1304">
    <p class='ocr_par' dir='ltr' id='par_1_81' title="bbox 653 1283 865 1304">
     <span class='ocr_line' id='line_1_81' title="bbox 653 1283 865 1304; baseline 0.005 -1"><span class='ocrx_word' id='word_1_243' title='bbox 653 1283 714 1303; x_wconf 90' lang='lat' dir='ltr'><strong>cum</strong></span> <span class='ocrx_word' id='word_1_244' title='bbox 726 1284 777 1304; x_wconf 89' lang='lat' dir='ltr'><strong>ven</strong></span> <span class='ocrx_word' id='word_1_245' title='bbox 799 1298 805 1304; x_wconf 87' lang='lat'><strong>.</strong></span> <span class='ocrx_word' id='word_1_246' title='bbox 829 1298 836 1304; x_wconf 91' lang='lat'><strong>.</strong></span> <span class='ocrx_word' id='word_1_247' title='bbox 852 1293 865 1298; x_wconf 94' lang='lat'><strong>-</strong></span> 
     </span>
    </p>
   </div>
   <div class='ocr_carea' id='block_1_82' title="bbox 655 1312 858 1347">
    <p class='ocr_par' dir='ltr' id='par_1_82' title="bbox 655 1312 858 1347">
     <span class='ocr_line' id='line_1_82' title="bbox 655 1312 858 1347; baseline 0.015 -9"><span class='ocrx_word' id='word_1_248' title='bbox 655 1312 769 1347; x_wconf 91' lang='lat' dir='ltr'><strong>ritingl</strong></span> <span class='ocrx_word' id='word_1_249' title='bbox 790 1331 798 1340; x_wconf 89' lang='lat'><strong>.</strong></span> <span class='ocrx_word' id='word_1_250' title='bbox 821 1328 858 1341; x_wconf 95' lang='lat'><strong>.-</strong></span> 
     </span>
    </p>
   </div>
   <div class='ocr_carea' id='block_1_83' title="bbox 655 1348 894 1381">
    <p class='ocr_par' dir='ltr' id='par_1_83' title="bbox 655 1348 894 1381">
     <span class='ocr_line' id='line_1_83' title="bbox 655 1348 894 1381; baseline 0 -6"><span class='ocrx_word' id='word_1_251' title='bbox 655 1348 694 1375; x_wconf 89' lang='lat' dir='ltr'><strong>ria</strong></span> <span class='ocrx_word' id='word_1_252' title='bbox 706 1355 764 1381; x_wconf 82' lang='lat' dir='ltr'><strong>sua,</strong></span> <span class='ocrx_word' id='word_1_253' title='bbox 781 1353 809 1376; x_wconf 83' lang='lat' dir='ltr'><strong>et</strong></span> <span class='ocrx_word' id='word_1_254' title='bbox 829 1369 835 1375; x_wconf 91' lang='lat'><strong>.</strong></span> <span class='ocrx_word' id='word_1_255' title='bbox 859 1368 866 1378; x_wconf 85' lang='grc'><em>.</em></span> <span class='ocrx_word' id='word_1_256' title='bbox 882 1365 894 1369; x_wconf 99' lang='grc'><strong>-</strong></span> 
     </span>
    </p>
   </div>
   <div class='ocr_carea' id='block_1_84' title="bbox 654 1384 913 1417">
    <p class='ocr_par' dir='ltr' id='par_1_84' title="bbox 654 1384 913 1417">
     <span class='ocr_line' id='line_1_84' title="bbox 654 1384 913 1417; baseline 0.008 -7"><span class='ocrx_word' id='word_1_257' title='bbox 654 1384 714 1417; x_wconf 90' lang='lat' dir='ltr'><strong>tris,</strong></span> <span class='ocrx_word' id='word_1_258' title='bbox 730 1388 758 1411; x_wconf 87' lang='lat' dir='ltr'><strong>et</strong></span> <span class='ocrx_word' id='word_1_259' title='bbox 772 1384 826 1412; x_wconf 89' lang='lat' dir='ltr'><strong>San</strong></span> <span class='ocrx_word' id='word_1_260' title='bbox 850 1405 855 1412; x_wconf 92' lang='lat'><strong>.</strong></span> <span class='ocrx_word' id='word_1_261' title='bbox 879 1400 913 1412; x_wconf 92' lang='lat'><strong>.—</strong></span> 
     </span>
    </p>
   </div>
   <div class='ocr_carea' id='block_1_85' title="bbox 656 1419 840 1455">
    <p class='ocr_par' dir='ltr' id='par_1_85' title="bbox 656 1419 840 1455">
     <span class='ocr_line' id='line_1_85' title="bbox 656 1419 840 1455; baseline 0.005 -9"><span class='ocrx_word' id='word_1_262' title='bbox 656 1423 744 1455; x_wconf 81' lang='lat' dir='ltr'><strong>torum</strong></span> <span class='ocrx_word' id='word_1_263' title='bbox 752 1419 840 1455; x_wconf 83' lang='lat' dir='ltr'><strong>Ange-</strong></span> 
     </span>
    </p>
   </div>
   <div class='ocr_carea' id='block_1_86' title="bbox 654 1454 752 1482">
    <p class='ocr_par' dir='ltr' id='par_1_86' title="bbox 654 1454 752 1482">
     <span class='ocr_line' id='line_1_86' title="bbox 654 1454 752 1482; baseline 0.01 -1"><span class='ocrx_word' id='word_1_264' title='bbox 654 1454 752 1482; x_wconf 91' lang='lat' dir='ltr'><strong>lorum.</strong></span> 
     </span>
    </p>
   </div>
   <div class='ocr_carea' id='block_1_87' title="bbox 651 1489 770 1518">
    <p class='ocr_par' dir='ltr' id='par_1_87' title="bbox 651 1489 770 1518">
     <span class='ocr_line' id='line_1_87' title="bbox 651 1489 770 1518; baseline 0.017 -2"><span class='ocrx_word' id='word_1_265' title='bbox 651 1489 709 1518; x_wconf 87' lang='lat'><strong>27..</strong></span> <span class='ocrx_word' id='word_1_266' title='bbox 733 1511 740 1518; x_wconf 96' lang='lat'><strong>.</strong></span> <span class='ocrx_word' id='word_1_267' title='bbox 763 1510 770 1518; x_wconf 89' lang='lat'><strong>.</strong></span> 
     </span>
    </p>
   </div>
   <div class='ocr_carea' id='block_1_88' title="bbox 686 1527 931 1559">
    <p class='ocr_par' dir='ltr' id='par_1_88' title="bbox 686 1527 931 1559">
     <span class='ocr_line' id='line_1_88' title="bbox 686 1527 931 1559; baseline 0.02 -8"><span class='ocrx_word' id='word_1_268' title='bbox 686 1546 692 1551; x_wconf 97' lang='lat'><strong>.</strong></span> <span class='ocrx_word' id='word_1_269' title='bbox 715 1547 721 1553; x_wconf 91' lang='lat'><strong>.</strong></span> <span class='ocrx_word' id='word_1_270' title='bbox 744 1527 754 1542; x_wconf 88' lang='grc'>³</span> <span class='ocrx_word' id='word_1_271' title='bbox 766 1534 829 1555; x_wconf 85' lang='lat' dir='ltr'><strong>vere</strong></span> <span class='ocrx_word' id='word_1_272' title='bbox 844 1534 850 1554; x_wconf 87' lang='lat'>:</span> <span class='ocrx_word' id='word_1_273' title='bbox 868 1532 931 1559; x_wconf 84' lang='lat' dir='ltr'><strong>sunt</strong></span> 
     </span>
    </p>
   </div>
   <div class='ocr_carea' id='block_1_89' title="bbox 656 1562 869 1590">
    <p class='ocr_par' dir='ltr' id='par_1_89' title="bbox 656 1562 869 1590">
     <span class='ocr_line' id='line_1_89' title="bbox 656 1562 869 1590; baseline 0.005 -1"><span class='ocrx_word' id='word_1_274' title='bbox 656 1582 662 1589; x_wconf 92' lang='lat'><strong>.</strong></span> <span class='ocrx_word' id='word_1_275' title='bbox 686 1581 692 1588; x_wconf 88' lang='lat'><strong>.</strong></span> <span class='ocrx_word' id='word_1_276' title='bbox 716 1583 723 1589; x_wconf 91' lang='lat'><strong>.</strong></span> <span class='ocrx_word' id='word_1_277' title='bbox 745 1562 807 1589; x_wconf 90' lang='lat' dir='ltr'><strong>dam</strong></span> <span class='ocrx_word' id='word_1_278' title='bbox 825 1563 869 1590; x_wconf 86' lang='lat' dir='ltr'><strong>hic</strong></span> 
     </span>
    </p>
   </div>
   <div class='ocr_carea' id='block_1_90' title="bbox 685 1599 881 1634">
    <p class='ocr_par' dir='ltr' id='par_1_90' title="bbox 685 1599 881 1634">
     <span class='ocr_line' id='line_1_90' title="bbox 685 1599 881 1634; baseline 0.01 -10"><span class='ocrx_word' id='word_1_279' title='bbox 685 1618 691 1624; x_wconf 91' lang='lat'><strong>.</strong></span> <span class='ocrx_word' id='word_1_280' title='bbox 714 1617 721 1624; x_wconf 91' lang='lat'><strong>.</strong></span> <span class='ocrx_word' id='word_1_281' title='bbox 742 1602 819 1631; x_wconf 90' lang='lat' dir='ltr'><strong>ntes,</strong></span> <span class='ocrx_word' id='word_1_282' title='bbox 836 1599 881 1634; x_wconf 85' lang='lat' dir='ltr'><strong>qui</strong></span> 
     </span>
    </p>
   </div>
   <div class='ocr_carea' id='block_1_91' title="bbox 653 1638 808 1669">
    <p class='ocr_par' dir='ltr' id='par_1_91' title="bbox 653 1638 808 1669">
     <span class='ocr_line' id='line_1_91' title="bbox 653 1638 808 1669; baseline 0.013 -10"><span class='ocrx_word' id='word_1_283' title='bbox 653 1640 706 1669; x_wconf 77' lang='lat' dir='ltr'><strong>non</strong></span> <span class='ocrx_word' id='word_1_284' title='bbox 717 1638 808 1669; x_wconf 82' lang='lat' dir='ltr'><strong>gusta-</strong></span> 
     </span>
    </p>
   </div>
   <div class='ocr_carea' id='block_1_92' title="bbox 653 1668 860 1702">
    <p class='ocr_par' dir='ltr' id='par_1_92' title="bbox 653 1668 860 1702">
     <span class='ocr_line' id='line_1_92' title="bbox 653 1668 860 1702; baseline 0.01 -8"><span class='ocrx_word' id='word_1_285' title='bbox 653 1668 727 1695; x_wconf 37' lang='lat' dir='ltr'><strong>bunt’</strong></span> <span class='ocrx_word' id='word_1_286' title='bbox 734 1674 860 1702; x_wconf 87' lang='lat' dir='ltr'><strong>mortem,</strong></span> 
     </span>
    </p>
   </div>
   <div class='ocr_carea' id='block_1_93' title="bbox 654 1704 867 1732">
    <p class='ocr_par' dir='ltr' id='par_1_93' title="bbox 654 1704 867 1732">
     <span class='ocr_line' id='line_1_93' title="bbox 654 1704 867 1732; baseline 0.005 -1"><span class='ocrx_word' id='word_1_287' title='bbox 654 1712 660 1718; x_wconf 91' lang='grc'><strong>·</strong></span> <span class='ocrx_word' id='word_1_288' title='bbox 682 1724 690 1732; x_wconf 94' lang='grc'><strong>.</strong></span> <span class='ocrx_word' id='word_1_289' title='bbox 711 1712 781 1732; x_wconf 91' lang='lat' dir='ltr'><strong>onec</strong></span> <span class='ocrx_word' id='word_1_290' title='bbox 793 1704 867 1732; x_wconf 91' lang='lat' dir='ltr'><strong>vide-</strong></span> 
     </span>
    </p>
   </div>
   <div class='ocr_carea' id='block_1_94' title="bbox 652 1744 867 1776">
    <p class='ocr_par' dir='ltr' id='par_1_94' title="bbox 652 1744 867 1776">
     <span class='ocr_line' id='line_1_94' title="bbox 652 1744 867 1776; baseline 0.005 -10"><span class='ocrx_word' id='word_1_291' title='bbox 652 1758 660 1767; x_wconf 88' lang='lat'><strong>.</strong></span> <span class='ocrx_word' id='word_1_292' title='bbox 683 1760 689 1766; x_wconf 91' lang='lat'><strong>.</strong></span> <span class='ocrx_word' id='word_1_293' title='bbox 711 1744 740 1767; x_wconf 90' lang='lat' dir='ltr'><strong>nt</strong></span> <span class='ocrx_word' id='word_1_294' title='bbox 754 1748 867 1776; x_wconf 85' lang='lat' dir='ltr'><strong>regnum</strong></span> 
     </span>
    </p>
   </div>
   <div class='ocr_carea' id='block_1_95' title="bbox 651 1775 829 1803">
    <p class='ocr_par' dir='ltr' id='par_1_95' title="bbox 651 1775 829 1803">
     <span class='ocr_line' id='line_1_95' title="bbox 651 1775 829 1803; baseline 0.011 -2"><span class='ocrx_word' id='word_1_295' title='bbox 651 1794 658 1801; x_wconf 95' lang='lat'><strong>.</strong></span> <span class='ocrx_word' id='word_1_296' title='bbox 681 1795 688 1802; x_wconf 90' lang='lat'><strong>.</strong></span> <span class='ocrx_word' id='word_1_297' title='bbox 709 1775 745 1803; x_wconf 90' lang='lat' dir='ltr'><strong>ei.</strong></span> <span class='ocrx_word' id='word_1_298' title='bbox 762 1776 829 1803; x_wconf 86' lang='lat' dir='ltr'><strong>Fac-</strong></span> 
     </span>
    </p>
   </div>
   <div class='ocr_carea' id='block_1_96' title="bbox 648 1810 980 1842">
    <p class='ocr_par' dir='ltr' id='par_1_96' title="bbox 648 1810 980 1842">
     <span class='ocr_line' id='line_1_96' title="bbox 648 1810 980 1842; baseline 0.006 -4"><span class='ocrx_word' id='word_1_299' title='bbox 648 1810 693 1838; x_wconf 85' lang='lat'><strong>28.</strong></span> <span class='ocrx_word' id='word_1_300' title='bbox 718 1832 725 1839; x_wconf 94' lang='lat'><strong>.</strong></span> <span class='ocrx_word' id='word_1_301' title='bbox 747 1831 754 1838; x_wconf 94' lang='lat'><strong>.</strong></span> <span class='ocrx_word' id='word_1_302' title='bbox 776 1819 820 1839; x_wconf 94' lang='lat' dir='ltr'><strong>um</strong></span> <span class='ocrx_word' id='word_1_303' title='bbox 836 1815 878 1839; x_wconf 89' lang='lat' dir='ltr'><strong>est</strong></span> <span class='ocrx_word' id='word_1_304' title='bbox 890 1816 980 1842; x_wconf 75' lang='lat' dir='ltr'><strong>autem</strong></span> 
     </span>
    </p>
   </div>
   <div class='ocr_carea' id='block_1_97' title="bbox 650 1847 907 1875">
    <p class='ocr_par' dir='ltr' id='par_1_97' title="bbox 650 1847 907 1875">
     <span class='ocr_line' id='line_1_97' title="bbox 650 1847 907 1875; baseline 0.004 -2"><span class='ocrx_word' id='word_1_305' title='bbox 650 1866 657 1873; x_wconf 94' lang='lat'><strong>.</strong></span> <span class='ocrx_word' id='word_1_306' title='bbox 679 1867 686 1874; x_wconf 89' lang='lat'><strong>.</strong></span> <span class='ocrx_word' id='word_1_307' title='bbox 708 1853 750 1875; x_wconf 88' lang='lat' dir='ltr'><strong>ost</strong></span> <span class='ocrx_word' id='word_1_308' title='bbox 767 1847 833 1875; x_wconf 88' lang='lat' dir='ltr'><strong>ltaec</strong></span> <span class='ocrx_word' id='word_1_309' title='bbox 845 1855 907 1874; x_wconf 90' lang='lat' dir='ltr'><strong>ver-</strong></span> 
     </span>
    </p>
   </div>
   <div class='ocr_carea' id='block_1_98' title="bbox 651 1882 888 1916">
    <p class='ocr_par' dir='ltr' id='par_1_98' title="bbox 651 1882 888 1916">
     <span class='ocr_line' id='line_1_98' title="bbox 651 1882 888 1916; baseline 0.004 -7"><span class='ocrx_word' id='word_1_310' title='bbox 651 1902 659 1909; x_wconf 95' lang='lat'><strong>.</strong></span> <span class='ocrx_word' id='word_1_311' title='bbox 682 1902 689 1909; x_wconf 95' lang='lat'><strong>.</strong></span> <span class='ocrx_word' id='word_1_312' title='bbox 708 1890 740 1916; x_wconf 91' lang='lat' dir='ltr'><strong>a,</strong></span> <span class='ocrx_word' id='word_1_313' title='bbox 756 1882 888 1911; x_wconf 68' lang='lat' dir='ltr'><strong>‘circiter</strong></span> 
     </span>
    </p>
   </div>
   <div class='ocr_carea' id='block_1_99' title="bbox 653 1918 881 1946">
    <p class='ocr_par' dir='ltr' id='par_1_99' title="bbox 653 1918 881 1946">
     <span class='ocr_line' id='line_1_99' title="bbox 653 1918 881 1946; baseline 0 0"><span class='ocrx_word' id='word_1_314' title='bbox 653 1940 659 1946; x_wconf 93' lang='lat'><strong>.</strong></span> <span class='ocrx_word' id='word_1_315' title='bbox 681 1938 688 1945; x_wconf 92' lang='lat'><strong>.</strong></span> <span class='ocrx_word' id='word_1_316' title='bbox 709 1924 752 1946; x_wconf 92' lang='lat' dir='ltr'><strong>ost</strong></span> <span class='ocrx_word' id='word_1_317' title='bbox 765 1918 824 1946; x_wconf 88' lang='lat' dir='ltr'><strong>dies</strong></span> <span class='ocrx_word' id='word_1_318' title='bbox 838 1925 881 1946; x_wconf 86' lang='lat' dir='ltr'><strong>oc-</strong></span> 
     </span>
    </p>
   </div>
   <div class='ocr_carea' id='block_1_100' title="bbox 682 1954 888 1989">
    <p class='ocr_par' dir='ltr' id='par_1_100' title="bbox 682 1954 888 1989">
     <span class='ocr_line' id='line_1_100' title="bbox 682 1954 888 1989; baseline 0.005 -8"><span class='ocrx_word' id='word_1_319' title='bbox 682 1974 688 1981; x_wconf 89' lang='lat'><strong>.</strong></span> <span class='ocrx_word' id='word_1_320' title='bbox 710 1962 725 1982; x_wconf 94' lang='lat' dir='ltr'><strong>o</strong></span> <span class='ocrx_word' id='word_1_321' title='bbox 739 1954 888 1989; x_wconf 82' lang='lat' dir='ltr'><strong>adsumptis</strong></span> 
     </span>
    </p>
   </div>
   <div class='ocr_carea' id='block_1_101' title="bbox 791 1496 984 1520">
    <p class='ocr_par' dir='ltr' id='par_1_101' title="bbox 791 1496 984 1520">
     <span class='ocr_line' id='line_1_101' title="bbox 791 1496 984 1520; baseline 0.01 -2"><span class='ocrx_word' id='word_1_322' title='bbox 791 1498 823 1518; x_wconf 85' lang='lat' dir='ltr'><strong>CO</strong></span> <span class='ocrx_word' id='word_1_323' title='bbox 834 1496 924 1519; x_wconf 84' lang='lat' dir='ltr'><strong>autem</strong></span> <span class='ocrx_word' id='word_1_324' title='bbox 937 1498 984 1520; x_wconf 80' lang='grc' dir='ltr'><strong>νο-</strong></span> 
     </span>
    </p>
   </div>
   <div class='ocr_carea' id='block_1_102' title="bbox 1326 196 1688 231">
    <p class='ocr_par' dir='ltr' id='par_1_102' title="bbox 1326 196 1688 231">
     <span class='ocr_line' id='line_1_102' title="bbox 1326 196 1688 231; baseline -0.003 -1"><span class='ocrx_word' id='word_1_325' title='bbox 1326 196 1444 231; x_wconf 69' lang='grc' dir='ltr'><strong>ΩΟβΕΧ</strong></span> <span class='ocrx_word' id='word_1_326' title='bbox 1463 197 1688 229; x_wconf 64' lang='grc' dir='ltr'><strong>νειωθιευιειβ.</strong></span> 
     </span>
    </p>
   </div>
   <div class='ocr_carea' id='block_1_103' title="bbox 1103 251 1152 271">
    <p class='ocr_par' dir='ltr' id='par_1_103' title="bbox 1103 251 1152 271">
     <span class='ocr_line' id='line_1_103' title="bbox 1103 251 1152 271; baseline 0 0"><span class='ocrx_word' id='word_1_327' title='bbox 1103 251 1152 271; x_wconf 75' lang='grc' dir='ltr'><strong>ιιι.</strong></span> 
     </span>
    </p>
   </div>
   <div class='ocr_carea' id='block_1_104' title="bbox 1101 278 1378 315">
    <p class='ocr_par' dir='ltr' id='par_1_104' title="bbox 1101 278 1378 315">
     <span class='ocr_line' id='line_1_104' title="bbox 1101 278 1378 315; baseline 0.007 -8"><span class='ocrx_word' id='word_1_328' title='bbox 1101 280 1146 307; x_wconf 83' lang='lat' dir='ltr'><strong>t8.</strong></span> <span class='ocrx_word' id='word_1_329' title='bbox 1168 279 1203 307; x_wconf 89' lang='lat' dir='ltr'><strong>Et</strong></span> <span class='ocrx_word' id='word_1_330' title='bbox 1215 278 1314 309; x_wconf 77' lang='lat' dir='ltr'><strong>factum</strong></span> <span class='ocrx_word' id='word_1_331' title='bbox 1325 283 1378 315; x_wconf 84' lang='lat' dir='ltr'><strong>est.</strong></span> 
     </span>
    </p>
   </div>
   <div class='ocr_carea' id='block_1_105' title="bbox 1100 315 1255 343">
    <p class='ocr_par' dir='ltr' id='par_1_105' title="bbox 1100 315 1255 343">
     <span class='ocr_line' id='line_1_105' title="bbox 1100 315 1255 343; baseline -0.006 0"><span class='ocrx_word' id='word_1_332' title='bbox 1100 323 1161 343; x_wconf 93' lang='lat' dir='ltr'><strong>cum</strong></span> <span class='ocrx_word' id='word_1_333' title='bbox 1180 315 1255 343; x_wconf 90' lang='lat' dir='ltr'><strong>solus</strong></span> 
     </span>
    </p>
   </div>
   <div class='ocr_carea' id='block_1_106' title="bbox 1099 355 1276 383">
    <p class='ocr_par' dir='ltr' id='par_1_106' title="bbox 1099 355 1276 383">
     <span class='ocr_line' id='line_1_106' title="bbox 1099 355 1276 383; baseline 0 -5"><span class='ocrx_word' id='word_1_334' title='bbox 1099 355 1172 379; x_wconf 83' lang='lat' dir='ltr'><strong>esset</strong></span> <span class='ocrx_word' id='word_1_335' title='bbox 1185 358 1276 383; x_wconf 87' lang='lat' dir='ltr'><strong>orans,</strong></span> 
     </span>
    </p>
   </div>
   <div class='ocr_carea' id='block_1_107' title="bbox 1100 391 1280 414">
    <p class='ocr_par' dir='ltr' id='par_1_107' title="bbox 1100 391 1280 414">
     <span class='ocr_line' id='line_1_107' title="bbox 1100 391 1280 414; baseline -0.006 0"><span class='ocrx_word' id='word_1_336' title='bbox 1100 391 1177 414; x_wconf 84' lang='lat' dir='ltr'><strong>erant</strong></span> <span class='ocrx_word' id='word_1_337' title='bbox 1191 392 1280 414; x_wconf 90' lang='lat' dir='ltr'><strong>autem</strong></span> 
     </span>
    </p>
   </div>
   <div class='ocr_carea' id='block_1_108' title="bbox 1100 422 1263 450">
    <p class='ocr_par' dir='ltr' id='par_1_108' title="bbox 1100 422 1263 450">
     <span class='ocr_line' id='line_1_108' title="bbox 1100 422 1263 450; baseline 0 -1"><span class='ocrx_word' id='word_1_338' title='bbox 1100 426 1127 449; x_wconf 89' lang='lat' dir='ltr'><strong>et</strong></span> <span class='ocrx_word' id='word_1_339' title='bbox 1139 429 1200 450; x_wconf 89' lang='lat' dir='ltr'><strong>cum</strong></span> <span class='ocrx_word' id='word_1_340' title='bbox 1216 422 1263 449; x_wconf 93' lang='lat' dir='ltr'><strong>illo</strong></span> 
     </span>
    </p>
   </div>
   <div class='ocr_carea' id='block_1_109' title="bbox 1099 457 1280 491">
    <p class='ocr_par' dir='ltr' id='par_1_109' title="bbox 1099 457 1280 491">
     <span class='ocr_line' id='line_1_109' title="bbox 1099 457 1280 491; baseline 0.006 -7"><span class='ocrx_word' id='word_1_341' title='bbox 1099 457 1235 491; x_wconf 79' lang='lat' dir='ltr'><strong>discipuli,</strong></span> <span class='ocrx_word' id='word_1_342' title='bbox 1253 462 1280 485; x_wconf 91' lang='lat' dir='ltr'><strong>et</strong></span> 
     </span>
    </p>
   </div>
   <div class='ocr_carea' id='block_1_110' title="bbox 1101 493 1278 529">
    <p class='ocr_par' dir='ltr' id='par_1_110' title="bbox 1101 493 1278 529">
     <span class='ocr_line' id='line_1_110' title="bbox 1101 493 1278 529; baseline 0.006 -9"><span class='ocrx_word' id='word_1_343' title='bbox 1101 493 1278 529; x_wconf 89' lang='lat' dir='ltr'><strong>interrogavit</strong></span> 
     </span>
    </p>
   </div>
   <div class='ocr_carea' id='block_1_111' title="bbox 1100 528 1363 562">
    <p class='ocr_par' dir='ltr' id='par_1_111' title="bbox 1100 528 1363 562">
     <span class='ocr_line' id='line_1_111' title="bbox 1100 528 1363 562; baseline 0.011 -7"><span class='ocrx_word' id='word_1_344' title='bbox 1100 528 1363 562; x_wconf 64' lang='lat' dir='ltr'><strong>i...&#39;..Que.n</strong></span> 
     </span>
    </p>
   </div>
   <div class='ocr_carea' id='block_1_112' title="bbox 1102 564 1307 592">
    <p class='ocr_par' dir='ltr' id='par_1_112' title="bbox 1102 564 1307 592">
     <span class='ocr_line' id='line_1_112' title="bbox 1102 564 1307 592; baseline 0.005 -2"><span class='ocrx_word' id='word_1_345' title='bbox 1102 583 1108 590; x_wconf 92' lang='lat'><strong>.</strong></span> <span class='ocrx_word' id='word_1_346' title='bbox 1132 585 1138 591; x_wconf 95' lang='lat'><strong>.</strong></span> <span class='ocrx_word' id='word_1_347' title='bbox 1162 585 1168 591; x_wconf 91' lang='lat'><strong>.</strong></span> <span class='ocrx_word' id='word_1_348' title='bbox 1191 584 1198 591; x_wconf 93' lang='lat'><strong>.</strong></span> <span class='ocrx_word' id='word_1_349' title='bbox 1213 564 1307 592; x_wconf 86' lang='lat' dir='ltr'><strong>dicunt</strong></span> 
     </span>
    </p>
   </div>
   <div class='ocr_carea' id='block_1_113' title="bbox 1099 601 1288 628">
    <p class='ocr_par' dir='ltr' id='par_1_113' title="bbox 1099 601 1288 628">
     <span class='ocr_line' id='line_1_113' title="bbox 1099 601 1288 628; baseline 0 -1"><span class='ocrx_word' id='word_1_350' title='bbox 1099 607 1160 628; x_wconf 88' lang='lat' dir='ltr'><strong>esse</strong></span> <span class='ocrx_word' id='word_1_351' title='bbox 1176 601 1288 628; x_wconf 83' lang='lat' dir='ltr'><strong>turbae?</strong></span> 
     </span>
    </p>
   </div>
   <div class='ocr_carea' id='block_1_114' title="bbox 1100 635 1316 663">
    <p class='ocr_par' dir='ltr' id='par_1_114' title="bbox 1100 635 1316 663">
     <span class='ocr_line' id='line_1_114' title="bbox 1100 635 1316 663; baseline 0 0"><span class='ocrx_word' id='word_1_352' title='bbox 1100 635 1144 663; x_wconf 74' lang='lat' dir='ltr'><strong>l9.</strong></span> <span class='ocrx_word' id='word_1_353' title='bbox 1165 636 1206 663; x_wconf 79' lang='lat' dir='ltr'><strong>Ad</strong></span> <span class='ocrx_word' id='word_1_354' title='bbox 1220 635 1259 663; x_wconf 94' lang='lat' dir='ltr'><strong>illi</strong></span> <span class='ocrx_word' id='word_1_355' title='bbox 1272 643 1316 663; x_wconf 90' lang='lat' dir='ltr'><strong>re-</strong></span> 
     </span>
    </p>
   </div>
   <div class='ocr_carea' id='block_1_115' title="bbox 1098 671 1265 706">
    <p class='ocr_par' dir='ltr' id='par_1_115' title="bbox 1098 671 1265 706">
     <span class='ocr_line' id='line_1_115' title="bbox 1098 671 1265 706; baseline 0.006 -8"><span class='ocrx_word' id='word_1_356' title='bbox 1098 671 1265 706; x_wconf 80' lang='lat' dir='ltr'><strong>sponderunt</strong></span> 
     </span>
    </p>
   </div>
   <div class='ocr_carea' id='block_1_116' title="bbox 1098 707 1261 740">
    <p class='ocr_par' dir='ltr' id='par_1_116' title="bbox 1098 707 1261 740">
     <span class='ocr_line' id='line_1_116' title="bbox 1098 707 1261 740; baseline 0 -6"><span class='ocrx_word' id='word_1_357' title='bbox 1098 708 1121 734; x_wconf 89' lang='lat' dir='ltr'><strong>ei</strong></span> <span class='ocrx_word' id='word_1_358' title='bbox 1131 728 1139 740; x_wconf 87' lang='lat'><strong>,</strong></span> <span class='ocrx_word' id='word_1_359' title='bbox 1153 712 1180 734; x_wconf 90' lang='lat' dir='ltr'><strong>et</strong></span> <span class='ocrx_word' id='word_1_360' title='bbox 1191 707 1261 734; x_wconf 38' lang='lat' dir='ltr'><strong>dixe.</strong></span> 
     </span>
    </p>
   </div>
   <div class='ocr_carea' id='block_1_117' title="bbox 1100 743 1340 770">
    <p class='ocr_par' dir='ltr' id='par_1_117' title="bbox 1100 743 1340 770">
     <span class='ocr_line' id='line_1_117' title="bbox 1100 743 1340 770; baseline -0.004 0"><span class='ocrx_word' id='word_1_361' title='bbox 1100 748 1163 770; x_wconf 85' lang='lat' dir='ltr'><strong>runt</strong></span> <span class='ocrx_word' id='word_1_362' title='bbox 1177 752 1183 770; x_wconf 89' lang='lat'><strong>:</strong></span> <span class='ocrx_word' id='word_1_363' title='bbox 1199 743 1340 770; x_wconf 83' lang='lat' dir='ltr'><strong>.lobannen</strong></span> 
     </span>
    </p>
   </div>
   <div class='ocr_carea' id='block_1_118' title="bbox 1097 778 1325 813">
    <p class='ocr_par' dir='ltr' id='par_1_118' title="bbox 1097 778 1325 813">
     <span class='ocr_line' id='line_1_118' title="bbox 1097 778 1325 813; baseline 0 -8"><span class='ocrx_word' id='word_1_364' title='bbox 1097 778 1262 813; x_wconf 81' lang='lat' dir='ltr'><strong>Baptistam;</strong></span> <span class='ocrx_word' id='word_1_365' title='bbox 1278 778 1325 805; x_wconf 82' lang='lat' dir='ltr'><strong>alii</strong></span> 
     </span>
    </p>
   </div>
   <div class='ocr_carea' id='block_1_119' title="bbox 1096 814 1310 845">
    <p class='ocr_par' dir='ltr' id='par_1_119' title="bbox 1096 814 1310 845">
     <span class='ocr_line' id='line_1_119' title="bbox 1096 814 1310 845; baseline -0.005 -4"><span class='ocrx_word' id='word_1_366' title='bbox 1096 820 1187 841; x_wconf 79' lang='lat' dir='ltr'><strong>autem</strong></span> <span class='ocrx_word' id='word_1_367' title='bbox 1202 814 1310 845; x_wconf 84' lang='lat' dir='ltr'><strong>llelian;</strong></span> 
     </span>
    </p>
   </div>
   <div class='ocr_carea' id='block_1_120' title="bbox 1097 849 1236 884">
    <p class='ocr_par' dir='ltr' id='par_1_120' title="bbox 1097 849 1236 884">
     <span class='ocr_line' id='line_1_120' title="bbox 1097 849 1236 884; baseline -0.007 -7"><span class='ocrx_word' id='word_1_368' title='bbox 1097 849 1142 877; x_wconf 85' lang='lat' dir='ltr'><strong>alii</strong></span> <span class='ocrx_word' id='word_1_369' title='bbox 1154 870 1161 883; x_wconf 90' lang='lat'><strong><em>,</em></strong></span> <span class='ocrx_word' id='word_1_370' title='bbox 1175 849 1236 884; x_wconf 89' lang='lat' dir='ltr'><strong>quia</strong></span> 
     </span>
    </p>
   </div>
   <div class='ocr_carea' id='block_1_121' title="bbox 1097 885 1315 920">
    <p class='ocr_par' dir='ltr' id='par_1_121' title="bbox 1097 885 1315 920">
     <span class='ocr_line' id='line_1_121' title="bbox 1097 885 1315 920; baseline 0.005 -8"><span class='ocrx_word' id='word_1_371' title='bbox 1097 885 1230 920; x_wconf 77' lang='lat' dir='ltr'><strong>Propheta</strong></span> <span class='ocrx_word' id='word_1_372' title='bbox 1246 891 1315 913; x_wconf 78' lang='lat' dir='ltr'><strong>unus</strong></span> 
     </span>
    </p>
   </div>
   <div class='ocr_carea' id='block_1_122' title="bbox 1097 920 1282 956">
    <p class='ocr_par' dir='ltr' id='par_1_122' title="bbox 1097 920 1282 956">
     <span class='ocr_line' id='line_1_122' title="bbox 1097 920 1282 956; baseline -0.005 -8"><span class='ocrx_word' id='word_1_373' title='bbox 1097 920 1131 948; x_wconf 92' lang='lat' dir='ltr'><strong>de</strong></span> <span class='ocrx_word' id='word_1_374' title='bbox 1147 920 1282 956; x_wconf 85' lang='lat' dir='ltr'><strong>prioribus</strong></span> 
     </span>
    </p>
   </div>
   <div class='ocr_carea' id='block_1_123' title="bbox 1097 957 1257 984">
    <p class='ocr_par' dir='ltr' id='par_1_123' title="bbox 1097 957 1257 984">
     <span class='ocr_line' id='line_1_123' title="bbox 1097 957 1257 984; baseline -0.013 0"><span class='ocrx_word' id='word_1_375' title='bbox 1097 957 1257 984; x_wconf 77' lang='lat' dir='ltr'><strong>ressurexit.</strong></span> 
     </span>
    </p>
   </div>
   <div class='ocr_carea' id='block_1_124' title="bbox 1097 992 1338 1019">
    <p class='ocr_par' dir='ltr' id='par_1_124' title="bbox 1097 992 1338 1019">
     <span class='ocr_line' id='line_1_124' title="bbox 1097 992 1338 1019; baseline -0.004 0"><span class='ocrx_word' id='word_1_376' title='bbox 1097 992 1144 1019; x_wconf 90' lang='lat'><strong>20.</strong></span> <span class='ocrx_word' id='word_1_377' title='bbox 1166 992 1237 1019; x_wconf 77' lang='lat' dir='ltr'><strong>Dixit</strong></span> <span class='ocrx_word' id='word_1_378' title='bbox 1249 995 1338 1019; x_wconf 90' lang='lat' dir='ltr'><strong>autem</strong></span> 
     </span>
    </p>
   </div>
   <div class='ocr_carea' id='block_1_125' title="bbox 1098 1027 1248 1055">
    <p class='ocr_par' dir='ltr' id='par_1_125' title="bbox 1098 1027 1248 1055">
     <span class='ocr_line' id='line_1_125' title="bbox 1098 1027 1248 1055; baseline 0 0"><span class='ocrx_word' id='word_1_379' title='bbox 1098 1028 1153 1055; x_wconf 87' lang='lat' dir='ltr'><strong>illis</strong></span> <span class='ocrx_word' id='word_1_380' title='bbox 1169 1036 1175 1055; x_wconf 91' lang='lat'><strong>:</strong></span> <span class='ocrx_word' id='word_1_381' title='bbox 1194 1027 1248 1055; x_wconf 86' lang='lat' dir='ltr'><strong>Vos</strong></span> 
     </span>
    </p>
   </div>
   <div class='ocr_carea' id='block_1_126' title="bbox 1097 1069 1244 1091">
    <p class='ocr_par' dir='ltr' id='par_1_126' title="bbox 1097 1069 1244 1091">
     <span class='ocr_line' id='line_1_126' title="bbox 1097 1069 1244 1091; baseline -0.007 0"><span class='ocrx_word' id='word_1_382' title='bbox 1097 1069 1189 1091; x_wconf 85' lang='lat' dir='ltr'><strong>autem</strong></span> <span class='ocrx_word' id='word_1_383' title='bbox 1200 1071 1244 1090; x_wconf 91' lang='lat' dir='ltr'><strong>me</strong></span> 
     </span>
    </p>
   </div>
   <div class='ocr_carea' id='block_1_127' title="bbox 1095 1098 1284 1135">
    <p class='ocr_par' dir='ltr' id='par_1_127' title="bbox 1095 1098 1284 1135">
     <span class='ocr_line' id='line_1_127' title="bbox 1095 1098 1284 1135; baseline -0.011 -8"><span class='ocrx_word' id='word_1_384' title='bbox 1095 1107 1175 1135; x_wconf 90' lang='lat' dir='ltr'><strong>quem</strong></span> <span class='ocrx_word' id='word_1_385' title='bbox 1194 1098 1284 1135; x_wconf 75' lang='lat' dir='ltr'><strong>dicitis</strong></span> 
     </span>
    </p>
   </div>
   <div class='ocr_carea' id='block_1_128' title="bbox 1095 1134 1315 1174">
    <p class='ocr_par' dir='ltr' id='par_1_128' title="bbox 1095 1134 1315 1174">
     <span class='ocr_line' id='line_1_128' title="bbox 1095 1134 1315 1174; baseline -0.005 -12"><span class='ocrx_word' id='word_1_386' title='bbox 1095 1134 1174 1174; x_wconf 68' lang='lat' dir='ltr'><strong>esse?</strong></span> <span class='ocrx_word' id='word_1_387' title='bbox 1192 1134 1315 1174; x_wconf 80' lang='lat' dir='ltr'><strong>Respon-</strong></span> 
     </span>
    </p>
   </div>
   <div class='ocr_carea' id='block_1_129' title="bbox 1094 1170 1264 1198">
    <p class='ocr_par' dir='ltr' id='par_1_129' title="bbox 1094 1170 1264 1198">
     <span class='ocr_line' id='line_1_129' title="bbox 1094 1170 1264 1198; baseline 0.006 -1"><span class='ocrx_word' id='word_1_388' title='bbox 1094 1170 1172 1197; x_wconf 89' lang='lat' dir='ltr'><strong>dens.</strong></span> <span class='ocrx_word' id='word_1_389' title='bbox 1195 1191 1202 1198; x_wconf 90' lang='lat'><strong>.</strong></span> <span class='ocrx_word' id='word_1_390' title='bbox 1225 1190 1232 1198; x_wconf 93' lang='lat'><strong>.</strong></span> <span class='ocrx_word' id='word_1_391' title='bbox 1252 1170 1264 1197; x_wconf 84' lang='grc'><strong>’.</strong></span> 
     </span>
    </p>
   </div>
   <div class='ocr_carea' id='block_1_130' title="bbox 1095 1205 1342 1234">
    <p class='ocr_par' dir='ltr' id='par_1_130' title="bbox 1095 1205 1342 1234">
     <span class='ocr_line' id='line_1_130' title="bbox 1095 1205 1342 1234; baseline -0.004 -1"><span class='ocrx_word' id='word_1_392' title='bbox 1095 1205 1192 1234; x_wconf 86' lang='lat' dir='ltr'><strong>Petrus</strong></span> <span class='ocrx_word' id='word_1_393' title='bbox 1213 1226 1220 1234; x_wconf 91' lang='lat'><strong>.</strong></span> <span class='ocrx_word' id='word_1_394' title='bbox 1244 1226 1251 1233; x_wconf 91' lang='lat'><strong>.</strong></span> <span class='ocrx_word' id='word_1_395' title='bbox 1274 1225 1281 1232; x_wconf 90' lang='lat'><strong>.</strong></span> <span class='ocrx_word' id='word_1_396' title='bbox 1306 1225 1312 1232; x_wconf 95' lang='lat'><strong>.</strong></span> <span class='ocrx_word' id='word_1_397' title='bbox 1335 1224 1342 1232; x_wconf 90' lang='lat'><strong>.</strong></span> 
     </span>
    </p>
   </div>
   <div class='ocr_carea' id='block_1_131' title="bbox 1097 1241 1434 1269">
    <p class='ocr_par' dir='ltr' id='par_1_131' title="bbox 1097 1241 1434 1269">
     <span class='ocr_line' id='line_1_131' title="bbox 1097 1241 1434 1269; baseline -0.003 -1"><span class='ocrx_word' id='word_1_398' title='bbox 1097 1241 1434 1269; x_wconf 89' lang='lat' dir='ltr'><strong>....Dei......</strong></span> 
     </span>
    </p>
   </div>
   <div class='ocr_carea' id='block_1_132' title="bbox 1095 1277 1387 1312">
    <p class='ocr_par' dir='ltr' id='par_1_132' title="bbox 1095 1277 1387 1312">
     <span class='ocr_line' id='line_1_132' title="bbox 1095 1277 1387 1312; baseline 0 -8"><span class='ocrx_word' id='word_1_399' title='bbox 1095 1277 1140 1304; x_wconf 86' lang='lat' dir='ltr'><strong>2i.</strong></span> <span class='ocrx_word' id='word_1_400' title='bbox 1162 1277 1210 1305; x_wconf 89' lang='lat' dir='ltr'><strong>Ille</strong></span> <span class='ocrx_word' id='word_1_401' title='bbox 1220 1298 1227 1309; x_wconf 83' lang='lat'><strong>.</strong></span> <span class='ocrx_word' id='word_1_402' title='bbox 1243 1278 1387 1312; x_wconf 82' lang='lat' dir='ltr'><strong>increpans</strong></span> 
     </span>
    </p>
   </div>
   <div class='ocr_carea' id='block_1_133' title="bbox 1095 1313 1299 1348">
    <p class='ocr_par' dir='ltr' id='par_1_133' title="bbox 1095 1313 1299 1348">
     <span class='ocr_line' id='line_1_133' title="bbox 1095 1313 1299 1348; baseline 0 -8"><span class='ocrx_word' id='word_1_403' title='bbox 1095 1313 1170 1346; x_wconf 90' lang='lat' dir='ltr'><strong>illos,</strong></span> <span class='ocrx_word' id='word_1_404' title='bbox 1187 1320 1299 1348; x_wconf 89' lang='lat' dir='ltr'><strong>praece-</strong></span> 
     </span>
    </p>
   </div>
   <div class='ocr_carea' id='block_1_134' title="bbox 1111 1349 1233 1377">
    <p class='ocr_par' dir='ltr' id='par_1_134' title="bbox 1111 1349 1233 1377">
     <span class='ocr_line' id='line_1_134' title="bbox 1111 1349 1233 1377; baseline 0 -1"><span class='ocrx_word' id='word_1_405' title='bbox 1111 1349 1129 1376; x_wconf 93' lang='lat' dir='ltr'><strong>it</strong></span> <span class='ocrx_word' id='word_1_406' title='bbox 1145 1357 1179 1377; x_wconf 92' lang='lat' dir='ltr'><strong>ne</strong></span> <span class='ocrx_word' id='word_1_407' title='bbox 1190 1350 1233 1377; x_wconf 92' lang='lat' dir='ltr'><strong>cui</strong></span> 
     </span>
    </p>
   </div>
   <div class='ocr_carea' id='block_1_135' title="bbox 1101 1385 1315 1417">
    <p class='ocr_par' dir='ltr' id='par_1_135' title="bbox 1101 1385 1315 1417">
     <span class='ocr_line' id='line_1_135' title="bbox 1101 1385 1315 1417; baseline 0.005 -7"><span class='ocrx_word' id='word_1_408' title='bbox 1101 1393 1159 1412; x_wconf 76' lang='lat' dir='ltr'><strong>inec</strong></span> <span class='ocrx_word' id='word_1_409' title='bbox 1171 1385 1294 1412; x_wconf 89' lang='lat' dir='ltr'><strong>dicerent</strong></span> <span class='ocrx_word' id='word_1_410' title='bbox 1307 1405 1315 1417; x_wconf 89' lang='lat'><strong>,</strong></span> 
     </span>
    </p>
   </div>
   <div class='ocr_carea' id='block_1_136' title="bbox 1089 1418 1361 1453">
    <p class='ocr_par' dir='ltr' id='par_1_136' title="bbox 1089 1418 1361 1453">
     <span class='ocr_line' id='line_1_136' title="bbox 1089 1418 1361 1453; baseline 0 -6"><span class='ocrx_word' id='word_1_411' title='bbox 1089 1420 1135 1447; x_wconf 80' lang='lat'><strong>22.</strong></span> <span class='ocrx_word' id='word_1_412' title='bbox 1156 1421 1249 1449; x_wconf 87' lang='lat' dir='ltr'><strong>dicens</strong></span> <span class='ocrx_word' id='word_1_413' title='bbox 1262 1429 1268 1447; x_wconf 91' lang='lat'><strong>:</strong></span> <span class='ocrx_word' id='word_1_414' title='bbox 1284 1418 1361 1453; x_wconf 81' lang='lat' dir='ltr'><strong>Quod</strong></span> 
     </span>
    </p>
   </div>
   <div class='ocr_carea' id='block_1_137' title="bbox 1089 1456 1270 1492">
    <p class='ocr_par' dir='ltr' id='par_1_137' title="bbox 1089 1456 1270 1492">
     <span class='ocr_line' id='line_1_137' title="bbox 1089 1456 1270 1492; baseline 0.017 -11"><span class='ocrx_word' id='word_1_415' title='bbox 1089 1460 1215 1492; x_wconf 81' lang='lat' dir='ltr'><strong>opportet</strong></span> <span class='ocrx_word' id='word_1_416' title='bbox 1226 1456 1270 1484; x_wconf 76' lang='lat' dir='ltr'><strong>Fi-</strong></span> 
     </span>
    </p>
   </div>
   <div class='ocr_carea' id='block_1_138' title="bbox 1089 1491 1284 1519">
    <p class='ocr_par' dir='ltr' id='par_1_138' title="bbox 1089 1491 1284 1519">
     <span class='ocr_line' id='line_1_138' title="bbox 1089 1491 1284 1519; baseline 0.005 -1"><span class='ocrx_word' id='word_1_417' title='bbox 1089 1491 1154 1519; x_wconf 93' lang='lat' dir='ltr'><strong>lium</strong></span> <span class='ocrx_word' id='word_1_418' title='bbox 1166 1491 1284 1519; x_wconf 85' lang='lat' dir='ltr'><strong>hominis</strong></span> 
     </span>
    </p>
   </div>
   <div class='ocr_carea' id='block_1_139' title="bbox 1089 1528 1258 1562">
    <p class='ocr_par' dir='ltr' id='par_1_139' title="bbox 1089 1528 1258 1562">
     <span class='ocr_line' id='line_1_139' title="bbox 1089 1528 1258 1562; baseline 0.006 -9"><span class='ocrx_word' id='word_1_419' title='bbox 1089 1528 1171 1554; x_wconf 86' lang='lat' dir='ltr'><strong>multa</strong></span> <span class='ocrx_word' id='word_1_420' title='bbox 1188 1528 1241 1562; x_wconf 87' lang='lat' dir='ltr'><strong>pati</strong></span> <span class='ocrx_word' id='word_1_421' title='bbox 1252 1549 1258 1561; x_wconf 83' lang='lat'><strong>,</strong></span> 
     </span>
    </p>
   </div>
   <div class='ocr_carea' id='block_1_140' title="bbox 1088 1563 1272 1597">
    <p class='ocr_par' dir='ltr' id='par_1_140' title="bbox 1088 1563 1272 1597">
     <span class='ocr_line' id='line_1_140' title="bbox 1088 1563 1272 1597; baseline 0 -7"><span class='ocrx_word' id='word_1_422' title='bbox 1088 1569 1115 1590; x_wconf 89' lang='lat' dir='ltr'><strong>et</strong></span> <span class='ocrx_word' id='word_1_423' title='bbox 1131 1563 1272 1597; x_wconf 82' lang='lat' dir='ltr'><strong>reprobari</strong></span> 
     </span>
    </p>
   </div>
   <div class='ocr_carea' id='block_1_141' title="bbox 1088 1599 1286 1633">
    <p class='ocr_par' dir='ltr' id='par_1_141' title="bbox 1088 1599 1286 1633">
     <span class='ocr_line' id='line_1_141' title="bbox 1088 1599 1286 1633; baseline 0.01 -9"><span class='ocrx_word' id='word_1_424' title='bbox 1088 1607 1101 1624; x_wconf 85' lang='lat' dir='ltr'><strong>a</strong></span> <span class='ocrx_word' id='word_1_425' title='bbox 1116 1599 1286 1633; x_wconf 81' lang='lat' dir='ltr'><strong>Principibus</strong></span> 
     </span>
    </p>
   </div>
   <div class='ocr_carea' id='block_1_142' title="bbox 1087 1634 1281 1668">
    <p class='ocr_par' dir='ltr' id='par_1_142' title="bbox 1087 1634 1281 1668">
     <span class='ocr_line' id='line_1_142' title="bbox 1087 1634 1281 1668; baseline 0.005 -7"><span class='ocrx_word' id='word_1_426' title='bbox 1087 1634 1281 1668; x_wconf 79' lang='lat' dir='ltr'><strong>Sucerdotum,</strong></span> 
     </span>
    </p>
   </div>
   <div class='ocr_carea' id='block_1_143' title="bbox 1087 1671 1246 1704">
    <p class='ocr_par' dir='ltr' id='par_1_143' title="bbox 1087 1671 1246 1704">
     <span class='ocr_line' id='line_1_143' title="bbox 1087 1671 1246 1704; baseline 0.006 -7"><span class='ocrx_word' id='word_1_427' title='bbox 1087 1675 1114 1697; x_wconf 88' lang='lat' dir='ltr'><strong>et</strong></span> <span class='ocrx_word' id='word_1_428' title='bbox 1128 1671 1229 1698; x_wconf 78' lang='lat' dir='ltr'><strong>Scribis</strong></span> <span class='ocrx_word' id='word_1_429' title='bbox 1239 1692 1246 1704; x_wconf 86' lang='lat'>,</span> 
     </span>
    </p>
   </div>
   <div class='ocr_carea' id='block_1_144' title="bbox 1087 1706 1273 1738">
    <p class='ocr_par' dir='ltr' id='par_1_144' title="bbox 1087 1706 1273 1738">
     <span class='ocr_line' id='line_1_144' title="bbox 1087 1706 1273 1738; baseline 0 -5"><span class='ocrx_word' id='word_1_430' title='bbox 1087 1710 1114 1733; x_wconf 89' lang='lat' dir='ltr'><strong>et</strong></span> <span class='ocrx_word' id='word_1_431' title='bbox 1125 1706 1213 1733; x_wconf 90' lang='lat' dir='ltr'><strong>occidi</strong></span> <span class='ocrx_word' id='word_1_432' title='bbox 1222 1726 1228 1738; x_wconf 85' lang='lat'><strong><em>,</em></strong></span> <span class='ocrx_word' id='word_1_433' title='bbox 1245 1710 1273 1734; x_wconf 92' lang='lat' dir='ltr'><strong>et</strong></span> 
     </span>
    </p>
   </div>
   <div class='ocr_carea' id='block_1_145' title="bbox 1087 1741 1221 1776">
    <p class='ocr_par' dir='ltr' id='par_1_145' title="bbox 1087 1741 1221 1776">
     <span class='ocr_line' id='line_1_145' title="bbox 1087 1741 1221 1776; baseline 0.007 -8"><span class='ocrx_word' id='word_1_434' title='bbox 1087 1745 1147 1776; x_wconf 90' lang='lat' dir='ltr'><strong>post</strong></span> <span class='ocrx_word' id='word_1_435' title='bbox 1162 1741 1221 1769; x_wconf 92' lang='lat' dir='ltr'><strong>dies</strong></span> 
     </span>
    </p>
   </div>
   <div class='ocr_carea' id='block_1_146' title="bbox 1087 1782 1310 1812">
    <p class='ocr_par' dir='ltr' id='par_1_146' title="bbox 1087 1782 1310 1812">
     <span class='ocr_line' id='line_1_146' title="bbox 1087 1782 1310 1812; baseline 0.004 -8"><span class='ocrx_word' id='word_1_436' title='bbox 1087 1782 1142 1804; x_wconf 85' lang='lat' dir='ltr'><strong>tres</strong></span> <span class='ocrx_word' id='word_1_437' title='bbox 1157 1785 1310 1812; x_wconf 82' lang='lat' dir='ltr'><strong>resurgere.</strong></span> 
     </span>
    </p>
   </div>
   <div class='ocr_carea' id='block_1_147' title="bbox 1085 1812 1328 1840">
    <p class='ocr_par' dir='ltr' id='par_1_147' title="bbox 1085 1812 1328 1840">
     <span class='ocr_line' id='line_1_147' title="bbox 1085 1812 1328 1840; baseline 0.008 -2"><span class='ocrx_word' id='word_1_438' title='bbox 1085 1812 1131 1839; x_wconf 78' lang='lat'><strong>25.</strong></span> <span class='ocrx_word' id='word_1_439' title='bbox 1153 1813 1264 1840; x_wconf 86' lang='lat' dir='ltr'><strong>Dicebat</strong></span> <span class='ocrx_word' id='word_1_440' title='bbox 1279 1821 1328 1840; x_wconf 92' lang='lat' dir='ltr'><strong>au-</strong></span> 
     </span>
    </p>
   </div>
   <div class='ocr_carea' id='block_1_148' title="bbox 1085 1849 1315 1876">
    <p class='ocr_par' dir='ltr' id='par_1_148' title="bbox 1085 1849 1315 1876">
     <span class='ocr_line' id='line_1_148' title="bbox 1085 1849 1315 1876; baseline 0.009 -2"><span class='ocrx_word' id='word_1_441' title='bbox 1085 1852 1139 1875; x_wconf 90' lang='lat' dir='ltr'><strong>tem</strong></span> <span class='ocrx_word' id='word_1_442' title='bbox 1153 1849 1186 1875; x_wconf 88' lang='lat' dir='ltr'><strong>ad</strong></span> <span class='ocrx_word' id='word_1_443' title='bbox 1201 1856 1295 1876; x_wconf 88' lang='lat' dir='ltr'><strong>omnes</strong></span> <span class='ocrx_word' id='word_1_444' title='bbox 1310 1857 1315 1875; x_wconf 91' lang='lat'>:</span> 
     </span>
    </p>
   </div>
   <div class='ocr_carea' id='block_1_149' title="bbox 1085 1883 1260 1919">
    <p class='ocr_par' dir='ltr' id='par_1_149' title="bbox 1085 1883 1260 1919">
     <span class='ocr_line' id='line_1_149' title="bbox 1085 1883 1260 1919; baseline 0.011 -9"><span class='ocrx_word' id='word_1_445' title='bbox 1085 1883 1112 1911; x_wconf 89' lang='lat' dir='ltr'><strong>Si</strong></span> <span class='ocrx_word' id='word_1_446' title='bbox 1127 1884 1188 1919; x_wconf 87' lang='lat' dir='ltr'><strong>quis</strong></span> <span class='ocrx_word' id='word_1_447' title='bbox 1205 1885 1260 1912; x_wconf 90' lang='lat' dir='ltr'><strong>vult</strong></span> 
     </span>
    </p>
   </div>
   <div class='ocr_carea' id='block_1_150' title="bbox 1084 1919 1237 1948">
    <p class='ocr_par' dir='ltr' id='par_1_150' title="bbox 1084 1919 1237 1948">
     <span class='ocr_line' id='line_1_150' title="bbox 1084 1919 1237 1948; baseline 0.013 -2"><span class='ocrx_word' id='word_1_448' title='bbox 1084 1919 1118 1946; x_wconf 90' lang='lat' dir='ltr'><strong>ad</strong></span> <span class='ocrx_word' id='word_1_449' title='bbox 1134 1927 1176 1948; x_wconf 92' lang='lat' dir='ltr'><strong>me</strong></span> <span class='ocrx_word' id='word_1_450' title='bbox 1192 1928 1237 1948; x_wconf 83' lang='lat' dir='ltr'><strong>ve-</strong></span> 
     </span>
    </p>
   </div>
   <div class='ocr_carea' id='block_1_151' title="bbox 1084 1956 1292 1993">
    <p class='ocr_par' dir='ltr' id='par_1_151' title="bbox 1084 1956 1292 1993">
     <span class='ocr_line' id='line_1_151' title="bbox 1084 1956 1292 1993; baseline 0.005 -10"><span class='ocrx_word' id='word_1_451' title='bbox 1084 1956 1143 1983; x_wconf 87' lang='lat' dir='ltr'><strong>nire</strong></span> <span class='ocrx_word' id='word_1_452' title='bbox 1153 1976 1160 1988; x_wconf 92' lang='lat'><strong><em>,</em></strong></span> <span class='ocrx_word' id='word_1_453' title='bbox 1176 1956 1292 1993; x_wconf 78' lang='lat' dir='ltr'><strong>abneget</strong></span> 
     </span>
    </p>
   </div>
   <div class='ocr_carea' id='block_1_152' title="bbox 1524 244 1716 278">
    <p class='ocr_par' dir='ltr' id='par_1_152' title="bbox 1524 244 1716 278">
     <span class='ocr_line' id='line_1_152' title="bbox 1524 244 1716 278; baseline 0.005 -7"><span class='ocrx_word' id='word_1_454' title='bbox 1524 251 1553 271; x_wconf 84' lang='lat' dir='ltr'><strong>se</strong></span> <span class='ocrx_word' id='word_1_455' title='bbox 1568 244 1666 278; x_wconf 81' lang='lat' dir='ltr'><strong>ipsum,</strong></span> <span class='ocrx_word' id='word_1_456' title='bbox 1677 247 1716 278; x_wconf 82' lang='lat' dir='ltr'><strong>et,</strong></span> 
     </span>
    </p>
   </div>
   <div class='ocr_carea' id='block_1_153' title="bbox 1522 280 1719 308">
    <p class='ocr_par' dir='ltr' id='par_1_153' title="bbox 1522 280 1719 308">
     <span class='ocr_line' id='line_1_153' title="bbox 1522 280 1719 308; baseline -0.005 -1"><span class='ocrx_word' id='word_1_457' title='bbox 1522 280 1627 308; x_wconf 86' lang='lat' dir='ltr'><strong>sublata</strong></span> <span class='ocrx_word' id='word_1_458' title='bbox 1639 287 1719 307; x_wconf 86' lang='lat' dir='ltr'><strong>cruce</strong></span> 
     </span>
    </p>
   </div>
   <div class='ocr_carea' id='block_1_154' title="bbox 1523 319 1734 350">
    <p class='ocr_par' dir='ltr' id='par_1_154' title="bbox 1523 319 1734 350">
     <span class='ocr_line' id='line_1_154' title="bbox 1523 319 1734 350; baseline 0.005 -8"><span class='ocrx_word' id='word_1_459' title='bbox 1523 324 1570 343; x_wconf 89' lang='lat' dir='ltr'><strong>sua</strong></span> <span class='ocrx_word' id='word_1_460' title='bbox 1583 337 1590 348; x_wconf 92' lang='lat'>,</span> <span class='ocrx_word' id='word_1_461' title='bbox 1607 319 1734 350; x_wconf 77' lang='lat' dir='ltr'><strong>sequatur</strong></span> 
     </span>
    </p>
   </div>
   <div class='ocr_carea' id='block_1_155' title="bbox 1521 350 1709 384">
    <p class='ocr_par' dir='ltr' id='par_1_155' title="bbox 1521 350 1709 384">
     <span class='ocr_line' id='line_1_155' title="bbox 1521 350 1709 384; baseline 0 -6"><span class='ocrx_word' id='word_1_462' title='bbox 1521 351 1568 378; x_wconf 70' lang='lat'><strong>24.</strong></span> <span class='ocrx_word' id='word_1_463' title='bbox 1590 359 1643 379; x_wconf 91' lang='lat' dir='ltr'><strong>me.</strong></span> <span class='ocrx_word' id='word_1_464' title='bbox 1658 350 1709 384; x_wconf 87' lang='lat' dir='ltr'><strong>Qui</strong></span> 
     </span>
    </p>
   </div>
   <div class='ocr_carea' id='block_1_156' title="bbox 1521 387 1723 414">
    <p class='ocr_par' dir='ltr' id='par_1_156' title="bbox 1521 387 1723 414">
     <span class='ocr_line' id='line_1_156' title="bbox 1521 387 1723 414; baseline -0.005 0"><span class='ocrx_word' id='word_1_465' title='bbox 1521 387 1593 414; x_wconf 90' lang='lat' dir='ltr'><strong>enim</strong></span> <span class='ocrx_word' id='word_1_466' title='bbox 1611 387 1723 414; x_wconf 86' lang='lat' dir='ltr'><strong>voluerit</strong></span> 
     </span>
    </p>
   </div>
   <div class='ocr_carea' id='block_1_157' title="bbox 1521 423 1728 450">
    <p class='ocr_par' dir='ltr' id='par_1_157' title="bbox 1521 423 1728 450">
     <span class='ocr_line' id='line_1_157' title="bbox 1521 423 1728 450; baseline 0 -1"><span class='ocrx_word' id='word_1_467' title='bbox 1521 423 1638 450; x_wconf 85' lang='lat' dir='ltr'><strong>animam</strong></span> <span class='ocrx_word' id='word_1_468' title='bbox 1652 430 1728 450; x_wconf 84' lang='lat' dir='ltr'><strong>suam</strong></span> 
     </span>
    </p>
   </div>
   <div class='ocr_carea' id='block_1_158' title="bbox 1521 458 1729 486">
    <p class='ocr_par' dir='ltr' id='par_1_158' title="bbox 1521 458 1729 486">
     <span class='ocr_line' id='line_1_158' title="bbox 1521 458 1729 486; baseline 0.005 -1"><span class='ocrx_word' id='word_1_469' title='bbox 1521 458 1623 485; x_wconf 88' lang='lat' dir='ltr'><strong>salvam</strong></span> <span class='ocrx_word' id='word_1_470' title='bbox 1638 458 1729 486; x_wconf 79' lang='lat' dir='ltr'><strong>facere</strong></span> 
     </span>
    </p>
   </div>
   <div class='ocr_carea' id='block_1_159' title="bbox 1522 493 1724 528">
    <p class='ocr_par' dir='ltr' id='par_1_159' title="bbox 1522 493 1724 528">
     <span class='ocr_line' id='line_1_159' title="bbox 1522 493 1724 528; baseline 0 -8"><span class='ocrx_word' id='word_1_471' title='bbox 1522 494 1617 528; x_wconf 80' lang='lat' dir='ltr'><strong>perdet</strong></span> <span class='ocrx_word' id='word_1_472' title='bbox 1628 493 1702 521; x_wconf 85' lang='lat' dir='ltr'><strong>illam</strong></span> <span class='ocrx_word' id='word_1_473' title='bbox 1717 502 1724 520; x_wconf 93' lang='lat'>:</span> 
     </span>
    </p>
   </div>
   <div class='ocr_carea' id='block_1_160' title="bbox 1522 529 1728 564">
    <p class='ocr_par' dir='ltr' id='par_1_160' title="bbox 1522 529 1728 564">
     <span class='ocr_line' id='line_1_160' title="bbox 1522 529 1728 564; baseline 0.005 -8"><span class='ocrx_word' id='word_1_474' title='bbox 1522 537 1595 562; x_wconf 90' lang='lat' dir='ltr'><strong>nam,</strong></span> <span class='ocrx_word' id='word_1_475' title='bbox 1607 529 1652 564; x_wconf 88' lang='lat' dir='ltr'><strong>qui</strong></span> <span class='ocrx_word' id='word_1_476' title='bbox 1666 537 1728 564; x_wconf 90' lang='lat' dir='ltr'><strong>per-</strong></span> 
     </span>
    </p>
   </div>
   <div class='ocr_carea' id='block_1_161' title="bbox 1521 565 1693 592">
    <p class='ocr_par' dir='ltr' id='par_1_161' title="bbox 1521 565 1693 592">
     <span class='ocr_line' id='line_1_161' title="bbox 1521 565 1693 592; baseline 0 0"><span class='ocrx_word' id='word_1_477' title='bbox 1521 565 1621 592; x_wconf 90' lang='lat' dir='ltr'><strong>diderit</strong></span> <span class='ocrx_word' id='word_1_478' title='bbox 1634 566 1693 592; x_wconf 88' lang='lat' dir='ltr'><strong>ani-</strong></span> 
     </span>
    </p>
   </div>
   <div class='ocr_carea' id='block_1_162' title="bbox 1521 608 1672 628">
    <p class='ocr_par' dir='ltr' id='par_1_162' title="bbox 1521 608 1672 628">
     <span class='ocr_line' id='line_1_162' title="bbox 1521 608 1672 628; baseline -0.007 0"><span class='ocrx_word' id='word_1_479' title='bbox 1521 608 1583 628; x_wconf 88' lang='lat' dir='ltr'><strong>nam</strong></span> <span class='ocrx_word' id='word_1_480' title='bbox 1596 608 1672 628; x_wconf 84' lang='lat' dir='ltr'><strong>suam</strong></span> 
     </span>
    </p>
   </div>
   <div class='ocr_carea' id='block_1_163' title="bbox 1522 641 1701 671">
    <p class='ocr_par' dir='ltr' id='par_1_163' title="bbox 1522 641 1701 671">
     <span class='ocr_line' id='line_1_163' title="bbox 1522 641 1701 671; baseline 0 -7"><span class='ocrx_word' id='word_1_481' title='bbox 1522 641 1634 671; x_wconf 86' lang='lat' dir='ltr'><strong>propter</strong></span> <span class='ocrx_word' id='word_1_482' title='bbox 1647 644 1701 670; x_wconf 92' lang='lat' dir='ltr'><strong>me,</strong></span> 
     </span>
    </p>
   </div>
   <div class='ocr_carea' id='block_1_164' title="bbox 1520 671 1771 735">
    <p class='ocr_par' dir='ltr' id='par_1_164' title="bbox 1520 671 1771 735">
     <span class='ocr_line' id='line_1_164' title="bbox 1520 671 1771 735; baseline 0 -36"><span class='ocrx_word' id='word_1_483' title='bbox 1520 672 1559 735; x_wconf 54' lang='lat' dir='ltr'><strong>px)</strong></span> <span class='ocrx_word' id='word_1_484' title='bbox 1577 672 1622 699; x_wconf 90' lang='lat' dir='ltr'><strong>ille</strong></span> <span class='ocrx_word' id='word_1_485' title='bbox 1634 671 1655 707; x_wconf 70' lang='grc' dir='ltr'><strong>-ι-</strong></span> <span class='ocrx_word' id='word_1_486' title='bbox 1668 672 1771 703; x_wconf 82' lang='lat' dir='ltr'><strong>salvam</strong></span> 
     </span>
     <span class='ocr_line' id='line_1_165' title="bbox 1532 708 1697 735; baseline 0 -1"><span class='ocrx_word' id='word_1_487' title='bbox 1532 708 1601 735; x_wconf 87' lang='lat' dir='ltr'><strong>aciet</strong></span> <span class='ocrx_word' id='word_1_488' title='bbox 1614 708 1697 735; x_wconf 84' lang='lat' dir='ltr'><strong>illam.</strong></span> 
     </span>
    </p>
   </div>
   <div class='ocr_carea' id='block_1_165' title="bbox 1532 708 1697 735">
    <p class='ocr_par' dir='ltr' id='par_1_165' title="bbox 1532 708 1697 735">
     <span class='ocr_line' id='line_1_166' title="bbox 1532 708 1697 735; baseline 0 -1"><span class='ocrx_word' id='word_1_489' title='bbox 1532 708 1601 735; x_wconf 78' lang='lat' dir='ltr'><strong>‘aciet</strong></span> <span class='ocrx_word' id='word_1_490' title='bbox 1614 708 1697 735; x_wconf 84' lang='lat' dir='ltr'><strong>illam.</strong></span> 
     </span>
    </p>
   </div>
   <div class='ocr_carea' id='block_1_166' title="bbox 1519 743 1797 778">
    <p class='ocr_par' dir='ltr' id='par_1_166' title="bbox 1519 743 1797 778">
     <span class='ocr_line' id='line_1_167' title="bbox 1519 743 1797 778; baseline 0.007 -8"><span class='ocrx_word' id='word_1_491' title='bbox 1519 743 1565 771; x_wconf 83' lang='lat'><strong>25.</strong></span> <span class='ocrx_word' id='word_1_492' title='bbox 1590 746 1619 775; x_wconf 73' lang='lat' dir='ltr'><strong>&gt;I&lt;</strong></span> <span class='ocrx_word' id='word_1_493' title='bbox 1636 743 1705 778; x_wconf 86' lang='lat' dir='ltr'><strong>Quid</strong></span> <span class='ocrx_word' id='word_1_494' title='bbox 1724 744 1797 777; x_wconf 68' lang='lat' dir='ltr'><strong>enim</strong></span> 
     </span>
    </p>
   </div>
   <div class='ocr_carea' id='block_1_167' title="bbox 1520 778 1713 814">
    <p class='ocr_par' dir='ltr' id='par_1_167' title="bbox 1520 778 1713 814">
     <span class='ocr_line' id='line_1_168' title="bbox 1520 778 1713 814; baseline 0 -8"><span class='ocrx_word' id='word_1_495' title='bbox 1520 778 1648 814; x_wconf 87' lang='lat' dir='ltr'><strong>prodeest</strong></span> <span class='ocrx_word' id='word_1_496' title='bbox 1663 779 1713 806; x_wconf 89' lang='lat' dir='ltr'><strong>ho-</strong></span> 
     </span>
    </p>
   </div>
   <div class='ocr_carea' id='block_1_168' title="bbox 1519 814 1686 847">
    <p class='ocr_par' dir='ltr' id='par_1_168' title="bbox 1519 814 1686 847">
     <span class='ocr_line' id='line_1_169' title="bbox 1519 814 1686 847; baseline 0 -5"><span class='ocrx_word' id='word_1_497' title='bbox 1519 814 1596 847; x_wconf 92' lang='lat' dir='ltr'><strong>mini,</strong></span> <span class='ocrx_word' id='word_1_498' title='bbox 1609 815 1633 843; x_wconf 86' lang='lat' dir='ltr'><strong>si</strong></span> <span class='ocrx_word' id='word_1_499' title='bbox 1646 815 1686 842; x_wconf 91' lang='lat' dir='ltr'><strong>lu-</strong></span> 
     </span>
    </p>
   </div>
   <div class='ocr_carea' id='block_1_169' title="bbox 1518 851 1735 881">
    <p class='ocr_par' dir='ltr' id='par_1_169' title="bbox 1518 851 1735 881">
     <span class='ocr_line' id='line_1_170' title="bbox 1518 851 1735 881; baseline 0.005 -3"><span class='ocrx_word' id='word_1_500' title='bbox 1518 855 1610 881; x_wconf 88' lang='lat' dir='ltr'><strong>cretur</strong></span> <span class='ocrx_word' id='word_1_501' title='bbox 1625 851 1735 881; x_wconf 86' lang='lat' dir='ltr'><strong>univer-</strong></span> 
     </span>
    </p>
   </div>
   <div class='ocr_carea' id='block_1_170' title="bbox 1519 886 1737 921">
    <p class='ocr_par' dir='ltr' id='par_1_170' title="bbox 1519 886 1737 921">
     <span class='ocr_line' id='line_1_171' title="bbox 1519 886 1737 921; baseline 0.009 -8"><span class='ocrx_word' id='word_1_502' title='bbox 1519 894 1578 914; x_wconf 86' lang='lat' dir='ltr'><strong>sum</strong></span> <span class='ocrx_word' id='word_1_503' title='bbox 1588 886 1717 915; x_wconf 88' lang='lat' dir='ltr'><strong>mundum</strong></span> <span class='ocrx_word' id='word_1_504' title='bbox 1729 908 1737 921; x_wconf 87' lang='grc'>,</span> 
     </span>
    </p>
   </div>
   <div class='ocr_carea' id='block_1_171' title="bbox 1518 927 1651 950">
    <p class='ocr_par' dir='ltr' id='par_1_171' title="bbox 1518 927 1651 950">
     <span class='ocr_line' id='line_1_172' title="bbox 1518 927 1651 950; baseline 0.008 -1"><span class='ocrx_word' id='word_1_505' title='bbox 1518 929 1548 950; x_wconf 85' lang='lat' dir='ltr'><strong>se</strong></span> <span class='ocrx_word' id='word_1_506' title='bbox 1562 927 1651 950; x_wconf 90' lang='lat' dir='ltr'><strong>autem</strong></span> 
     </span>
    </p>
   </div>
   <div class='ocr_carea' id='block_1_172' title="bbox 1519 958 1668 992">
    <p class='ocr_par' dir='ltr' id='par_1_172' title="bbox 1519 958 1668 992">
     <span class='ocr_line' id='line_1_173' title="bbox 1519 958 1668 992; baseline 0 -6"><span class='ocrx_word' id='word_1_507' title='bbox 1519 958 1625 992; x_wconf 85' lang='lat' dir='ltr'><strong>perdat,</strong></span> <span class='ocrx_word' id='word_1_508' title='bbox 1640 963 1668 986; x_wconf 90' lang='lat' dir='ltr'><strong>et</strong></span> 
     </span>
    </p>
   </div>
   <div class='ocr_carea' id='block_1_173' title="bbox 1517 993 1760 1028">
    <p class='ocr_par' dir='ltr' id='par_1_173' title="bbox 1517 993 1760 1028">
     <span class='ocr_line' id='line_1_174' title="bbox 1517 993 1760 1028; baseline 0.016 -8"><span class='ocrx_word' id='word_1_509' title='bbox 1517 993 1556 1028; x_wconf 87' lang='lat' dir='ltr'><strong>(b)</strong></span> <span class='ocrx_word' id='word_1_510' title='bbox 1569 993 1760 1024; x_wconf 80' lang='lat' dir='ltr'><strong>detrimentum</strong></span> 
     </span>
    </p>
   </div>
   <div class='ocr_carea' id='block_1_174' title="bbox 1517 1029 1647 1066">
    <p class='ocr_par' dir='ltr' id='par_1_174' title="bbox 1517 1029 1647 1066">
     <span class='ocr_line' id='line_1_175' title="bbox 1517 1029 1647 1066; baseline -0.008 -9"><span class='ocrx_word' id='word_1_511' title='bbox 1517 1029 1613 1066; x_wconf 65' lang='lat' dir='ltr'><strong>iaciat?</strong></span> <span class='ocrx_word' id='word_1_512' title='bbox 1626 1030 1647 1066; x_wconf 65' lang='grc' dir='ltr'><strong>-ξ-</strong></span> 
     </span>
    </p>
   </div>
   <div class='ocr_carea' id='block_1_175' title="bbox 1516 1065 1710 1101">
    <p class='ocr_par' dir='ltr' id='par_1_175' title="bbox 1516 1065 1710 1101">
     <span class='ocr_line' id='line_1_176' title="bbox 1516 1065 1710 1101; baseline 0.005 -9"><span class='ocrx_word' id='word_1_513' title='bbox 1516 1065 1561 1093; x_wconf 87' lang='lat'><strong>26.</strong></span> <span class='ocrx_word' id='word_1_514' title='bbox 1582 1065 1650 1093; x_wconf 84' lang='lat' dir='ltr'><strong>Nam</strong></span> <span class='ocrx_word' id='word_1_515' title='bbox 1664 1066 1710 1101; x_wconf 89' lang='lat' dir='ltr'><strong>qui</strong></span> 
     </span>
    </p>
   </div>
   <div class='ocr_carea' id='block_1_176' title="bbox 1517 1102 1723 1135">
    <p class='ocr_par' dir='ltr' id='par_1_176' title="bbox 1517 1102 1723 1135">
     <span class='ocr_line' id='line_1_177' title="bbox 1517 1102 1723 1135; baseline 0.005 -7"><span class='ocrx_word' id='word_1_516' title='bbox 1517 1109 1560 1129; x_wconf 90' lang='lat' dir='ltr'><strong>me</strong></span> <span class='ocrx_word' id='word_1_517' title='bbox 1573 1102 1723 1135; x_wconf 83' lang='lat' dir='ltr'><strong>erubuerit,</strong></span> 
     </span>
    </p>
   </div>
   <div class='ocr_carea' id='block_1_177' title="bbox 1516 1141 1629 1165">
    <p class='ocr_par' dir='ltr' id='par_1_177' title="bbox 1516 1141 1629 1165">
     <span class='ocr_line' id='line_1_178' title="bbox 1516 1141 1629 1165; baseline 0.009 -1"><span class='ocrx_word' id='word_1_518' title='bbox 1516 1141 1544 1164; x_wconf 91' lang='lat' dir='ltr'><strong>et</strong></span> <span class='ocrx_word' id='word_1_519' title='bbox 1554 1144 1629 1165; x_wconf 88' lang='lat' dir='ltr'><strong>meos</strong></span> 
     </span>
    </p>
   </div>
   <div class='ocr_carea' id='block_1_178' title="bbox 1515 1179 1667 1206">
    <p class='ocr_par' dir='ltr' id='par_1_178' title="bbox 1515 1179 1667 1206">
     <span class='ocr_line' id='line_1_179' title="bbox 1515 1179 1667 1206; baseline -0.007 -6"><span class='ocrx_word' id='word_1_520' title='bbox 1515 1179 1667 1206; x_wconf 84' lang='lat' dir='ltr'><strong>sermones,</strong></span> 
     </span>
    </p>
   </div>
   <div class='ocr_carea' id='block_1_179' title="bbox 1515 1207 1683 1236">
    <p class='ocr_par' dir='ltr' id='par_1_179' title="bbox 1515 1207 1683 1236">
     <span class='ocr_line' id='line_1_180' title="bbox 1515 1207 1683 1236; baseline 0 -1"><span class='ocrx_word' id='word_1_521' title='bbox 1515 1207 1587 1235; x_wconf 86' lang='lat' dir='ltr'><strong>hunc</strong></span> <span class='ocrx_word' id='word_1_522' title='bbox 1598 1208 1683 1236; x_wconf 84' lang='lat' dir='ltr'><strong>Filius</strong></span> 
     </span>
    </p>
   </div>
   <div class='ocr_carea' id='block_1_180' title="bbox 1515 1243 1708 1272">
    <p class='ocr_par' dir='ltr' id='par_1_180' title="bbox 1515 1243 1708 1272">
     <span class='ocr_line' id='line_1_181' title="bbox 1515 1243 1708 1272; baseline 0 -1"><span class='ocrx_word' id='word_1_523' title='bbox 1515 1243 1633 1272; x_wconf 89' lang='lat' dir='ltr'><strong>hominis</strong></span> <span class='ocrx_word' id='word_1_524' title='bbox 1644 1251 1708 1271; x_wconf 90' lang='lat' dir='ltr'><strong>eru-</strong></span> 
     </span>
    </p>
   </div>
   <div class='ocr_carea' id='block_1_181' title="bbox 1513 1279 1692 1312">
    <p class='ocr_par' dir='ltr' id='par_1_181' title="bbox 1513 1279 1692 1312">
     <span class='ocr_line' id='line_1_182' title="bbox 1513 1279 1692 1312; baseline 0.006 -5"><span class='ocrx_word' id='word_1_525' title='bbox 1513 1279 1617 1310; x_wconf 85' lang='lat' dir='ltr'><strong>bescet.</strong></span> <span class='ocrx_word' id='word_1_526' title='bbox 1630 1287 1692 1312; x_wconf 80' lang='lat' dir='ltr'><strong>cum</strong></span> 
     </span>
    </p>
   </div>
   <div class='ocr_carea' id='block_1_182' title="bbox 1513 1315 1658 1343">
    <p class='ocr_par' dir='ltr' id='par_1_182' title="bbox 1513 1315 1658 1343">
     <span class='ocr_line' id='line_1_183' title="bbox 1513 1315 1658 1343; baseline 0 -1"><span class='ocrx_word' id='word_1_527' title='bbox 1513 1315 1619 1343; x_wconf 89' lang='lat' dir='ltr'><strong>venerit</strong></span> <span class='ocrx_word' id='word_1_528' title='bbox 1632 1315 1658 1342; x_wconf 95' lang='lat' dir='ltr'><strong>in</strong></span> 
     </span>
    </p>
   </div>
   <div class='ocr_carea' id='block_1_183' title="bbox 1513 1351 1729 1385">
    <p class='ocr_par' dir='ltr' id='par_1_183' title="bbox 1513 1351 1729 1385">
     <span class='ocr_line' id='line_1_184' title="bbox 1513 1351 1729 1385; baseline 0 -7"><span class='ocrx_word' id='word_1_529' title='bbox 1513 1351 1656 1385; x_wconf 81' lang='lat' dir='ltr'><strong>majestate</strong></span> <span class='ocrx_word' id='word_1_530' title='bbox 1668 1357 1729 1385; x_wconf 75' lang='lat' dir='ltr'><strong>sua.</strong></span> 
     </span>
    </p>
   </div>
   <div class='ocr_carea' id='block_1_184' title="bbox 1512 1391 1783 1415">
    <p class='ocr_par' dir='ltr' id='par_1_184' title="bbox 1512 1391 1783 1415">
     <span class='ocr_line' id='line_1_185' title="bbox 1512 1391 1783 1415; baseline 0.004 -1"><span class='ocrx_word' id='word_1_531' title='bbox 1512 1391 1783 1415; x_wconf 76' lang='lat' dir='ltr'><strong>etPa.......</strong></span> 
     </span>
    </p>
   </div>
   <div class='ocr_carea' id='block_1_185' title="bbox 1512 1422 1673 1450">
    <p class='ocr_par' dir='ltr' id='par_1_185' title="bbox 1512 1422 1673 1450">
     <span class='ocr_line' id='line_1_186' title="bbox 1512 1422 1673 1450; baseline 0.006 -1"><span class='ocrx_word' id='word_1_532' title='bbox 1512 1422 1673 1450; x_wconf 87' lang='lat' dir='ltr'><strong>Sanctorum</strong></span> 
     </span>
    </p>
   </div>
   <div class='ocr_carea' id='block_1_186' title="bbox 1512 1459 1689 1494">
    <p class='ocr_par' dir='ltr' id='par_1_186' title="bbox 1512 1459 1689 1494">
     <span class='ocr_line' id='line_1_187' title="bbox 1512 1459 1689 1494; baseline -0.006 -8"><span class='ocrx_word' id='word_1_533' title='bbox 1512 1459 1689 1494; x_wconf 65' lang='lat' dir='ltr'><strong>Angelorum.</strong></span> 
     </span>
    </p>
   </div>
   <div class='ocr_carea' id='block_1_187' title="bbox 1510 1493 1752 1527">
    <p class='ocr_par' dir='ltr' id='par_1_187' title="bbox 1510 1493 1752 1527">
     <span class='ocr_line' id='line_1_188' title="bbox 1510 1493 1752 1527; baseline 0 -6"><span class='ocrx_word' id='word_1_534' title='bbox 1510 1493 1565 1521; x_wconf 40' lang='lat'><strong>27.’</strong></span> <span class='ocrx_word' id='word_1_535' title='bbox 1579 1494 1645 1521; x_wconf 93' lang='lat' dir='ltr'><strong>Dico</strong></span> <span class='ocrx_word' id='word_1_536' title='bbox 1659 1498 1752 1527; x_wconf 81' lang='lat' dir='ltr'><strong>autem</strong></span> 
     </span>
    </p>
   </div>
   <div class='ocr_carea' id='block_1_188' title="bbox 1510 1530 1682 1560">
    <p class='ocr_par' dir='ltr' id='par_1_188' title="bbox 1510 1530 1682 1560">
     <span class='ocr_line' id='line_1_189' title="bbox 1510 1530 1682 1560; baseline 0.023 -4"><span class='ocrx_word' id='word_1_537' title='bbox 1510 1530 1587 1557; x_wconf 86' lang='lat' dir='ltr'><strong>vobis</strong></span> <span class='ocrx_word' id='word_1_538' title='bbox 1599 1537 1682 1560; x_wconf 80' lang='lat' dir='ltr'><strong>vere:</strong></span> 
     </span>
    </p>
   </div>
   <div class='ocr_carea' id='block_1_189' title="bbox 1510 1566 1673 1601">
    <p class='ocr_par' dir='ltr' id='par_1_189' title="bbox 1510 1566 1673 1601">
     <span class='ocr_line' id='line_1_190' title="bbox 1510 1566 1673 1601; baseline 0.012 -9"><span class='ocrx_word' id='word_1_539' title='bbox 1510 1566 1593 1601; x_wconf 80' lang='lat' dir='ltr'><strong>aliqui</strong></span> <span class='ocrx_word' id='word_1_540' title='bbox 1607 1570 1673 1595; x_wconf 87' lang='lat' dir='ltr'><strong>sunt</strong></span> 
     </span>
    </p>
   </div>
   <div class='ocr_carea' id='block_1_190' title="bbox 1510 1600 1679 1635">
    <p class='ocr_par' dir='ltr' id='par_1_190' title="bbox 1510 1600 1679 1635">
     <span class='ocr_line' id='line_1_191' title="bbox 1510 1600 1679 1635; baseline 0.006 -7"><span class='ocrx_word' id='word_1_541' title='bbox 1510 1600 1679 1635; x_wconf 28' lang='lat' dir='ltr'><strong>hic’stantes,</strong></span> 
     </span>
    </p>
   </div>
   <div class='ocr_carea' id='block_1_191' title="bbox 1509 1637 1690 1672">
    <p class='ocr_par' dir='ltr' id='par_1_191' title="bbox 1509 1637 1690 1672">
     <span class='ocr_line' id='line_1_192' title="bbox 1509 1637 1690 1672; baseline 0 -8"><span class='ocrx_word' id='word_1_542' title='bbox 1509 1637 1555 1671; x_wconf 91' lang='lat' dir='ltr'><strong>qui</strong></span> <span class='ocrx_word' id='word_1_543' title='bbox 1572 1644 1624 1664; x_wconf 94' lang='lat' dir='ltr'><strong>non</strong></span> <span class='ocrx_word' id='word_1_544' title='bbox 1639 1645 1690 1672; x_wconf 90' lang='lat' dir='ltr'><strong>gu-</strong></span> 
     </span>
    </p>
   </div>
   <div class='ocr_carea' id='block_1_192' title="bbox 1509 1673 1707 1703">
    <p class='ocr_par' dir='ltr' id='par_1_192' title="bbox 1509 1673 1707 1703">
     <span class='ocr_line' id='line_1_193' title="bbox 1509 1673 1707 1703; baseline 0.02 -4"><span class='ocrx_word' id='word_1_545' title='bbox 1509 1673 1620 1700; x_wconf 88' lang='lat' dir='ltr'><strong>stabunt</strong></span> <span class='ocrx_word' id='word_1_546' title='bbox 1634 1680 1707 1703; x_wconf 61' lang='lat' dir='ltr'><strong>moro</strong></span> 
     </span>
    </p>
   </div>
   <div class='ocr_carea' id='block_1_193' title="bbox 1510 1708 1679 1742">
    <p class='ocr_par' dir='ltr' id='par_1_193' title="bbox 1510 1708 1679 1742">
     <span class='ocr_line' id='line_1_194' title="bbox 1510 1708 1679 1742; baseline 0 -7"><span class='ocrx_word' id='word_1_547' title='bbox 1510 1713 1575 1742; x_wconf 83' lang='lat' dir='ltr'><strong>tem,</strong></span> <span class='ocrx_word' id='word_1_548' title='bbox 1591 1708 1679 1736; x_wconf 90' lang='lat' dir='ltr'><strong>donec</strong></span> 
     </span>
    </p>
   </div>
   <div class='ocr_carea' id='block_1_194' title="bbox 1507 1741 1819 1779">
    <p class='ocr_par' dir='ltr' id='par_1_194' title="bbox 1507 1741 1819 1779">
     <span class='ocr_line' id='line_1_195' title="bbox 1507 1741 1819 1779; baseline -0.01 -8"><span class='ocrx_word' id='word_1_549' title='bbox 1507 1743 1617 1779; x_wconf 78' lang='lat' dir='ltr'><strong>videant</strong></span> <span class='ocrx_word' id='word_1_550' title='bbox 1632 1750 1746 1779; x_wconf 75' lang='lat' dir='ltr'><strong>regnum</strong></span> <span class='ocrx_word' id='word_1_551' title='bbox 1763 1741 1819 1770; x_wconf 85' lang='lat' dir='ltr'><strong>Dei.</strong></span> 
     </span>
    </p>
   </div>
   <div class='ocr_carea' id='block_1_195' title="bbox 1507 1778 1739 1809">
    <p class='ocr_par' dir='ltr' id='par_1_195' title="bbox 1507 1778 1739 1809">
     <span class='ocr_line' id='line_1_196' title="bbox 1507 1778 1739 1809; baseline 0.013 -4"><span class='ocrx_word' id='word_1_552' title='bbox 1507 1778 1553 1806; x_wconf 87' lang='lat'><strong>28.</strong></span> <span class='ocrx_word' id='word_1_553' title='bbox 1573 1778 1686 1806; x_wconf 83' lang='lat' dir='ltr'><strong>Factum</strong></span> <span class='ocrx_word' id='word_1_554' title='bbox 1697 1783 1739 1809; x_wconf 84' lang='lat' dir='ltr'><strong>est</strong></span> 
     </span>
    </p>
   </div>
   <div class='ocr_carea' id='block_1_196' title="bbox 1507 1819 1670 1850">
    <p class='ocr_par' dir='ltr' id='par_1_196' title="bbox 1507 1819 1670 1850">
     <span class='ocr_line' id='line_1_197' title="bbox 1507 1819 1670 1850; baseline 0 -8"><span class='ocrx_word' id='word_1_555' title='bbox 1507 1820 1596 1842; x_wconf 85' lang='lat' dir='ltr'><strong>autem</strong></span> <span class='ocrx_word' id='word_1_556' title='bbox 1608 1819 1670 1850; x_wconf 85' lang='lat' dir='ltr'><strong>post</strong></span> 
     </span>
    </p>
   </div>
   <div class='ocr_carea' id='block_1_197' title="bbox 1507 1850 1683 1886">
    <p class='ocr_par' dir='ltr' id='par_1_197' title="bbox 1507 1850 1683 1886">
     <span class='ocr_line' id='line_1_198' title="bbox 1507 1850 1683 1886; baseline 0.006 -9"><span class='ocrx_word' id='word_1_557' title='bbox 1507 1850 1574 1878; x_wconf 88' lang='lat' dir='ltr'><strong>haec</strong></span> <span class='ocrx_word' id='word_1_558' title='bbox 1587 1850 1683 1886; x_wconf 80' lang='lat' dir='ltr'><strong>verba,</strong></span> 
     </span>
    </p>
   </div>
   <div class='ocr_carea' id='block_1_198' title="bbox 1505 1886 1638 1922">
    <p class='ocr_par' dir='ltr' id='par_1_198' title="bbox 1505 1886 1638 1922">
     <span class='ocr_line' id='line_1_199' title="bbox 1505 1886 1638 1922; baseline 0 -8"><span class='ocrx_word' id='word_1_559' title='bbox 1505 1886 1563 1922; x_wconf 63' lang='lat' dir='ltr'><strong>iere</strong></span> <span class='ocrx_word' id='word_1_560' title='bbox 1576 1890 1638 1922; x_wconf 88' lang='lat' dir='ltr'><strong>post</strong></span> 
     </span>
    </p>
   </div>
   <div class='ocr_carea' id='block_1_199' title="bbox 1505 1921 1640 1950">
    <p class='ocr_par' dir='ltr' id='par_1_199' title="bbox 1505 1921 1640 1950">
     <span class='ocr_line' id='line_1_200' title="bbox 1505 1921 1640 1950; baseline 0 -1"><span class='ocrx_word' id='word_1_561' title='bbox 1505 1921 1563 1949; x_wconf 85' lang='lat' dir='ltr'><strong>dies</strong></span> <span class='ocrx_word' id='word_1_562' title='bbox 1578 1921 1640 1950; x_wconf 81' lang='lat' dir='ltr'><strong>octo</strong></span> 
     </span>
    </p>
   </div>
   <div class='ocr_carea' id='block_1_200' title="bbox 1504 1957 1658 1993">
    <p class='ocr_par' dir='ltr' id='par_1_200' title="bbox 1504 1957 1658 1993">
     <span class='ocr_line' id='line_1_201' title="bbox 1504 1957 1658 1993; baseline 0 -8"><span class='ocrx_word' id='word_1_563' title='bbox 1504 1957 1658 1993; x_wconf 87' lang='lat' dir='ltr'><strong>adsumpsit</strong></span> 
     </span>
    </p>
   </div>
   <div class='ocr_carea' id='block_1_201' title="bbox 896 2012 1228 2042">
    <p class='ocr_par' dir='ltr' id='par_1_201' title="bbox 896 2012 1228 2042">
     <span class='ocr_line' id='line_1_202' title="bbox 896 2012 1228 2042; baseline 0.006 -2"><span class='ocrx_word' id='word_1_564' title='bbox 896 2012 1011 2040; x_wconf 79' lang='lat' dir='ltr'><strong>CODEX</strong></span> <span class='ocrx_word' id='word_1_565' title='bbox 1030 2012 1228 2042; x_wconf 78' lang='lat' dir='ltr'><strong>BRleANUS.</strong></span> 
     </span>
    </p>
   </div>
   <div class='ocr_carea' id='block_1_202' title="bbox 224 2060 1024 2088">
    <p class='ocr_par' dir='ltr' id='par_1_202' title="bbox 224 2060 1024 2088">
     <span class='ocr_line' id='line_1_203' title="bbox 224 2060 1024 2088; baseline 0.001 -1"><span class='ocrx_word' id='word_1_566' title='bbox 224 2060 287 2087; x_wconf 89' lang='lat' dir='ltr'><strong>cim.</strong></span> <span class='ocrx_word' id='word_1_567' title='bbox 304 2060 336 2088; x_wconf 90' lang='lat' dir='ltr'><strong>Et</strong></span> <span class='ocrx_word' id='word_1_568' title='bbox 352 2060 452 2088; x_wconf 80' lang='lat' dir='ltr'><strong>factum</strong></span> <span class='ocrx_word' id='word_1_569' title='bbox 466 2065 508 2088; x_wconf 84' lang='lat' dir='ltr'><strong>est</strong></span> <span class='ocrx_word' id='word_1_570' title='bbox 522 2067 584 2087; x_wconf 89' lang='lat' dir='ltr'><strong>cum</strong></span> <span class='ocrx_word' id='word_1_571' title='bbox 602 2060 677 2088; x_wconf 90' lang='lat' dir='ltr'><strong>solus</strong></span> <span class='ocrx_word' id='word_1_572' title='bbox 691 2064 763 2088; x_wconf 85' lang='lat' dir='ltr'><strong>esset</strong></span> <span class='ocrx_word' id='word_1_573' title='bbox 786 2067 878 2088; x_wconf 80' lang='lat' dir='ltr'><strong>orans.</strong></span> <span class='ocrx_word' id='word_1_574' title='bbox 896 2067 1024 2088; x_wconf 85' lang='lat' dir='ltr'><strong>occurre-</strong></span> 
     </span>
    </p>
   </div>
   <div class='ocr_carea' id='block_1_203' title="bbox 226 2096 1024 2131">
    <p class='ocr_par' dir='ltr' id='par_1_203' title="bbox 226 2096 1024 2131">
     <span class='ocr_line' id='line_1_204' title="bbox 226 2096 1024 2131; baseline 0.003 -9"><span class='ocrx_word' id='word_1_575' title='bbox 226 2101 288 2122; x_wconf 90' lang='lat' dir='ltr'><strong>runt</strong></span> <span class='ocrx_word' id='word_1_576' title='bbox 312 2097 336 2123; x_wconf 88' lang='lat' dir='ltr'><strong>ei</strong></span> <span class='ocrx_word' id='word_1_577' title='bbox 357 2096 481 2131; x_wconf 85' lang='lat' dir='ltr'><strong>discipuli</strong></span> <span class='ocrx_word' id='word_1_578' title='bbox 509 2096 568 2131; x_wconf 84' lang='lat' dir='ltr'><strong>ejus</strong></span> <span class='ocrx_word' id='word_1_579' title='bbox 594 2100 621 2123; x_wconf 91' lang='lat' dir='ltr'><strong>ct</strong></span> <span class='ocrx_word' id='word_1_580' title='bbox 646 2096 823 2130; x_wconf 74' lang='lat' dir='ltr'><strong>interrogavit</strong></span> <span class='ocrx_word' id='word_1_581' title='bbox 846 2096 905 2123; x_wconf 76' lang='lat' dir='ltr'><strong>illos</strong></span> <span class='ocrx_word' id='word_1_582' title='bbox 930 2096 1024 2124; x_wconf 83' lang='lat' dir='ltr'><strong>dicens</strong></span> 
     </span>
    </p>
   </div>
   <div class='ocr_carea' id='block_1_204' title="bbox 223 2131 1024 2166">
    <p class='ocr_par' dir='ltr' id='par_1_204' title="bbox 223 2131 1024 2166">
     <span class='ocr_line' id='line_1_205' title="bbox 223 2131 1024 2166; baseline 0.002 -9"><span class='ocrx_word' id='word_1_583' title='bbox 223 2131 309 2165; x_wconf 84' lang='lat' dir='ltr'><strong>Quem</strong></span> <span class='ocrx_word' id='word_1_584' title='bbox 333 2139 375 2158; x_wconf 91' lang='lat' dir='ltr'><strong>me</strong></span> <span class='ocrx_word' id='word_1_585' title='bbox 389 2132 482 2158; x_wconf 89' lang='lat' dir='ltr'><strong>dicunt</strong></span> <span class='ocrx_word' id='word_1_586' title='bbox 496 2139 557 2158; x_wconf 80' lang='lat' dir='ltr'><strong>esse</strong></span> <span class='ocrx_word' id='word_1_587' title='bbox 585 2131 692 2158; x_wconf 82' lang='lat' dir='ltr'><strong>turbae.</strong></span> <span class='ocrx_word' id='word_1_588' title='bbox 712 2133 745 2158; x_wconf 87' lang='lat' dir='ltr'><strong>At</strong></span> <span class='ocrx_word' id='word_1_589' title='bbox 761 2131 798 2157; x_wconf 90' lang='lat' dir='ltr'><strong>illi</strong></span> <span class='ocrx_word' id='word_1_590' title='bbox 823 2131 1024 2166; x_wconf 68' lang='lat' dir='ltr'><strong>respondentes</strong></span> 
     </span>
    </p>
   </div>
   <div class='ocr_carea' id='block_1_205' title="bbox 223 2167 1023 2201">
    <p class='ocr_par' dir='ltr' id='par_1_205' title="bbox 223 2167 1023 2201">
     <span class='ocr_line' id='line_1_206' title="bbox 223 2167 1023 2201; baseline 0.003 -8"><span class='ocrx_word' id='word_1_591' title='bbox 223 2168 360 2194; x_wconf 76' lang='lat' dir='ltr'><strong>dixerunt.</strong></span> <span class='ocrx_word' id='word_1_592' title='bbox 383 2167 532 2194; x_wconf 77' lang='lat' dir='ltr'><strong>.lohannem</strong></span> <span class='ocrx_word' id='word_1_593' title='bbox 549 2167 708 2201; x_wconf 79' lang='lat' dir='ltr'><strong>Baptistam.</strong></span> <span class='ocrx_word' id='word_1_594' title='bbox 733 2167 778 2193; x_wconf 88' lang='lat' dir='ltr'><strong>alii</strong></span> <span class='ocrx_word' id='word_1_595' title='bbox 804 2173 893 2193; x_wconf 87' lang='lat' dir='ltr'><strong>autem</strong></span> <span class='ocrx_word' id='word_1_596' title='bbox 918 2167 1023 2195; x_wconf 79' lang='lat' dir='ltr'><strong>ilclizun</strong></span> 
     </span>
    </p>
   </div>
   <div class='ocr_carea' id='block_1_206' title="bbox 222 2202 1025 2237">
    <p class='ocr_par' dir='ltr' id='par_1_206' title="bbox 222 2202 1025 2237">
     <span class='ocr_line' id='line_1_207' title="bbox 222 2202 1025 2237; baseline 0.001 -8"><span class='ocrx_word' id='word_1_597' title='bbox 222 2202 267 2229; x_wconf 86' lang='lat' dir='ltr'><strong>alii</strong></span> <span class='ocrx_word' id='word_1_598' title='bbox 283 2204 344 2237; x_wconf 85' lang='lat' dir='ltr'><strong>quin</strong></span> <span class='ocrx_word' id='word_1_599' title='bbox 362 2203 493 2235; x_wconf 63' lang='lat' dir='ltr'><strong>Propheta</strong></span> <span class='ocrx_word' id='word_1_600' title='bbox 516 2211 584 2228; x_wconf 60' lang='lat' dir='ltr'><strong>unus</strong></span> <span class='ocrx_word' id='word_1_601' title='bbox 599 2202 631 2228; x_wconf 81' lang='lat' dir='ltr'><strong>de</strong></span> <span class='ocrx_word' id='word_1_602' title='bbox 649 2202 785 2237; x_wconf 68' lang='lat' dir='ltr'><strong>prioribus</strong></span> <span class='ocrx_word' id='word_1_603' title='bbox 801 2203 931 2230; x_wconf 77' lang='lat' dir='ltr'><strong>surrexit.</strong></span> <span class='ocrx_word' id='word_1_604' title='bbox 952 2203 1025 2230; x_wconf 75' lang='lat' dir='ltr'><strong>Dixit</strong></span> 
     </span>
    </p>
   </div>
   <div class='ocr_carea' id='block_1_207' title="bbox 220 2238 1024 2272">
    <p class='ocr_par' dir='ltr' id='par_1_207' title="bbox 220 2238 1024 2272">
     <span class='ocr_line' id='line_1_208' title="bbox 220 2238 1024 2272; baseline 0.001 -8"><span class='ocrx_word' id='word_1_605' title='bbox 220 2243 310 2265; x_wconf 86' lang='lat' dir='ltr'><strong>autem</strong></span> <span class='ocrx_word' id='word_1_606' title='bbox 324 2239 376 2265; x_wconf 75' lang='lat' dir='ltr'><strong>illis</strong></span> <span class='ocrx_word' id='word_1_607' title='bbox 391 2238 444 2265; x_wconf 70' lang='lat' dir='ltr'><strong>Vos</strong></span> <span class='ocrx_word' id='word_1_608' title='bbox 458 2243 634 2272; x_wconf 74' lang='lat' dir='ltr'><strong>:Illli‘lttqttettt</strong></span> <span class='ocrx_word' id='word_1_609' title='bbox 651 2246 691 2264; x_wconf 88' lang='lat' dir='ltr'><strong>nte</strong></span> <span class='ocrx_word' id='word_1_610' title='bbox 707 2238 795 2263; x_wconf 58' lang='lat' dir='ltr'><strong>dicitis</strong></span> <span class='ocrx_word' id='word_1_611' title='bbox 813 2246 883 2264; x_wconf 65' lang='lat' dir='ltr'><strong>esse.</strong></span> <span class='ocrx_word' id='word_1_612' title='bbox 902 2238 1024 2270; x_wconf 64' lang='lat' dir='ltr'><strong>[\eSptnt—</strong></span> 
     </span>
    </p>
   </div>
   <div class='ocr_carea' id='block_1_208' title="bbox 219 2273 1025 2304">
    <p class='ocr_par' dir='ltr' id='par_1_208' title="bbox 219 2273 1025 2304">
     <span class='ocr_line' id='line_1_209' title="bbox 219 2273 1025 2304; baseline -0.001 -3"><span class='ocrx_word' id='word_1_613' title='bbox 219 2273 287 2304; x_wconf 82' lang='lat' dir='ltr'><strong>dens</strong></span> <span class='ocrx_word' id='word_1_614' title='bbox 300 2280 389 2301; x_wconf 81' lang='lat' dir='ltr'><strong>alitem</strong></span> <span class='ocrx_word' id='word_1_615' title='bbox 413 2275 507 2300; x_wconf 68' lang='lat' dir='ltr'><strong>Simon</strong></span> <span class='ocrx_word' id='word_1_616' title='bbox 526 2275 624 2299; x_wconf 56' lang='lat' dir='ltr'><strong>l&#39;elru»</strong></span> <span class='ocrx_word' id='word_1_617' title='bbox 644 2274 721 2299; x_wconf 78' lang='lat' dir='ltr'><strong>dixit.</strong></span> <span class='ocrx_word' id='word_1_618' title='bbox 737 2273 775 2299; x_wconf 92' lang='lat' dir='ltr'><strong>Tu</strong></span> <span class='ocrx_word' id='word_1_619' title='bbox 792 2281 820 2300; x_wconf 57' lang='lat' dir='ltr'><strong>es</strong></span> <span class='ocrx_word' id='word_1_620' title='bbox 836 2274 962 2300; x_wconf 67' lang='lat' dir='ltr'><strong>Cttristm</strong></span> <span class='ocrx_word' id='word_1_621' title='bbox 981 2274 1025 2300; x_wconf 77' lang='lat' dir='ltr'><strong>Fi-</strong></span> 
     </span>
    </p>
   </div>
   <div class='ocr_carea' id='block_1_209' title="bbox 220 2309 1023 2343">
    <p class='ocr_par' dir='ltr' id='par_1_209' title="bbox 220 2309 1023 2343">
     <span class='ocr_line' id='line_1_210' title="bbox 220 2309 1023 2343; baseline 0 -7"><span class='ocrx_word' id='word_1_622' title='bbox 220 2309 272 2337; x_wconf 87' lang='lat' dir='ltr'><strong>lius</strong></span> <span class='ocrx_word' id='word_1_623' title='bbox 286 2310 344 2338; x_wconf 87' lang='lat' dir='ltr'><strong>Dei.</strong></span> <span class='ocrx_word' id='word_1_624' title='bbox 363 2312 396 2337; x_wconf 74' lang='lat' dir='ltr'><strong>At</strong></span> <span class='ocrx_word' id='word_1_625' title='bbox 412 2311 455 2337; x_wconf 88' lang='lat' dir='ltr'><strong>ille</strong></span> <span class='ocrx_word' id='word_1_626' title='bbox 469 2310 611 2343; x_wconf 71' lang='lat' dir='ltr'><strong>increpans</strong></span> <span class='ocrx_word' id='word_1_627' title='bbox 625 2317 671 2335; x_wconf 74' lang='lat' dir='ltr'><strong>eos</strong></span> <span class='ocrx_word' id='word_1_628' title='bbox 689 2310 824 2343; x_wconf 75' lang='lat' dir='ltr'><strong>praecepit</strong></span> <span class='ocrx_word' id='word_1_629' title='bbox 842 2318 874 2335; x_wconf 79' lang='lat' dir='ltr'><strong>ne</strong></span> <span class='ocrx_word' id='word_1_630' title='bbox 892 2310 933 2336; x_wconf 78' lang='lat' dir='ltr'><strong>eui</strong></span> <span class='ocrx_word' id='word_1_631' title='bbox 949 2310 1023 2336; x_wconf 65' lang='lat' dir='ltr'><strong>dive—</strong></span> 
     </span>
    </p>
   </div>
   <div class='ocr_carea' id='block_1_210' title="bbox 219 2344 1020 2378">
    <p class='ocr_par' dir='ltr' id='par_1_210' title="bbox 219 2344 1020 2378">
     <span class='ocr_line' id='line_1_211' title="bbox 219 2344 1020 2378; baseline 0 -6"><span class='ocrx_word' id='word_1_632' title='bbox 219 2350 281 2375; x_wconf 81' lang='lat' dir='ltr'><strong>reut</strong></span> <span class='ocrx_word' id='word_1_633' title='bbox 296 2347 346 2373; x_wconf 88' lang='lat' dir='ltr'><strong>huc</strong></span> <span class='ocrx_word' id='word_1_634' title='bbox 361 2347 463 2372; x_wconf 80' lang='lat' dir='ltr'><strong>dicens.</strong></span> <span class='ocrx_word' id='word_1_635' title='bbox 480 2345 544 2378; x_wconf 80' lang='lat' dir='ltr'><strong>Quit</strong></span> <span class='ocrx_word' id='word_1_636' title='bbox 564 2350 670 2378; x_wconf 77' lang='lat' dir='ltr'><strong>oportet</strong></span> <span class='ocrx_word' id='word_1_637' title='bbox 687 2344 783 2371; x_wconf 58' lang='lat' dir='ltr'><strong>l’tliunt</strong></span> <span class='ocrx_word' id='word_1_638' title='bbox 803 2345 920 2372; x_wconf 79' lang='lat' dir='ltr'><strong>hominis</strong></span> <span class='ocrx_word' id='word_1_639' title='bbox 940 2346 1020 2372; x_wconf 86' lang='lat' dir='ltr'><strong>tnnlLI</strong></span> 
     </span>
    </p>
   </div>
   <div class='ocr_carea' id='block_1_211' title="bbox 219 2381 1019 2415">
    <p class='ocr_par' dir='ltr' id='par_1_211' title="bbox 219 2381 1019 2415">
     <span class='ocr_line' id='line_1_212' title="bbox 219 2381 1019 2415; baseline 0 -7"><span class='ocrx_word' id='word_1_640' title='bbox 219 2383 272 2415; x_wconf 80' lang='lat' dir='ltr'><strong>pati</strong></span> <span class='ocrx_word' id='word_1_641' title='bbox 287 2387 314 2409; x_wconf 93' lang='lat' dir='ltr'><strong>et</strong></span> <span class='ocrx_word' id='word_1_642' title='bbox 330 2382 469 2415; x_wconf 69' lang='lat' dir='ltr'><strong>repmburi</strong></span> <span class='ocrx_word' id='word_1_643' title='bbox 487 2391 498 2407; x_wconf 76' lang='grc' dir='ltr'><strong>ιι</strong></span> <span class='ocrx_word' id='word_1_644' title='bbox 516 2381 675 2409; x_wconf 80' lang='lat' dir='ltr'><strong>Senioribus</strong></span> <span class='ocrx_word' id='word_1_645' title='bbox 690 2386 715 2407; x_wconf 88' lang='lat' dir='ltr'><strong>et</strong></span> <span class='ocrx_word' id='word_1_646' title='bbox 734 2381 905 2414; x_wconf 78' lang='lat' dir='ltr'><strong>Principibus</strong></span> <span class='ocrx_word' id='word_1_647' title='bbox 922 2382 1019 2408; x_wconf 56' lang='lat' dir='ltr'><strong>Sacen</strong></span> 
     </span>
    </p>
   </div>
   <div class='ocr_carea' id='block_1_212' title="bbox 218 2416 1017 2452">
    <p class='ocr_par' dir='ltr' id='par_1_212' title="bbox 218 2416 1017 2452">
     <span class='ocr_line' id='line_1_213' title="bbox 218 2416 1017 2452; baseline -0.001 -9"><span class='ocrx_word' id='word_1_648' title='bbox 218 2417 311 2444; x_wconf 88' lang='lat' dir='ltr'><strong>dotum</strong></span> <span class='ocrx_word' id='word_1_649' title='bbox 328 2424 354 2445; x_wconf 87' lang='lat' dir='ltr'><strong>et</strong></span> <span class='ocrx_word' id='word_1_650' title='bbox 370 2417 482 2446; x_wconf 85' lang='lat' dir='ltr'><strong>Seribis.</strong></span> <span class='ocrx_word' id='word_1_651' title='bbox 500 2422 528 2445; x_wconf 89' lang='lat' dir='ltr'><strong>et</strong></span> <span class='ocrx_word' id='word_1_652' title='bbox 543 2416 641 2444; x_wconf 87' lang='lat' dir='ltr'><strong>occidi.</strong></span> <span class='ocrx_word' id='word_1_653' title='bbox 656 2422 683 2444; x_wconf 89' lang='lat' dir='ltr'><strong>et</strong></span> <span class='ocrx_word' id='word_1_654' title='bbox 699 2417 777 2443; x_wconf 80' lang='lat' dir='ltr'><strong>tertia</strong></span> <span class='ocrx_word' id='word_1_655' title='bbox 799 2417 841 2443; x_wconf 86' lang='lat' dir='ltr'><strong>die</strong></span> <span class='ocrx_word' id='word_1_656' title='bbox 866 2425 1017 2452; x_wconf 75' lang='lat' dir='ltr'><strong>resurgere.</strong></span> 
     </span>
    </p>
   </div>
   <div class='ocr_carea' id='block_1_213' title="bbox 217 2452 1019 2487">
    <p class='ocr_par' dir='ltr' id='par_1_213' title="bbox 217 2452 1019 2487">
     <span class='ocr_line' id='line_1_214' title="bbox 217 2452 1019 2487; baseline 0.001 -7"><span class='ocrx_word' id='word_1_657' title='bbox 217 2452 328 2480; x_wconf 87' lang='lat' dir='ltr'><strong>Dicebat</strong></span> <span class='ocrx_word' id='word_1_658' title='bbox 346 2459 436 2480; x_wconf 84' lang='lat' dir='ltr'><strong>autem</strong></span> <span class='ocrx_word' id='word_1_659' title='bbox 451 2453 484 2480; x_wconf 91' lang='lat' dir='ltr'><strong>ad</strong></span> <span class='ocrx_word' id='word_1_660' title='bbox 505 2460 611 2479; x_wconf 89' lang='lat' dir='ltr'><strong>omnes.</strong></span> <span class='ocrx_word' id='word_1_661' title='bbox 629 2452 657 2480; x_wconf 92' lang='lat' dir='ltr'><strong>Si</strong></span> <span class='ocrx_word' id='word_1_662' title='bbox 681 2452 742 2487; x_wconf 91' lang='lat' dir='ltr'><strong>quis</strong></span> <span class='ocrx_word' id='word_1_663' title='bbox 765 2453 822 2479; x_wconf 89' lang='lat' dir='ltr'><strong>vult</strong></span> <span class='ocrx_word' id='word_1_664' title='bbox 837 2457 898 2487; x_wconf 84' lang='lat' dir='ltr'><strong>post</strong></span> <span class='ocrx_word' id='word_1_665' title='bbox 913 2460 956 2481; x_wconf 85' lang='lat' dir='ltr'><strong>me</strong></span> <span class='ocrx_word' id='word_1_666' title='bbox 972 2460 1019 2481; x_wconf 85' lang='lat' dir='ltr'><strong>ve-</strong></span> 
     </span>
    </p>
   </div>
   <div class='ocr_carea' id='block_1_214' title="bbox 218 2488 1018 2524">
    <p class='ocr_par' dir='ltr' id='par_1_214' title="bbox 218 2488 1018 2524">
     <span class='ocr_line' id='line_1_215' title="bbox 218 2488 1018 2524; baseline 0.001 -10"><span class='ocrx_word' id='word_1_667' title='bbox 218 2488 285 2516; x_wconf 88' lang='lat' dir='ltr'><strong>nire.</strong></span> <span class='ocrx_word' id='word_1_668' title='bbox 306 2489 424 2524; x_wconf 83' lang='lat' dir='ltr'><strong>abneget</strong></span> <span class='ocrx_word' id='word_1_669' title='bbox 443 2488 631 2523; x_wconf 74' lang='lat' dir='ltr'><strong>semetipsum.</strong></span> <span class='ocrx_word' id='word_1_670' title='bbox 656 2492 684 2519; x_wconf 86' lang='lat' dir='ltr'><strong>et</strong></span> <span class='ocrx_word' id='word_1_671' title='bbox 707 2488 784 2516; x_wconf 89' lang='lat' dir='ltr'><strong>tollat</strong></span> <span class='ocrx_word' id='word_1_672' title='bbox 806 2495 915 2519; x_wconf 87' lang='lat' dir='ltr'><strong>crucem</strong></span> <span class='ocrx_word' id='word_1_673' title='bbox 940 2495 1018 2517; x_wconf 86' lang='lat' dir='ltr'><strong>suam</strong></span> 
     </span>
    </p>
   </div>
   <div class='ocr_carea' id='block_1_215' title="bbox 1076 2061 1868 2098">
    <p class='ocr_par' dir='ltr' id='par_1_215' title="bbox 1076 2061 1868 2098">
     <span class='ocr_line' id='line_1_216' title="bbox 1076 2061 1868 2098; baseline 0 -11"><span class='ocrx_word' id='word_1_674' title='bbox 1076 2062 1187 2090; x_wconf 72' lang='lat' dir='ltr'><strong>cutidie</strong></span> <span class='ocrx_word' id='word_1_675' title='bbox 1203 2067 1230 2090; x_wconf 88' lang='lat' dir='ltr'><strong>et</strong></span> <span class='ocrx_word' id='word_1_676' title='bbox 1253 2068 1382 2098; x_wconf 64' lang='lat' dir='ltr'><strong>sequitur</strong></span> <span class='ocrx_word' id='word_1_677' title='bbox 1404 2070 1456 2089; x_wconf 81' lang='lat' dir='ltr'><strong>nte.</strong></span> <span class='ocrx_word' id='word_1_678' title='bbox 1473 2062 1524 2096; x_wconf 90' lang='lat' dir='ltr'><strong>Qui</strong></span> <span class='ocrx_word' id='word_1_679' title='bbox 1544 2063 1617 2090; x_wconf 89' lang='lat' dir='ltr'><strong>enim</strong></span> <span class='ocrx_word' id='word_1_680' title='bbox 1638 2062 1757 2090; x_wconf 84' lang='lat' dir='ltr'><strong>voluerit</strong></span> <span class='ocrx_word' id='word_1_681' title='bbox 1770 2061 1868 2098; x_wconf 71' lang='lat' dir='ltr'><strong>animant</strong></span> 
     </span>
    </p>
   </div>
   <div class='ocr_carea' id='block_1_216' title="bbox 1076 2096 1870 2135">
    <p class='ocr_par' dir='ltr' id='par_1_216' title="bbox 1076 2096 1870 2135">
     <span class='ocr_line' id='line_1_217' title="bbox 1076 2096 1870 2135; baseline -0.001 -11"><span class='ocrx_word' id='word_1_682' title='bbox 1076 2106 1154 2135; x_wconf 73' lang='lat' dir='ltr'><strong>suam</strong></span> <span class='ocrx_word' id='word_1_683' title='bbox 1169 2099 1271 2126; x_wconf 74' lang='lat' dir='ltr'><strong>salvam</strong></span> <span class='ocrx_word' id='word_1_684' title='bbox 1290 2096 1379 2125; x_wconf 72' lang='lat' dir='ltr'><strong>facere</strong></span> <span class='ocrx_word' id='word_1_685' title='bbox 1403 2099 1497 2133; x_wconf 80' lang='lat' dir='ltr'><strong>pet&#39;tlct</strong></span> <span class='ocrx_word' id='word_1_686' title='bbox 1513 2107 1572 2125; x_wconf 79' lang='lat' dir='ltr'><strong>enin</strong></span> <span class='ocrx_word' id='word_1_687' title='bbox 1588 2107 1648 2135; x_wconf 75' lang='lat' dir='ltr'><strong>nam</strong></span> <span class='ocrx_word' id='word_1_688' title='bbox 1671 2099 1717 2133; x_wconf 91' lang='lat' dir='ltr'><strong>qui</strong></span> <span class='ocrx_word' id='word_1_689' title='bbox 1741 2096 1870 2135; x_wconf 60' lang='lat' dir='ltr'><strong>perdiderit</strong></span> 
     </span>
    </p>
   </div>
   <div class='ocr_carea' id='block_1_217' title="bbox 1077 2130 1869 2168">
    <p class='ocr_par' dir='ltr' id='par_1_217' title="bbox 1077 2130 1869 2168">
     <span class='ocr_line' id='line_1_218' title="bbox 1077 2130 1869 2168; baseline 0.001 -9"><span class='ocrx_word' id='word_1_690' title='bbox 1077 2134 1195 2161; x_wconf 76' lang='lat' dir='ltr'><strong>animum</strong></span> <span class='ocrx_word' id='word_1_691' title='bbox 1209 2142 1283 2160; x_wconf 78' lang='lat' dir='ltr'><strong>suam</strong></span> <span class='ocrx_word' id='word_1_692' title='bbox 1303 2130 1413 2168; x_wconf 73' lang='lat' dir='ltr'><strong>propter</strong></span> <span class='ocrx_word' id='word_1_693' title='bbox 1427 2143 1478 2161; x_wconf 86' lang='lat' dir='ltr'><strong>nte.</strong></span> <span class='ocrx_word' id='word_1_694' title='bbox 1493 2135 1592 2161; x_wconf 71' lang='lat' dir='ltr'><strong>salvan:</strong></span> <span class='ocrx_word' id='word_1_695' title='bbox 1614 2130 1695 2161; x_wconf 62' lang='lat' dir='ltr'><strong>faciet</strong></span> <span class='ocrx_word' id='word_1_696' title='bbox 1721 2130 1789 2161; x_wconf 69' lang='lat' dir='ltr'><strong>eam.</strong></span> <span class='ocrx_word' id='word_1_697' title='bbox 1809 2130 1869 2166; x_wconf 72' lang='lat' dir='ltr'><strong>Quid</strong></span> 
     </span>
    </p>
   </div>
   <div class='ocr_carea' id='block_1_218' title="bbox 1076 2169 1868 2206">
    <p class='ocr_par' dir='ltr' id='par_1_218' title="bbox 1076 2169 1868 2206">
     <span class='ocr_line' id='line_1_219' title="bbox 1076 2169 1868 2206; baseline -0.001 -11"><span class='ocrx_word' id='word_1_698' title='bbox 1076 2170 1148 2206; x_wconf 82' lang='lat' dir='ltr'><strong>enim</strong></span> <span class='ocrx_word' id='word_1_699' title='bbox 1173 2169 1283 2203; x_wconf 71' lang='lat' dir='ltr'><strong>prodest</strong></span> <span class='ocrx_word' id='word_1_700' title='bbox 1312 2170 1425 2196; x_wconf 82' lang='lat' dir='ltr'><strong>lIOiIIllIl.</strong></span> <span class='ocrx_word' id='word_1_701' title='bbox 1442 2171 1464 2197; x_wconf 78' lang='lat' dir='ltr'><strong>si</strong></span> <span class='ocrx_word' id='word_1_702' title='bbox 1492 2171 1609 2196; x_wconf 87' lang='lat' dir='ltr'><strong>lucretur</strong></span> <span class='ocrx_word' id='word_1_703' title='bbox 1625 2171 1780 2197; x_wconf 73' lang='lat' dir='ltr'><strong>universum</strong></span> <span class='ocrx_word' id='word_1_704' title='bbox 1800 2175 1868 2206; x_wconf 64' lang='grc' dir='ltr'>ωυῐις</span> 
     </span>
    </p>
   </div>
   <div class='ocr_carea' id='block_1_219' title="bbox 1077 2204 1869 2240">
    <p class='ocr_par' dir='ltr' id='par_1_219' title="bbox 1077 2204 1869 2240">
     <span class='ocr_line' id='line_1_220' title="bbox 1077 2204 1869 2240; baseline -0.001 -10"><span class='ocrx_word' id='word_1_705' title='bbox 1077 2204 1150 2240; x_wconf 87' lang='lat' dir='ltr'><strong>dum.</strong></span> <span class='ocrx_word' id='word_1_706' title='bbox 1168 2213 1198 2232; x_wconf 91' lang='lat' dir='ltr'><strong>se</strong></span> <span class='ocrx_word' id='word_1_707' title='bbox 1220 2210 1310 2233; x_wconf 83' lang='lat' dir='ltr'><strong>autem</strong></span> <span class='ocrx_word' id='word_1_708' title='bbox 1337 2207 1424 2240; x_wconf 76' lang='lat' dir='ltr'><strong>ipsum</strong></span> <span class='ocrx_word' id='word_1_709' title='bbox 1451 2206 1555 2239; x_wconf 56' lang='lat' dir='ltr'><strong>perdat.</strong></span> <span class='ocrx_word' id='word_1_710' title='bbox 1573 2211 1599 2232; x_wconf 86' lang='lat' dir='ltr'><strong>et</strong></span> <span class='ocrx_word' id='word_1_711' title='bbox 1624 2206 1813 2233; x_wconf 80' lang='lat' dir='ltr'><strong>detrimentum</strong></span> <span class='ocrx_word' id='word_1_712' title='bbox 1833 2204 1869 2229; x_wconf 88' lang='lat' dir='ltr'><strong>sui</strong></span> 
     </span>
    </p>
   </div>
   <div class='ocr_carea' id='block_1_220' title="bbox 1076 2239 1869 2274">
    <p class='ocr_par' dir='ltr' id='par_1_220' title="bbox 1076 2239 1869 2274">
     <span class='ocr_line' id='line_1_221' title="bbox 1076 2239 1869 2274; baseline -0.003 -6"><span class='ocrx_word' id='word_1_713' title='bbox 1076 2239 1166 2268; x_wconf 63' lang='lat' dir='ltr'><strong>faciat.</strong></span> <span class='ocrx_word' id='word_1_714' title='bbox 1184 2241 1233 2274; x_wconf 81' lang='lat' dir='ltr'><strong>Qui</strong></span> <span class='ocrx_word' id='word_1_715' title='bbox 1258 2243 1329 2268; x_wconf 83' lang='lat' dir='ltr'><strong>enim</strong></span> <span class='ocrx_word' id='word_1_716' title='bbox 1355 2250 1396 2267; x_wconf 81' lang='lat' dir='ltr'><strong>me</strong></span> <span class='ocrx_word' id='word_1_717' title='bbox 1417 2242 1546 2268; x_wconf 66' lang='lat' dir='ltr'><strong>confusus</strong></span> <span class='ocrx_word' id='word_1_718' title='bbox 1559 2240 1652 2268; x_wconf 81' lang='lat' dir='ltr'><strong>fuerit.</strong></span> <span class='ocrx_word' id='word_1_719' title='bbox 1667 2245 1715 2268; x_wconf 85' lang='lat' dir='ltr'><strong>aut</strong></span> <span class='ocrx_word' id='word_1_720' title='bbox 1731 2248 1801 2268; x_wconf 77' lang='lat' dir='ltr'><strong>meos</strong></span> <span class='ocrx_word' id='word_1_721' title='bbox 1819 2245 1869 2266; x_wconf 76' lang='lat' dir='ltr'><strong>Ier-</strong></span> 
     </span>
    </p>
   </div>
   <div class='ocr_carea' id='block_1_221' title="bbox 1077 2276 1868 2304">
    <p class='ocr_par' dir='ltr' id='par_1_221' title="bbox 1077 2276 1868 2304">
     <span class='ocr_line' id='line_1_222' title="bbox 1077 2276 1868 2304; baseline -0.001 -2"><span class='ocrx_word' id='word_1_722' title='bbox 1077 2283 1180 2303; x_wconf 83' lang='lat' dir='ltr'><strong>mortes.</strong></span> <span class='ocrx_word' id='word_1_723' title='bbox 1208 2276 1277 2304; x_wconf 82' lang='lat' dir='ltr'><strong>hunc</strong></span> <span class='ocrx_word' id='word_1_724' title='bbox 1304 2277 1387 2304; x_wconf 52' lang='lat' dir='ltr'><strong>lt&#39;tlins</strong></span> <span class='ocrx_word' id='word_1_725' title='bbox 1412 2277 1530 2304; x_wconf 71' lang='lat' dir='ltr'><strong>hominis</strong></span> <span class='ocrx_word' id='word_1_726' title='bbox 1554 2276 1704 2304; x_wconf 72' lang='lat' dir='ltr'><strong>confundet</strong></span> <span class='ocrx_word' id='word_1_727' title='bbox 1735 2283 1792 2304; x_wconf 83' lang='lat' dir='ltr'><strong>euut</strong></span> <span class='ocrx_word' id='word_1_728' title='bbox 1815 2280 1868 2302; x_wconf 81' lang='lat' dir='ltr'><strong>cum</strong></span> 
     </span>
    </p>
   </div>
   <div class='ocr_carea' id='block_1_222' title="bbox 1075 2312 1868 2346">
    <p class='ocr_par' dir='ltr' id='par_1_222' title="bbox 1075 2312 1868 2346">
     <span class='ocr_line' id='line_1_223' title="bbox 1075 2312 1868 2346; baseline -0.005 -7"><span class='ocrx_word' id='word_1_729' title='bbox 1075 2313 1180 2339; x_wconf 87' lang='lat' dir='ltr'><strong>venerit</strong></span> <span class='ocrx_word' id='word_1_730' title='bbox 1203 2313 1228 2339; x_wconf 94' lang='lat' dir='ltr'><strong>iu</strong></span> <span class='ocrx_word' id='word_1_731' title='bbox 1256 2313 1397 2346; x_wconf 55' lang='grc' dir='ltr'><strong>ιιιςιῙρειειιιέ</strong></span> <span class='ocrx_word' id='word_1_732' title='bbox 1422 2321 1480 2339; x_wconf 77' lang='lat' dir='ltr'><strong>sua.</strong></span> <span class='ocrx_word' id='word_1_733' title='bbox 1511 2317 1538 2338; x_wconf 81' lang='lat' dir='ltr'><strong>et</strong></span> <span class='ocrx_word' id='word_1_734' title='bbox 1560 2312 1647 2339; x_wconf 80' lang='lat' dir='ltr'><strong>Patris</strong></span> <span class='ocrx_word' id='word_1_735' title='bbox 1671 2317 1698 2340; x_wconf 88' lang='lat' dir='ltr'><strong>et</strong></span> <span class='ocrx_word' id='word_1_736' title='bbox 1721 2312 1868 2346; x_wconf 78' lang='lat' dir='ltr'><strong>Sanctorum</strong></span> 
     </span>
    </p>
   </div>
   <div class='ocr_carea' id='block_1_223' title="bbox 1074 2344 1868 2384">
    <p class='ocr_par' dir='ltr' id='par_1_223' title="bbox 1074 2344 1868 2384">
     <span class='ocr_line' id='line_1_224' title="bbox 1074 2344 1868 2384; baseline 0 -10"><span class='ocrx_word' id='word_1_737' title='bbox 1074 2347 1252 2383; x_wconf 73' lang='lat' dir='ltr'><strong>Angelorntu.</strong></span> <span class='ocrx_word' id='word_1_738' title='bbox 1270 2344 1333 2375; x_wconf 70' lang='lat' dir='ltr'><strong>Diuo</strong></span> <span class='ocrx_word' id='word_1_739' title='bbox 1353 2354 1443 2376; x_wconf 76' lang='lat' dir='ltr'><strong>autem</strong></span> <span class='ocrx_word' id='word_1_740' title='bbox 1463 2349 1549 2375; x_wconf 69' lang='lat' dir='ltr'><strong>vobis.</strong></span> <span class='ocrx_word' id='word_1_741' title='bbox 1569 2355 1632 2375; x_wconf 73' lang='lat' dir='ltr'><strong>vere</strong></span> <span class='ocrx_word' id='word_1_742' title='bbox 1649 2352 1713 2377; x_wconf 88' lang='lat' dir='ltr'><strong>sunt</strong></span> <span class='ocrx_word' id='word_1_743' title='bbox 1727 2347 1828 2384; x_wconf 78' lang='lat' dir='ltr'><strong>quidam</strong></span> <span class='ocrx_word' id='word_1_744' title='bbox 1838 2344 1868 2384; x_wconf 46' lang='lat' dir='ltr'><strong>dp</strong></span> 
     </span>
    </p>
   </div>
   <div class='ocr_carea' id='block_1_224' title="bbox 1074 2383 1867 2419">
    <p class='ocr_par' dir='ltr' id='par_1_224' title="bbox 1074 2383 1867 2419">
     <span class='ocr_line' id='line_1_225' title="bbox 1074 2383 1867 2419; baseline -0.003 -11"><span class='ocrx_word' id='word_1_745' title='bbox 1074 2383 1118 2419; x_wconf 75' lang='lat' dir='ltr'><strong>itic</strong></span> <span class='ocrx_word' id='word_1_746' title='bbox 1133 2384 1267 2413; x_wconf 69' lang='lat' dir='ltr'><strong>stantibus</strong></span> <span class='ocrx_word' id='word_1_747' title='bbox 1294 2385 1338 2419; x_wconf 85' lang='lat' dir='ltr'><strong>qui</strong></span> <span class='ocrx_word' id='word_1_748' title='bbox 1355 2392 1407 2411; x_wconf 79' lang='lat' dir='ltr'><strong>non</strong></span> <span class='ocrx_word' id='word_1_749' title='bbox 1422 2384 1569 2419; x_wconf 74' lang='lat' dir='ltr'><strong>gustabunt</strong></span> <span class='ocrx_word' id='word_1_750' title='bbox 1591 2388 1708 2412; x_wconf 86' lang='lat' dir='ltr'><strong>mortem</strong></span> <span class='ocrx_word' id='word_1_751' title='bbox 1726 2383 1814 2419; x_wconf 74' lang='lat' dir='ltr'><strong>donec</strong></span> <span class='ocrx_word' id='word_1_752' title='bbox 1832 2383 1867 2407; x_wconf 74' lang='lat' dir='ltr'><strong>vi-</strong></span> 
     </span>
    </p>
   </div>
   <div class='ocr_carea' id='block_1_225' title="bbox 1072 2417 1867 2454">
    <p class='ocr_par' dir='ltr' id='par_1_225' title="bbox 1072 2417 1867 2454">
     <span class='ocr_line' id='line_1_226' title="bbox 1072 2417 1867 2454; baseline -0.004 -9"><span class='ocrx_word' id='word_1_753' title='bbox 1072 2418 1156 2446; x_wconf 82' lang='lat' dir='ltr'><strong>deant</strong></span> <span class='ocrx_word' id='word_1_754' title='bbox 1180 2417 1375 2454; x_wconf 55' lang='lat' dir='ltr'><strong>reguum&#39;iiei.</strong></span> <span class='ocrx_word' id='word_1_755' title='bbox 1400 2417 1510 2446; x_wconf 77' lang='lat' dir='ltr'><strong>Factum</strong></span> <span class='ocrx_word' id='word_1_756' title='bbox 1538 2423 1579 2445; x_wconf 84' lang='lat' dir='ltr'><strong>cst</strong></span> <span class='ocrx_word' id='word_1_757' title='bbox 1604 2425 1696 2446; x_wconf 90' lang='lat' dir='ltr'><strong>autem</strong></span> <span class='ocrx_word' id='word_1_758' title='bbox 1729 2423 1784 2454; x_wconf 90' lang='lat' dir='ltr'><strong>post</strong></span> <span class='ocrx_word' id='word_1_759' title='bbox 1808 2417 1867 2443; x_wconf 76' lang='lat' dir='ltr'><strong>haec</strong></span> 
     </span>
    </p>
   </div>
   <div class='ocr_carea' id='block_1_226' title="bbox 1072 2454 1648 2490">
    <p class='ocr_par' dir='ltr' id='par_1_226' title="bbox 1072 2454 1648 2490">
     <span class='ocr_line' id='line_1_227' title="bbox 1072 2454 1648 2490; baseline 0 -8"><span class='ocrx_word' id='word_1_760' title='bbox 1072 2455 1165 2482; x_wconf 74' lang='lat' dir='ltr'><strong>verba.</strong></span> <span class='ocrx_word' id='word_1_761' title='bbox 1192 2454 1250 2483; x_wconf 80' lang='lat' dir='ltr'><strong>fere</strong></span> <span class='ocrx_word' id='word_1_762' title='bbox 1275 2455 1333 2483; x_wconf 86' lang='lat' dir='ltr'><strong>dies</strong></span> <span class='ocrx_word' id='word_1_763' title='bbox 1357 2459 1430 2482; x_wconf 93' lang='lat' dir='ltr'><strong>octo.</strong></span> <span class='ocrx_word' id='word_1_764' title='bbox 1446 2459 1474 2483; x_wconf 92' lang='lat' dir='ltr'><strong>et</strong></span> <span class='ocrx_word' id='word_1_765' title='bbox 1496 2454 1648 2490; x_wconf 88' lang='lat' dir='ltr'><strong>adsumpsit</strong></span> 
     </span>
    </p>
   </div>
   <div class='ocr_carea' id='block_1_227' title="bbox 862 2543 1236 2573">
    <p class='ocr_par' dir='ltr' id='par_1_227' title="bbox 862 2543 1236 2573">
     <span class='ocr_line' id='line_1_228' title="bbox 862 2543 1236 2573; baseline -0.003 -1"><span class='ocrx_word' id='word_1_766' title='bbox 862 2544 979 2573; x_wconf 80' lang='lat' dir='ltr'><strong>CODEX</strong></span> <span class='ocrx_word' id='word_1_767' title='bbox 998 2543 1236 2573; x_wconf 84' lang='lat' dir='ltr'><strong>CORBEIENSIS.</strong></span> 
     </span>
    </p>
   </div>
   <div class='ocr_carea' id='block_1_228' title="bbox 254 2591 538 2621">
    <p class='ocr_par' dir='ltr' id='par_1_228' title="bbox 254 2591 538 2621">
     <span class='ocr_line' id='line_1_229' title="bbox 254 2591 538 2621; baseline 0.007 -3"><span class='ocrx_word' id='word_1_768' title='bbox 254 2591 301 2619; x_wconf 72' lang='lat'><strong>24.</strong></span> <span class='ocrx_word' id='word_1_769' title='bbox 321 2592 439 2620; x_wconf 86' lang='lat' dir='ltr'><strong>salvabit</strong></span> <span class='ocrx_word' id='word_1_770' title='bbox 452 2593 538 2621; x_wconf 87' lang='lat' dir='ltr'><strong>illam.</strong></span> 
     </span>
    </p>
   </div>
   <div class='ocr_carea' id='block_1_229' title="bbox 1111 2591 1808 2627">
    <p class='ocr_par' dir='ltr' id='par_1_229' title="bbox 1111 2591 1808 2627">
     <span class='ocr_line' id='line_1_230' title="bbox 1111 2591 1808 2627; baseline -0.001 -8"><span class='ocrx_word' id='word_1_771' title='bbox 1111 2592 1158 2620; x_wconf 81' lang='lat'><strong>25.</strong></span> <span class='ocrx_word' id='word_1_772' title='bbox 1178 2600 1209 2620; x_wconf 86' lang='lat' dir='ltr'><strong>se</strong></span> <span class='ocrx_word' id='word_1_773' title='bbox 1222 2595 1312 2619; x_wconf 89' lang='lat' dir='ltr'><strong>autem</strong></span> <span class='ocrx_word' id='word_1_774' title='bbox 1327 2591 1438 2627; x_wconf 88' lang='lat' dir='ltr'><strong>perdat,</strong></span> <span class='ocrx_word' id='word_1_775' title='bbox 1453 2596 1501 2620; x_wconf 85' lang='lat' dir='ltr'><strong>aut</strong></span> <span class='ocrx_word' id='word_1_776' title='bbox 1514 2592 1710 2622; x_wconf 86' lang='lat' dir='ltr'><strong>detrimentum</strong></span> <span class='ocrx_word' id='word_1_777' title='bbox 1723 2592 1808 2620; x_wconf 82' lang='lat' dir='ltr'><strong>faciat.</strong></span> 
     </span>
    </p>
   </div>
   <div class='ocr_carea' id='block_1_230' title="bbox 822 2648 1261 2687">
    <p class='ocr_par' dir='ltr' id='par_1_230' title="bbox 822 2648 1261 2687">
     <span class='ocr_line' id='line_1_231' title="bbox 822 2648 1261 2687; baseline -0.005 -9"><span class='ocrx_word' id='word_1_778' title='bbox 822 2649 1032 2687; x_wconf 65' lang='grc' dir='ltr'><strong>ενΑιιιΑΝτΕδ</strong></span> <span class='ocrx_word' id='word_1_779' title='bbox 1051 2648 1246 2677; x_wconf 84' lang='lat' dir='ltr'><strong>LECTIONES</strong></span> <span class='ocrx_word' id='word_1_780' title='bbox 1253 2668 1261 2676; x_wconf 95' lang='lat'><strong>.</strong></span> 
     </span>
    </p>
   </div>
   <div class='ocr_carea' id='block_1_231' title="bbox 248 2695 817 2728">
    <p class='ocr_par' dir='ltr' id='par_1_231' title="bbox 248 2695 817 2728">
     <span class='ocr_line' id='line_1_232' title="bbox 248 2695 817 2728; baseline -0.005 -4"><span class='ocrx_word' id='word_1_781' title='bbox 248 2700 256 2715; x_wconf 87' lang='grc'>¹</span> <span class='ocrx_word' id='word_1_782' title='bbox 276 2699 336 2724; x_wconf 78' lang='lat' dir='ltr'><strong>Mm.</strong></span> <span class='ocrx_word' id='word_1_783' title='bbox 349 2698 382 2723; x_wconf 88' lang='lat' dir='ltr'><strong>de</strong></span> <span class='ocrx_word' id='word_1_784' title='bbox 393 2697 541 2723; x_wconf 83' lang='lat' dir='ltr'><strong>senioribus.</strong></span> <span class='ocrx_word' id='word_1_785' title='bbox 557 2695 631 2728; x_wconf 75' lang='lat' dir='ltr'><strong>Vulg.</strong></span> <span class='ocrx_word' id='word_1_786' title='bbox 645 2695 678 2720; x_wconf 84' lang='lat' dir='ltr'><strong>de</strong></span> <span class='ocrx_word' id='word_1_787' title='bbox 689 2695 817 2728; x_wconf 79' lang='lat' dir='ltr'><strong>prioribus.</strong></span> 
     </span>
    </p>
   </div>
   <div class='ocr_carea' id='block_1_232' title="bbox 245 2726 1012 2763">
    <p class='ocr_par' dir='ltr' id='par_1_232' title="bbox 245 2726 1012 2763">
     <span class='ocr_line' id='line_1_233' title="bbox 245 2726 1012 2763; baseline -0.003 -8"><span class='ocrx_word' id='word_1_788' title='bbox 245 2732 332 2763; x_wconf 27' lang='lat' dir='ltr'><strong>“AMm.</strong></span> <span class='ocrx_word' id='word_1_789' title='bbox 355 2730 405 2761; x_wconf 89' lang='lat' dir='ltr'><strong>pati</strong></span> <span class='ocrx_word' id='word_1_790' title='bbox 422 2736 436 2753; x_wconf 86' lang='lat' dir='ltr'><strong>a</strong></span> <span class='ocrx_word' id='word_1_791' title='bbox 452 2726 616 2763; x_wconf 60' lang='lat' dir='ltr'><strong>Senioribus,&quot;</strong></span> <span class='ocrx_word' id='word_1_792' title='bbox 627 2731 654 2763; x_wconf 78' lang='lat' dir='ltr'><strong>et</strong></span> <span class='ocrx_word' id='word_1_793' title='bbox 672 2726 832 2763; x_wconf 66' lang='lat' dir='ltr'><strong>reprobaria</strong></span> <span class='ocrx_word' id='word_1_794' title='bbox 849 2726 1012 2763; x_wconf 82' lang='lat' dir='ltr'><strong>P_ri_t_icipibus.</strong></span> 
     </span>
    </p>
   </div>
   <div class='ocr_carea' id='block_1_233' title="bbox 218 2758 1014 2823">
    <p class='ocr_par' dir='ltr' id='par_1_233' title="bbox 218 2758 1014 2823">
     <span class='ocr_line' id='line_1_234' title="bbox 218 2758 949 2794; baseline -0.007 -7"><span class='ocrx_word' id='word_1_795' title='bbox 218 2760 291 2794; x_wconf 72' lang='lat' dir='ltr'><strong>Vulg.</strong></span> <span class='ocrx_word' id='word_1_796' title='bbox 305 2758 368 2793; x_wconf 59' lang='lat' dir='ltr'><strong>pati&quot;,</strong></span> <span class='ocrx_word' id='word_1_797' title='bbox 381 2763 407 2785; x_wconf 87' lang='lat' dir='ltr'><strong>et</strong></span> <span class='ocrx_word' id='word_1_798' title='bbox 419 2760 545 2791; x_wconf 88' lang='lat' dir='ltr'><strong>reprobari</strong></span> <span class='ocrx_word' id='word_1_799' title='bbox 558 2765 572 2783; x_wconf 89' lang='lat' dir='ltr'><strong>a</strong></span> <span class='ocrx_word' id='word_1_800' title='bbox 581 2758 736 2794; x_wconf 77' lang='lat' dir='ltr'><strong>Senioribus,</strong></span> <span class='ocrx_word' id='word_1_801' title='bbox 750 2761 776 2783; x_wconf 91' lang='lat' dir='ltr'><strong>et</strong></span> <span class='ocrx_word' id='word_1_802' title='bbox 788 2758 949 2789; x_wconf 85' lang='lat' dir='ltr'><strong>Principibus.</strong></span> 
     </span>
     <span class='ocr_line' id='line_1_235' title="bbox 246 2789 1014 2823; baseline -0.004 -5"><span class='ocrx_word' id='word_1_803' title='bbox 246 2795 256 2810; x_wconf 89' lang='grc'><strong><em>³</em></strong></span> <span class='ocrx_word' id='word_1_804' title='bbox 273 2793 327 2818; x_wconf 77' lang='lat' dir='ltr'><strong>Gut.</strong></span> <span class='ocrx_word' id='word_1_805' title='bbox 342 2798 402 2818; x_wconf 88' lang='lat' dir='ltr'><strong>vere</strong></span> <span class='ocrx_word' id='word_1_806' title='bbox 414 2798 420 2816; x_wconf 89' lang='lat'><strong>:</strong></span> <span class='ocrx_word' id='word_1_807' title='bbox 430 2793 487 2815; x_wconf 85' lang='lat' dir='ltr'><strong>sunt</strong></span> <span class='ocrx_word' id='word_1_808' title='bbox 497 2789 583 2821; x_wconf 86' lang='lat' dir='ltr'><strong>aliqui,</strong></span> <span class='ocrx_word' id='word_1_809' title='bbox 595 2790 638 2822; x_wconf 88' lang='lat' dir='ltr'><strong>qui</strong></span> <span class='ocrx_word' id='word_1_810' title='bbox 650 2790 690 2814; x_wconf 84' lang='lat' dir='ltr'><strong>inc</strong></span> <span class='ocrx_word' id='word_1_811' title='bbox 697 2793 801 2815; x_wconf 88' lang='lat' dir='ltr'><strong>stantes.</strong></span> <span class='ocrx_word' id='word_1_812' title='bbox 816 2790 878 2817; x_wconf 79' lang='lat' dir='ltr'><strong>Mm.</strong></span> <span class='ocrx_word' id='word_1_813' title='bbox 889 2792 945 2823; x_wconf 86' lang='lat' dir='ltr'><strong>quia</strong></span> <span class='ocrx_word' id='word_1_814' title='bbox 955 2792 1014 2815; x_wconf 84' lang='lat' dir='ltr'><strong>sunt</strong></span> 
     </span>
    </p>
   </div>
   <div class='ocr_carea' id='block_1_234' title="bbox 1068 2692 1861 2758">
    <p class='ocr_par' dir='ltr' id='par_1_234' title="bbox 1068 2692 1861 2758">
     <span class='ocr_line' id='line_1_236' title="bbox 1068 2692 1861 2758; baseline 0.001 -8"><span class='ocrx_word' id='word_1_815' title='bbox 1068 2692 1861 2758; x_wconf 47' lang='lat' dir='ltr'><strong>a‘iramrtttsstsz&#39;garte;at;mansuetas</strong></span> 
     </span>
    </p>
   </div>
   <div class='ocr_carea' id='block_1_235' title="bbox 1066 2756 1823 2789">
    <p class='ocr_par' dir='ltr' id='par_1_235' title="bbox 1066 2756 1823 2789">
     <span class='ocr_line' id='line_1_237' title="bbox 1066 2756 1823 2789; baseline 0 -8"><span class='ocrx_word' id='word_1_816' title='bbox 1066 2757 1134 2782; x_wconf 89' lang='lat' dir='ltr'><strong>bum.</strong></span> <span class='ocrx_word' id='word_1_817' title='bbox 1152 2756 1225 2789; x_wconf 75' lang='lat' dir='ltr'><strong>Vulg.</strong></span> <span class='ocrx_word' id='word_1_818' title='bbox 1236 2756 1292 2782; x_wconf 79' lang='lat' dir='ltr'><strong>fere</strong></span> <span class='ocrx_word' id='word_1_819' title='bbox 1303 2756 1424 2783; x_wconf 80' lang='lat' dir='ltr'><strong>diesbcto</strong></span> <span class='ocrx_word' id='word_1_820' title='bbox 1437 2761 1514 2783; x_wconf 65' lang='grc' dir='ltr'><strong>ειη...</strong></span> <span class='ocrx_word' id='word_1_821' title='bbox 1528 2756 1648 2784; x_wconf 67' lang='lat' dir='ltr'><strong>Iacobum</strong></span> <span class='ocrx_word' id='word_1_822' title='bbox 1665 2763 1691 2784; x_wconf 84' lang='lat' dir='ltr'><strong>et</strong></span> <span class='ocrx_word' id='word_1_823' title='bbox 1702 2756 1823 2783; x_wconf 71' lang='lat' dir='ltr'><strong>Joannem.</strong></span> 
     </span>
    </p>
   </div>
   <div class='ocr_carea' id='block_1_236' title="bbox 877 2843 1199 2873">
    <p class='ocr_par' dir='ltr' id='par_1_236' title="bbox 877 2843 1199 2873">
     <span class='ocr_line' id='line_1_238' title="bbox 877 2843 1199 2873; baseline 0 0"><span class='ocrx_word' id='word_1_824' title='bbox 877 2843 1063 2873; x_wconf 79' lang='lat' dir='ltr'><strong>BLANCHINI</strong></span> <span class='ocrx_word' id='word_1_825' title='bbox 1081 2844 1199 2873; x_wconf 69' lang='lat' dir='ltr'><strong>NOTAE.</strong></span> 
     </span>
    </p>
   </div>
   <div class='ocr_carea' id='block_1_237' title="bbox 249 2889 1812 2931">
    <p class='ocr_par' dir='ltr' id='par_1_237' title="bbox 249 2889 1812 2931">
     <span class='ocr_line' id='line_1_239' title="bbox 249 2889 1812 2931; baseline -0.002 -9"><span class='ocrx_word' id='word_1_826' title='bbox 249 2895 287 2931; x_wconf 82' lang='grc' dir='ltr'><strong>(α)</strong></span> <span class='ocrx_word' id='word_1_827' title='bbox 301 2894 382 2922; x_wconf 86' lang='lat' dir='ltr'><strong>Addit</strong></span> <span class='ocrx_word' id='word_1_828' title='bbox 403 2893 462 2927; x_wconf 80' lang='lat' dir='ltr'><strong>ille,</strong></span> <span class='ocrx_word' id='word_1_829' title='bbox 476 2892 559 2921; x_wconf 86' lang='lat' dir='ltr'><strong>etiam</strong></span> <span class='ocrx_word' id='word_1_830' title='bbox 581 2896 636 2920; x_wconf 81' lang='lat' dir='ltr'><strong>tex.</strong></span> <span class='ocrx_word' id='word_1_831' title='bbox 650 2890 699 2919; x_wconf 88' lang='lat' dir='ltr'><strong>Gr.</strong></span> <span class='ocrx_word' id='word_1_832' title='bbox 723 2889 896 2926; x_wconf 70' lang='grc' dir='ltr'><strong>οὖτος.-(ὺ)</strong></span> <span class='ocrx_word' id='word_1_833' title='bbox 911 2889 1010 2918; x_wconf 79' lang='lat' dir='ltr'><strong>Veron.</strong></span> <span class='ocrx_word' id='word_1_834' title='bbox 1024 2895 1052 2919; x_wconf 91' lang='lat' dir='ltr'><strong>et</strong></span> <span class='ocrx_word' id='word_1_835' title='bbox 1065 2890 1373 2920; x_wconf 70' lang='lat' dir='ltr'><strong>Verceil.omlttuutsui</strong></span> <span class='ocrx_word' id='word_1_836' title='bbox 1384 2899 1394 2925; x_wconf 86' lang='lat'><strong><em>;</em></strong></span> <span class='ocrx_word' id='word_1_837' title='bbox 1407 2891 1483 2930; x_wconf 77' lang='lat' dir='ltr'><strong>juxta</strong></span> <span class='ocrx_word' id='word_1_838' title='bbox 1499 2895 1553 2923; x_wconf 70' lang='lat' dir='ltr'><strong>ter.</strong></span> <span class='ocrx_word' id='word_1_839' title='bbox 1569 2892 1658 2931; x_wconf 56' lang='grc' dir='ltr'><strong>ϐπ,εό</strong></span> <span class='ocrx_word' id='word_1_840' title='bbox 1677 2892 1812 2929; x_wconf 71' lang='grc' dir='ltr'><strong>ζημίωθσίς.</strong></span> 
     </span>
    </p>
   </div>
  </div>
