3910 6336
109 210 188 268 581

112 425 300 467 ...m
331 409 522 479 Petro,

112 484 171 554 (a)
205 525 218 539 .
259 525 270 537 .
313 523 324 535 .
367 481 610 554 obranne,
636 492 690 550 et

113 594 126 610 .
160 595 171 608 .
208 595 220 609 .
247 593 272 637 ..
303 555 393 620 bo,
421 553 460 624 *ξ’
489 568 680 620 ascen-

112 667 126 684 ο
162 665 173 680 ο
210 642 294 680 ,ιη
325 641 484 680 mon-

114 712 322 763 ...m,
354 705 414 751 ut
442 711 566 751 ora-

111 770 181 825 29.
218 808 231 822 .
269 807 282 820 .
321 809 334 821 .
369 777 408 822 ι.
447 769 512 828 Et
541 767 741 825 factum

114 882 126 896 .
155 881 164 891 .
197 849 264 906 st,
286 839 411 895 dum
434 855 495 893 o-

113 953 124 967 .
161 958 171 969 .
198 921 245 966 at
269 912 382 984 ipse
403 953 417 980 .
445 917 500 978 ei
521 909 661 984 iac-3

112 993 151 1039 ta
176 991 246 1039 est
267 981 450 1054 eﬁgies
643 981 647 990 ³

111 1055 256 1109 vultus
278 1056 393 1123 ejus

109 1129 190 1182 alia
206 1168 218 1186 ,
251 1137 301 1181 et
328 1141 447 1180 ves-

111 1199 165 1253 tis
181 1197 282 1267 ejus
308 1212 438 1252 can-

113 1269 208 1324 dida
222 1309 235 1334 ,
266 1267 503 1338 praeful-

113 1341 182 1396 50.
215 1355 360 1410 gens.
391 1340 457 1396 Et
488 1354 627 1410 ecce~

114 1412 192 1466 viri
215 1412 314 1465 duo
337 1426 460 1466 con-

115 1483 438 1552 loquebantur

116 1556 169 1610 ei.
191 1554 308 1608 Erat
327 1563 502 1608 autem

116 1626 294 1698 Moyses
312 1667 325 1690 ,
353 1635 408 1680 et
438 1625 546 1684 He-

116 1698 163 1752 51
177 1738 185 1748 .
220 1697 331 1760 lias,
363 1711 624 1768 apparen-

119 1779 182 1823 tes
201 1769 245 1822 in
265 1769 484 1838 gloriam
521 1786 534 1820 :

120 1839 336 1895 dicebant
371 1855 501 1906 con-

121 1910 396 1964 summﬂio-
508 1911 525 1943 ³

125 1997 226 2036 nem
251 1982 378 2036 illius
399 2024 415 2047 ,
505 1965 526 1990 ”’

123 2068 252 2122 quam
270 2052 440 2122 inple-

121 2134 244 2178 turus
265 2133 378 2178 erat
409 2124 462 2178 in

123 2195 442 2250 Hierusalem.

126 2267 192 2322 ³59...
226 2267 413 2321 Petrus
445 2275 642 2333 autem,

131 2348 167 2392 et
188 2341 257 2408 qui
286 2353 410 2392 cum

128 2423 175 2463 eo
193 2417 354 2475 erant,
386 2423 508 2478 gra-

123 2480 205 2534 vati
227 2491 348 2535 sunt
371 2495 517 2535 som-

123 2567 194 2605 no.
215 2551 478 2634 Evigilan:

125 2633 191 2676 tes
213 2635 400 2690 autem,
430 2633 510 2676 vl-

122 2693 281 2749 derunt
309 2696 426 2765 glo-

121 2766 230 2837 riam
255 2768 392 2837 ejus,
421 2775 477 2820 et

121 2835 232 2892 duos
253 2835 398 2893 viros
423 2837 520 2892 ad-

121 2911 344 2965 sistentes
373 2909 444 2964 ei.

123 2979 191 3034 53.
229 2981 288 3035 Et
318 2981 522 3035 factum
553 2988 638 3035 est

125 3051 135 3080 ²
160 3051 265 3105 dum
293 3052 576 3108 discerent

121 3121 176 3175 ab
195 3123 300 3189 illo,
322 3123 466 3186 dixit

123 3191 283 3249 Petrus
306 3213 320 3249 :
358 3194 555 3267 Magis-

123 3272 204 3329 ter,
228 3267 431 3322 bonum

126 3344 191 3389 est
207 3352 294 3392 nos
320 3337 416 3392 hic
447 3352 533 3392 es-

121 3419 188 3470 se;
215 3420 262 3463 et
278 3408 544 3470 faciamus

121 3478 423 3535 tabernacu-

119 3547 159 3600 la
191 3552 299 3617 tria,
329 3566 502 3606 unum

116 3618 240 3686 Tibi,
268 3636 324 3679 et
343 3637 516 3678 unum

115 3689 293 3764 Moysi,
323 3702 382 3750 et
409 3708 573 3750 unum

1117 204 1576 276 .EVANGELIUM
1614 202 1988 272 SECUNDUM
2027 195 2286 268 LUCAM.

457 314 690 382 CODEX
723 313 1261 386 VERCELLENSIS.

905 411 1089 467 Heliae
1109 413 1355 490 _:_ne_sci-:

905 499 1004 554 ens
1035 484 1160 554 quid
1184 485 1268 539 di-

906 553 997 611 54.
1037 553 1207 611 ceret.
1241 555 1384 624 Haec

907 635 1085 682 autem
1115 642 1181 681 eo
1210 625 1293 682 di-

907 710 1085 762 cente,
1119 697 1256 762 facta
1333 699 1355 737 θ’

908 779 992 825 est
1022 769 1182 837 nubs,
1211 779 1268 825 et
1293 770 1389 834 oh-

911 840 1190 896 umbrabat
1211 840 1277 896 il-

911 912 993 968 los
1025 929 1038 966 :
1072 914 1366 968 timuerunt

913 993 1112 1049 autem,
1145 982 1271 1038 dum

913 1053 988 1110 illi
1019 1056 1284 1110 intrarent

915 1126 1002 1181 55.
1045 1126 1095 1179 itt
1126 1123 1346 1192 nubem.
1373 1125 1444 1192 Ει

916 1213 1018 1280 vox
1044 1195 1184 1280 facta
1207 1206 1302 1280 est.

843 1274 845 1276 ’
915 1267 982 1324 de
1007 1267 1138 1324 nub.
1185 1308 1198 1322 .
1246 1268 1332 1328 .i-

915 1349 1423 1395 cens......t

916 1409 1105 1464 Filius.
1149 1453 1163 1466 .
1212 1452 1224 1463 .
1251 1426 1277 1465 s

915 1482 1145 1554 electus;
1174 1482 1350 1554 ipsum

917 1553 1120 1608 audhe.
1197 1553 1210 1560 ί

918 1625 1008 1680 56.
1050 1617 1138 1691 Et,
1163 1639 1282 1688 cum
1317 1623 1453 1681 facta

919 1704 1001 1750 est
1028 1710 1153 1757 vox,
1184 1697 1265 1750 in-

919 1775 1112 1822 ventus
1138 1777 1223 1822 εει

917 1836 1074 1893 Jesus
1104 1840 1272 1894 solus.
1306 1837 1375 1894 Et

921 1909 1024 1979 ipsi
1051 1918 1356 1975 tacuerunt,

920 1989 974 2035 et
1002 1982 1205 2038 nemini

926 2051 1299 2108 indicaverunt

928 2123 979 2178 in
1011 2123 1118 2177 illis
1142 2123 1333 2180 diebus

927 2193 1219 2265 quidquam

929 2279 994 2336 ex
1018 2265 1103 2331 iis,
1127 2267 1147 2296 ³
1177 2280 1315 2336 quae
1335 2266 1420 2328 vi-

929 2335 1139 2391 derant.

929 2407 1018 2462 57.
1061 2406 1283 2466 Factum
1315 2418 1398 2464 est
1421 2423 1515 2462 att-

933 2519 960 2554 ..
993 2519 1006 2531 .
1055 2520 1068 2532 .
1108 2476 1190 2554 (4)
1223 2495 1321 2548 per
1345 2479 1488 2542 diem
1515 2478 1574 2554 ’ἴε

928 2547 1263 2605 descenden-

931 2619 1074 2675 tibus
1098 2622 1178 2676 eis
1202 2621 1272 2676 de

933 2702 1140 2758 monte,
1170 2706 1264 2747 oc-

933 2763 1096 2819 currit
1121 2763 1226 2818 illis

933 2834 1090 2889 turba
1117 2850 1257 2904 mag-

935 2905 1026 2961 38.
1069 2921 1156 2960 na.
1182 2905 1249 2961 Et
1268 2920 1398 2970 ecce
1425 2905 1506 2964 vir

935 2975 1022 3032 de.
1068 3018 1082 3032 .
1128 2978 1376 3032 .rbaex-

937 3063 990 3104 c.
1033 3086 1048 3100 .
1094 3088 1106 3101 .
1147 3050 1276 3116 avit,
1302 3048 1376 3102 di-

938 3135 1067 3175 cens
1092 3137 1104 3173 :
1133 3119 1325 3190 Magis-

939 3201 1043 3256 ter,
1073 3207 1171 3246 oro
1195 3202 1269 3256 te,
1299 3205 1411 3248 res-

941 3263 1107 3332 picias
1136 3264 1189 3317 in
1212 3262 1315 3320 lili-

940 3348 1029 3388 um
1061 3349 1240 3388 meum
1261 3374 1277 3401 ,

941 3405 1064 3475 quia
1089 3404 1282 3460 unicus

941 3475 1032 3532 59.
1075 3476 1204 3530 mihi
1234 3483 1351 3530 est:
1380 3485 1435 3540 et

945 3563 1072 3603 ecce
1104 3546 1326 3616 spiritus
1347 3563 1432 3603 ar-

944 3618 1072 3687 ripit
1102 3618 1253 3672 illttm

941 3689 1142 3756 subito,
1166 3699 1222 3746 et
1247 3704 1376 3745 con-

2193 320 2442 384 ‘CODEX
2483 318 2938 380 VERONENSIS.

1774 415 1866 487 Pet
1877 430 1992 470 rum
2019 413 2119 487 (a),
2148 424 2203 476 ct

1773 485 2078 549 Jobannen,

1775 567 1829 612 et
1849 556 2108 612 Jacobum
2131 556 2190 628 σξη,

1776 636 1833 683 et
1857 627 2103 683 ascendit

1778 697 1833 753 in
1861 707 2081 767 monte,

1777 777 1837 823 ιιι
1859 779 2062 825 oraret.

1777 840 1870 897 29.
1913 840 1981 895 Ει
2001 841 2127 896 dum
2160 848 2302 907 orat,

1780 911 1920 966 iacta
1951 920 2032 966 est
2052 928 2178 983 spe-

1781 983 1890 1038 cies
1913 983 2202 1053 adspectus

1782 1053 1899 1123 ejus
1925 1054 2100 1121 albus,

1783 1125 2080 1190 refulgens.

1785 1197 1872 1252 '50.
1918 1196 1985 1250 Et
2014 1211 2141 1252 ecce
2164 1195 2272 1258 duo

1784 1269 1886 1321 viri
1920 1268 2104 1337 loque-

1785 1338 1981 1394 bantur
2007 1354 2129 1393 cum

1787 1409 1904 1464 illo.
1937 1409 2106 1464 Erant

1787 1491 1967 1536 autem
1999 1480 2149 1552 Moy-

1789 1567 1896 1618 ses,
1931 1563 1986 1607 et
2015 1551 2119 1606 Hel-

1790 1624 1880 1678 51.
1923 1623 2045 1687 lias,
2072 1623 2172 1686 visi
2203 1623 2257 1688 in

1791 1694 2072 1763 majestate
2091 1712 2103 1747 :

1790 1776 1840 1822 et
1873 1765 2128 1821 dicebant

1791 1851 2077 1894 excessum

1791 1909 1931 1978 ejus,
1955 1923 2115 1978 quem

1792 1979 2160 2062 ciimpleturus

1795 2061 1913 2106 erat
1939 2067 1993 2104 ιη

1796 2121 2159 2180 Hierusalem.

1799 2193 1890 2248 32.
1915 2194 2106 2248 Petrus
2133 2207 2283 2260 vero.

1800 2272 1856 2320 et
1877 2266 1966 2335 qui
1995 2280 2115 2319 cum

1802 2337 1894 2390 illo
1919 2335 2018 2406 (b),
2048 2344 2204 2401 erant

1801 2407 2009 2476 grabati
2036 2407 2074 2477 j-

1803 2493 1833 2532 a
1862 2493 2074 2550 somno.
2108 2477 2188 2550 Et:

1803 2549 2144 2618 evigilantes,

1805 2619 2058 2683 viderunt

1803 2693 2140 2759 majestatem

1803 2761 1943 2832 ejus,
1973 2771 2026 2817 et
2047 2761 2182 2818 duos

1803 2835 1970 2900 viros,
1999 2834 2088 2904 qui

1805 2905 2020 2960 stabant
2041 2919 2163 2962 cum

1806 2977 1919 3030 illo.

1808 3048 1897 3102 '55.
1939 3048 2006 3102 Et
2027 3047 2226 3102 factum
2256 3054 2342 3110 est

1808 3133 1928 3180 cum
1960 3118 2206 3175 discedev

1809 3200 1932 3245 rent
1955 3191 2022 3245 ab
2046 3191 2158 3257 illo,

1809 3263 1886 3316 ait
1905 3262 2125 3317 Petrus:

1812 3333 2088 3404 Magister,

1810 3404 2014 3464 bonum
2041 3415 2126 3466 est

1813 3491 1914 3530 nos
1945 3476 2033 3529 hic
2055 3491 2208 3532 esse:

1814 3555 1870 3601 et
1904 3548 2164 3604 faciamus

1817 3618 2163 3673 tabernacula
2193 3620 2316 3686 tria,

1817 3705 1983 3744 unum
2016 3690 2136 3756 tibi,

2614 423 2669 470 et
2697 429 2859 468 unum
2890 413 3080 484 Moysi,

2617 493 2672 541 et
2697 501 2864 540 unum
2895 485 3084 544 Heliae
3108 505 3121 541 :

2617 557 2865 629 nesciens
2903 557 3033 629 quid

2617 628 2842 684 diceret.

2617 697 2706 754 54.
2750 699 2894 756 Haec
2919 709 3099 758 autem
3127 702 3220 758 illo

2619 771 2899 840 loquente,
2929 773 3066 830 facta

2620 851 2703 898 est
2733 844 2893 907 nubs,
2923 855 2977 899 et

2621 913 3020 971 inumbrabavit
3046 932 3143 974 eos
3169 937 3182 976 :

2621 994 2677 1038 et
2715 985 3027 1043 timuerunt.

2623 1054 2712 1117 Et,
2745 1056 3071 1115 intrantibus

2624 1126 2732 1182 illis
2752 1127 2806 1181 in
2829 1129 2992 1196 nube,

2625 1212 3155 1268 v..‘.....est

2626 1269 2720 1326 35.
2760 1270 2849 1323 de.
2896 1309 2910 1324 .
2956 1312 2971 1327 .
3016 1314 3029 1327 .
3077 1273 3216 1331 .Hic

2629 1350 2714 1395 est
2742 1340 2912 1398 Filius
2933 1359 3086 1401 meus

2629 1410 2883 1490 dilectus,
2910 1415 3110 1490 ipsum]

2629 1483 2720 1555 2’36.
2763 1483 2964 1541 audite.
3001 1489 3089 1555 Et,

2630 1553 2757 1608 dum
2791 1555 2847 1611 ﬁt
2872 1573 2996 1622 vox,

2631 1625 2884 1682 inventus
2902 1637 2985 1684 est

2629 1695 2788 1756 Jesus
2823 1699 3015 1766 solus.j

2630 1767 2698 1822 Et
2731 1769 2830 1838 ipsi
2859 1779 3041 1827 tacue-

2630 1848 2776 1910 runt,
2811 1849 2863 1895 et
2885 1844 3088 1900 nemini

2633 1911 2712 1979 (c)
2740 1910 2872 1966 nihil
2911 1913 2952 1984 -χ-
2978 1915 3060 1970 di-

2632 1992 2829 2036 xerunt
2859 1985 2912 2037 in
2961 2004 2977 2012 το

2634 2052 2743 2108 illis
2764 2053 2955 2112 diebus
2974 2057 2991 2116 Ἰ

2635 2138 2700 2196 ett
2733 2123 2837 2189 bis,
2870 2142 3012 2196 quae

2635 2195 2904 2252 viderant.

2637 2268 2727 2322 57.
2771 2267 2994 2324 Factum
3023 2282 3109 2328 est

2640 2347 2818 2412 autem
2832 2341 2925 2412 (ά)
2959 2358 3055 2411 per

2640 2409 2783 2481 diem
2815 2409 2878 2481 τ’,
2904 2409 3130 2474 δόςοοηο

2641 2480 2896 2538 dentibus
2917 2484 3025 2542 illis

2643 2552 2712 2609 de
2732 2563 2938 2626 monte,

2642 2625 2878 2680 occurrit
2901 2627 2977 2681 illi

2644 2695 2801 2766 turba
2825 2697 3014 2766 multa,

2646 2765 2737 2820 58.
2780 2765 2848 2821 Et
2871 2782 2998 2825 ecce
3019 2770 3104 2826 vir

2646 2836 2712 2891 de
2738 2839 2894 2894 turba

2645 2909 2971 2966 exclamavit

2647 2978 2835 3036 dicens
2859 3000 2872 3035 :
2905 2983 3015 3038 Ma.

2646 3050 2834 3122 gister,
2863 3053 3025 3110 obse-

2647 3136 2744 3177 cro
2767 3133 2836 3190 te,
2865 3141 2952 3180 re-

2650 3194 2799 3261 Spice
2836 3195 2888 3250 in
2924 3195 2989 3250 ii-

2651 3264 2780 3320 lium
2802 3281 3003 3333 meum,
3081 3323 3092 3333 ,

2654 3337 2779 3402 quia
2810 3339 3006 3395 unicus

2658 3407 2748 3463 59.
2792 3420 2876 3464 est
2903 3410 3034 3465 mihi
3071 3429 3088 3469 :
3115 3422 3174 3469 et

2659 3492 2790 3534 erce
2817 3481 3043 3549 spiritus

2661 3549 3024 3618 adprehendit

2661 3620 2814 3693 illum
2831 3663 2846 3685 ,
2877 3632 2930 3677 et
2957 3626 3063 3693 suo)

2663 3690 2774 3747 bito
2799 3693 2998 3750 clamat
3022 3737 3038 3762 ,

3270 199 3377 268 352

1433 3802 1668 3863 CODEX
1699 3804 2094 3868 BRIXIANUS.

114 3905 334 3977 Petrum
362 3904 434 3977 (a)
463 3916 512 3962 et
533 3904 840 3977 Iohannem
863 3911 918 3960 et
950 3901 1210 3977 Jacobum
1239 3900 1357 3973 fet
1379 3901 1625 3977 ascendit
1656 3903 1709 3962 in
1815 3901 1942 3977 quid
1998 3899 2224 3977 diceret.
2271 3899 2399 3977 Haec
2442 3909 2622 3977 autem
2680 3901 2793 3977 illo
2846 3902 3104 3977 loquente
3149 3904 3286 3961 facta
3347 3915 3436 3964 est

113 3971 434 4033 montem'ut
460 3987 661 4031 oraret.
698 3976 762 4031 Et
792 3975 992 4031 factum
1025 3971 1265 4030 estdum'
1287 3983 1468 4028 oraret
1492 3973 1604 4027 visa
1629 3984 1710 4030 est
1817 3971 1993 4028 nubes
2043 3980 2098 4027 et
2144 3971 2489 4030 obumbravit
2534 3989 2630 4029 eos
2676 3983 2730 4028 et
2758 3971 3058 4030 timuerunt
3086 3976 3151 4031 Et
3181 3977 3429 4033 intranti-

114 4051 320 4119 species
342 4049 522 4114 vultus
546 4048 682 4119 ejus.
709 4047 909 4119 altera.
937 4055 992 4102 et
1019 4046 1243 4101 vestitus
1274 4045 1390 4112 ejus
1417 4044 1591 4119 albus.
1626 4060 1712 4100 re-
1815 4044 1918 4119 bus
1960 4045 2067 4100 illis
2087 4043 2186 4119 _i_n_
2219 4043 2439 4099 nubem.
2474 4059 2575 4119 vos
2629 4044 2766 4101 facta
2790 4055 2883 4119 est
2928 4047 2996 4119 de
3048 4049 3191 4103 nube
3219 4049 3430 4105 dicens.

117 4113 338 4190 fulgens.
374 4120 441 4176 Et
465 4113 591 4175 ecce
616 4119 724 4173 duo
747 4119 850 4172 viri
901 4118 1258 4190 loquebantur
1275 4132 1405 4190 _cum_
1430 4131 1516 4190 eo.
1548 4116 1713 4190 Erant
1819 4115 1918 4190 Hic
1963 4124 2046 4171 est
2087 4113 2260 4190 Filius
2309 4131 2460 4172 meus
2505 4116 2756 4190 dilectus.
2785 4115 3172 4187 ipsum'andite
3213 4121 3281 4174 Et
3303 4120 3431 4176 dum

119 4187 289 4274 autem
309 4193 549 4274 Moyses.
568 4201 622 4274 et
652 4190 958 4272 Helias.qui
992 4189 1092 4274 visi
1119 4198 1245 4242 sunt
1273 4187 1326 4242 in
1353 4188 1528 4274 gloria
1554 4197 1608 4241 et
1631 4187 1713 4242 di-
1820 4188 1975 4274 ﬁeret
2023 4202 2122 4274 vox
2176 4187 2432 4274 inventus
2475 4187 2951 4274 est‘Jesususolus.
2988 4191 3051 4274 βι
3095 4191 3203 4274 ipsi.
3247 4201 3432 4250 tacue—

122 4265 307 4320 cebant
331 4257 539 4319 exitum
562 4263 678 4333 ejus
699 4277 858 4333 quem
885 4261 1206 4333 impleturus
1228 4269 1350 4328 erat
1376 4259 1427 4313 in
1463 4259 1715 4333 Hierusa-
1824 4268 1974 4333 runt.
2002 4268 2057 4316 et
2104 4259 2306 4333 nemini
2338 4257 2594 4333 dixerunt
2645 4261 2696 4314 in
2745 4260 2854 4316 illis
2899 4262 3090 4318 diebus
3117 4257 3429 4331 quicquam.

118 4334 238 4390 lem.
267 4337 470 4391 Petrus
499 4329 654 4390 vero.
685 4329 738 4388 ei
764 4333 853 4403 qui
879 4329 999 4387 cum
1027 4331 1123 4386 illo
1146 4331 1527 4403 erantgravati
1554 4339 1718 4403 erant
1826 4345 1891 4403 ex
1927 4329 2009 4384 bis
2039 4345 2197 4403 quae,
2221 4330 2486 4403 viderant.
2520 4331 2746 4387 Factum
2774 4340 2859 4389 est
2897 4344 3078 4389 autem
3124 4333 3179 4389 in
3225 4329 3317 4390 illa
3345 4336 3434 4390 die

116 4422 327 4477 somno.
368 4407 697 4477 Evigilantes
738 4400 918 4459 autem
965 4403 1215 4477 viderunt
1254 4402 1489 4477 gloriam
1517 4400 1635 4470 ejus
1666 4410 1720 4464 et
1827 4400 2285 4477 descendentibus
2334 4401 2440 4477 illis
2488 4403 2556 4477 d_e
2605 4414 2809 4477 monte.
2851 4407 3090 4460 occurrit
3135 4405 3210 4460 illi
3240 4475 3251 4477 _
3277 4407 3434 4460 turba

119 4476 250 4550 duos
290 4480 448 4534 viros
473 4472 568 4550 qui
597 4477 810 4550 stabant
850 4490 975 4550 cum
1006 4472 1447 4550 illo..E_ti':tctum
1485 4482 1568 4527 est
1596 4487 1719 4528 cum
1831 4472 2020 4550 multa.
2080 4472 2164 4550 Et_
2194 4486 2320 4528 ecce
2367 4474 2450 4533 vir
2493 4473 2564 4530 de
2613 4475 2786 4550 turba.
2839 4477 3166 4550 eaclarnavit
3222 4475 3434 4550 dicens.

116 4548 395 4607 discerent
438 4543 510 4606 ab
550 4548 644 4602 illo
691 4547 824 4602 dixit
850 4546 1043 4601 Petrus
1073 4543 1139 4600 ad
1187 4543 1369 4616 Jesum
1400 4545 1725 4616 Praeceptor
1833 4545 2087 4614 Magister
2114 4545 2346 4600 obsecro
2371 4552 2443 4601 te.
2493 4547 2705 4615 reSpice
2758 4547 2810 4600 in
2868 4546 3038 4602 tilium
3082 4563 3261 4602 meum
3313 4548 3436 4616 quia

115 4620 319 4678 bonum
350 4630 438 4678 est
465 4635 566 4676 nos
596 4619 682 4674 hic
708 4633 848 4674 esse.
880 4627 932 4673 et
960 4616 1218 4674 faciamus
1246 4615 1343 4687 tria
1375 4613 1724 4687 tabernacula
1834 4613 2026 4671 unicus
2066 4625 2149 4671 est
2194 4616 2344 4670 milii.
2377 4625 2432 4687 et
2481 4613 2610 4674 ecce
2639 4616 2862 4685 spiritus
2903 4617 3200 4674 inmundus
3242 4613 3437 4687 adpre.

117 4707 283 4749 unum
317 4693 443 4748 tibi.
476 4700 533 4748 et
559 4706 720 4746 unum
761 4689 932 4760 Moysi
959 4698 1014 4744 et
1040 4703 1202 4743 unum
1229 4686 1436 4741 ilaliae.
1480 4686 1727 4740 nesciens
1839 4687 2028 4742 liendit
2055 4703 2201 4742 eum.
2229 4696 2282 4742 et
2307 4686 2489 4742 subito
2515 4687 2714 4743 clamat

1427 4798 1660 4858 CODEX
1689 4797 2165 4857 COBBEIENSIS.

187 4902 287 4962 29.
335 4909 361 4942 ⁸
407 4901 477 4964 Et
523 4899 651 4962 dum
704 4905 856 4963 orat,
904 4897 1040 4956 faeta
1090 4906 1176 4953 est
1222 4891 1436 4964 species
1488 4899 1740 4964 aspectus
1915 4895 2004 4956 56.
2050 4903 2106 4950 et
2132 4893 2261 4948 dum
2292 4907 2396 4952 vox
2427 4892 2510 4949 iit.

119 4953 482 5047 eju's'altera‘,
513 4953 977 5047 {fastigatus
1000 4953 1157 5047 albus
1177 5007 1192 5031 ,
1218 4953 1516 5047 refulgens.
1552 4953 1568 4964 ’
1913 4953 2004 5023 57.
2047 4965 2274 5026 Factum
2299 4973 2384 5023 est
2409 4975 2587 5023 autem
2628 4980 2728 5038 per
2755 4965 2898 5033 diem
2922 5007 2937 5036 ,
2966 4965 3447 5031 descendentibus.

190 5048 294 5106 55.
347 5045 446 5104 Hie
474 5054 556 5106 est
583 5043 756 5102 Filius
779 5040 801 5078 ’θ
822 5038 977 5098 meus
1000 5040 1232 5102 electus.
1259 5038 1301 5110 -ξο

1368 5147 1767 5218 VARIANTES
1806 5143 2210 5206 LECTIONES.

184 5256 204 5290 ι
248 5255 372 5306 ϐαι.
396 5258 453 5303 ιιι
469 5249 802 5303 discederunt.
832 5247 980 5310 Vulg.
1006 5259 1117 5298 cum
1138 5245 1472 5310 discederent.
1845 5242 1966 5292 Mm.
1989 5236 2052 5292 Et
2074 5236 2254 5290 factum
2271 5241 2368 5296 est.
2390 5237 2507 5289 dum
2531 5244 2724 5301 oraret,
2750 5235 2874 5290 facta
2897 5244 2976 5290 est
3005 5239 3261 5303 species...
3295 5239 3449 5292 reful‘

186 5321 208 5351 ’
247 5321 385 5368 Mm.
408 5328 536 5375 quae
558 5308 1009 5375 audierant.7Vu'Ig.
1034 5321 1162 5371 quae
1181 5309 1423 5375 viderant.
1530 5366 1550 5375 _
1581 5368 1592 5375 _
1851 5315 1996 5375 gens;

186 5383 213 5416 ³
400 5364 460 5430 εἴ(
481 5364 673 5436 factum
711 5381 792 5434 est
823 5374 941 5432 dum
963 5364 1139 5430 ’ἱκάνοι
1173 5371 1428 5438 species...
1466 5366 1740 5432 refulgens.
1856 5364 1877 5367 '
1909 5366 1932 5398 δ
1968 5365 2049 5417 Ita
2071 5364 2248 5416 aGat.

1491 5477 1862 5537 BLANCHINI
1900 5477 2140 5538 NOTAE.

200 5593 287 5660 (a)
319 5588 491 5644 Juxta
509 5586 756 5660 ordinem
777 5591 888 5660 tex.
908 5581 1028 5660 Gr._,
1045 5583 1131 5636 καὶ
1151 5578 1378 5660 ’ξωέῑννην
1400 5578 1486 5660 aut
1502 5572 1940 5660 ﬂammma—(li)
1966 5573 2164 5660 Eetion.
2189 5572 2392 5660 omittit
2410 5579 2574 5657 erant,
2605 5579 2729 5660 post
2757 5572 3017 5660 camille,
3037 5574 3462 5660 justa‘grae‘cani

103 5643 449 5735 ,sybiéiin;
482 5663 563 5735 κοεί
583 5659 632 5735 poi
661 5658 960 5735 curabat?“
992 5643 1122 5718 ἦσαν
1150 5649 1514 5728 βεϐαρημένριε
1534 5674 1604 5688 ·-
1760 5643 1927 5704 Juxta
1969 5644 2212 5706 Graeam
2265 5645 2554 5719 syntaxin,
2579 5643 2813 5712 ῼύδὲν.-
2835 5645 2916 5718 (ά)
2951 5643 3120 5710 Ιιθ’θι
3145 5649 3266 5708 om.
3306 5649 3464 5708 Cum.

128 5728 264 5794 Eat.
299 5742 367 5790 et
395 5732 486 5790 Gr.
517 5728 602 5787 διὰ
626 5739 718 5790 τῆς
754 5728 965 5800 ἡμέρας.
