3910 6336
530 255 640 314 583
1044 245 1322 308 EUSEBII
1356 245 1694 305 VERCELL.
1738 234 2194 306 EVANGELIUH
2231 239 2373 304 CUM
2412 244 2643 304 VARIIS
2678 241 2838 304 COD.
2881 244 3298 307 COLLATUM.’

921 364 1151 424 CODEX
1190 365 1731 424 VERCELLENSIS.

529 468 682 532 cidit.
714 476 769 523 et
799 463 908 520 dis-

531 540 705 609 earpit
732 538 880 594 illum

532 627 655 668 cum
682 623 894 680 spuma,

531 693 589 739 et
618 685 635 714 ί
663 683 749 736 vix
773 692 923 733 rece-

531 754 606 810 di.
652 794 665 807 .
699 751 768 805 ab
796 749 912 817 illo,
936 760 1068 803 con-

532 824 799 880 tribulans

529 896 620 952 40.
662 899 992 962 eumzetp.
1040 930 1052 942 .
1103 919 1166 943 .-

530 976 681 1041 eatus
700 979 821 1041 sum
865 1033 872 1041 ο

531 1037 836 1118 discipulos.

531 1118 676 1172 tuos,
706 1115 764 1162 ut
789 1115 937 1162 eice.

531 1193 652 1236 rent
681 1179 856 1244 illum,
886 1182 943 1230 et

531 1267 640 1308 non
667 1261 856 1322 potue-

531 1332 678 1378 l‘lll'll.

533 1395 598 1450 4i
612 1434 626 1447 .
671 1388 1027 1462 Respondeas

531 1473 714 1521 autem
736 1462 917 1526 Jesus,

532 1535 706 1591 dixit:
739 1536 760 1566 ³
786 1533 832 1589 Ο
855 1546 1019 1604 gene-

533 1609 674 1662 ratio
704 1607 879 1661 incre-

531 1677 734 1744 dibilis;
765 1690 900 1747 quo-

533 1764 708 1821 usque
727 1763 823 1803 ero

532 1830 662 1891 aput
689 1834 785 1875 vos
800 1860 816 1886 ,

534 1901 593 1948 et
618 1891 872 1946 sufferam

534 1963 668 2018 vos?
690 1962 876 2018 Adduc

534 2034 640 2091 hoc
664 2033 833 2090 lilium

533 2103 628 2161 42.
669 2115 844 2160 tuum.
883 2101 960 2175 (b)
985 2101 1177 2159 Adhuc

531 2186 710 2234 autem
740 2176 783 2248 -ι-
808 2189 964 2232 acce—

532 2249 696 2304 dente
721 2248 838 2304 illo.

531 2288 894 2376 Ξῖᾶἰὶἑῖίὶἱῖιῖητ

1365 462 1523 545 pulos
1551 478 1566 516 :
1596 462 1786 545 Ponite

1366 548 1464 588 V03
1498 549 1552 587 ιιι
1581 549 1727 588 auri-

1365 603 1466 660 bus
1497 605 1693 660 vestris

1366 675 1531 731 verba
1560 677 1726 731 haec:

1368 745 1536 801 Filius
1561 748 1718 816 enim.

1369 817 1608 873 hominis
1635 818 1718 872 in-

1369 889 1499 958 cipit
1523 888 1658 943 tradi
1683 889 1736 944 in

1371 959 1620 1015 manibus
1648 959 1746 1015 ho-

1369 1032 1459 1086 45.
1512 1031 1734 1086 minum.
1762 1031 1843 1088 Ad

1372 1101 1446 1156 illi
1473 1101 1688 1172 ignora-

1371 1172 1503 1228 bant
1531 1175 1754 1228 verbum

1374 1243 1500 1309 hoc;
1525 1253 1580 1299 et
1601 1256 1719 1300 erat

1374 1315 1646 1371 occultum

1375 1387 1444 1441 ab
1470 1388 1570 1452 eis,
1594 1403 1662 1442 ne
1690 1388 1770 1442 in-

1375 1458 1693 1528 tellegerent
1711 1500 1728 1524 ,

1376 1539 1432 1585 et
1463 1531 1730 1585 timebant

1378 1601 1679 1671 interroga-

1377 1687 1438 1727 re
1463 1687 1586 1728 eum
1618 1672 1687 1728 de
1707 1687 1829 1728 ver-

1374 1743 1464 1800 46.
1505 1744 1576 1798 bo
1606 1744 1734 1799 hoc.
1775 1742 1797 1797 l
1837 1783 1851 1797 .
1895 1777 1910 1797 .
1954 1750 2064 1796 tra-

1376 1815 1453 1869 vit
1482 1824 1664 1870 autem

1377 1887 1397 1918 ³
1413 1958 1420 1959 ί
1435 1887 1694 1959 cogitatio
1727 1885 1810 1959 (ά)
1841 1887 1894 1941 in

1375 1958 1456 2014 eis
1482 1957 1522 2027 ιι·
1549 1999 1566 2026 ,
1599 1961 1720 2028 quis
1746 1957 1869 2013 nam

1376 2036 1526 2084 esset
1548 2034 1722 2100 major

1375 2100 1621 2156 illorum.

1376 2170 1467 2226 47.
1507 2171 1664 2227 Jesus
1686 2181 1899 2237 autem,
1930 2170 2008 2224 vi-

1376 2258 1436 2298 sa
1467 2243 1750 2312 cogitatio-

1377 2329 1448 2369 ne
1477 2315 1655 2369 cordis

2658 363 2891 422 CODEX
2932 363 3382 423 VERONENSIS.

2236 469 2290 514 et
2319 458 2501 526 elidit,
2537 466 2596 516 et

2235 531 2461 601 dissipat
2492 545 2615 586 eum

2235 617 2358 666 cum
2392 617 2581 670 Spuma
2603 643 2618 669 ,
2645 609 2700 657 et

2237 674 2326 727 vix
2347 673 2579 728 discedit
2605 714 2620 739 ,

2237 744 2504 800 dilanians
2531 759 2656 800 eum
2692 763 2704 799 :

2239 817 2330 871 40.
2371 824 2427 870 et
2454 817 2635 887 rogavi

2239 887 2535 956 discipulos
2565 900 2683 942 tuos
2705 927 2718 952 ,

2241 969 2301 1013 ut
2330 959 2572 1014 eicerent

2243 1028 2392 1084 illum
2416 1072 2430 1095 ,
2455 1039 2638 1084 etnon

2241 1110 2552 1170 potuerunt.

2243 1171 2306 1226 4l
2320 1211 2332 1224 .
2378 1171 2734 1242 Hespondens

2242 1251 2420 1299 autem
2445 1243 2605 1299 Jesus
2629 1285 2645 1311 ,

2243 1314 2380 1370 dixit
2405 1333 2417 1368 :
2447 1318 2492 1371 0
2515 1331 2679 1384 gene-

2243 1387 2384 1442 ratio
2409 1386 2637 1440 inﬁdelis
2652 1427 2666 1451 ,

2245 1466 2300 1513 et
2324 1472 2573 1527 perversa
2594 1498 2608 1523 ,

2246 1543 2525 1600 usquequo
2566 1568 2579 1580 .
2627 1567 2640 1582 .
2681 1542 2776 1583 ero

2249 1613 2378 1669 aput
2399 1599 2494 1656 vus
2519 1600 2542 1653 ?
2570 1599 2648 1671 (α)
2676 1600 2786 1673 [us-

2235 1687 2450 1742 quequo
2483 1711 2498 1726 .
2544 1709 2558 1724 .
2583 1669 2718 1741 Vero]

2236 1743 2514 1798 vobiscum
2542 1783 2557 1808 ,

2235 1823 2290 1870 et
2321 1816 2494 1883 patiar
2521 1827 2614 1868 vos
2642 1812 2665 1862 ?

2235 1886 2424 1940 Adduc
2458 1886 2562 1941 huc

2237 1958 2407 2012 ﬁlium
2438 1969 2607 2013 tuum.

2235 2029 2328 2082 42.
2369 2028 2445 2101 (b)
2477 2030 2666 2083 Adhuc
2691 2041 2789 2081 au-

2243 2109 2350 2155 tem
2376 2100 2414 2171 4';
2441 2101 2690 2155 veniente

2243 2171 2359 2240 ipso
2377 2212 2393 2238 ,
2426 2171 2572 2227 elisit

2244 2243 2393 2296 illum
2422 2245 2647 2297 daemo-

2243 2315 2433 2382 nium,
2462 2323 2518 2370 et
2540 2314 2652 2369 dis-

3073 457 3308 529 scipulos
3333 472 3493 513 suos:

3071 529 3263 586 Ponite
3301 545 3504 587 sermo-

3077 617 3176 656 nes
3204 601 3302 657 hos
3334 601 3390 656 in

3073 673 3294 727 auribus
3320 672 3511 729 vestris
3539 693 3550 728 :

3075 759 3198 798 nam
3235 743 3402 800 Filius

3076 815 3314 870 hominis
3344 827 3450 871 tra-

3072 885 3231 942 detur
3256 887 3309 940 in
3342 903 3456 942 ma-

3072 959 3232 1014 nibus
3254 957 3548 1015 hominum.

3073 1027 3165 1084 45.
3206 1028 3287 1084 Ad
3321 1032 3396 1086 nn
3425 1035 3567 1100 igno-

3073 1101 3264 1156 rabant
3285 1102 3508 1158 verbum

3074 1171 3205 1227 istut
3236 1189 3251 1237 ;
3281 1183 3338 1228 et
3363 1182 3482 1229 erat

3079 1251 3620 1300 ......manle

3073 1330 3170 1370 eos
3187 1357 3202 1380 ,
3245 1325 3304 1371 ut
3330 1331 3437 1371 non
3461 1331 3575 1372 seu-

3077 1387 3240 1442 tirent
3256 1429 3271 1452 ,
3294 1398 3350 1443 et
3375 1388 3530 1444 time-

3075 1458 3204 1512 bant
3232 1458 3465 1514 interro-

3071 1543 3202 1598 gare
3228 1530 3380 1585 illum
3403 1531 3470 1587 de

3073 1599 3178 1656 hoc
3207 1603 3395 1657 verbo.

3069 1670 3160 1726 46.
3205 1671 3426 1728 Intravit
3451 1682 3607 1730 autem

3067 1744 3325 1815 cogitatio
3348 1744 3428 1816 (ά)
3463 1745 3513 1801 in

3065 1816 3148 1871 eis
3171 1856 3188 1879 ,
3219 1817 3258 1886 -ι-
3289 1821 3415 1886 quis

3071 1901 3263 1958 eorum
3297 1888 3467 1958 major
3493 1897 3632 1944 esset.

3069 1957 3160 2013 47.
3201 1959 3284 2014 Ad
3310 1957 3492 2029 Jesus,
3515 1961 3582 2016 vi-

3069 2030 3206 2084 dens
3227 2031 3428 2101 cogita-

3068 2101 3246 2156 tiones
3277 2103 3446 2157 cordis

3069 2173 3290 2228 illorum
3310 2215 3324 2237 .
3351 2174 3432 2229 ad—

3072 2245 3404 2313 prehendens
3424 2258 3533 2314 pite-

3069 2330 3190 2370 rum
3211 2357 3226 2382 ,
3261 2317 3462 2381 statuit,

532 2391 627 2447 ille
655 2391 877 2460 spiritus
903 2404 1014 2444 ma-
1378 2385 1598 2460 illorum
1620 2427 1635 2452 ,
1671 2384 1766 2440 ad-
2235 2386 2471 2460 cipav_it._
2717 2453 2729 2460 _
3067 2401 3234 2460 secus
3262 2402 3321 2460 se
3340 2428 3359 2460 ε
3380 2397 3434 2442 et

532 2462 642 2530 lus,
669 2453 726 2517 et
752 2475 1017 2530 concarp-
1378 2456 1710 2530 prehensum
2234 2456 2325 2530 45.
2369 2458 2434 2512 Et
2461 2453 2759 2530 increpavit
3070 2459 3164 2514 48.
3207 2459 3281 2530 (e)
3312 2458 3385 2513 ait
3410 2477 3424 2512 :
3455 2457 3495 2529 -ἱ-
3519 2456 3730 2526 Quicum-

531 2527 636 2590 45.’
667 2535 766 2613 sit:
787 2527 1076 2602 Imperavit
1375 2527 1641 2613 infantem
1661 2569 1676 2592 ,
1717 2599 1733 2613 ‘
2195 2532 2198 2536 ’
2234 2528 2490 2613 ᾇεβυβμτ)
2515 2527 2676 2613 spiri-
3073 2546 3180 2600 que
3209 2527 3483 2613 acceperit

1375 2602 1566 2672 statuit
1593 2599 1743 2672 apud»
1791 2667 1821 2672 __
1870 2667 1881 2672 _
1935 2666 1946 2672 _
2093 2663 2106 2672 .
2236 2600 2313 2654 tui
2344 2600 2722 2672 jiinmundo,

531 2616 715 2661 autem
738 2603 898 2660 Jesus
1375 2603 1566 2670 statuit
1593 2603 1737 2670 apud
1791 2667 1821 2670 __
1870 2667 1881 2670 _
1936 2666 1946 2670 _
2093 2663 2106 2670 Α
2236 2603 2313 2654 tui
2344 2603 2722 2670 -j-immundo,
3068 2615 3296 2670 puerum
3330 2603 3490 2657 istum

534 2676 610 2748 (ε)
636 2676 848 2748 spiritui
869 2673 1142 2748 {inmun-
1373 2669 1464 2726 48.
1491 2687 1575 2737 se,
1597 2663 1650 2727 ei
1681 2666 1989 2743 (e)dixit1-:
2017 2663 2135 2737 qui-
2236 2678 2294 2726 et
2322 2663 2535 2726 sanavit
2707 2663 2715 2665 ’
3068 2663 3122 2727 in
3155 2673 3376 2729 nomine

529 2745 625 2814 do,
651 2745 706 2803 et
729 2745 942 2802 sanavit
1283 2800 1286 2804 λ
1371 2757 1606 2814 cumque
1635 2758 1724 2797 me
2238 2759 2494 2812 puerum,
2523 2753 2580 2798 et
3069 2760 3193 2800 meo
3211 2787 3226 2809 ,
3267 2760 3354 2800 me
3382 2761 3469 2801 re-

529 2835 780 2890 puernm,
804 2826 860 2875 et
1373 2815 1603 2890 recipit,
1629 2828 1738 2890 non
2237 2815 2474 2890 reddidit
2495 2814 2647 2870 illum
3070 2816 3205 2886 cipit
3235 2833 3248 2868 :
3277 2826 3332 2870 et
3359 2817 3484 2887 qui-

527 2886 767 2947 reddidit
795 2891 859 2945 il-
1374 2901 1466 2959 me
1491 2886 1714 2955 recipit,
1766 2956 1776 2959 _
2237 2888 2522 2959 patrisuo.
2547 2957 2558 2959 _
3069 2902 3304 2959 cumque
3333 2886 3421 2943 me

2237 2956 2330 3012 44.
2372 2957 2677 3026 Stupebant

2236 3036 2416 3083 autem
2447 3045 2638 3086 omnes

1373 2957 1471 3012 sed
1498 2973 1620 3012 eum
1642 2999 1656 3021 ,
1686 2956 1778 3025 qui

3068 2959 3376 3028 receperit,
3409 2974 3518 3015 non

1372 3044 1460 3084 me
1485 3029 1655 3083 misit.
1685 3027 1788 3095 Qui

3067 3046 3156 3085 me
3183 3031 3410 3100 recipit,

529 2961 641 3017 lum
669 2962 808 3030 patri
835 2974 958 3016 suo.

528 3031 620 3088 44.
663 3032 965 3103 Stupebant
991 3044 1086 3085 au-

531 3114 637 3161 tem
665 3100 856 3160 omnes
1373 3100 1705 3172 enimmini—
1743 3171 1753 3172 ί
2238 3101 2290 3172 in
2321 3101 2588 3172 magnilu—
3065 3101 3162 3156 sed
3194 3117 3318 3156 eum
3339 3143 3354 3167 ,
3386 3103 3482 3166 qui

530 3176 584 3231 in
613 3175 879 3246 magnalia
1373 3187 1494 3246 inus
1525 3171 1789 3246 in‘oinni-
2237 3170 2364 3225 dine
2469 3211 2483 3227 .
2529 3212 2543 3227 .
2591 3213 2604 3227 .
2649 3212 2662 3226 .
3065 3187 3154 3246 me
3177 3173 3347 3228 misit.
3374 3172 3541 3239 Nam,

530 3247 628 3303 Dei
656 3265 670 3301 :
694 3241 946 3302 omnibus
1374 3242 1476 3315 bus
1508 3241 1666 3296 vobis
1688 3249 1811 3307 est,
2237 3243 2490 3299 omnibus
2535 3284 2548 3297 .
2593 3283 2607 3296 .
2653 3275 2700 3298 .-
3066 3245 3157 3315 qui
3185 3245 3364 3299 minor
3387 3254 3479 3301 est

528 3330 713 3374 autem
737 3319 942 3372 miran-
1377 3313 1467 3369 hic
1492 3323 1576 3368 est
1599 3317 1766 3384 mag-'
2238 3316 2484 3370 rantibus
2515 3331 2678 3386 super
3068 3313 3211 3371 inter
3237 3331 3432 3372 omnes

3069 3401 3167 3441 vos
3185 3429 3199 3453 ,
3224 3386 3312 3442 hic
3336 3389 3512 3456 major
3534 3396 3624 3443 est.

3067 3457 3160 3513 49.
3205 3459 3562 3527 Respondeas

3070 3539 3253 3585 autem
3281 3529 3483 3586 Johan-

3072 3616 3169 3657 nes
3189 3642 3204 3669 ,
3227 3601 3366 3657 dixit
3390 3619 3402 3655 :

528 3389 693 3454 tibus,
734 3387 804 3444 de
830 3403 951 3443 om-
1370 3400 1492 3440 nus.

529 3460 709 3525 nibus,
741 3474 881 3529 quae
1369 3455 1462 3511 49.
1507 3455 1665 3529 Resp
1695 3495 1708 3508 .
1752 3496 1766 3509 .

526 3525 781 3594 faciebat,
813 3530 894 3585 di-
1371 3534 1552 3582 autem
1583 3525 1788 3582 Johan-
2240 3530 2383 3583 Dixit
2410 3539 2592 3585 autem

529 3603 609 3658 xit
634 3601 702 3656 ad
729 3600 895 3657 disci-
1373 3613 1471 3655 nes
1495 3639 1510 3665 ,
1539 3597 1676 3653 dixit
1701 3615 1714 3652 :
1747 3599 1859 3653 Ma-
2238 3599 2398 3656 Jesus
2419 3602 2488 3656 ad
2513 3602 2598 3658 di-

1853 3711 2084 3770 CODEX
2123 3711 2519 3773 BRIXIANUS.

528 3823 584 3871 et
609 3813 763 3870 elidit
780 3809 1219 3879 etdissipateum
1245 3815 1678 3884 eum__spuma.et
1702 3807 1790 3862 vix
1813 3806 2126 3884 disceditab
2308 3811 2456 3865 Dixit
2496 3821 2676 3884 autem
2718 3810 2786 3865 ad
2836 3810 3130 3882 discipulos
3177 3825 3330 3884 suos.
3387 3811 3705 3884 Ponitevos
3733 3804 3770 3884 in

527 3902 593 3941 eo
609 3885 875 3942 dilanians
900 3899 1046 3937 eum.
1067 3890 1122 3936 et
1143 3883 1322 3949 rogavi
1345 3880 1640 3952 discipulos
1665 3889 1784 3934 tuos
1806 3888 1867 3952 ut
1887 3881 2129 3936 eicerent
2233 3883 2454 3938 auribus
2483 3883 2681 3938 vestris
2709 3879 2991 3938 sermones
3034 3884 3169 3937 istos
3208 3883 3376 3939 Filius
3419 3885 3556 3938 enim
3586 3879 3770 3952 hominis

528 3957 677 4012 illum
697 3953 1578 4026 etnoupotuerunt.Responilens
1598 3965 1778 4006 autem
1794 3951 1950 4006 Jesus
1971 3953 2124 4026 dixit.
2234 3955 2472 4010 futurum
2499 3966 2582 4010 est
2613 3963 2671 4006 ut
2701 3955 2943 4008 tradatur
2975 3954 3028 4009 in
3059 3969 3251 4008 manus
3283 3954 3572 4026 hominum.
3608 3951 3676 4005 llh‘
3698 3962 3774 4026 au-

526 4029 572 4084 0
600 4023 1180 4099 εειιθτθιῇοῖηετεάυμξ
1205 4035 1259 4082 et
1285 4040 1535 4099 perversa
1564 4038 1962 4099 usquequoero
1984 4023 2125 4099 apud
2234 4035 2342 4080 tem
2375 4027 2694 4096 ignorabant
2737 4026 2839 4081 hoc
2876 4027 3097 4099 verbum
3141 4035 3196 4079 et
3245 4038 3364 4081 erat
3413 4025 3648 4099 occultum
3686 4023 3770 4071 eis.

529 4093 628 4154 vos
648 4111 700 4153 et
730 4097 900 4168 patiar
922 4113 1036 4168 vos.
1066 4096 1255 4151 Adduc
1285 4093 1389 4168 huc
1413 4096 1579 4168 lilium
1615 4093 1786 4168 tuum.
1816 4093 1891 4164 (b)
1920 4094 2126 4168 Adhuc
2234 4114 2291 4151 ut
2324 4093 2428 4152 non
2471 4099 2844 4168 intellegerent
2877 4097 3026 4151 illud.
3075 4107 3130 4151 et
3176 4099 3440 4153 timebant
3490 4098 3772 4168 interrogate

529 4179 709 4223 autem
732 4161 781 4239 ὐἷε
825 4167 1081 4239 veniente
1131 4169 1222 4221 illo
1274 4165 1623 4239 elisit_illum
1680 4161 2024 4239 daemonium
2074 4175 2130 4220 et
2233 4184 2356 4224 eum
2386 4169 2453 4222 de
2485 4171 2587 4223 hoc
2621 4161 2808 4223 verbo.
2852 4169 3069 4223 Intravit
3095 4179 3280 4224 antem
3327 4170 3590 4239 cogitatio.
3628 4161 3694 4232 (di
3733 4161 3773 4238 in

529 4235 811 4310 dissipavit
833 4255 976 4311 eum.
1009 4237 1076 4292 Et
1104 4238 1404 4308 increpavit
1424 4235 1608 4311 Iesum
1639 4237 1886 4305 spiritum
1916 4237 2123 4311 i_nin_un-
2233 4244 2314 4295 eis
2343 4240 2380 4311 οξ-
2401 4241 2519 4308 quis
2549 4256 2734 4294 eorum
2767 4245 2939 4308 major
2965 4249 3128 4294 esset.
3159 4241 3223 4294 Et
3250 4235 3423 4296 Jesns'
3457 4241 3628 4294 videns
3658 4235 3772 4311 cogi:

530 4307 681 4365 dum.
711 4323 767 4383 et
789 4309 998 4364 sanavit
1026 4323 1270 4378 puerum.
1302 4317 1354 4361 et
1386 4307 1623 4383 reddidit
1649 4323 1781 4383 eum
1806 4309 1940 4376 patri
1984 4307 2123 4383 ejus.
2236 4307 2468 4366 taliones
2494 4313 2675 4366 cordis
2698 4307 2912 4383 illorum
2941 4311 3358 4380 adprehendens
3389 4326 3602 4383 puerum
3623 4308 3775 4383 statuti

533 4382 838 4452 Stupebant
869 4377 1050 4435 autem
1076 4394 1265 4434 omnes
1294 4390 1351 4433 et
1395 4377 1732 4432 mirabantur
1771 4379 1824 4432 in
1856 4380 2125 4449 magnitu-
2231 4399 2352 4437 eum
2377 4383 2535 4452 juxta
2575 4399 2654 4436 se.
2706 4392 2761 4438 et
2813 4381 2949 4436 dixit
3002 4377 3100 4438 eis.
3154 4377 3492 4448 Quicumque
3526 4377 3778 4452 susceperit

531 4450 660 4526 dine
694 4453 809 4526 Dei.
1052 4522 1063 4526 _
1196 4521 1228 4526 __
1344 4521 1356 4526 Α
1560 4521 1592 4526 η
1904 4519 1921 4526 _
1987 4521 1997 4526 _
2037 4521 2050 4526 Α
2230 4450 2456 4526 puerum
2488 4461 2647 4508 istum
2676 4453 2729 4508 in
2761 4455 2977 4526 nomine
3001 4471 3122 4510 meo
3152 4471 3238 4511 ine
3263 4455 3475 4526 recipit.
3517 4450 3777 4526 etquicu'n-

603 4525 970 4592 Omnibusque
994 4521 1316 4595 mirantibus
1342 4521 1396 4577 in
1426 4521 1679 4576 omnibus
1721 4535 1859 4590 quae
1901 4519 2130 4577 faciebat
2231 4519 2336 4595 que
2367 4543 2451 4580 me
2480 4527 2691 4595 recipit,
2726 4525 2914 4594 recipit
2940 4543 3064 4580 eum
3106 4527 3196 4595 qui
3247 4543 3334 4581 me
3360 4519 3518 4580 misit.
3549 4523 3642 4590 Qui
3665 4519 3777 4595 enim

531 4598 709 4655 Jesus.
738 4590 1116 4652 dixit‘Petrns.
1151 4594 1374 4666 Domine
1404 4609 1571 4664 quare
1592 4608 1687 4648 nos
1720 4608 1826 4646 non
1857 4595 2128 4666 potuimus
2234 4590 2410 4651 minor
2431 4590 2674 4652 estinter
2695 4590 2884 4652 omnes
2915 4612 3010 4652 vos
3039 4590 3324 4666 hic-major
3346 4608 3451 4652 est.
3478 4590 3780 4666 Respondeas

529 4670 710 4727 eicere
728 4684 874 4724 eum.
905 4667 987 4740 Ad
1015 4665 1259 4740 illedixit
1291 4665 1404 4720 Hoc
1422 4660 1595 4736 genus
1629 4680 1735 4720 non
1767 4660 1913 4720 exiet
1941 4666 2041 4719 nisi
2072 4665 2125 4718 in
2233 4679 2414 4724 autent
2440 4668 2718 4724 Johannes
2748 4667 2905 4724 dixit.
2944 4660 3256 4740 Praeceptor
3284 4669 3512 4724 vidimus
3536 4660 3782 4736 quemdam

530 4741 871 4800 orationibus
891 4749 948 4794 et
958 4737 1202 4809 jejuniis.

2237 3388 2521 3459 omnibus,
2546 3402 2686 3459 quae

1811 3453 1988 3511 ndens
2240 3457 2492 3514 faciebat.

1816 4828 2048 4886 CODEX
2085 4827 2554 4886 CORBEIENSIS.

601 4931 693 4989 44.
734 4930 1093 5000 omnibusque
1112 4925 1460 5000 imirantibus
1499 4939 1662 5000 super
1711 4924 1894 4980 omnia
1919 4966 1933 4992 ,
1983 4939 2124 4996 quae
2301 4922 2392 5000 45.
2423 4934 2476 5000 et
2508 4933 2624 4980 erat
2653 4923 2926 4979 occultum
2950 4924 3091 4981 inter
3120 4924 3288 4995 ipsos,
3322 4933 3382 4979 ut
3409 4935 3509 4980 non
3532 4915 3786 4975 sentirent.

531 5005 798 5071 faciebat,
830 5003 969 5058 dixit
1005 4996 1059 5057 ei
1080 5071 1085 5072 ί
1108 4999 1303 5072 Petrus
1331 4998 1604 5072 :4Dom_i_ne
1626 5038 1639 5057 .
1667 5011 1974 5072 quare_nos
2016 5010 2123 5072 non
2232 5005 2286 5050 et
2310 4996 2600 5072 timebant,
2633 5005 2739 5050 etc.
3140 5068 3150 5072 _
3581 5061 3594 5072 .
3637 5059 3648 5071 0

535 5052 806 5148 Emittis;
834 5052 1232 5148 ejicereilliimi
1248 5052 1464 5148 Quibus
1486 5052 1684 5148 dixit:
1678 5052 1958 5148 ‘Quoniam
1981 5067 2128 5148 ejus:
2303 5069 2398 5125 48.
2429 5052 2769 5148 Quicumque
2794 5083 2896 5148 me
2908 5068 3202 5148 receperit,
3227 5081 3338 5148 non
3375 5081 3458 5122 me
3491 5059 3691 5148 recipit,
3711 5052 3786 5148 sedi

535 5123 993 5212 inﬁtianda;
1012 5123 1620 5212 eiicitur,“etﬁjejunio.
1650 5123 1797 5195 Dixit
1838 5123 2030 5196 autem.
2059 5137 2128 5193 ad
2236 5123 2382 5212 eum.
2411 5123 2500 5210 qui
2531 5154 2620 5212 me
2649 5123 2817 5194 niisit.
2849 5123 3009 5194 Deest
3037 5123 3224 5212 folium
3272 5140 3341 5212 in?
3369 5155 3460 5212 ms.
3495 5153 3523 5212 ᾳ
3549 5123 3689 5212 vers-
3737 5123 3786 5180 ω

535 5205 830 5288 discipulos
859 5231 988 5273 suos
1020 5205 1256 5271 {Ponite
1277 5227 1374 5269 vos
1392 5205 1698 5268 iu’auribus
1726 5212 1943 5268 vestris.
2241 5211 2394 5284 hujus
2415 5205 2621 5282 capitis,
2645 5227 2808 5282 usque
2828 5212 2896 5264 ad
2919 5205 3059 5268 vers'.
3083 5210 3148 5266 2i
3179 5211 3370 5280 capitis
3407 5205 3604 5265 decimi.

1769 5305 2167 5363 VARIANTES
2206 5303 2612 5361 LECTIUNES.

534 5425 539 5448 =
598 5405 618 5470 ξ
787 5407 836 5470 σε
858 5405 978 5454 Hm.
998 5403 1080 5470 vix
1105 5402 1363 5453 discendit.
1397 5401 1649 5470 Vulg.,t°ix
1668 5400 1918 5470 discedit.‘
2025 5463 2036 5470 _
2062 5465 2072 5470 _
2238 5465 2245 5470 Α
2288 5399 2319 5470 ξ
2351 5398 2456 5470 Qui.
2479 5406 2526 5448 et
2551 5401 2668 5450 Mm.
2692 5400 2926 5461 cogitatio
2948 5401 3080 5451 inter
3103 5411 3210 5451 eos.
3234 5402 3356 5451 Mm.
3379 5404 3497 5451 erat.
3523 5391 3664 5457 Vulg-
3683 5387 3793 5449 οοὲί·

599 5468 621 5498 ²
654 5464 1072 5528 lm.Geueratio
1108 5477 1287 5528 prava,
1314 5472 1371 5528 et_
1401 5461 1627 5514 inﬁdelis.
1669 5461 1800 5513 Ibid.
1829 5461 1936 5511 θαι.
1961 5463 2125 5528 vobis-
2233 5462 2355 5511 talio
2378 5462 2426 5510 in
2451 5474 2599 5513 eos...
2625 5471 2779 5514 esset.

535 5542 665 5582 cum.
695 5527 840 5592 Vulg.
867 5526 908 5579 Ο
931 5524 1189 5588 generatio
1211 5526 1439 5591 inﬁdelis,
1465 5535 1518 5578 et
1543 5539 1839 5590 perversa...
1865 5524 1992 5588 apud
2021 5538 2126 5576 vos.

1877 5608 2246 5667 BLANCHINI
2282 5610 2516 5669 NOTE.

609 5710 688 5784 (ir)
713 5708 945 5764 Varians
983 5707 1149 5784 lectio
1197 5709 1487 5784 intextum
1525 5707 1705 5784 _il_la_ta.
1735 5702 2017 5784 -—-(b)_lta
2042 5711 2259 5784 etmtex.
2293 5704 2388 5784 _Gr.
2422 5705 2520 5784 ξπτ
2568 5704 2642 5784 δέ.
2664 5734 2745 5784 :—
2774 5705 2850 5779 (c)
2891 5707 2970 5762 lta
3009 5712 3066 5762 et
3094 5714 3200 5764 tex.
3232 5706 3327 5765 Gr.
3357 5715 3427 5779 τῷ
3454 5703 3712 5772 πνεύματι.
3738 5715 3796 5732 ο·

539 5774 630 5856 (d‘j
653 5774 729 5839 Ita
757 5791 814 5840 et
841 5790 950 5838 tex.
986 5779 1085 5837 Gr.
1130 5781 1178 5835 ἐν
1205 5782 1393 5842 αὐτοῖς.
1424 5810 1492 5821 -
1516 5780 1586 5852 (e)
1614 5777 1743 5834 Post
1771 5774 1864 5848 ait,
1889 5774 2048 5834 deest
2076 5774 2203 5843 illis,
2233 5777 2397 5834 etiam
2424 5777 2480 5834 in
2505 5778 2628 5834 cod.
2657 5774 2814 5834 Cant.

3849 637 3857 716 Ξ

3847 723 3858 900 ἒ

3849 909 3858 970 ξ
