3910 6336
909 405 1140 464 CODEX
1182 408 1718 468 VERCELLENSIS.

510 544 524 557 .
571 543 584 558 .
627 503 748 559 bam
781 501 934 559 Sata-
1338 506 1428 560 22.
1473 505 1665 562 Omnia
1695 505 1826 562 mihi

506 589 655 642 nam,
685 585 803 628 tan-
1339 577 1531 632 tradita
1560 589 1685 633 sunt

547 662 667 701 nam
699 647 713 678 ⁸
745 647 922 718 fulgur
1336 665 1367 704 a
1398 649 1579 704 Patre.
1617 651 1684 704 Et
1714 666 1814 706 ne-

544 734 575 792 e
605 720 758 775 caelo
785 736 874 774 ca-
950 791 981 792 η
1332 737 1423 775 mo
1452 722 1604 776 nobit
1631 724 1650 753 ²
1684 724 1805 792 quis

501 788 594 846 19.
640 830 655 846 .
692 830 706 844 .
748 800 916 847 ntem.
946 791 1048 847 Ec—
1333 802 1417 847 est
1442 792 1622 860 Pater,
1654 788 1736 848 ni-

500 875 984 919 ce.......
1331 863 1702 930 siFilius;et

502 973 517 987 .
563 974 578 987 .
625 976 639 989 .
684 975 699 988 .
744 973 759 988 .
803 976 818 990 .
864 978 878 992 .
919 945 1032 992 sta—
1332 935 1659 1006 cuicumque

1333 1008 1566 1064 voluerit
1603 1008 1697 1063 Fi-

1331 1079 1459 1146 lius,
1489 1081 1695 1135 revela-

1333 1153 1430 1206 vit.

1330 1223 1424 1278 23.
1465 1223 1533 1278 Et
1559 1239 1853 1280 conversus

1333 1296 1401 1350 ad
1433 1293 1504 1367 (ε)
1535 1295 1774 1366 discipu-

1329 1367 1412 1422 los
1440 1367 1498 1438 ἰη
1528 1368 1699 1421 dixit:
1731 1367 1831 1423 Be—

1329 1439 1402 1494 ati
1427 1439 1567 1492 oculi
1589 1480 1604 1505 ,
1634 1439 1729 1509 qui

1328 1511 1547 1574 videtis,
1587 1526 1728 1580 quae

1328 1597 1426 1636 vos
1453 1582 1668 1637 videtis.

1326 1652 1418 1707 24.
1464 1653 1594 1708 Dico
1630 1654 1773 1709 enim

1325 1725 1511 1790 vobis,
1544 1725 1668 1794 quia

1324 1797 1478 1851 multi
1520 1795 1764 1860 Pronhe—

1325 1877 1410 1923 tae
1437 1868 1731 1922 voluerunt

1321 1939 1510 1995 videre
1531 1981 1546 2003 ,
1590 1953 1727 2008 quae

1321 2027 1420 2066 vos
1443 2010 1661 2075 videtis,

1321 2092 1376 2138 et
1408 2098 1517 2139 non
1548 2080 1570 2111 ³
1600 2080 1749 2137 vidc-

1319 2165 1472 2210 runt.

1319 2225 1410 2282 25.
1457 2225 1527 2280 Et
1553 2239 1682 2279 ecce
1717 2222 1934 2294 quidam

1321 2298 1483 2369 Legis
1515 2297 1706 2352 doctor

1321 2372 1592 2433 surrexit,
1624 2375 1795 2438 temp-

1320 2451 1442 2495 tans
1470 2441 1655 2501 illum,
1693 2479 1707 2493 .
1745 2479 1757 2494 .

1319 2512 1507 2568 dicens
1533 2530 1546 2566 :
1587 2510 1699 2565 Ma—

499 1013 606 1060 tem
642 1007 858 1062 calcan-

496 1077 552 1132 di
576 1093 740 1148 super
767 1080 847 1134 vi-

495 1164 678 1220 peras,
705 1158 761 1206 et
790 1167 940 1209 scor-

492 1221 704 1289 piones,
742 1231 800 1278 et
821 1241 912 1280 su-

491 1307 593 1362 per
620 1310 836 1350 omnem

491 1365 634 1420 viam
667 1367 851 1421 inimi-

489 1436 580 1490 ci:
614 1437 751 1512 niliil
785 1440 860 1512 (a)
893 1455 992 1496 vos

490 1509 733 1583 nocebit.
765 1509 808 1583 -ιέ

487 1579 580 1635 20.
628 1579 825 1637 Verum
857 1583 910 1638 in
945 1584 1047 1638 hoc

489 1652 658 1709 nolite
697 1669 827 1723 gau-

489 1723 643 1788 dere,
672 1726 817 1794 quod

487 1796 713 1862 Spiritus
745 1798 898 1853 vobis
919 1797 1018 1854 ob-

484 1867 751 1942 audiunt:
794 1884 927 1942 gau-

487 1937 614 2020 dete
643 1937 849 2020 autem,

484 2013 608 2080 quia
645 2013 822 2068 nomi-

484 2096 554 2136 na
588 2095 768 2138 vestra

483 2154 686 2222 scripta
723 2167 853 2211 sunt

481 2224 566 2300 ῳ)
594 2227 647 2300 in
677 2228 835 2300 caelo
854 2230 917 2300 τ.

481 2296 575 2350 21.
620 2297 676 2352 In
707 2299 798 2353 illa
827 2296 960 2356 hora

482 2369 747 2424 exubavh

486 2439 558 2512 (c)
592 2441 643 2494 in
673 2440 711 2513 {i-
741 2440 946 2513 Spiritu
975 2441 1144 2497 Sanc-

479 2519 558 2575 to,
586 2521 639 2567 et
662 2511 755 2569 dix
785 2511 804 2567 ζ
838 2556 852 2568 .
894 2557 908 2568 .
936 2515 1082 2570 Con-

477 2583 609 2638 fiteo
645 2625 659 2639 .
705 2625 720 2639 .
765 2626 783 2644 .
828 2626 842 2639 .
888 2626 903 2641 .
947 2626 962 2641 .
1009 2626 1023 2640 .
1094 2622 1110 2635 .
1318 2587 1511 2652 gister,
1540 2582 1670 2652 quid

477 2655 713 2714 Domine
753 2696 769 2712 .
815 2699 828 2712 .
874 2700 888 2713 .
935 2699 950 2712 .
1317 2654 1526 2711 faciens
1553 2654 1634 2708 vi-

477 2736 533 2784 et
563 2739 742 2785 terrae
758 2770 772 2796 ,
1317 2737 1428 2782 tam
1461 2737 1639 2781 aeter—

475 2802 736 2871 quoniam
761 2802 878 2858 abs-
1316 2814 1442 2871 nam
1474 2796 1716 2871 posside:

1316 2869 1408 2926 26.
1453 2867 1558 2926 bo?
1599 2869 1667 2924 Et
1694 2867 1832 2923 dixit

1320 2942 1388 2996 ad
1423 2941 1574 2996 illum
1602 2959 1616 2994 :

1317 3013 1374 3068 In
1404 3013 1523 3084 lege
1544 3054 1556 3074 .
1590 3013 1719 3084 quid

1315 3086 1579 3154 scriptum

1313 3157 1438 3211 est?
1470 3171 1696 3226 quomo-

1313 3227 1405 3281 27.
1440 3225 1510 3281 do
1541 3227 1718 3297 legis?
1739 3225 1840 3293 Qui

1313 3299 1654 3367 respondens
1669 3340 1686 3364 ,

1316 3369 1486 3425 dixit:
1517 3370 1721 3441 Diliges

476 2872 710 2928 condisti
745 2874 879 2929 haec

475 2959 506 2998 a
538 2945 896 3014 sapientibus,

474 3024 528 3071 et
557 3017 814 3084 sensatis,

475 3096 533 3142 et
561 3088 805 3143 revelas-

474 3157 518 3212 ti
545 3173 608 3214 ea
642 3174 835 3227 parvo-

472 3230 562 3284 lis.
595 3230 668 3285 lta
701 3230 894 3295 Pater;

475 3301 599 3370 quia
628 3302 706 3356 sic
736 3302 849 3372 pla-

472 3374 586 3429 cuit
613 3383 740 3429 ante
768 3381 850 3429 te.

1052 291 1329 352 EUSEBII
1367 289 1706 351 VERCELL.
1747 289 2196 354 EVANGELIUM
2232 292 2376 352 CUM
2405 289 2636 353 VARIIS
2669 291 2824 353 COD.
2865 293 3258 354 COLLATUM.

3670 293 3766 354 592

2625 414 2856 471 CODEX
2893 413 3344 472 VERONENSIS.

2201 506 2460 562 Videbam
3026 509 3106 564 sic
3136 509 3275 564 bona
3301 507 3549 563 voluntas

2197 576 2475 651 Satanam,
3023 581 3120 635 fuit
3146 591 3269 635 ante
3295 590 3348 636 te

2197 651 2341 705 sicut
2368 650 2548 722 fulgur
3023 651 3115 708 22.
3154 651 3343 708 Omnia
3377 650 3508 708 mihi

2197 723 2264 777 de
2294 723 2448 778 caelo
2477 738 2565 778 ca-
3025 723 3221 779 tradita
3253 733 3379 779 sunt
3407 739 3438 778 a
3468 723 3564 779 Pa-

2197 793 2438 850 dentem.
2894 845 2900 852 .
3023 805 3108 851 tre
3136 811 3278 852 meo.
3310 797 3377 850 Et
3405 811 3500 851 ne-

2196 866 2284 922 19.
2327 865 2397 921 Et
2432 881 2561 924 ecce
3022 882 3113 923 mo
3144 868 3293 922 novit
3314 867 3420 922 Pa-

2195 937 2318 992 dedi
2347 938 2504 992 vobis
3025 949 3185 1006 trem,
3217 939 3318 995 nisi
3350 939 3549 996 Filius:

2194 1017 2523 1079 patestatem
3022 1022 3076 1066 et
3105 1027 3212 1080 que
3253 1053 3268 1067 .
3299 1051 3316 1066 .
3353 1053 3367 1065 .
3399 1053 3415 1067 .
3444 1052 3458 1065 .
3493 1011 3570 1066 bit

2193 1083 2440 1136 calcandi
3021 1082 3125 1137 Fili
3155 1125 3168 1136 .
3199 1124 3214 1138 .
3248 1123 3263 1137 .
3299 1121 3315 1137 .
3350 1124 3365 1138 .
3397 1123 3411 1138 .
3442 1126 3453 1139 .
3488 1082 3589 1139 nisi

2193 1168 2355 1222 supra
2380 1168 2498 1209 ser—
3021 1155 3185 1211 Pater
3215 1195 3231 1211 .
3266 1194 3281 1210 .
3314 1197 3328 1210 .
3357 1198 3370 1210 .
3397 1195 3414 1210 .
3449 1195 3462 1208 .
3497 1197 3510 1209 .
3541 1196 3554 1210 .

2191 1234 2410 1293 pentes,
2443 1234 2498 1281 et
3027 1226 3264 1284 voluerit
3290 1227 3464 1284 Filius

2191 1298 2531 1366 scorpiones,
3025 1299 3293 1354 revelare.

2190 1377 2248 1422 et
2282 1384 2445 1438 supra
3021 1371 3115 1425 23.
3147 1369 3216 1424 Et
3243 1384 3539 1427 conversus
3566 1369 3629 1425 ad

2189 1453 2407 1515 omnem
2443 1440 2557 1515 virj-
3023 1442 3096 1514 (ε)
3126 1441 3422 1515 discipulos
3451 1441 3514 1514 1',

2191 1518 2359 1567 tutem
2390 1512 2575 1566 inimi-
3019 1512 3191 1570 dixit:

2188 1583 2279 1658 ei;
2303 1592 2359 1638 et
2385 1583 2520 1639 nihil
2560 1653 2608 1658 η
2704 1654 2714 1658 _
3019 1585 3175 1642 Beati
3203 1587 3385 1658 itaque
3411 1585 3552 1641 oculi

2189 1651 2266 1728 ςιξ)
2295 1669 2392 1728 vos
2423 1653 2654 1710 nocebit.
2689 1654 2729 1724 -ι-
3019 1660 3114 1728 qui
3146 1651 3353 1721 vident,
3385 1672 3526 1728 quae

2185 1725 2276 1780 20.
2314 1727 2691 1782 Verumtamen

2186 1797 2240 1850 in
2274 1798 2376 1853 hoc
2404 1799 2572 1853 nolite

2186 1869 2446 1938 gaudere,
2477 1870 2606 1940 quia

2187 1940 2408 2008 spiritus
2436 1940 2656 2009 maligni

2189 2011 2343 2066 vobis
2373 2013 2603 2081 subjecti

2189 2091 2317 2137 sunt
2342 2101 2355 2137 :
2386 2084 2617 2155 gaudete

2187 2154 2402 2221 autem,
2425 2154 2572 2225 quod

2185 2228 2404 2282 nomina
2436 2239 2616 2283 veStra

2187 2301 2386 2368 scripta
2415 2308 2541 2352 sunt

2210 2368 2262 2440 ὁ)
2294 2373 2344 2423 in
2373 2370 2524 2426 caelo
2555 2369 2620 2440 -ξπ

2188 2441 2277 2495 2f.
2310 2441 2368 2496 in
2398 2442 2509 2511 ipsa
2540 2441 2671 2495 liora

2185 2513 2447 2586 exultavit
2471 2512 2544 2586 (c)
2581 2514 2633 2567 in
2660 2511 2701 2582 -ι-

2183 2581 2385 2653 Spiritu
2414 2581 2638 2651 Sancto,

2184 2665 2241 2710 et
2267 2657 2400 2711 dixit
2426 2675 2439 2712 :
2471 2654 2614 2712 Cou-

2186 2725 2344 2784 fiteor
2375 2727 2472 2784 tibi

2185 2797 2367 2864 Pater,
2397 2799 2626 2854 Domine

2185 2872 2343 2934 caeli,
2376 2881 2430 2926 et
2465 2883 2663 2936 terrae,

2184 2944 2326 3010 quod
2352 2940 2683 3000 abscondisti

2185 3029 2217 3066 a
2245 3015 2578 3083 sapientibus

2186 3084 2345 3158 llaec,
2370 3096 2426 3142 et
2454 3102 2573 3158 pru-

2184 3155 2465 3223 dentibus,
2491 3166 2548 3214 et

2186 3230 2442 3284 revelasti
2473 3245 2536 3285 ea

2186 3300 2449 3370 parvolis.
2481 3301 2555 3355 Ita

2187 3372 2352 3428 Pater
2377 3391 2390 3427 :
2424 3371 2506 3445 (ά)
2533 3372 2660 3444 quia

3019 1730 3111 1802 24.
3149 1729 3219 1802 (ι’)
3245 1730 3440 1785 videtis
3465 1729 3527 1800 1-.
3557 1728 3679 1784 Dico

3021 1801 3166 1857 enim
3191 1801 3368 1862 vobis.
3396 1802 3540 1872 quod

3023 1874 3179 1928 multi
3203 1873 3536 1941 Proiihetae,

3024 1955 3078 1999 et
3095 1943 3229 2015 jusni
3257 1945 3440 2000 volue-

3025 2025 3152 2071 runt
3177 2016 3383 2088 videre.
3409 2030 3553 2088 quae

3020 2103 3120 2142 vos
3147 2086 3362 2155 videtis,
3391 2086 3448 2143 et

3024 2174 3130 2214 non
3155 2159 3406 2214 viderunt
3429 2177 3446 2225 ;

3023 2241 3077 2285 et
3101 2230 3310 2297 audire,
3335 2245 3477 2301 quae

3022 2301 3100 2373 (g)
3131 2317 3231 2357 vos
3260 2301 3302 2372 -ι-
3331 2303 3587 2368 audistis,

3019 2386 3069 2427 et
3100 2389 3207 2428 non
3237 2374 3551 2429 audierunt.

3018 2443 3112 2499 25.
3142 2447 3286 2500 Haec
3314 2461 3381 2501 eo
3401 2447 3638 2509 dicente,

3021 2530 3152 2572 ecce
3179 2516 3396 2586 quidam
3425 2517 3528 2574 Le-

3017 2589 3102 2660 gis
3131 2589 3338 2656 peritus
3360 2604 3484 2645 sur-

3018 2661 3180 2724 rexit,
3209 2669 3316 2714 tem
3326 2671 3480 2729 ptaus

3018 2729 3195 2797 illum,
3223 2741 3277 2787 et
3302 2733 3520 2788 dicens:

3018 2801 3299 2875 Magister,
3333 2803 3458 2875 quid

3018 2871 3265 2930 faciendo
3293 2871 3448 2930 vitam

3021 2957 3298 3018 aeternam
3331 2945 3613 3018 possidebo
3636 2946 3660 3002 ?

3020 3015 3112 3072 26.
3145 3016 3228 3073 Ad
3257 3015 3349 3073 ille
3373 3018 3505 3073 dixit
3530 3018 3600 3073 ad

3017 3101 3145 3143 eum
3174 3107 3188 3144 :
3220 3089 3276 3144 ln
3309 3090 3427 3160 lege
3449 3088 3580 3161 quid

3020 3162 3286 3231 scriptum
3314 3172 3400 3216 est
3426 3161 3450 3214 ?

3024 3232 3302 3304 quomodo
3331 3232 3464 3304 legis
3479 3233 3504 3285 ?

3021 3302 3114 3358 27.
3148 3303 3244 3362 llle
3269 3302 3628 3376 respondens,

3024 3373 3160 3430 dixit
3195 3393 3209 3429 :

3063 3386 3160 3432 ιιιι
3195 3393 3209 3429 2

1809 3493 2041 3552 CODEX
2078 3495 2466 3554 BRIXIANUS.

475 3593 740 3650 Videbam
796 3590 1057 3650 Satanan.
1121 3589 1262 3643 sicut
1320 3587 1494 3658 fulgur
1539 3587 1607 3642 de
1670 3587 1823 3643 caelo
1876 3587 2077 3642 caden-

472 3675 604 3722 tem.
638 3666 777 3720 Ecre
801 3665 925 3718 dedi
957 3661 1112 3716 vobis
1139 3668 1462 3729 potestatem
1499 3659 1743 3714 calcandi
1775 3674 1937 3728 super
1961 3675 2076 3714 ser-

473 3748 666 3807 pentes
688 3746 743 3792 et
771 3735 1117 3804 scorpiones.
1142 3743 1195 3785 et
1219 3746 1383 3807 supra
1415 3746 1630 3784 omnem
1677 3732 1928 3807 virtutem
1979 3731 2078 3786 iui-

470 3801 616 3865 inici.
651 3819 706 3862 et
734 3807 866 3861 nihil
893 3801 1046 3860 vobis
1075 3804 1312 3858 nocebit.
1340 3801 1725 3857 Verumtamen
1758 3803 1810 3855 in
1842 3801 1945 3856 hoc
1978 3818 2077 3856 no-

469 3878 565 3937 lite
586 3879 845 3951 gaudere.
877 3878 1017 3951 quod
1048 3876 1332 3951 daemonia
1358 3873 1510 3928 Vobis
1538 3875 1756 3951 subdita
1779 3883 2079 3951 sunttgau-

471 3944 800 4010 detevauteui
825 3944 971 4020 quod
1007 3948 1225 4020 nomina
1255 3958 1434 4000 vestra
1470 3947 1691 4020 scribta
1733 3955 1856 4020 sunt
2021 3946 2076 4001 in

472 4026 626 4081 caelo
645 4024 701 4095 ’ξπ
730 4023 784 4095 lu
818 4017 932 4090 ipsa
956 4019 1320 4095 autem_hora
1362 4018 1621 4095 exultavit
1660 4017 1864 4095 Spiritu
1917 4017 2077 4073 Jesus

475 4107 532 4152 et
559 4088 694 4151 dixit
721 4088 997 4148 Cooiiteor
1021 4091 1116 4145 tibi
1146 4090 1374 4143 Domine
1411 4089 1568 4144 Pater
1606 4088 1743 4143 caeli
1781 4098 1836 4142 et
1873 4097 2072 4144 terrae.

475 4169 729 4237 quoniam
765 4162 1095 4237 abscondisti
1137 4163 1270 4215 haec
1312 4159 1724 4237 a__saiiie|iti|ius
1759 4168 1813 4212 et
1845 4161 2077 4237 pruden-

477 4229 641 4293 tibus.
682 4247 737 4292 et
766 4233 1019 4290 revelasti
1063 4248 1125 4287 ea
1173 4229 1436 4302 parvulis.
1483 4231 1555 4285 lta
1600 4230 1778 4302 Pater.
1827 4231 1950 4300 quia
1998 4233 2078 4286 sic

475 4308 679 4380 placuit
703 4317 830 4363 ante
851 4319 924 4363 te.
947 4305 1138 4360 Omnia
1161 4301 1292 4358 mihi
1323 4301 1520 4356 tradita
1546 4311 1673 4356 sunt
1691 4316 1720 4355 a
1742 4301 1902 4356 Patre
1929 4317 2072 4357 meo.

2182 3588 2247 3670 Et
2276 3605 2436 3670 nemo
2467 3590 2706 3670 _sc_i_t___qui
2743 3592 2815 3648 sit
2863 3592 3053 3670 Filius.
3092 3595 3235 3670 n_isi_
3251 3596 3433 3652 Pater.
3481 3607 3537 3653 et
3577 3597 3669 3670 qui
3708 3593 3757 3670 s_it

2183 3660 2347 3715 Pater
2378 3664 2479 3716 nisi
2515 3660 2684 3718 Filius
2713 3673 2768 3718 et
2795 3665 2880 3719 cui
2928 3667 3160 3722 voluerit
3195 3667 3364 3723 Filius
3405 3660 3672 3725 revelare.
3709 3667 3760 3722 Et

2183 3749 2477 3808 conversus
2521 3735 2585 3789 ad
2635 3735 2928 3808 discipulos
2962 3752 3090 3794 suos
3137 3756 3382 3795 seorsum
3423 3743 3583 3796 dixit.
3637 3737 3760 3796 Beati

2182 3806 2322 3884 oculi
2354 3807 2442 3884 qui
2469 3808 2649 3860 vident
2677 3806 2823 3884 quae
2845 3809 2915 3880 (Ῑ)
2941 3810 3134 3884 videtis
3165 3810 3206 3882 -ι-
3234 3821 3288 3884 et
3327 3828 3487 3868 aures
3520 3829 3661 3884 quae
3683 3826 3757 3865 auc

2181 3875 2354 3930 diunt.
2374 3877 2516 3952 Dico
2542 3875 2719 3934 autem
2745 3875 2919 3935 vobis.
2941 3883 3066 3950 quia
3093 3875 3245 3937 multi
3276 3875 3585 3952 Pronltetae
3615 3895 3667 3940 et
3684 3884 3760 3937 Re-

2182 3962 2276 4018 ges
2300 3950 2589 4022 voluerunt
2611 3952 2792 4022 videre
2809 3968 2948 4022 quae
2971 3970 3066 4008 vos
3089 3954 3281 4010 videtis
3301 3966 3355 4010 et
3379 3950 3485 4010 non
3513 3958 3759 4012 viderunt.

2183 4033 2238 4094 et
2264 4021 2614 4094 audirequae
2645 4021 2719 4094 (g)
2743 4021 2839 4076 vos
2860 4024 3136 4094 fauditis.
3167 4038 3217 4080 et
3245 4043 3349 4082 non
3377 4029 3687 4084 audierunt.
3708 4024 3764 4080 Ει

2186 4091 2318 4144 haec
2346 4107 2412 4145 eo
2432 4091 2800 4169 dicente'ecee
2823 4091 3040 4169 quidam
3079 4098 3240 4169 Legis
3278 4099 3481 4168 peritus
3525 4099 3764 4160 surrexit.

2186 4170 2455 4232 temptans
2485 4164 2630 4218 illum
2662 4176 2716 4220 et
2742 4166 2928 4240 dieens
2956 4164 3217 4240 Magister
3239 4164 3366 4240 quid
3401 4171 3600 4226 faciam
3632 4169 3767 4226 utri-

2184 4242 2595 4312 tamaeternam
2620 4238 2921 4306 possideam
2938 4237 3026 4312 gAd
3054 4237 3146 4296 ille
3175 4237 3311 4297 dixit
3339 4243 3407 4296 ad
3432 4257 3563 4298 eum
3589 4245 3644 4299 lu
3668 4244 3768 4311 lege

2183 4305 2311 4375 quid
2325 4308 2430 4361 seri
2439 4316 2586 4378 ptum
2597 4305 2702 4364 est.
2716 4310 3154 4384 quomodolegis.
3170 4312 3264 4370 llle
3274 4305 3768 4386 respoudensdixit

1774 4435 2010 4493 CODEX
2049 4436 2522 4500 CORBEIENSIS.

549 4575 679 4632 Car.
704 4569 775 4626 Χ.
797 4595 868 4607 -
893 4563 989 4618 2i.
1012 4558 1275 4617 exultavit
1314 4556 1574 4632 Jesus_in
1612 4554 1815 4632 Spiritu
1849 4554 2074 4632 Sancto,

479 4657 536 4706 et
550 4626 688 4703 dixit
716 4661 730 4696 :
755 4634 1068 4706 Confitebor
1088 4632 1186 4706 tibi
1208 4631 1456 4698 Domine,
1482 4627 1642 4684 Pater
1668 4627 1878 4684 coeli...
1909 4628 2033 4697 quia
2055 4626 2076 4657 ⁸

477 4704 560 4778 sic
585 4719 726 4775 bona
757 4710 1004 4768 voluntas
1027 4704 1127 4760 fuit
1151 4713 1277 4760 ante
1306 4711 1379 4758 te.

2179 4559 2546 4701 ἰὲἰιὲο
2571 4561 2676 4620 scit
2703 4563 2824 4636 quis
2849 4575 2935 4625 est
2961 4565 3203 4626 Filius...
3235 4575 3294 4626 et
3319 4569 3441 4642 quis
3461 4569 3650 4641 Pater,
3677 4567 3768 4629 nisi

1734 4788 2129 4848 VARIANTES
2165 4788 2570 4849 LECTIONES.

546 4931 564 4964 ί
601 4930 715 4981 Mm.
755 4923 919 4986 fulgur
942 4917 1329 4971 descendentem
1353 4913 1418 4962 de
1460 4912 1616 4962 caelo.
1653 4909 1802 4976 Vulg.
1827 4910 1991 4974 fulgur
2011 4909 2076 4961 de

481 4994 620 5044 caelo
643 4989 920 5040 cadentem.

545 5035 920 5105 rGtttiet—Mnt.
954 5045 1039 5109 qui
1071 5045 1195 5094 sit...
1232 5047 1284 5090 et
1315 5039 1400 5102 qui
1423 5038 1545 5087 sit...
1569 5039 1795 5087 revelare
1823 5049 1898 5086 se.
1933 5035 2076 5099 Vulg.

2184 4909 2298 4973 quis
2319 4909 2441 4959 sit...
2471 4913 2523 4958 et
2544 4910 2656 4973 quis
2676 4911 2801 4961 sit...
2826 4912 3073 4973 revelare.

2249 4971 2270 5038 ἒ
2302 4973 2410 5038 dat.
2442 4971 2714 5038 capiérunt.
2749 4971 2896 5038 Vulg.
2922 4977 3199 5030 audierunt.

2250 5034 2271 5064 ⁸
2306 5037 2413 5085 Gal.
2437 5035 2509 5084 sic
2527 5035 2619 5086 fuit
2643 5034 2890 5098 placitum.

1175 5162 1466 5206 LECTIONES
1496 5160 1700 5201 CODICIS
1729 5157 2138 5201 VINDEBONENSIS
2159 5158 2433 5198 ABEUNTES
2454 5158 2518 5198 AB
2549 5158 2797 5200 EDITIONE
2815 5161 3085 5203 VDLGATA.

547 5281 623 5331 19.
649 5273 861 5326 calcandi
896 5282 1045 5333 super
1069 5271 1349 5333 serpentes.
1377 5261 1406 5310 Ι
1413 5260 1493 5312 bid
1502 5295 1535 5333 ._
1546 5266 1773 5333 let‘supra
1797 5271 2074 5333 omnem"...

484 5322 881 5392 nilii'l'vosi20.
926 5322 1064 5383 vobis
1097 5322 1307 5394 subjecti
1345 5322 1851 5394 sunt_._I_t‘tid..scrip_ta
1882 5327 1995 5370 sunt

483 5384 656 5455 Ei'éib.‘
674 5384 787 5448 ἐι.
806 5384 1041 5446 exultavit
1057 5394 1109 5441 in
1126 5384 1370 5453 Spiritu...
1383 5386 1503 5455 .__tibi
1529 5385 1753 5455 Doming,
1770 5384 1917 5455 Pater
1931 5384 2078 5455 caeli,

485 5445 891 5525 acvterrae,‘...iet
905 5455 1140 5507 revelasti
1165 5445 1224 5502 ea
1249 5450 1457 5514 parvolis
1481 5448 1593 5497 tuis.
1609 5445 1680 5495 Ita
1699 5445 1992 5507 Pater,quia
2011 5447 2083 5494 sic

2185 5255 2275 5330 fuit
2289 5256 2416 5330 bona
2439 5255 2661 5330 voluntas
2685 5263 2817 5330 ante
2857 5267 2935 5330 te.
2993 5260 3073 5330 22.
3097 5262 3212 5326 quis
3233 5268 3313 5330 est
3324 5263 3570 5330 Filius...
3597 5272 3653 5317 et
3671 5268 3770 5330 quis

2189 5319 2469 5394 estPater.‘
2514 5322 2593 5370 23.
2619 5320 2822 5394 videtis.-
2848 5320 2954 5394 "2.5.
2981 5331 3034 5373 et
3057 5319 3182 5375 haec
3204 5338 3267 5376 eo
3287 5327 3504 5391 dicente,
3531 5343 3654 5381 ecce
3670 5319 3771 5394 q'ui-

2187 5380 2297 5429 dam
2323 5387 2581 5445 temptans.
2647 5383 2724 5434 26.
2752 5384 2825 5433 Ad
2845 5383 2931 5434 illi.

1811 5549 2180 5607 BLANClllNl
2217 5551 2450 5611 NOTAE.

565 5683 820 5760 (a)_Ita_et
842 5689 949 5734 tex.
979 5676 1103 5760 GLI,
1123 5675 1258 5759 ὑμᾶς
1285 5670 1609 5760 ﬂevisse-:-
1635 5668 1712 5743 (b)
1741 5669 1815 5760 itit
1843 5678 1895 5756 et
1933 5667 2056 5760 c’od.
2090 5667 2270 5760 cant,
2300 5674 2348 5727 ἐν
2377 5681 2450 5746 τῷ
2478 5672 2866 5760 ριξρξνῷέῖῳ)
2899 5676 3183 5760 A_ddit_in,
3230 5641 3390 5739 etiam
3414 5683 3550 5760 _cod.
3589 5681 3765 5749 Cant.,

491 5740 717 5830 emi—1(1)
745 5753 821 5808 lta
846 5759 1037 5830 ettex.
1065 5740 1184 5830 Gr."2
1217 5744 1296 5830 ξτι
1317 5743 1479 5830 ofﬁcer
1500 5740 1914 5830 i'yéva‘roetidoxéor
1943 5740 2220 5830 ξςᾳπρςετβέν
2253 5740 2443 5830 conf-i-
2474 5740 2701 5830 gejfo'st
2726 5740 3029 5830 discipulos.
3063 5740 3219 5830 deest
3238 5772 3381 5830 suos.
3412 5756 3464 5811 in
3495 5765 3614 5813 tex.
3643 5740 3768 5827 quo;

490 5813 596 5903 que
623 5813 717 5884 Gr:
745 5853 816 5869 --
844 5824 916 5896 (f)
939 5823 1080 5878 Ante
1098 5816 1300 5884 videtis,
1326 5815 1479 5871 deest
1504 5813 1613 5884 vos,
1644 5813 1842 5885 pariter
1866 5814 1919 5869 in
1947 5813 2059 5870 lex.
2087 5813 2184 5870 Gr.
2211 5843 2282 5855 —
2309 5813 2387 5888 (g)
2411 5813 2575 5872 Addit
2598 5832 2706 5888 vos,
2737 5813 2900 5877 etiam
2923 5823 3046 5879 cod.
3078 5822 3232 5882 Cant.
3258 5813 3428 5898 ὑμεῖς.
