1955 3168
84 156 145 188 595
607 165 830 194 EVANGELIUM
848 165 1032 196 SECUNDUM
1051 167 1176 197 LUCAM.

1148 227 1264 256 CODEX
1283 228 1511 259 VERONENSIS.

289 220 405 250 CODEX
424 222 692 252 VERCELLENSIS.

86 265 232 308 Dominum
246 267 332 308 Deum
345 274 386 297 tu-
503 275 554 308 tes,
570 278 631 298 cum
644 275 720 299 tran-

84 309 137 329 um
148 302 186 341 _(a)
200 303 226 330 in
242 303 263 339 1-
279 307 336 332 toto
504 302 571 334 siret
584 314 632 341 per
645 314 689 334 eo-

83 339 243 381 cordetuo,
274 375 280 381 .
504 343 565 381 dem
581 339 653 381 loco.
666 348 694 370 et

83 378 116 402 et
129 378 155 401 in
172 379 225 401 tota
237 378 295 403 ani-
504 378 615 406 vidisset
626 378 703 406 illum

84 417 136 450 ma.
150 414 243 450 tuatet
256 420 287 438 ex
503 414 669 447 pertransiit.

83 447 153 487 totis
170 447 269 487 viribus
503 451 547 478 55.
563 450 750 487 Samaritanus

85 481 127 517 (b)
144 482 194 508 tuis
263 488 289 511 et
301 483 362 512 dili-
504 491 593 514 autem
609 486 667 521 qni-

82 524 136 551 ges
151 520 301 552 proxiuuun
504 522 566 550 dam
581 520 632 549 iter
647 523 689 549 fa-

84 558 174 585 tuuui,
194 559 251 581 tan—
506 558 593 590 ciens,
607 559 682 586 venit

83 597 169 628 quam
185 596 211 617 te
225 591 266 628 ipf
287 626 293 628 _
327 626 332 628 Α
348 626 351 628 Δ
507 602 555 628 per
567 601 638 626 eum,
654 599 681 622 et
694 594 734 621 vi-

82 625 132 653 28.
147 626 308 663 sum3Dixit
320 626 356 663 (c)
370 634 417 655 au—
505 625 574 658 deus
585 625 659 663 eum,
731 629 736 635 ’

83 667 141 689 tem
156 661 177 697 1·
192 662 229 689 illi
243 671 250 689 :
266 661 351 691 Hec?
505 667 633 693 misertus
647 661 699 694 est.

84 703 112 739 te
126 698 286 739 respondis-
504 700 549 739 δτι.
566 701 598 739 Et
613 703 732 737 conliga-

85 733 123 760 ti:
137 733 192 761 hoc
207 732 260 768 fac,
275 738 303 762 et
505 737 543 764 vit
555 737 666 765 vulnera

506 773 577 808 ejus,
594 773 684 801 iniun—

506 808 575 836 dens
589 809 694 843 oleum,

505 844 593 880 adque
607 846 717 878 viuum;

86 769 174 797 vibes.

88 805 129 832 29.
146 804 212 839 Qui.
227 813 288 834 cum
300 813 330 834 se
340 806 393 835 vel-

89 841 122 869 let
136 840 240 875 justiﬁ-

87 884 159 915 ειν-ς,
180 877 250 905 dixit
262 913 282 915 ᾗ
505 885 533 908 et
548 877 695 915 inpositum
710 877 713 891 ⁵

86 911 226 953 ad_Jesum
239 923 250 955 ξ’
262 913 296 941 Ει
505 924 566 955 eum
579 911 607 943 in
622 923 672 944 suo

87 952 146 987 quis
161 954 203 987 est
215 952 266 976 mi-
279 986 285 987 ί
503 952 639 987 jumento,

88 984 115 1011 hi
130 985 289 1019 proximus?

87 1020 123 1049 50
136 1021 144 1035 ⁸
156 1020 314 1056 Suscipiens

87 1062 175 1083 autem
189 1056 281 1090 Jesus,

87 1092 151 1120 dixit
161 1101 169 1119 :
184 1093 274 1121 Homo

89 1129 194 1164 quidam
210 1129 274 1157 des-

505 988 584 1016 duxit
599 988 627 1015 in
639 994 694 1016 sta-

504 1024 580 1056 bulo,
595 1029 623 1051 et
635 1031 728 1052 curam

505 1059 600 1087 habuit
614 1060 682 1095 ejus.

504 1095 549 1123 35.
563 1095 596 1122 Et
610 1097 635 1123 in
650 1097 748 1124 crasti-

504 1139 569 1159 num
585 1131 659 1159 diem

93 1165 222 1202 gendebat
236 1166 272 1193 ab
506 1168 617 1202 protulit
630 1169 697 1194 duos

92 1199 258 1229 Hierusalem
506 1199 643 1235 denarius,
659 1208 685 1230 et

90 1237 114 1264 in
128 1237 248 1270 Hierico,
506 1240 578 1266 dedit
594 1240 714 1265 stabula-

89 1277 116 1300 et
126 1273 171 1300 hic
184 1273 283 1301 incidit

506 1276 558 1307 rio,
571 1280 597 1301 et
610 1275 679 1301 dixit
693 1275 723 1301 il-

90 1308 118 1335 in
130 1309 247 1337 latrones

507 1311 525 1338 Il
543 1320 548 1336 :
565 1311 715 1344 Diligenter

507 1354 600 1373 curam
618 1347 690 1373 illius

507 1382 577 1410 habe
587 1390 595 1415 ;
606 1387 634 1409 et
648 1382 797 1417 quodcum-

507 1426 559 1453 que
570 1418 686 1452 amplius
693 1418 858 1454 erogaveris,
875 1417 885 1432 ¹

506 1452 646 1481 revertens
655 1475 661 1486 ,
745 1452 754 1454 ⁷
825 1452 887 1489 [ego

506 1490 619 1517 reddam
634 1490 692 1517 tibi.

506 1526 551 1553 56.
568 1526 632 1559 Quis
646 1527 741 1552 horum
753 1524 793 1552 vi-

506 1562 586 1589 detur
602 1562 694 1595 proxi-

94 1345 147 1379 qui,
160 1345 292 1381 expolian-

92 1385 130 1421 tes
141 1388 213 1421 eum,
228 1386 258 1422 et
272 1382 327 1416 pla-

88 1418 126 1451 gis
139 1418 275 1447 impositis
283 1437 292 1450 ,

89 1452 225 1486 abierunt,
242 1460 284 1480 se-

91 1489 188 1516 mivivo
198 1497 233 1516 eo

93 1524 127 1551 5L
146 1524 256 1552 relicto.
271 1524 339 1552 For-

93 1560 154 1587 tuito
171 1560 270 1588 Sacer-

90 1597 133 1624 dos
147 1596 261 1632 quidam
507 1605 568 1625 mus
576 1598 661 1624 fuisse

90 1632 238 1660 descende-
507 1635 577 1667 ejus,
593 1633 639 1667 qui
654 1633 720 1659 inci—

90 1667 131 1694 bat
144 1675 197 1703 per
209 1668 281 1695 viam
507 1669 585 1696 derat
600 1670 626 1696 in
642 1669 679 1695 la—

507 1706 550 1732 57.
567 1706 680 1732 troues'.’
696 1704 737 1731 Ad
752 1703 783 1731 il-

508 1742 534 1767 le
548 1740 635 1767 dixit:
653 1740 703 1773 Qui

92 1704 174 1737 illam.
190 1708 219 1731 et
234 1704 273 1730 vi-

89 1747 117 1767 so
126 1740 188 1773 illo,
204 1747 284 1776 prae-

89 1776 175 1803 teriit.
508 1776 572 1804 fecit
590 1776 697 1803 miscri-

88 1812 131 1839 32.
151 1811 286 1840 Similiter
298 1819 346 1840 au-
508 1812 628 1839 cordiaui
644 1813 669 1838 in
684 1812 716 1838 il-

89 1852 143 1875 tem
161 1853 189 1875 et
202 1847 280 1875 Levi-
510 1849 547 1876 lo.
564 1847 635 1876 Dixit

933 272 1035 308 Diliges
1044 273 1136 302 Domi-

933 316 998 336 num
1011 309 1095 336 Deum

933 349 1009 372 tuum
1023 344 1060 380 (u)
1076 345 1102 373 in
1114 345 1134 381 ατ

933 384 991 408 toto
1004 381 1087 409 corde

935 421 994 448 tuo,
1010 421 1037 443 et
1051 417 1076 443 in

937 456 991 478 tota
1002 452 1092 479 anima

935 492 990 518 tua,
1007 493 1032 514 el
1047 487 1073 514 in
1089 495 1148 515 om-

935 523 1014 550 nibus
1028 524 1131 551 viribus

936 557 975 595 (b)
991 558 1074 600 tuis-l-
1091 568 1097 586 :
1114 564 1141 587 et

936 602 1091 629 proxtmum

936 635 1023 664 tuum,
1034 631 1103 658 sicut

937 670 965 693 te
979 666 1077 701 ipsum.

936 702 983 729 28.
1000 702 1071 739 Dixit
1087 701 1124 739 (ε)
1137 710 1185 730 au-

938 742 992 765 tem
1003 738 1022 773 πι
1036 738 1073 765 illi
1091 738 1097 765 ἑ

938 773 1022 801 Recte
1041 774 1202 809 respondisti
1220 783 1226 802 :

938 809 991 836 hoc
1003 811 1053 843 lac,
1065 814 1093 837 et

939 845 1024 873 vives.

938 880 985 908 29.
1001 881 1050 908 [lle
1063 886 1153 908 autem

937 916 1032 944 volens
1046 916 1197 951 justilicare

937 960 967 980 se
981 953 1069 986 ipsum
1085 973 1093 986 ,
1108 953 1176 980 dixit

936 988 969 1015 ad
983 988 1076 1015 Jesum
1091 997 1098 1015 :
1113 988 1147 1015 Et

936 1024 997 1058 quis
1006 1029 1048 1051 est
1063 1031 1140 1052 meus

936 1060 1092 1093 proximus?

937 1096 981 1123 50.
994 1095 1152 1130 δυειιῑοὶθηε
1164 1099 1254 1124 autem

937 1131 1027 1165 Jesus,
1041 1132 1129 1159 dixit:

938 1167 1026 1194 Homo
1041 1168 1155 1196 descen-

938 1203 1021 1230 debat
1030 1204 1063 1231 ab

941 1239 1112 1267 Hierusalem

937 1273 965 1301 in
979 1275 1106 1302 Hiericho
1116 1296 1125 1308 ,

938 1314 966 1336 et
980 1310 1073 1337 incidit
1087 1311 1114 1338 in

938 1345 1069 1378 latrones,
1086 1346 1133 1378 qui

938 1381 1019 1408 etiam
1035 1382 1173 1416 despolia-

939 1423 1036 1444 verunt
1051 1418 1138 1451 illum,

938 1458 966 1480 et
981 1453 1067 1488 plagis
1080 1454 1132 1481 im-

939 1490 1057 1524 positis,.
1072 1510 1079 1516 .
1094 1510 1100 1515 .
1119 1505 1142 1517 .—

939 1526 1011 1551 vivo.
1030 1545 1037 1552 .
1053 1545 1060 1552 .
1078 1545 1086 1552 .

940 1561 1077 1588 abierunt.

939 1596 984 1633 51.
1001 1596 1133 1625 Sacerdos
1144 1598 1204 1633 qui-

940 1631 1002 1659 dam
1015 1633 1123 1661 discen-

941 1667 1021 1695 debat
1038 1677 1085 1702 per

941 1705 1035 1731 eadem
1051 1706 1104 1738 via,

941 1746 967 1766 et
984 1741 1041 1766 viso
1055 1742 1111 1774 illo,

942 1776 1090 1809 praeteriit.

942 1812 987 1838 32.
1002 1812 1136 1840 Similiter
1150 1817 1176 1841 et

942 1847 1046 1881 Levita,
1063 1856 1123 1875 cum

1676 172 1730 201 εει

1346 281 1419 304 esset
1434 283 1513 305 secus

1348 312 1450 344 locum,
1465 317 1492 340 et

1347 347 1450 375 videret
1461 356 1523 376 eum
1536 370 1544 383 ,

1346 384 1514 418 pertransiit.
1526 396 1531 411 ξ

1348 420 1393 447 55.
1410 420 1487 447 Sama
1493 421 1602 457 manus

1349 460 1439 493 autem
1458 457 1567 493 quidam
1572 462 1585 493 Α

1349 491 1526 532 iter_faciens,

1350 530 1493 556 venit
1511 548 1518 555 .
1536 530 1552 559 ,ἒ

1352 569 1425 595 eum,
1441 567 1469 590 et
1479 564 1519 590 vi.

1351 598 1430 629 deus,
1446 599 1527 627 mise-

1351 633 1469 661 ric0rdia
1498 638 1533 669 ,γ’

1352 676 1442 696 motus
1455 677 1508 698 est.

1352 705 1397 743 31).
1420 705 1453 733 Et
1467 707 1575 743 alligari

1352 741 1466 769 vulnera

1353 777 1422 811 ejus.
1436 782 1464 805 et
1477 778 1519 806 in-

1354 812 1470 841 fundens
1485 815 1587 848 oleum,

1354 853 1382 876 et
1395 848 1499 884 viuum,
1515 856 1543 877 et

1354 885 1497 926 imponens
1511 886 1586 913 illum

1354 928 1380 947 In
1391 926 1515 953 Jumento

1303 968 1309 974 ο
1353 962 1414 989 suo,
1428 956 1505 985 duxit

1352 991 1386 1019 ad
1400 992 1547 1025 stabulum,

1354 1032 1485 1064 etcuram
1500 1028 1559 1064 ejus

1352 1063 1416 1096 egit.

1352 1099 1398 1127 55.
1415 1100 1447 1126 Ει
1461 1100 1547 1127 altera
1563 1100 1609 1130 die

1354 1135 1467 1170 prOIulit
1480 1137 1549 1164 duos

1354 1171 1491 1205 denarios,
1506 1177 1534 1199 et

1354 1206 1430 1234 dedit
1444 1209 1538 1235 stabu-

1353 1242 1434 1275 lario,
1449 1247 1476 1270 et
1487 1244 1526 1271 ait
1541 1253 1547 1270 ε

1353 1276 1452 1314 Curam
1468 1280 1528 1314 ejus

1354 1312 1443 1344 habe:
1459 1312 1489 1342 et
1500 1315 1586 1349 quod-

1354 1356 1471 1384 cumque
1483 1358 1530 1378 su-

1355 1386 1575 1420 pererogaveris‘,

1354 1428 1406 1455 ego
1416 1429 1510 1449 rever—

1355 1460 1425 1490 tens,
1442 1456 1555 1485 reddam

1355 1491 1414 1518 tibi.

1355 1492 1414 1519 tibi.

1355 1527 1400 1555 36.
1414 1528 1480 1562 Quis
1497 1529 1593 1556 horum

1357 1564 1438 1591 trium
1455 1564 1563 1592 videtur

1356 1599 1403 1626 tibi
1416 1601 1556 1634 proximus

1356 1634 1443 1663 fuisse
1453 1636 1489 1668 ei,

1355 1671 1402 1706 qui
1412 1671 1507 1699 incidit

1355 1706 1383 1733 in
1399 1707 1536 1735 latrones?

1356 1742 1401 1769 37.
1417 1743 1458 1770 Ad
1471 1743 1517 1771 ille
1532 1742 1575 1770 di-

1359 1778 1398 1805 xit
1413 1787 1420 1804 :
1434 1778 1486 1813 Qui
1499 1779 1561 1807 fecit

1359 1814 1576 1843 misericordiam

1359 1849 1387 1876 in
1401 1857 1477 1878 eum.

748 1904 866 1933 CODEX
883 1904 1080 1933 BRIXIANUS.

96 1965 198 2000 Diliges
214 1965 354 2005 Dominum
369 1966 453 1994 Deum
468 1971 543 2005 tuum
559 1974 593 2005 ex
609 1971 667 1994 toto
688 1965 771 1993 corde
791 1969 847 1991 tuo.
864 1968 892 2005 et

93 2009 125 2029 ex
140 2006 196 2028 tota
207 2003 293 2029 anima
307 2008 362 2030 tua.
378 2007 406 2030 et
415 2011 448 2030 ex
458 2003 532 2029 omni
546 2003 645 2030 virtute
658 2007 712 2029 tua.
736 2006 763 2028 et
773 2008 807 2028 ex
818 2003 891 2027 omni

92 2042 187 2065 mente
201 2044 253 2065 tua.
271 2043 298 2066 et
312 2040 464 2073 proximum
482 2044 554 2065 tuum
567 2038 638 2066 sicut
653 2043 678 2065 te
695 2039 791 2072 ipsum.
807 2037 839 2063 Et
851 2036 892 2063 di-

94 2075 133 2101 xit
159 2074 198 2100 illi
221 2073 308 2101 Jesus.
332 2074 415 2101 Recte
438 2074 611 2109 respondisti.
639 2075 689 2100 hoc
704 2073 746 2100 fac
762 2076 790 2100 et
804 2073 889 2098 vives.

93 2109 136 2137 Ille
152 2116 245 2137 autem
263 2111 354 2137 volens
366 2110 517 2145 justilieare
531 2118 560 2137 se
574 2110 661 2144 ipsum
674 2110 741 2137 dixit
752 2109 784 2136 ad
797 2109 890 2136 Jcsum

95 2145 124 2172 Et
134 2148 200 2180 quis
214 2152 255 2172 est
267 2154 343 2173 tneus
356 2146 504 2179 proximus.
518 2146 696 2180 Respondeas
711 2152 801 2173 autem
812 2145 892 2172 Jesus

95 2182 173 2208 dixit.
192 2182 277 2208 llomo
296 2182 405 2216 quidam
421 2182 603 2209 descendebat
617 2184 651 2209 ab
673 2182 839 2209 Hierusalem
865 2182 890 2207 iit

96 2216 236 2245 Hiericho.
258 2221 284 2243 ct
296 2217 390 2245 incidit
404 2218 430 2244 iu
447 2218 577 2245 latrones.
602 2219 647 2252 qui
661 2218 742 2245 etiam
756 2217 892 2252 despolia-

95 2258 196 2280 verunt
211 2261 272 2280 cuin
287 2260 312 2280 et
328 2254 412 2288 plagis
425 2254 548 2288 inpositis
564 2253 691 2281 abierunt
707 2254 838 2281 semivivo
851 2261 893 2281 re-

96 2288 164 2316 licto
178 2288 284 2316 Accidit
297 2294 387 2316 autem
403 2294 432 2316 ut
447 2290 580 2317 Sacerdos
593 2289 700 2324 quidam
715 2289 893 2317 descenderet

96 2326 193 2353 eadem
208 2326 260 2352 via.
274 2330 300 2352 et
314 2332 377 2352 cum
392 2326 504 2353 vidisset
515 2333 576 2353 eum
593 2326 741 2361 praeteriit.
759 2325 892 2353 Similiter

943 1970 969 1992 et
984 1965 1086 1992 Levita.
1100 1972 1161 1993 cum
1178 1965 1298 1992 venisset
1312 1965 1345 1992 ad
1359 1965 1475 1992 eundem
1489 1965 1592 1992 locum.
1607 1969 1635 1992 et
1652 1964 1740 1993 vidis-

944 2006 985 2028 set
999 2009 1061 2029 eum
1078 2001 1244 2035 pertransiit.
1260 2001 1447 2028 Samaritanus
1461 2005 1551 2027 autem
1566 2000 1675 2035 quidam
1690 2000 1742 2028 iter

944 2035 1056 2064 faciens.
1073 2037 1146 2064 venit
1162 2044 1242 2063 secus
1264 2045 1338 2064 eum.
1355 2043 1382 2064 et
1398 2037 1492 2063 videns
1507 2044 1568 2063 eum
1585 2036 1742 2063 misericor-

944 2073 987 2099 dia
1000 2078 1089 2100 uiotus
1099 2078 1150 2100 est.
1164 2072 1197 2099 Et
1209 2073 1353 2100 accedens.
1369 2072 1490 2107 alligavit
1503 2072 1614 2099 vulnera
1629 2072 1700 2106 ejus.
1715 2076 1744 2099 et

945 2109 1143 2142 Superiuudeus
1157 2110 1247 2135 oleum
1262 2113 1290 2135 et
1311 2109 1413 2135 viuum.
1429 2113 1455 2136 et
1476 2109 1610 2142 inponens
1626 2108 1700 2134 illum
1716 2107 1745 2136 in

943 2145 1096 2180 juinentum
1110 2152 1187 2171 suum
1203 2145 1280 2171 duxit
1294 2144 1326 2171 ad
1338 2144 1485 2171 stabulum.
1499 2148 1527 2171 et
1539 2151 1632 2171 curam
1649 2143 1686 2180 illi
1697 2144 1746 2171 ad-

947 2181 1043 2208 hibuit.
1059 2180 1092 2208 Et
1106 2181 1191 2208 altera
1202 2180 1257 2207 die.
1276 2180 1387 2214 protulit
1397 2181 1465 2207 duos
1480 2181 1618 2206 denarios.
1632 2184 1659 2206 et
1669 2179 1746 2207 dedit

946 2215 1394 2244 stabularioctdixitillitluramilli
1407 2215 1746 2249 adliilie.etquodeumque

946 2252 1195 2288 Supererugaveris.
1208 2260 1258 2285 ego
1271 2256 1410 2279 revertens
1420 2252 1530 2288 reddant
1543 2252 1611 2288 tibi.
1621 2250 1747 2288 Qui-ilio-

946 2286 1005 2316 ruin
1013 2286 1092 2315 trium
1100 2289 1205 2315 videtur
1214 2288 1260 2314 tibi
1269 2289 1408 2321 proximus
1417 2287 1508 2314 fuisse.
1523 2287 1560 2313 illi
1568 2287 1612 2321 qui
1621 2286 1747 2314 inciditin

946 2325 1075 2352 latrones.
1087 2324 1128 2352 Ad
1140 2323 1264 2351 illedixit.
1272 2324 1322 2356 Qui
1330 2322 1616 2351 fecitmisericordiam
1625 2324 1652 2349 in
1660 2322 1748 2350 illum.

736 2382 855 2411 CODEX
874 2381 1108 2411 COHBEIENSIS.

131 2429 182 2457 27.
205 2429 305 2465 Diliges
317 2429 459 2457 Dominum
477 2434 553 2458 tuum
567 2430 593 2458 in
605 2434 662 2458 toto
681 2429 764 2458 corde
776 2434 834 2464 tuo,
845 2433 898 2457 etc.
989 2429 1033 2456 51.
1054 2427 1189 2456 Sacerdos
1201 2431 1291 2456 autem
1303 2426 1415 2455 fortuito
1425 2427 1616 2456 descendebat.

100 2465 216 2498 Omittit,
233 2473 267 2493 ex
278 2466 351 2493 omni
366 2471 457 2494 mente
468 2471 523 2494 tua.

706 2516 906 2545 VARIANTES
924 2514 1128 2544 LECTIONES.

131 2570 141 2583 ι
150 2567 215 2598 βαι.
226 2566 526 2598 Suscipiens...'semivivo
535 2572 566 2591 eo
573 2566 671 2592 relicto.
682 2566 741 2591 Mm.
751 2564 900 2596 Suspiciens.
988 2563 1001 2598 ξ
1012 2563 1074 2598 _Mm.
1089 2568 1137 2594 ego
1144 2563 1287 2592 revertens,
1301 2560 1410 2586 reddam.
1421 2558 1496 2592 Vulg.
1506 2566 1564 2593 ego,
1577 2566 1633 2585 cum
1644 2558 1755 2590 rediero,

107 2597 181 2632 Vulg.
194 2594 368 2630 SuSpiciéns...
381 2599 499 2624 semivivo
511 2597 608 2623 relicto.
800 2594 806 2596 ⁷
957 2594 1067 2619 reddam.

452 2660 599 2680 LECTIONES
610 2659 712 2680 CODICIS
723 2658 929 2679 VINDEBONENSIS
942 2656 1081 2678 ABEUNTES
1093 2657 1126 2676 AB
1135 2656 1259 2677 EDITIONE
1268 2655 1402 2676 VULGATA.

132 2701 173 2726 27.
182 2700 219 2726 Ad
233 2700 314 2724 ille....
322 2700 347 2724 in
362 2701 413 2724 toto
423 2699 498 2724 corde
510 2701 561 2728 tuo,
574 2701 600 2723 et
612 2699 636 2723 in
649 2701 698 2723 tota
714 2698 794 2722 anima
807 2701 847 2723 tua
856 2718 862 2728 ,
875 2701 901 2723 et
955 2700 981 2721 et
994 2695 1089 2721 ridens.
1124 2697 1164 2721 54.
1177 2695 1207 2721 Et
1227 2696 1343 2726 alligavit.
1377 2693 1448 2728 Ibid.
1458 2693 1564 2728 illumrin
1574 2694 1759 2728 jumentosuo,

104 2718 561 2763 instituatur;gramina;
575 2718 901 2763 ’ὲόζῷῖῇῗῶῖὲίὲῇᾌὶίξῖῖ
955 2718 1089 2763 atrata:
1112 2718 1762 2758 351a.taret-tan.;magna."niuatis;

105 2767 193 2788 verunt
205 2763 313 2787 illum....
326 2758 445 2787 semivivo
457 2768 488 2786 eo
499 2762 596 2786 relicto.
627 2761 666 2785 5t.
679 2761 799 2785 Sacerdos
820 2758 902 2785 autem
956 2759 999 2791 qui
1016 2758 1115 2784 incidet.

106 2794 272 2820 descendebat
283 2793 410 2819 eadem...
430 2792 567 2825 praeteriit.
598 2793 638 2817 52.
649 2792 728 2817 locum
741 2792 829 2823 ipsum.
862 2792 903 2817 55.

769 2845 953 2874 BLANCHINI
970 2846 1087 2875 NOTE.

146 2894 185 2930 (α)
201 2894 240 2931 Ita
254 2898 283 2921 et
295 2892 450 2931 codLCant.
465 2895 508 2926 ἓν,
519 2893 580 2931 hic,
593 2898 620 2921 et
630 2894 686 2921 lere
699 2893 852 2931 ubicunque
865 2893 943 2930 Vulg.
961 2894 1076 2928 legium.
1091 2910 1126 2916 —-
1137 2894 1176 2931 (b)
1194 2894 1259 2922 Post
1277 2895 1328 2922 luis
1338 2915 1345 2927 ,
1358 2894 1436 2923 deest
1447 2901 1470 2924 et
1483 2904 1515 2923 ea:
1528 2895 1598 2924 omni
1611 2898 1694 2924 mente
1705 2899 1759 2928 tua,

111 2928 192 2957 etiam
215 2930 241 2957 in
261 2929 320 2957 cod.
344 2929 425 2957 Cant.
447 2944 483 2950 --
498 2928 535 2966 (ο)
550 2929 585 2957 Ita
597 2935 625 2957 et
640 2935 694 2957 tex.
709 2928 756 2957 Gr.
773 2929 809 2956 δὲ.
