1955 3168
622 125 846 155 EVANGELIUM
865 125 1051 156 SECUNDUM
1070 126 1197 157 LUCAM.

273 182 388 212 CODEX
406 183 677 214 VERCELLENSlS.

79 395 90 403 ο
131 395 138 403 ο
176 396 184 402 ι
221 393 229 400 ο
269 395 276 401 ι
316 395 323 402 ο
363 396 370 402 .
411 395 417 401 .

131 467 138 475 ο
175 467 182 474 ι
221 465 230 472 ι
269 466 276 473 ο
315 466 324 474 ι
363 467 370 474 ο
410 466 417 473 ι

85 645 95 653 ι
130 648 137 655 ι
173 646 182 655 ι
220 645 228 653 ο
268 645 275 652 ι
315 647 322 654 ι
363 646 371 654 ι
410 646 417 654 σ

90 1057 128 1096 29.
147 1063 171 1087 et
183 1059 221 1096 (li)
235 1058 353 1086 adsumit
366 1058 385 1094 ’ἒ

91 1093 165 1122 adhuc
178 1093 245 1122 alios

93 1136 179 1164 septem
193 1130 272 1165 spiri-

95 1169 131 1193 UB
141 1167 260 1201 nequior-

97 1208 163 1234 esse.
177 1207 203 1229 et
215 1203 317 1229 intran—

96 1241 139 1272 les,
151 1238 304 1266 inhabitant.

91 1271 124 1300 Et
138 1273 195 1301 ﬁunt
206 1273 295 1301 nobis-

92 1308 156 1337 sima
168 1309 243 1337 homi-

94 1345 137 1381 nis
147 1345 204 1373 illius
215 1353 260 1381 pe-

95 1379 147 1414 jora
161 1379 280 1413 priorum.

98 1415 135 1443 27.
152 1417 250 1445 Factum
265 1421 308 1445 est
320 1424 367 1445 au-

100 1456 150 1485 tem,
162 1461 215 1480 cum
231 1453 269 1481 di-

490 236 542 265 ter,
556 232 601 268 qui
616 238 642 260 te
656 240 718 267 por-

491 269 571 301 tavit,
584 273 612 296 et
626 268 692 297 ube-

491 312 530 335 ra.
547 312 615 340 quae
627 313 674 332 su-

491 340 536 368 28.
558 341 619 368 xisti
637 349 644 367 :
659 341 709 375 Qui
723 341 759 368 ait

492 377 531 404 illi
547 384 555 404 :
572 377 658 410 Beati,

491 413 535 447 qui
546 412 658 440 audiunt

491 448 602 476 verbum
614 448 673 481 Dei,

491 483 529 519 (ε)
544 490 570 511 et
583 484 701 512 custodi-

491 524 539 547 unt
551 520 583 555 1-.

490 555 536 583 29.
557 556 646 583 Turba
660 562 747 585 autem

490 592 654 619 convenien-

491 631 528 659 te,
542 628 631 662 coepit
644 628 685 656 di-

490 670 552 691 cere
568 672 576 690 :
591 663 664 692 Gens

491 698 568 733 haec,
583 707 650 735 gens

490 743 576 770 nequa
591 741 634 763 est
649 744 656 762 :
675 736 730 771 sig-

488 778 553 798 num
567 779 651 806 quae-

489 807 523 833 rit
535 815 542 839 ;
558 812 586 834 et
601 815 654 835 non

488 842 595 870 dabitur
607 844 643 876 ei,

488 878 540 915 nisi
555 879 662 915 signum

488 914 583 942 Jonae.

489 950 533 978 30.
556 951 632 979 Sicut
647 952 719 980 enim

490 985 540 1014 fuit
554 986 637 1016 Jonas

490 1023 596 1064 signum
608 1024 655 1064 Ni:

492 1060 589 1086 nevitis
601 1068 608 1091 ;
626 1061 665 1088 sic

491 1095 543 1122 erit
555 1100 582 1122 et
596 1096 661 1123 Fili-

491 1138 523 1157 us
538 1130 654 1161 hominis

492 1166 554 1194 huic
565 1175 646 1202 gene-

492 1203 590 1230 ratioui
604 1212 610 1230 :
627 1210 654 1232 et

492 1237 562 1266 sicut
576 1238 658 1268 Jonas

493 1274 520 1301 in
535 1279 630 1303 ventre

493 1312 561 1338 coeti
575 1310 639 1344 fuit;
652 1313 691 1340 sic

493 1346 545 1374 erit
557 1351 584 1374 et
597 1347 680 1375 Filius
693 1349 741 1376 ho-

493 1382 575 1409 minis
587 1383 613 1409 in
628 1388 681 1411 ter-

493 1418 538 1456 51.
559 1426 627 1456 ram.
648 1419 747 1456 Regina

492 1454 584 1481 Austri
596 1462 655 1482 sur-

1137 187 1253 216 CODEX
1273 187 1501 217 VERONENSIS.

922 234 967 263 24.
989 235 1028 269 (a)
1042 234 1107 261 Cum
1120 242 1167 262 au-

922 275 976 297 tem
989 271 1008 306 ~j-
1025 271 1141 298 immun-

922 306 971 333 dus
983 307 1093 341 spiritus

922 343 1018 369 exierit
1035 343 1042 357 ¹
1057 342 1090 369 ab

922 378 1042 409 homine,
1054 386 1110 405 am—

922 413 997 441 bulat
1011 422 1057 448 per

923 449 991 482 loca,
1009 458 1077 484 quae

922 493 975 512 non
991 486 1089 513 habent

922 528 1030 556 aquam,
1046 529 1130 557 quae-

921 563 985 584 rens
1001 558 1121 592 requiem
1131 569 1139 593 ;

922 597 950 620 et
963 600 1016 620 non
1029 593 1070 620 in-

923 629 1042 661 veniens.
1056 634 1119 658 tunc

922 664 993 692 dicet
1005 674 1012 693 :
1029 665 1159 696 Revertar

922 700 949 727 in
963 700 1072 728 domum
1081 723 1088 736 ,

922 736 994 763 unde
1006 738 1089 766 exivi.

921 771 967 799 25.
988 772 1023 800 Ει
1037 782 1098 801 cum
1110 783 1156 804 ve-

923 809 1004 843 nerit,
1022 810 1099 838 inve-

923 844 978 872 niet
989 852 1049 872 eam

922 881 1011 915 scopis
1027 889 1104 910 mun-

922 916 1024 949 datam,
1038 923 1066 945 et

923 952 969 979 25.
990 959 1123 981 ornatam.
1139 954 1172 982 Et

924 992 988 1016 tunc
999 990 1082 1023 vadit,

924 1028 951 1051 et
965 1024 1001 1060 (b)
1014 1025 1130 1053 adsumit
1139 1026 1160 1062 1'

923 1065 1027 1095 septem
1044 1062 1112 1090 alios

922 1097 1033 1131 spiritus
1044 1105 1091 1125 ne-

922 1133 1032 1167 quiores
1046 1141 1087 1167 se,

922 1172 949 1204 et
962 1169 1110 1204 ingressus,

923 1203 1066 1233 inhabitat.

922 1239 957 1266 Et
971 1241 1002 1267 [it
1015 1241 1087 1275 ejus-

921 1276 995 1303 modi
1012 1277 1129 1304 hominis

922 1312 975 1338 vita
991 1313 1075 1340 multo

924 1347 1000 1382 pejor
1016 1348 1124 1383 prioris.

922 1382 966 1410 27.
989 1383 1099 1411 Factum
1112 1388 1155 1412 est

922 1424 1023 1451 autem,
1040 1428 1101 1447 cum

922 1454 991 1483 haec
1003 1455 1115 1490 diceret,
1146 1462 1150 1474 ι

1335 235 1381 272 qui
1395 239 1421 263 te

1336 272 1464 306 portavit,

1337 312 1366 335 et
1381 307 1475 341 ubera,

1338 350 1407 379 quae

1338 379 1446 407 suxisti.

1334 415 1380 443 28.
1401 414 1442 442 Ad
1458 415 1503 443 ille
1514 415 1583 444 dixit

1335 450 1369 478 ad
1382 457 1430 478 eos
1443 459 1450 478 :
1467 451 1554 486 Beati,

1335 487 1380 522 qui
1396 487 1511 514 audiunt

1336 522 1447 550 verbum
1461 522 1520 556 Dei,

1336 557 1374 594 (ε)
1386 563 1414 585 et
1426 563 1517 586 custo-

1337 594 1413 621 diunt
1423 594 1455 630 1-.

1336 629 1384 657 29.
1404 629 1501 657 Turbis
1518 635 1609 660 autem

1337 665 1572 700 concurrentibus,

1338 701 1427 736 coepit
1441 701 1532 730 dicere
1548 711 1555 729 :

1338 736 1485 765 Generatio
1498 738 1575 771 haec.

1337 774 1477 809 generatio
1488 781 1548 809 pes-

1338 810 1406 836 sima
1420 818 1427 836 :

1339 845 1447 881 signum

1338 882 1445 916 quaerit
1456 890 1464 913 ;
1475 886 1503 909 et

1339 918 1444 953 signum
1459 925 1513 945 non

1339 953 1448 981 dabitur
1463 953 1511 986 illi,

1338 988 1391 1016 nisi
1401 990 1507 1024 signum

1338 1024 1382 1052 50.
1404 1025 1500 1053 Jonae.
1513 1025 1580 1053 Nam

1338 1061 1410 1088 sicut
1422 1061 1471 1089 luit

1339 1096 1423 1125 Jonas

1340 1133 1446 1168 signum

1338 1168 1471 1197 Ninevitis
1486 1178 1493 1203 ;

1338 1205 1373 1232 ita
1385 1205 1437 1232 erit
1448 1210 1477 1233 et

1338 1240 1423 1281 Filius
1434 1241 1482 1268 ho-

1338 1277 1418 1303 minis
1431 1284 1477 1312 ge—

1338 1312 1471 1340 nerationi

1338 1347 1410 1375 huic.

1337 1383 1383 1411 5i.
1405 1383 1507 1418 Regina
1522 1383 1555 1412 ab

1337 1419 1438 1446 Austro
1449 1427 1509 1447 sur-

1337 1459 1383 1489 get
1398 1455 1424 1482 in
1438 1455 1482 1490 ju-

102 1493 156 1525 teret
170 1489 233 1517 haec
492 1495 537 1525 get
549 1490 575 1517 in
587 1491 684 1525 judici-

103 1523 151 1558 ipse,
164 1525 248 1553 levata
493 1523 509 1553 ὁ
520 1523 658 1554 θυιιίνὶτὶε

101 1566 149 1597 γοοδ
160 1569 239 1595 quae-
492 1563 646 1597 generatio-

98 1594 144 1633 dani
157 1594 231 1624 muli-
493 1594 536 1625 nis
546 1598 636 1633 hujus,
650 1604 677 1627 et

96 1637 120 1657 er
129 1631 185 1659 dixit
198 1632 237 1660 illi
254 1641 262 1660 :
492 1631 656 1662 condemna-

96 1665 176 1696 Beatus
188 1676 238 1697 ven
250 1686 253 1688 -
492 1670 530 1696 vit
544 1677 608 1702 eos;
623 1678 691 1706 quo-

923 1492 1058 1519 extollens
1337 1490 1409 1518 dicio
1422 1498 1485 1518 cum

923 1534 1016 1555 vocem
1338 1527 1405 1553 viris
1419 1534 1465 1561 ge—

922 1564 1053 1597 quaedam
1067 1571 1128 1591 mu-
1338 1562 1488 1590 nerationis

923 1598 983 1633 lier,
998 1600 1066 1627 dixit
1080 1599 1119 1627 illi
1133 1607 1143 1626 :
1338 1598 1428 1632 hujus,
1442 1603 1470 1625 et

923 1635 1024 1663 Beatus
1338 1634 1506 1661 condemna—

922 1676 1029 1705 venter,
1338 1669 1378 1698 bit
1391 1669 1469 1703 illos;

732 1728 847 1757 CODEX
867 1729 1061 1758 BRlXIANUS.

89 1772 145 1801 Cum
160 1774 305 1802 inmundus
320 1775 434 1809 spiritus
451 1776 552 1803 exierit
564 1776 598 1803 de
614 1776 734 1804 homine.
751 1776 872 1803 ambulat

87 1816 130 1844 per
143 1811 196 1838 loca
208 1811 282 1838 arida
291 1819 425 1846 quaerens
434 1813 556 1846 requiem
568 1817 595 1839 et
608 1820 659 1839 non
670 1812 822 1839 inveniens.
834 1812 873 1839 di-

85 1846 126 1872 cit.
135 1846 260 1874 Revertar
275 1848 300 1874 in
313 1846 421 1874 domum
435 1855 531 1874 meam.
544 1848 614 1875 unde
630 1848 699 1874 exivi
714 1848 747 1875 Et
757 1848 871 1875 veniens

86 1880 364 1917 inveneritvat-aatem
386 1884 476 1917 scopis
503 1884 658 1910 muadatam
684 1888 711 1910 et
732 1888 869 1910 ornatam.

86 1916 156 1955 Tunc
168 1918 237 1945 vadit
249 1923 276 1947 et
289 1919 326 1955 (b)
344 1916 457 1946 assumit
471 1919 491 1955 -ι-
505 1924 607 1954 septem
620 1920 687 1946 alios
702 1920 812 1953 spiritus
824 1927 871 1946 ne-

85 1953 212 1987 quitiores
224 1962 251 1982 se
273 1953 300 1982 et
315 1955 428 1989 ingressi
452 1953 576 1982 habitant
589 1955 624 1982 ibi
642 1956 671 1982 Et
686 1961 765 1982 erunt
782 1955 872 1981 novis-

84 1990 146 2016 sima
162 1990 274 2017 hominis
288 1991 361 2018 illius
378 1991 468 2025 pejora
484 1991 628 2024 prioribus.
640 1991 750 2018 Factum
768 1996 808 2018 est
822 1998 871 2017 au-

82 2028 130 2053 tem
154 2034 214 2053 cum
239 2026 305 2054 haec
331 2027 444 2054 diceret.
460 2027 596 2054 extollens
613 2034 715 2054 vocem.
739 2026 870 2062 quaedam

75 2062 176 2090 mulier
188 2062 222 2090 de
234 2063 311 2090 turba
327 2063 395 2089 dixit
407 2063 444 2090 illi
462 2062 560 2090 Beatus
577 2066 670 2090 venter
682 2063 726 2098 qui
742 2069 767 2090 te
781 2067 873 2098 porta-

925 1777 963 1803 vit
977 1781 1004 1804 et
1018 1777 1103 1804 ubera
1117 1783 1186 1811 quae
1199 1775 1306 1803 suxisti.
1320 1775 1361 1803 Ad
1374 1775 1420 1803 ille
1434 1774 1510 1802 dixit.
1522 1773 1600 1802 Beati
1613 1772 1659 1809 qui
1672 1780 1719 1800 au-

924 1812 1002 1840 diunt
1017 1810 1132 1839 verhum’
1140 1813 1196 1840 Dei.
1213 1812 1250 1847 (ε)
1266 1816 1293 1839 et
1305 1811 1461 1839 custodiunt
1472 1811 1501 1846 ἦ.
1513 1810 1612 1847 Turbis
1627 1814 1717 1836 autem

924 1848 1160 1875 concurrentibus.
1182 1845 1272 1883 coepit
1286 1848 1377 1875 dicere
1392 1845 1536 1883 Generatio
1558 1845 1625 1873 haec
1637 1852 1720 1883 gene-

924 1884 993 1911 ratio
1007 1885 1122 1920 pessima
1135 1889 1178 1911 est
1189 1880 1295 1920 signum
1310 1883 1425 1920 quaerit.
1436 1887 1469 1920 et
1480 1882 1586 1920 signum
1601 1888 1655 1908 non
1668 1880 1719 1920 da-

924 1917 1045 1956 hitur’ei.
1062 1919 1115 1946 nisi
1128 1920 1234 1956 signum
1257 1917 1342 1956 Jonae
1358 1918 1524 1956 _Prophet_ae‘.
1550 1917 1718 1956 S_icut‘e_ni_m

923 1955 972 1982 fuit
986 1955 1069 1983 Jonas
1082 1951 1186 1989 sigmth
1200 1954 1341 1982 Ninevilis.
1358 1954 1392 1980 ita
1408 1951 1461 1980 erit
1472 1951 1718 1989 Filiushuminisin

923 1987 1181 2029 generatione—hac.
1208 1990 1310 2029 Regina
1327 1990 1419 2029 A_ustri
1442 1994 1535 2029 surget
1557 1988 1583 2015 in
1604 1987 1715 2029 judicio.

923 2025 984 2055 cum
1007 2028 1073 2055 viris
1094 2027 1279 2062 generationis
1304 2025 1384 2061 hujus
1404 2030 1432 2052 et
1445 2025 1635 2052 condemnavit
1659 2030 1716 2050 eos.

705 2129 821 2158 CODEX
841 2128 1074 2158 CORBEIENSIS.

107 2189 156 2216 24.
180 2190 190 2205 ²
205 2189 376 2224 perambulat
388 2189 446 2217 loca
457 2210 462 2221 ,
475 2197 544 2225 quae
559 2197 610 2216 non
622 2189 724 2216 habent
739 2196 846 2223 aquam.

109 2225 159 2253 ‘26.
182 2230 209 2252 et
219 2226 334 2260 regressi
346 2246 353 2257 ,
368 2226 528 2252 inhabitant.
542 2226 575 2253 Et
587 2226 616 2252 lit
626 2225 778 2260 hujusmodi
791 2224 877 2251 homi-

75 2264 119 2292 nis
130 2263 185 2288 vita
201 2264 285 2289 multo
295 2261 373 2312 pejor
386 2261 486 2296 priore.

104 2297 141 2312 ορ
178 2297 208 2312 Α.
230 2297 275 2312 ἒΙΙη
319 2297 386 2312 diu“
402 2297 433 2312 συὶ
448 2304 486 2312 οη.

104 2297 152 2325 28.
173 2297 209 2325 At
229 2297 275 2324 ille
295 2296 306 2312 ³
318 2297 388 2324 dixit
401 2297 434 2324 ad
447 2304 494 2325 eos
509 2306 515 2323 :
532 2297 607 2325 Beati
620 2297 666 2333 qui
686 2296 799 2324 audiunt
811 2303 874 2323 ver-

926 2187 990 2215 bum
1006 2186 1072 2219 Dei,
1088 2190 1142 2214 etc.

963 2223 1008 2250 50.
1032 2218 1070 2249 ita
1081 2221 1133 2250 erit
1146 2226 1173 2249 et
1185 2221 1270 2249 Filius
1284 2220 1400 2248 hominis
1414 2219 1441 2247 in
1456 2219 1630 2255 generatione
1644 2218 1695 2247 hac
1712 2228 1719 2246 :

928 2264 956 2286 et
970 2260 1041 2286 sicut
1049 2258 1132 2285 Jonas
1146 2258 1172 2285 in
1187 2261 1264 2285 utero
1282 2256 1353 2285 coeti
1367 2256 1431 2289 fuit;
1446 2258 1485 2284 sic
1499 2260 1527 2284 et
1542 2256 1626 2283 Filius
1635 2255 1722 2283 homi-

928 2295 970 2322 nis
981 2295 1007 2322 in
1023 2294 1105 2321 corde
1124 2298 1222 2321 terrae.

701 2354 896 2383 VARIANTES
915 2352 1117 2382 LECTlONES.

109 2403 118 2417 ¹
136 2403 192 2428 ϐαι.
208 2403 239 2427 ab
250 2402 398 2428 'homine....
419 2407 445 2428 et
462 2409 586 2434 quaerens
603 2403 727 2434 requiem.
748 2402 809 2426 Mm.

80 2439 142 2464 quae
157 2440 206 2458 non
226 2434 302 2459 habet
321 2435 442 2466 requiem,
459 2433 485 2460 et
503 2440 559 2459 non.
577 2433 649 2466 Vulg.
671 2434 703 2459 de
723 2433 872 2458 homine.....

84 2471 201 2496 quaerens
212 2466 333 2497 requiem.
346 2470 372 2491 et
384 2472 440 2490 non.

112 2497 121 2512 ³
138 2497 191 2522 Gal.
205 2495 358 2529 perambulat
368 2504 413 2529 per
424 2497 475 2522 loca
484 2497 608 2529 inaquosa.
621 2497 682 2522 Mm.
691 2495 876 2528 perambulabat

927 2398 1186 2432 ρθῖιρωίῐηεςυοεέιο,
1344 2429 1350 2432 .
1469 2427 1484 2432 ..

959 2431 969 2446 ³
987 2431 1039 2455 Gut.
1051 2426 1115 2454 dixit
1125 2437 1131 2455 :
1140 2430 1236 2461 Quippe
1248 2428 1274 2453 hi
1284 2429 1381 2455 beati...
1393 2427 1540 2454 custodiunt.
1548 2429 1606 2453 Mm.
1618 2426 1682 2452 dixit
1692 2427 1722 2452 ad

928 2468 987 2487 eos:
998 2462 1111 2487 Beati....
1123 2462 1272 2486 custodiunt.

429 2556 575 2576 LECTIONES
588 2556 690 2577 CODICIS
703 2554 910 2576 VINDEBONENSIS
921 2553 1056 2574 ABEUNTES
1067 2553 1099 2573 ΑΒ
1115 2553 1238 2573 EDITIONE
1253 2552 1387 2574 VULGATA.

110 2605 147 2630 24.
158 2605 190 2630 Et
200 2612 255 2630 cum
265 2606 402 2631 immundus
409 2606 509 2636 spiritus
517 2605 609 2629 exierit
617 2605 649 2629 de
659 2605 767 2634 homine,
780 2610 873 2635 peram-

83 2637 144 2662 bulat
165 2644 210 2669 per
226 2637 288 2667 loca,
301 2638 341 2662 ubi
354 2644 401 2662 non
413 2637 487 2661 habet
501 2643 597 2669 aquam,
611 2642 736 2669 quaerens
747 2636 873 2669 requiem;

83 2673 107 2693 et
115 2666 171 2693 cuni
180 2675 228 2693 no“
241 2666 373 2700 invenerit,
383 2669 449 2693 dicit.
480 2666 563 2693 25ᾘΕι
574 2666 628 2691 cum
639 2668 748 2700 venerit,
757 2666 874 2700 inveniet.

81 2700 118 2724 26.
140 2701 169 2725 Et
189 2704 248 2725 tunc
266 2701 344 2729 vadit,
367 2697 393 2725 et
404 2701 507 2724 adsumit
526 2702 622 2729 septem
638 2697 698 2722 alios
713 2699 814 2729 Spiritus
830 2705 876 2723 ne-

84 2732 180 2763 quiores
199 2731 363 2763 sealugressi
387 2731 538 2763 inhabitant.
551 2729 582 2763 Et
598 2729 876 2763 lit_hujusmodi_homi-

83 2760 119 2788 riis
134 2765 182 2789 vita
200 2760 363 2795 multo—pejor
383 2763 480 2795 prioris.
511 2761 551 2786 28.
569 2760 606 2785 Ad
624 2760 665 2785 ille
681 2761 744 2786 dixit
764 2761 793 2785 ad
816 2767 876 2785 eos:

926 2602 1037 2627 Beati....
1057 2601 1203 2626 custodiunt.
1236 2601 1275 2626 29.
1296 2607 1376 2633 nequa
1395 2604 1433 2627 est
1451 2609 1456 2626 :
1474 2602 1572 2632 signum
1581 2602 1678 2633 quaerit
1689 2602 1721 2628 de

927 2633 1007 2665 caelo,
1019 2633 1210 2665 etrsignuminon
1222 2632 1319 2657 dabitur
1331 2632 1380 2665 illi,
1391 2634 1436 2657 uisi
1449 2633 1544 2664 signum
1560 2632 1664 2665 lanae;
1679 2634 1720 2659 50.

928 2664 998 2689 Sicut
1015 2664 1079 2688 enim
1092 2664 1136 2689 fuit
1147 2664 1221 2688 Jonas
1239 2665 1335 2695 signum
1346 2664 1480 2694 Ninevitis;
1500 2665 1532 2689 ita
1545 2665 1592 2689 erit
1609 2668 1633 2689 et
1646 2664 1721 2690 Filius

929 2695 1032 2720 hominis
1041 2695 1149 2727 inrcorde
1158 2700 1253 2727 terrae.
1263 2726 1269 2727 ί
1285 2695 1325 2720 51.
1337 2697 1415 2727 surgit
1431 2696 1455 2720 in
1465 2696 1594 2727 judicio....
1604 2696 1721 2722 condem-

929 2727 1036 2752 navit....
1055 2726 1108 2758 plus
1123 2726 1251 2752 Salamone
1263 2726 1311 2752 hic.

740 2813 924 2843 BLANClIlNl
942 2814 1056 2843 NOTAE.

116 2866 164 2906 (a)_
179 2866 260 2893 Addit
281 2870 380 2906 autem,
406 2865 486 2906 etiam
510 2863 667 2906 cod.‘Cant.
690 2861 727 2904 se,
750 2861 850 2906 -—-‘(li)
872 2862 938 2906 Post
965 2862 1085 2896 adsumit,
1105 2862 1183 2891 deest
1199 2871 1300 2899 tecum,
1328 2863 1428 2900 pariter
1459 2863 1487 2892 in
1515 2867 1588 2892 textu
1612 2862 1661 2891 Gr.
1684 2875 1719 2883 —-

84 2898 126 2937 (c)'
144 2898 212 2931 Post
234 2902 395 2935 custodiunt,
420 2900 497 2929 deest
521 2900 603 2934 illud,
619 2899 700 2927 etiam
712 2900 739 2926 in
751 2898 812 2927 cod.
827 2898 905 2927 Cant.
914 2915 921 2935 ,.
