1955 3168
70 146 122 176 609

73 253 119 280 tis.
137 272 144 278 .
156 251 267 279 cubicu-

73 288 118 319 lis.
131 287 269 322 praedica-

73 323 142 351 bitur
152 331 233 359 supra

75 360 104 387 4.
122 364 138 387 t.
160 380 166 386 .
189 360 312 388 .a.Dico
325 368 370 389 vo-

75 395 124 427 bis,
137 395 212 431 quasi
225 396 320 424 amicis
332 406 340 424 :

75 432 153 459 nolite
167 436 254 458 terre-

74 466 99 494 ri
113 468 142 494 ab
155 467 206 500 his,
223 467 268 503 qui

74 503 195 530 occidunt
203 524 210 535 ,

73 544 102 566 et
113 544 169 573 post
183 539 251 567 haec

74 582 125 602 non
141 574 242 603 habent

73 610 195 644 amplius,
207 611 280 646 quod

74 646 177 674 faciant.

75 682 101 709 5.
119 682 294 709 Demonstra-

76 718 108 745 bo
119 723 205 745 autem
221 725 270 745 vo-

79 753 125 786 bis,
136 761 212 788 quem
225 754 260 781 ti-

81 790 164 816 meatis
180 798 186 816 :
203 796 277 822 eum,

82 826 130 860 qui,
142 830 283 860 postquam

85 862 91 876 ¹
108 861 240 893 occiderit,
254 860 300 888 ha-

81 897 123 923 bet
131 900 244 932 potesta-

82 937 130 959 tem
145 933 250 959 mitten—

80 968 109 995 di
120 969 142 995 in
155 968 253 1003 gehen-

82 1011 147 1031 nam.
163 1004 225 1031 Dico
241 1011 289 1031 vo-

83 1039 131 1072 bis,
142 1040 205 1067 hunc
219 1039 254 1066 ti-

87 1082 160 1102 mete.

85 1110 111 1138 6.
127 1110 212 1139 Nonne
224 1111 304 1146 quin-

88 1154 131 1180 que
142 1154 261 1181 passeres

91 1183 102 1197 ²
111 1182 226 1216 depondio
241 1191 288 1210 ve-

91 1218 171 1245 niunt?
180 1224 206 1246 et
217 1227 250 1247 u-

88 1262 132 1281 nus
143 1262 228 1283 eorum

87 1298 138 1331 non
150 1291 219 1331 estin
231 1291 302 1320 obli-

89 1333 162 1353 vroue
171 1335 191 1354 111
202 1334 283 1354 00115-

91 1360 118 1388 7.
136 1367 199 1396 pectu
213 1363 272 1391 Dei.
288 1362 342 1391 Sed

90 1401 117 1424 et
126 1398 201 1432 capilli
211 1407 257 1426 ca-

90 1433 145 1467 pitis
157 1435 231 1462 vestri

92 1476 172 1497 omnes
187 1479 281 1499 nume-

95 1505 135 1532 rati
145 1511 211 1534 sunt.
227 1506 285 1535 No-

95 1540 131 1568 lite
141 1542 245 1576 timere;

94 1577 104 1592 ³
116 1577 186 1615 multo
200 1586 247 1615 vos
261 1586 325 1615 pas-

90 1613 182 1642 seribus
193 1614 245 1643 dif-

93 1646 166 1676 fertis.

92 1682 116 1724 8ἲ
134 1684 189 1724 Dico
199 1686 277 1715 vobis
294 1696 301 1713 ε
315 1686 380 1715 0m-

90 1727 134 1754 ms,
147 1723 262 1757 quicum-

543 161 551 165 <
592 146 820 177 EVANGELIUM
839 145 1023 177 SECUNDUM
1043 146 1171 176 LUCAM.

262 204 378 234 CODEX
398 204 669 235 VERCELLENSIS.

483 261 536 289 que
547 253 655 281 confes-

483 297 530 317 sus
543 288 555 305 ⁸
568 289 646 317 fuerit
660 296 705 318 me

484 333 576 353 coram
592 326 679 353 homi-

485 361 576 394 nibus,
590 366 618 388 et
631 360 701 388 Fili-

484 404 517 424 us
530 396 646 424 hominis

485 432 659 460 conﬁtebitur

484 476 545 496 eum
562 476 653 496 coram

485 505 596 540 Angelis
609 504 656 531 Dei
670 513 677 531 :

485 540 512 567 9.
534 541 579 575 qui
594 544 686 568 autem

486 576 626 610 negaverit

485 619 529 639 me
542 619 632 639 coram
645 612 695 639 bo-

485 647 613 680 minibus,
629 648 676 676 ab-

486 683 628 718 negabitur

485 726 576 746 eoram
588 719 678 754 Ange-

486 754 531 782 10.
552 755 585 782 lis
597 755 656 782 Dei.
672 754 706 782 Et
717 761 776 782 om-

484 790 537 822 nis,
553 791 598 825 qui
614 790 689 818 dixe-

486 827 521 853 rit
532 826 645 853 verbum

484 861 511 888 in
524 861 620 889 Filium
631 862 680 889 ho-

485 898 577 929 minis,
594 898 688 925 remit-'

485 938 557 961 tetur
572 934 609 961 illi
621 943 629 960 :
641 933 686 967 qui

486 974 576 996 autem
589 969 663 997 blas-

487 1004 658 1039 phemaverit

487 1041 623 1082 Spiritum.
635 1040 776 1074 Sanctum,

487 1085 541 1104 non
555 1082 652 1104 remit-

487 1117 559 1140 tetur
572 1113 622 1139 illi.

488 1149 532 1176 11.
553 1148 620 1175 Cum
633 1152 725 1176 autem

486 1184 622 1212 adducent

487 1227 535 1247 vos
550 1219 583 1247 ad
600 1219 687 1256 Syna-

486 1264 580 1292 gogas,
601 1261 629 1283 et
644 1256 722 1284 Prin-

487 1293 572 1326 cipes,
589 1296 616 1319 et
631 1292 679 1320 Po-

489 1333 610 1359 tesmtes,
626 1336 678 1356 no-

488 1364 535 1391 lite
550 1364 657 1392 solliciti

488 1407 560 1433 esse,
575 1407 691 1434 quomo—

489 1436 524 1463 do
540 1436 674 1464 rationem

489 1471 620 1505 reddatis,
638 1477 684 1499 aut

489 1508 552 1542 quid
568 1507 665 1535 dicatis
677 1517 683 1534 :

490 1543 535 1570 1‘2.
556 1543 671 1571 Sanctus
683 1544 757 1571 enim

489 1579 606 1614 Spiritus
620 1579 729 1607 docebit

489 1623 537 1642 vos
552 1616 646 1643 eadem

490 1651 570 1683 hora,
583 1650 623 1686 (ά)
639 1659 709 1686 quae
721 1651 740 1687 ’ἲ

490 1691 616 1722 Oporteat
626 1687 667 1715 di-

489 1730 565 1751 cere.

1636 145 1642 168 ἷ
1656 144 1709 176 610

1129 204 1244 233 CODEX
1265 203 1491 233 VERONENSIS.

915 254 991 286 estis.
1006 261 1085 288 prae-

913 289 1047 317 dicabitur
1059 296 1142 324 super

915 330 994 357 tecta,
1015 332 1064 352 nec
1078 332 1130 352 non

915 366 943 389 et
956 362 981 388 in
995 361 1101 395 plateis.

914 397 941 425 4.
962 397 1029 424 Dico
1039 401 1129 424 autem

915 433 993 460 vobis
1006 432 1101 460 amicis

915 468 984 496 meis
999 478 1005 495 :
1021 468 1111 496 videte

916 513 950 533 ne
962 503 1117 531 terreamini

916 540 950 568 ab
965 539 1018 573 his,
1030 540 1076 575 qui

916 576 1043 603 occidunt
1056 583 1116 603 cor—

936 619 977 642 us.
994 616 1021 639 et
1035 616 1097 646 post

927 655 985 675 iaec
999 655 1052 674 11011

916 683 1017 711 habent
1029 682 1156 718 amplius.

936 719 988 746 uod
1006 719 1115 746 faciant.

917 754 945 781 5.
966 754 1112 782 Ostendam
1123 758 1213 782 autem

918 790 1004 823 vobis,
1021 798 1101 825 quem

918 825 1036 854 timentis
1050 835 1056 853 :
1071 826 1164 854 timete

918 870 991 894 eum,
1008 862 1052 897 qui
1069 866 1143 897 post-

919 905 998 933 quam
1015 898 1124 930 occidit,

919 933 1002 961 habet
1015 938 1092 968 pote-

919 974 1016 997 statem
1032 969 1095 997 mit-

919 1010 978 1032 tere
991 1005 1017 1032 in
1033 1005 1137 1040 gehen-

920 1049 981 1068 nam
988 1061 995 1068 .
1012 1040 1100 1068 Etiam

921 1076 982 1104 dico
997 1076 1087 1108 vobis.

921 1112 993 1140 httnc
1008 1112 1112 1140 timete.

921 1148 948 1175 6.
969 1148 1064 1176 Nonne
1079 1148 1134 1176 duo

920 1191 1046 1219 passeres
1060 1191 1122 1212 asse

920 1220 1051 1247 veniunt?
1065 1225 1093 1247 et

920 1263 1004 1283 unum
1016 1263 1051 1284 ex
1066 1255 1121 1283 illis

919 1299 975 1319 non
990 1292 1062 1319 cadit

920 1328 980 1355 sine
993 1327 1131 1355 voluntate

920 1363 947 1390 7.
970 1364 1027 1391 Dei.
1037 1363 1092 1391 Sed
1102 1367 1130 1390 et

919 1399 1009 1433 capilli
1023 1406 1068 1427 ca-

920 1435 984 1470 pitis
1003 1435 1088 1463 vestri

920 1478 1015 1499 omnes
1028 1479 1124 1499 nume-

919 1508 971 1534 rati
986 1512 1059 1535 sunt.

920 1542 1008 1570 Nolite
1024 1544 1120 1571 timere
1137 1552 1143 1569 :

920 1579 1012 1606 multis
1028 1579 1184 1614 passeribus

920 1615 1013 1651 plures
1029 1614 1067 1651 (α)
1081 1615 1146 1651 estis
1159 1614 1190 1650 1-.

920 1650 947 1679 8.
970 1651 1036 1678 Dico
1051 1650 1129 1678 vobis
1146 1659 1152 1677 :

920 1694 1028 1720 omnes,
1044 1687 1105 1721 qui-

922 1730 1038 1757 cumque
1052 1730 1097 1751 me

1330 251 1471 281 confessus
1486 251 1566 280 fuerit

1330 296 1421 316 coram
1439 288 1526 315 homi-

1329 323 1420 357 nibus,
1435 328 1463 352 et
1476 323 1519 351 Fi-

1329 359 1382 388 lius
1397 359 1515 387 hominis

1329 395 1504 423 conﬁtebitur

1329 431 1405 459 illum
1421 439 1514 458 coram

1329 466 1441 503 Angelis
1453 467 1521 494 Dei:

1330 502 1357 530 9.
1377 502 1425 544 qui
1437 507 1526 530 autem
1537 509 1617 538 nega-

1330 543 1401 566 verit
1414 546 1457 566 me

1332 581 1424 602 coram

1331 610 1498 643 hominibus,

1331 646 1436 682 negabo
1448 650 1476 673 et

1332 689 1384 717 ego
1396 689 1458 710 eum

1332 725 1425 745 coram
1442 718 1522 746 Patre

1332 761 1404 786 meo,
1417 754 1462 788 qui
1473 759 1516 782 est

1332 789 1359 816 in
1375 790 1469 817 caelis.

1333 825 1378 853 1ο.
1399 825 1433 853 Ει
1448 833 1555 859 omnes,
1570 825 1616 861 qui

1332 861 1398 888 dicit
1410 861 1522 889 verbum

1333 897 1359 924 in
1375 897 1472 925 Filium
1488 897 1537 924 ho—

1333 933 1424 966 minis,
1439 933 1561 961 remitte-

1335 972 1378 996 tur
1391 968 1417 996 ei
1431 977 1438 995 :

1335 1004 1380 1039 qui
1397 1008 1485 1032 autem

1336 1039 1363 1067 in
1379 1039 1483 1074 Spiritu

1336 1075 1460 1104 Sancto.
1477 1095 1486 1101 .
1503 1096 1510 1103 .
1530 1096 1537 1102 .
1555 1095 1563 1103 .

1337 1111 1382 1139 11.
1398 1119 1452 1139 non
1467 1112 1620 1140 remittetur

1336 1148 1372 1175 ei.
1388 1147 1455 1175 Cum
1470 1155 1517 1175 au-

1337 1187 1390 1211 tem
1406 1183 1444 1219 (ιι)
1461 1183 1560 1212 ducent
1568 1183 1588 1219 ’ί-

1336 1226 1384 1247 vos
1399 1219 1425 1246 in
1441 1219 1528 1255 Syna-

1335 1255 1422 1290 gogis,
1434 1260 1462 1283 et
1473 1255 1508 1283 ad

1335 1290 1521 1324 Magistratus,

1336 1329 1364 1354 et
1379 1329 1543 1358 Potestates,

1336 1362 1423 1390 nolite
1438 1362 1548 1389 solliciti

1336 1405 1397 1434 esse
1411 1397 1459 1434 (c),
1474 1405 1543 1433 qua-

1336 1433 1405 1470 liter
1414 1434 1436 1470 1-
1451 1441 1564 1469 respon-

1336 1469 1434 1502 deatis,
1449 1474 1496 1497 aut

1337 1505 1380 1542 12.
1395 1505 1494 1542 dicatis
1507 1515 1514 1533 ε
1529 1505 1590 1542 Spi-

1336 1541 1406 1570 ritus
1420 1541 1492 1569 enim

1336 1577 1452 1605 Sanctus
1466 1578 1551 1607 doce-

1337 1612 1377 1640 bit
1387 1621 1435 1641 vos
1450 1613 1479 1641 in

1337 1649 1396 1684 ipsa
1412 1650 1478 1677 hora
1489 1671 1498 1682 ,

1338 1685 1380 1721 (ά)
1396 1693 1467 1722 quae
1478 1686 1500 1721 i
1513 1693 1595 1722 opor-

1338 1725 1393 1749 teat
1406 1721 1508 1750 dicere.

724 1781 841 1810 CODEX
858 1780 1058 1809 BRIXIANUS.

86 1826 143 1854 estis
167 1828 192 1855 in
212 1828 359 1865 cubiculis.
377 1830 574 1865 praedicabitur
599 1837 680 1864 super
700 1834 780 1857 tecta.
806 1829 870 1856 Dico
920 1828 1008 1855 fessus
1022 1827 1233 1865 riueritucoram
1259 1827 1482 1865 hominibu_s._»et
1498 1827 1584 1865 Filius
1603 1826 1722 1855 hominis

85 1868 166 1890 autem
177 1864 251 1892 vobis
261 1866 355 1893 amicis
367 1863 492 1894 meis.Ne
508 1863 661 1894 terreamini
674 1865 707 1892 ab
721 1865 761 1892 his
769 1865 813 1899 qui
825 1872 870 1892 oc-
922 1864 1097 1892 couiitebitur
1109 1863 1182 1890 illum
1203 1871 1293 1891 coram
1309 1863 1419 1897 Angelis
1432 1863 1492 1891 Dei.
1507 1863 1551 1898 qui
1573 1867 1662 1891 autem
1675 1871 1722 1891 ne-

83 1899 297 1937 ciduut_corpus.
319 1906 346 1929 et
363 1907 423 1937 pust
448 1903 524 1929 haec.
551 1909 603 1929 non
632 1901 730 1928 habent
755 1900 870 1934 amplius
922 1900 1027 1937 gaverit
1043 1907 1205 1937 memoratu
1234 1899 1399 1937 hominibus.
1426 1899 1602 1937 tlenegniitur
1623 1906 1722 1937 Soram

83 1935 150 1969 quod
173 1934 277 1964 iaciant.
299 1934 446 1966 Ostendam
470 1942 560 1965 autem
583 1937 658 1964 vobis
683 1944 761 1971 quem
777 1938 871 1963 timea-
923 1935 1033 1971 Angelis
1058 1935 1115 1962 Dei.
1133 1935 1165 1962 Et
1187 1936 1275 1962 omnis
1291 1937 1334 1970 qui
1350 1935 1413 1961 dicit
1436 1936 1545 1971 verbum
1572 1935 1597 1961 in
1623 1934 1722 1971 Filium

84 1971 124 1997 lis.
157 1971 244 2000 timete
279 1982 352 2000 eum.
381 1974 425 2008 qui
458 1979 599 2009 postquam
625 1970 763 2009 occiderit.
792 1971 873 1998 habet
924 1972 1040 2009 hominis
1055 1970 1722 2009 retnitteturillieiautemquiin‘Spiritunisan-

81 2011 237 2044 potestatein
249 2010 356 2036 mittere
370 2006 396 2036 in
411 2006 560 2044 gehennam
574 2009 609 2035 lla
629 2009 689 2036 dico
705 2008 779 2035 vobis
802 2009 872 2044 hunc
924 2012 997 2044 etum
1013 2007 1299 2044 blasphemawritnou
1320 2007 1482 2044 remittetur.
1499 2006 1563 2033 Cum
1580 2006 1724 2044 autem_in-

81 2043 178 2070 timete.
216 2043 311 2072 Nonne
326 2041 442 2081 quinque
462 2052 584 2080 passeres
600 2049 716 2072 veneunt
730 2043 869 2081 dipondio.
925 2043 1024 2070 ducent
1035 2041 1081 2070 vos
1096 2043 1121 2081 in
1134 2042 1283 2081 Synagogis
1298 2048 1325 2070 et
1339 2044 1370 2069 ad
1389 2043 1566 2081 Magistratus.
1583 2047 1609 2068 et
1622 2042 1654 2081 ad
1670 2041 1723 2069 Po-

81 2084 100 2104 et
125 2087 198 2106 unus
222 2088 253 2107 ex
270 2081 323 2107 illis
336 2077 406 2108 'non'
422 2077 470 2109 est'
487 2082 512 2109 in
533 2081 668 2109 oblivione
690 2077 781 2107 coram
802 2079 868 2106 Deo.
929 2083 1051 2106 testates.
1069 2077 1276 2106 nolite'solliciti
1292 2086 1362 2106 ϐεδε.
1386 2079 1501 2112 qualiter
1523 2083 1569 2104 aut
1588 2077 1651 2112 quid
1666 2085 1724 2105 res-

156 2120 185 2142 et
199 2116 289 2149 capilli
310 2116 405 2152 capitis
420 2118 505 2145 vestri
531 2125 626 2145 omnes
646 2116 777 2143 numerati
799 2120 871 2142 sunt.
929 2114 1081 2152 pondeatis.
1096 2113 1350 2152 aut_quid_dicatis.
1373 2114 1490 2152 Spiritus
1513 2115 1585 2141 enim
1609 2115 1724 2152 sanctus

77 2150 178 2188 lfioliter
191 2159 255 2188 ergo
278 2149 373 2180 timere
387 2153 478 2181 multis
501 2153 654 2188 passeribus
667 2151 875 2180 excellentiores
927 2149 1035 2179 docebit
1046 2157 1094 2179 vos
1107 2150 1135 2178 in
1149 2150 1207 2186 ipsa
1227 2150 1297 2180 hora
1310 2150 1350 2187 (ά)
1365 2157 1435 2187 quae
1448 2149 1468 2186 -ι-
1483 2154 1606 2186 oporteat
1620 2149 1722 2178 dicere.

74 2185 112 2223 (α)
125 2187 195 2214 estis
217 2185 249 2222 ᾧ.
271 2187 336 2216 Dico
349 2193 440 2217 autem
463 2185 551 2217 vobis.
575 2189 664 2217 omnis
684 2188 730 2223 qui
742 2195 786 2215 me
810 2194 875 2215 eon-

716 2248 833 2277 CODEX
847 2247 1083 2277 CORBEIENSIS.

110 2296 177 2325 Car.
195 2297 254 2327 ΧΗ.
267 2314 302 2319 -
315 2299 343 2327 8.
363 2303 390 2328 et
404 2298 489 2328 Filius
499 2298 617 2327 hominis
631 2296 805 2326 conﬁtebitur
818 2296 829 2312 ⁸
844 2295 871 2324 in
924 2296 1044 2333 mittetur
1058 2294 1094 2333 ei.
1201 2329 1208 2333 _
1223 2329 1230 2333 _
1568 2327 1577 2333 '
1614 2327 1631 2333 Α

76 2332 153 2371 illo-l-
164 2341 225 2371 cum
239 2327 373 2371 Angelis.
437 2327 440 2328 ⁷
685 2370 695 2371 7
727 2369 732 2371 _
936 2367 952 2371 __
962 2332 1006 2371 11Σ
1023 2331 1107 2358 nolite
1121 2329 1232 2358 solliciti
1246 2335 1309 2358 esse
1332 2327 1450 2363 qualiter
1459 2327 1663 2364 respondeatis,
1677 2330 1725 2356 aut

114 2367 146 2407 εις
155 2367 332 2407 denegabitur
345 2376 372 2400 et
386 2372 544 2407 ipsecoram
558 2371 668 2407 Angelis
684 2369 745 2398 Dei.
927 2367 1035 2407 dicatis;
1059 2403 1065 2407 ‘
1084 2403 1089 2407 _
1185 2401 1191 2407 _
1274 2401 1283 2407 _
1332 2400 1356 2407 __
1441 2404 1447 2407 _
1485 2404 1491 2407 _
1526 2399 1543 2407 ν

116 2405 160 2433 10.
174 2407 200 2434 in
217 2399 319 2443 Spiritu
333 2399 424 2436 autem
436 2408 536 2436 Sancto
556 2399 614 2443 qui"
625 2407 739 2439 dixerit,
756 2412 810 2433 non
825 2412 868 2433 re—
960 2403 1003 2431 12.
1019 2403 1136 2439 Spiritus
1148 2401 1255 2431 enim...
1273 2400 1358 2437 “quid
1370 2404 1495 2436 oporteat
1518 2399 1618 2428 dicere.
1632 2399 1653 2435 «ξ-

680 2462 878 2491 VARIANTES
896 2460 1098 2489 LECTIONES.

90 2509 92 2515 ’
117 2510 124 2544 ξ
141 2511 197 2544 Mm.
209 2512 326 2538 occidit...
340 2513 414 2537 etiam
424 2513 487 2538 dico.
505 2510 578 2544 Vulg.
591 2509 740 2537 occiderit...
753 2511 787 2544 ita
798 2510 861 2544 dico.
963 2508 1044 2544 δραι.
1061 2507 1149 2544 fecerit
1168 2507 1192 2530 in
1204 2509 1353 2544 megcoram.
1365 2505 1426 2529 Mm.
1439 2503 1527 2529 fecerit
1537 2508 1629 2529 coram.
1650 2501 1725 2536 Vulg.

117 2543 126 2556 '
142 2543 192 2568 ϐαι.
204 2544 335 2575 depoadio.
352 2545 411 2569 Mm.
418 2550 539 2596 (passeres
555 2538 612 2570 asse
628 2546 730 2569 veniunt
745 2543 877 2574 depondio.
931 2540 1057 2575 confessus
1067 2538 1143 2563 fuerit.
1152 2544 1193 2562 me
1202 2542 1291 2561 coram.

117 2573 159 2596 illa.
172 2582 286 2596 nascens
296 2578 406 2596 veneunt
436 2576 542 2596 innndin.
962 2572 972 2587 ⁵
988 2572 1019 2596 Et
1029 2574 1063 2595 lla
1075 2571 1133 2595 Mm.

96 2573 159 2620 i'tglg.
172 2573 286 2605 passeres
296 2578 407 2600 veneunt
418 2573 542 2613 dipondio.
763 2606 767 2611 _
780 2573 786 2574 '
962 2573 972 2587 ⁵
988 2573 1019 2596 Et
1029 2573 1063 2595 ita
1075 2573 1133 2595 Mm.
1337 2600 1342 2605 .

141 2606 192 2631 Gal.
205 2609 228 2632 et
239 2608 300 2632 Mm.
314 2606 398 2633 plures
408 2611 468 2632 estis
479 2613 531 2632 vos.
547 2606 619 2633 Vula.
633 2606 711 2633 pluris
724 2609 783 2632 estis
793 2611 844 2631 vos.
962 2603 973 2617 ⁸
990 2604 1048 2627 Mm.
1065 2607 1130 2633 quae
1141 2604 1256 2632 oporteat
1265 2606 1308 2625 vos
1318 2599 1414 2624 dicere.

119 2605 128 2620 ³
141 2606 192 2631 Gal.
205 2609 228 2632 et
239 2608 300 2632 Mm.
314 2606 398 2639 plures
408 2605 468 2632 estis
479 2613 531 2632 vos.
547 2606 619 2640 Vulg.
633 2606 711 2639 pluris
724 2606 783 2632 estis
793 2611 844 2631 vos.

431 2657 576 2678 LECTIONES
588 2657 688 2677 CODICIS
701 2654 907 2677 VINDEBONENSIS
921 2653 1057 2675 AIEURTES
1072 2653 1104 2672 ΑΒ
1114 2651 1239 2672 EDITIONB
1251 2651 1382 2672 VULGATA.

118 2693 138 2718 l.
150 2695 180 2720 ab
188 2698 274 2722 eis.....
287 2696 389 2729 amplius
398 2697 556 2729 nonbabent,
567 2696 632 2729 quod
642 2696 737 2729 faciant.
770 2697 794 2721 5.
814 2696 877 2721 occi-
928 2695 954 2729 εξ.
967 2694 1097 2725 negabitur
1103 2693 1171 2729 ipse.
1256 2692 1396 2729 remittetur
1405 2689 1453 2715 illis
1461 2697 1469 2728 ς
1479 2691 1504 2716 in
1513 2690 1634 2729 Spiritum
1644 2693 1727 2729 autem

91 2722 129 2750 dit.
157 2722 347 2760 6.ﬂdipundio.'..
358 2735 437 2760 coram
450 2722 562 2754 Domiuo'.
576 2722 619 2760 :7.
643 2727 722 2760 capilli
736 2728 812 2752 vestri
822 2734 878 2760 om-
930 2722 1055 2760 sanctum,
1068 2725 1110 2756 qui
1120 2722 1221 2760 dixerit,
1232 2730 1280 2760 non
1290 2723 1431 2760 remittetur
1444 2723 1493 2760 ei.“
1512 2722 1550 2747 11.
1560 2723 1727 2760 ἰιιίιυεειηιγρε

92 2753 260 2791 ῃρξ....ΝοΙίιε
276 2759 478 2788 timere...pluris
492 2760 560 2784 estis.
575 2759 645 2784 Dico.
673 2753 700 2784 ’8.
711 2758 772 2783 Dico
790 2759 877 2791 vobis:
932 2757 960 2781 ad
978 2753 1141 2791 Magistratus!
1152 2759 1178 2780 et
1196 2755 1406 2791 Potestates....::.
1421 2753 1527 2785 qualiter
1547 2753 1727 2786 respondeatis,

92 2786 234 2823 Quicumque
247 2791 375 2817 confessus
394 2785 471 2816 fuerit
481 2791 506 2816 in
517 2798 587 2816 me...
600 2791 757 2816 conﬁtebitur
780 2791 804 2815 in
824 2789 877 2815 illo.
905 2814 908 2818 _
931 2792 973 2814 aut
983 2785 1079 2814 dicatis.
1112 2786 1150 2812 12.
1162 2792 1227 2818 quae
1244 2788 1357 2817 oporteat
1367 2785 1462 2811 dicere.

742 2841 926 2870 BLANCHINI
945 2841 1059 2870 NOTAE.

124 2891 160 2926 (α)
179 2892 243 2920 Post
256 2893 316 2920 cui:
326 2914 334 2926 ,
348 2892 423 2920 deest
439 2900 498 2925 vos,
514 2891 637 2928 etiamin
653 2895 707 2919 lex.
721 2890 778 2928 Gr:
786 2905 821 2910 —
831 2890 874 2928 _(b)
888 2889 926 2918 Ita
941 2895 968 2918 et
980 2889 1041 2918 cod.
1058 2888 1136 2917 Cant.
1156 2889 1313 2928 φίρωσιν.-
1328 2888 1364 2925 (c)
1379 2888 1445 2918 Post
1454 2888 1575 2924 qualiter,
1589 2886 1667 2917 deest
1680 2892 1726 2916 aut

93 2925 161 2962 quid,
176 2929 256 2957 etiam
279 2929 307 2957 in
320 2925 380 2958 cod.
397 2929 474 2958 Cant.
489 2944 524 2950 -—
538 2927 579 2964 (ιι)
597 2927 635 2958 ita
649 2933 675 2956 et
690 2931 744 2955 tu.
760 2926 808 2956 Gr.
825 2925 853 2956 ἄ.
