1955 3168
274 200 389 230 CODEX
409 201 680 231 VERCELLENSIS.

81 412 90 420 ο
131 412 140 421 ι
176 406 230 421 θ’.
272 413 279 420 σ
319 413 326 420 ι
365 413 373 421 ο
413 412 421 421 ι
495 412 502 419 1
541 414 550 422 ι
590 413 598 422 ι
637 413 646 422 ο
684 413 693 421 α
733 413 740 421 ι
780 414 787 420 .
827 414 835 420 ι

82 448 91 456 ι
132 449 139 456 ι
176 448 183 456 ι
222 448 231 457 ο
270 448 279 457 ο
318 448 326 456 ι
366 449 374 457 ι
414 449 421 457 ι
497 449 505 457 ι
544 450 552 459 ο
591 449 600 458 ι
638 450 647 458 ο
685 450 693 458 ι
733 450 740 458 ι
780 448 788 457 ι
827 449 835 457 ο

83 521 91 529 .
131 520 139 528 ο
175 520 182 528 ι
221 520 230 529 ι
270 522 277 528 Ι
316 520 324 527 -
364 521 372 530 ι
413 521 420 529 ο
495 521 503 529 ι
541 522 548 530 ι
590 522 597 529 η
637 522 645 530 .
684 522 692 529 .
732 522 740 529 ο
779 521 786 528 ο
828 522 835 528 ι

493 881 500 887 ι
542 880 548 886 -
590 882 597 889 .
636 881 643 889 ι
684 879 692 888 α
731 880 738 888 ο
778 879 786 887 ο
825 880 833 887 ι

90 1131 97 1138 ι
132 1131 139 1139 ι
175 1132 184 1140 .
221 1130 231 1139 ο
270 1133 278 1140 .
317 1132 324 1139 ι
366 1132 373 1139 ο
412 1132 420 1138 -
496 1132 504 1140 ι
544 1131 551 1139 ι
591 1132 598 1140 ο
638 1133 645 1140 ι
686 1132 693 1139 .
733 1132 739 1138 -
780 1131 787 1139 ο
827 1130 835 1139 ο

495 1201 835 1213 εο..ιο..

495 1310 503 1319 ι
542 1311 550 1319 ο
590 1311 599 1319 ο
637 1312 645 1320 α
685 1309 694 1318 ο
732 1308 742 1318 ο
781 1310 788 1318 ι
828 1310 836 1318 α

494 1347 503 1356 ι
542 1345 551 1354 ο
589 1337 597 1356 ἶ
636 1347 645 1356 ο
684 1346 694 1355 ο
732 1337 741 1354 ὅ
779 1347 787 1355 ο
828 1346 835 1354 ο

494 1418 502 1426 ι
542 1417 550 1425 ο
589 1418 597 1427 ι
637 1419 644 1426 ι
682 1418 692 1427 ο
731 1417 739 1426 ο
779 1418 786 1425 σ
828 1418 835 1425 ο

496 1707 502 1713 .
543 1706 550 1713 .
589 1706 597 1713 ι
637 1707 646 1714 .
684 1705 693 1714 υ
732 1705 740 1713 ο
780 1706 788 1714 ο
828 1706 834 1712 ι

90 1775 99 1784 ο
131 1778 138 1786 ο
175 1778 183 1787 ι
221 1780 229 1786 ι
269 1780 277 1786 ι
317 1780 325 1787 ι
366 1780 372 1786 ι
413 1779 420 1786 ι
495 1779 502 1786 α
543 1778 549 1785 ι
590 1778 597 1785 .
637 1777 645 1785 ι
684 1777 692 1785 ο
731 1778 739 1787 ι
779 1777 787 1786 ι
827 1777 835 1785 c

610 142 832 173 EVANGELIUM
851 144 1035 176 SECUNDUM
1055 142 1180 173 LUCAM.

1667 144 1719 173 618

1138 202 1253 231 CODEX
1263 201 1500 238 ,VERONENSIS.

1339 249 1384 278 49.
1400 249 1527 283 Nescitis,
1543 256 1610 284 quo—

1338 286 1412 313 niam
1431 285 1519 320 ignem

1339 322 1399 349 veni
1412 322 1519 349 mittere

1339 357 1366 385 in
1383 363 1495 385 terram:
1521 382 1525 387 _

1339 397 1367 429 et
1381 393 1444 429 quid
1460 394 1533 427 volo,

1340 428 1351 444 '
1365 429 1387 457 si
1403 429 1536 457 accenda-

1338 465 1401 492 tur?

1339 500 1383 528 50.
1401 501 1437 536 (θ)
1454 501 1465 517 ι
1480 501 1617 536 Baptisma
1627 501 1648 537 «ξ’

924 260 984 285 suo,
998 251 1106 280 dicens:

923 288 1023 316 Moram
1040 286 1105 314 facit

924 324 1054 351 Dominus
1068 328 1144 353 meus

924 360 1032 387 venire:
1050 362 1077 386 et

923 395 1044 430 coeperit
1055 401 1117 429 per-

924 436 1015 459 cutere
1029 437 1139 465 pueros,

923 472 950 495 et
965 466 1088 499 ancillas,

924 507 951 531 et
964 503 1054 535 edere,
1070 506 1099 530 et

923 539 1028 572 bibere,
1042 542 1070 565 et
1339 541 1428 564 autem
1445 537 1530 564 habeo

923 574 1061 606 inebriari;
1339 572 1482 608 baptizari;

922 610 969 638 46.
985 610 1086 637 veniet.
1107 629 1115 636 .
1137 630 1145 638 .
1168 630 1174 637 .
1199 630 1205 637 .
1228 628 1235 636 .
1259 628 1265 636 .
1339 613 1367 635 et
1383 608 1518 642 quomodo

923 646 996 674 servi
1008 646 1079 673 illius
1339 645 1446 678 turbor,

923 681 950 709 iu
966 682 1020 714 die,
1038 688 1090 717 qua
1339 688 1427 717 neque

923 725 977 746 non
993 715 1094 753 sperat.
1339 715 1402 743 dum
1419 715 1541 751 perﬁcia—

922 758 950 781 et
964 754 1041 786 liora.
1056 753 1064 768 ί
1080 759 1132 790 qua
1342 753 1403 790 tur?

923 790 1026 823 nescit;
1041 793 1069 817 et

1342 788 1386 815 51.
1408 787 1524 822 Putatis,
1539 795 1606 824 quo—

923 825 1027 853 dividet
1037 832 1111 858 eum,

1342 825 1414 851 niam
1430 831 1524 859 pacem

925 867 1082 897 partemque
1341 861 1402 897 veni
1418 859 1428 874 "
1441 861 1548 897 mittere

926 895 985 932 ejus
998 895 1057 925 cum
1341 895 1369 932 in
1386 895 1505 932 terram?

926 931 1080 960 inﬁdelibus
1342 931 1413 964 Non,
1427 931 1494 958 dico

926 974 1019 1003 ponet.
1343 967 1423 994 vobis
1439 975 1445 999 ;
1458 966 1505 994 sed
1520 974 1566 996 se-

925 1004 971 1032 47.
992 1004 1039 1032 Ille
1047 1010 1153 1036 servus,

925 1041 970 1103 %ui
985 1041 1112 1082 cognovit

951 1084 1033 1103 omlnl
1049 1084 1092 1103 Slll

951 1084 1033 1104 omini
1049 1084 1092 1104 5111

1343 1004 1523 1037 parationem.

1345 1038 1389 1080 52.
1412 1039 1495 1080 Erunt
1509 1039 1581 1067 enim

1364 1082 1462 1109 umque
1473 1083 1501 1102 in

926 1113 1105 1145 voluntatem,
1344 1113 1427 1138 domo
1443 1118 1494 1137 una

924 1152 952 1176 et
963 1156 1016 1175 non
1032 1147 1070 1183 (α)
1083 1155 1130 1183 pa-
1344 1145 1423 1183 divisi
1438 1155 1445 1179 ;
1459 1151 1514 1174 tres

924 1181 1065 1219 raverit-i"
1083 1181 1093 1183 “
1246 1204 1249 1206 .
1344 1181 1371 1219 i_n
1387 1182 1452 1219 duo,
1467 1186 1495 1210 et

924 1220 958 1247 ad
979 1217 1146 1247 voluntatem
1344 1217 1398 1245 duo
1411 1218 1437 1245 in
1452 1222 1507 1245 tres

1344 1253 1517 1287 dividentur;

1343 1294 1431 1316 mater
1445 1289 1472 1316 iu

1344 1324 1411 1357 ﬁlia,
1427 1329 1454 1352 et
1468 1325 1533 1352 tilia.

1344 1360 1370 1387 in
1385 1366 1500 1388 matrem
1518 1369 1524 1386 :

924 1255 1204 1291 ejus.......-

923 1292 963 1318 vit
976 1292 986 1307 ³
1001 1292 1066 1319 mul.
1089 1310 1097 1317 .
1119 1311 1127 1318 .
1142 1292 1166 1326 -ᾖ

923 1326 970 1354 48.
991 1327 1040 1360 Qui
1055 1331 1145 1354 autem

924 1370 978 1390 non
994 1362 1097 1396 sciens,
1111 1362 1149 1389 fe-

923 1398 1002 1432 cerit,
1012 1398 1149 1434 vapulavit
1343 1396 1390 1434 §5.
1413 1402 1491 1434 pater
1502 1396 1531 1424 in
1544 1396 1576 1423 ft-

924 1442 1035 1469 paucas.
1047 1431 1055 1434 ’
1342 1431 1421 1469 lium.
1437 1437 1466 1460 et
1478 1432 1508 1460 tl-

924 1470 1002 1498 Omni
1017 1475 1117 1503 autem,
1342 1468 1395 1495 lius
1409 1468 1437 1495 in

925 1507 967 1533 cui
980 1507 1092 1533 multum
1341 1508 1447 1539 patrem

1341 1547 1421 1568 Suum
1435 1539 1503 1567 divi-

1342 1575 1436 1603 detur:
1451 1582 1546 1603 socrus

924 1542 1015 1569 datum
1032 1542 1122 1574 fuerit,

925 1579 1038 1605 multum
1053 1585 1134 1613 quae—

924 1619 999 1642 retur
1010 1615 1044 1641 ab
1055 1611 1087 1641 eo
1099 1623 1104 1640 :
1149 1639 1152 1642 _
1341 1611 1369 1639 in
1382 1618 1511 1646 sponsam

924 1654 951 1677 et
966 1650 1009 1677 cui
1023 1658 1099 1677 com-
1343 1654 1432 1681 suam,
1448 1652 1475 1675 et

925 1685 1097 1713 menduverit
1343 1690 1442 1718 sponsa
1459 1683 1486 1710 in

1344 1726 1451 1747 socrum
1468 1726 1555 1746 suam.

925 1723 1050 1753 multum,
1064 1722 1122 1755 plus

1345 1754 1391 1782 54.
1411 1754 1524 1783 Dicebat
1536 1762 1583 1783 au-

929 1762 1001 1793 petcl
1016 1757 1050 1784 ab
1060 1764 1103 1784 eo.

734 1813 851 1841 CODEX
868 1812 1070 1842 BRlXIANUS.

86 1859 157 1893 Quod
171 1860 192 1889 si
200 1861 299 1890 dixerit
317 1869 411 1889 scrvus
428 1861 472 1888 ille
488 1862 513 1888 in
529 1860 609 1888 corde
622 1868 670 1887 suo
683 1860 783 1887 Moram
805 1859 868 1888 facit

85 1895 207 1925 Dominus
221 1905 297 1924 meus
313 1898 416 1925 venire.
433 1902 460 1924 et
483 1897 591 1931 incipiat
614 1902 755 1931 perculere
773 1903 868 1923 servos

85 1937 113 1959 et
124 1933 237 1961 ancillas.
249 1938 276 1961 et
291 1934 433 1960 coiucdere
444 1938 471 1960 et
485 1933 576 1959 bibere
592 1937 617 1960 et
628 1932 767 1959 inebriari.
779 1931 869 1959 veniet

87 1966 208 1996 Dominus
220 1970 289 1997 servi
304 1969 374 1996 illitis
389 1970 414 1996 in
432 1969 474 1996 dic
497 1977 548 2003 qua
563 1977 615 1995 non
637 1973 736 2002 Sperat.
759 1971 784 1994 ct
802 1967 868 1994 hora

84 2011 133 2039 qua
148 2004 237 2032 nescit.
253 2011 281 2033 et
295 2005 397 2032 dividet
412 2013 485 2031 eum.
503 2009 658 2039 partemun
677 2004 735 2038 ejus
750 2010 811 2030 cum
828 2003 869 2029 in-

84 2038 198 2068 ﬁdelibus
214 2041 297 2075 ponit.
324 2041 370 2067 lllc
398 2047 488 2068 autem
511 2048 604 2067 servus
619 2041 661 2074 qui
683 2039 808 2073 cognovit
823 2045 870 2065 vo-

84 2075 204 2104 luntatem
224 2077 328 2104 Βοιιιὶιιί
342 2077 381 2104 sui
399 2082 424 2103 et
440 2085 491 2103 non
505 2076 675 2111 praeparavit
689 2083 736 2102 nec
750 2076 811 2102 fecit
821 2082 867 2102 se-

85 2112 191 2140 cundum
204 2115 369 2140 voluntatem
384 2113 451 2147 ejus.
469 2112 604 2147 vapulavit
620 2113 719 2139 multis.
745 2111 794 2145 Qui
818 2118 865 2147 aur-

89 2150 131 2174 tem
156 2156 206 2176 non
222 2149 347 2183 cognovit.
372 2154 397 2176 et
423 2146 598 2183 fecitﬁdtgua
628 2148 711 2182 plagis
734 2146 870 2180 vapulavit

87 2185 169 2222 paucis
182 2185 261 2222 Omni
273 2189 373 2211 autem.
390 2185 431 2211 cui
448 2184 561 2222 multum
582 2184 672 2222 datum
686 2187 737 2210 est.
755 2183 869 2222 multum

86 2218 225 2253 iuquirelur
238 2220 272 2247 ab
291 2228 334 2248 eo.
360 2225 387 2247 et
411 2220 454 2247 cui
475 2220 734 2248 commendaveruut
755 2218 868 2246 multum

85 2255 190 2291 amplius
203 2260 294 2292 petent
308 2256 342 2284 ab
356 2263 399 2284 eo.

955 1860 1047 1895 Ignem
1060 1860 1121 1886 veni
1137 1860 1244 1887 mittere
1262 1860 1287 1886 in
1303 1864 1413 1887 terram.
1437 1865 1463 1886 et
1478 1860 1541 1894 quid
1557 1861 1617 1887 volo
1634 1867 1661 1888 ut
1677 1870 1722 1889 ac—

921 1896 1063 1924 cendatur.
1077 1896 1113 1932 (ὁ)
1131 1896 1266 1930 Βηνιὶειηπ
1286 1895 1305 1930 -ξ-
1321 1899 1410 1932 autem
1430 1895 1517 1922 haben
1534 1896 1672 1929 baptizari.
1696 1903 1724 1926 et

922 1932 1059 1967 quomodo
1081 1932 1210 1958 Ct)ll.xthl‘
1230 1933 1317 1957 donec
1340 1931 1503 1967 perficiatur.
1529 1931 1641 1959 Putatis.
1659 1935 1720 1967 quia

922 1966 1014 2002 pacem
1031 1968 1091 1994 veni
1112 1968 1136 1993 iu
1155 1973 1251 1994 terrain
1268 1967 1330 1993 dare
1354 1966 1411 1993 Neu
1429 1966 1488 1993 dim
1506 1967 1591 1994 vobis.
1614 1968 1660 1995 sed
1675 1977 1722 1996 se-

923 2003 1101 2038 parationem.
1127 2003 1212 2029 Erunt
1234 2003 1307 2029 enim
1322 2010 1354 2029 ex
1372 2003 1431 2029 hoc.
1454 2003 1573 2037 quinque
1596 2004 1622 2030 in
1639 2007 1720 2032 domo

924 2047 975 2066 una
991 2039 1069 2066 divisi
1093 2044 1156 2066 lrcs.
1184 2039 1325 2065 adversum
1350 2038 1426 2064 duos.
1453 2042 1480 2064 et
1500 2039 1552 2064 duo
1576 2039 1717 2068 adversum

922 2079 976 2103 tres
991 2075 1152 2102 dividentur.
1171 2080 1247 2109 pater
1258 2074 1386 2101 adversus
1399 2074 1491 2100 tiliuui.
1507 2079 1532 2100 et
1545 2074 1614 2101 ﬁlius
1626 2077 1719 2104 adver-

922 2118 970 2138 sus
985 2117 1088 2145 patrem
1102 2119 1191 2137 suum.
1207 2115 1291 2137 mater
1306 2111 1434 2136 atlvcrsus
1450 2111 1539 2137 tiliam.
1558 2116 1583 2137 et
1597 2111 1647 2139 [ilia
1669 2113 1718 2140 ad-

924 2154 1020 2175 versus
1034 2152 1145 2174 matrem
1163 2155 1249 2173 suam.
1266 2153 1359 2173 SOCI‘US
1374 2146 1503 2172 ηᾱνρνδιιε
1519 2155 1613 2174 llul‘lllll
1630 2155 1716 2176 suam.

923 2188 951 2210 et
965 2191 1048 2211 nurus
1062 2183 1194 2211 advchuS
1207 2190 1312 2211 socrum
1324 2189 1409 2209 suam.
1423 2181 1589 2210 Dicebutau-

713 2301 830 2331 CODEX
847 2295 1078 2328 CORBEIENSIS.

113 2348 157 2387 45.
176 2355 316 2387 percutere
327 2350 337 2367 ε
352 2359 465 2386 pueros,
477 2355 505 2379 et
517 2350 636 2387 ancillas.
652 2350 672 2386 -ι-

112 2386 157 2413 47.
176 2385 203 2415 et
225 2388 235 2405 ⁷
253 2395 306 2415 non
331 2385 502 2423 praeparavit
530 2386 679 2423 secundum
700 2385 866 2413 voluntatem

82 2421 146 2459 eius.
163 2423 261 2451 Omittit
276 2421 355 2459 usque
366 2421 415 2455 ατί,
432 2422 569 2459 vapulabit
584 2422 687 2459 paucis.

112 2457 156 2486 49.
176 2454 383 2496 Nescitis,'quia
405 2454 494 2495 igne'm
517 2454 719 2489 veui'mittere.
733 2461 787 2485 etc.
802 2454 867 2492 quid

921 2346 984 2373 volo
993 2365 1000 2377 ,
1022 2343 1045 2371 si
1059 2341 1239 2370 accendatur?

955 2376 999 2410 50.
1021 2380 1158 2413 Baptisma
1175 2377 1261 2405 habeo
1276 2376 1426 2412 baptizari;
1451 2381 1479 2405 et
1499 2378 1634 2413 quomodo
1657 2383 1712 2409 tur-

919 2417 980 2449 bor,
997 2423 1081 2451 usque
1092 2416 1155 2451 dum
1176 2413 1339 2451 perﬁciatur.

955 2448 1001 2480 5‘2.
1022 2448 1048 2479 iu
1066 2459 1116 2478 una
1132 2449 1229 2482 domo,
1242 2455 1269 2477 et
1285 2448 1339 2477 duo
1352 2449 1379 2476 in
1395 2454 1449 2477 tres
1461 2448 1622 2479 dividentur.

693 2502 891 2533 VARIANTES
909 2497 1109 2530 LECTIONES.

109 2554 118 2568 ‘
135 2553 185 2591 Gal.
197 2557 220 2580 et
230 2555 351 2610 Mm._ﬂua
362 2555 488 2587 ignorat...
506 2560 562 2580 cum
573 2552 713 2586 bypocritis.
728 2549 801 2584 Vulg.
817 2557 866 2583 qua

109 2589 184 2610 ωι...
196 2593 251 2610 cum
263 2587 304 2610 init
321 2586 402 2610 ehbus

83 2586 184 2611 nescit...
196 2593 251 2611 cum
263 2586 402 2611 inﬁdelibus

110 2616 120 2650 ξ
136 2618 193 2650 11η.
206 2620 229 2643 et
239 2617 292 2643 Gal.
306 2618 417 2650 multum.
433 2616 505 2650 Vulg.
517 2617 608 2643 multis.

110 2647 121 2663 ³
136 2648 187 2673 Gal.
200 2650 246 2674 nisi
255 2649 419 2675 accendatur?
434 2646 502 2682 Vulg.
516 2649 561 2674 nisi
574 2651 600 2673 ut
611 2646 773 2673 accendatur?

949 2547 961 2563 δ
977 2546 1030 2571 Gut.
1042 2544 1166 2576 Baptisma
1179 2547 1269 2568 autem.
1281 2542 1486 2576 Yulg._Baptismo
1497 2548 1589 2570 autem.

950 2578 961 2595 ⁵
979 2578 1030 2602 Gut.
1045 2574 1143 2609 mittere
1157 2575 1302 2609 ἡμεῖς·ιωῖ
1318 2574 1390 2609 Vulg.
1402 2575 1461 2601 dare
1473 2578 1498 2602 in
1511 2578 1620 2605 terram?

951 2609 962 2625 ⁶
979 2609 1008 2633 Et
1019 2608 1052 2632 ita
1064 2607 1117 2632 Gut.
1129 2609 1151 2631 et
1163 2607 1222 2632 Mm.

950 2640 962 2656 ⁷
980 2640 1040 2664 Mm.
1054 2645 1101 2663 non
1113 2637 1170 2662 facit
1181 2637 1323 2663 secundum.

410 2701 557 2723 LECTIONES
574 2701 675 2722 CODICIS
685 2695 888 2720 VINDEBONENSIS
903 2693 1038 2716 ABEUNTES
1049 2692 1082 2712 ΑΒ
1097 2692 1223 2712 EDITIONE
1235 2691 1365 2713 νυιαΑτΔ.

109 2741 138 2767 15
157 2743 256 2768 dicens:
272 2742 364 2768 Moram
384 2742 441 2768 facit
462 2742 581 2768 Dominus
599 2740 715 2765 venire...
729 2744 828 2771 pueros,
842 2739 868 2762 el.
971 2731 1182 2771 Βᾳριίεφειμειδερ
1195 2731 1361 2771 ζ’ἕρβξὲνξχτ·
1373 2730 1467 2771 "lgor.
1477 2738 1557 2771 P3099
1568 2734 1632 2771 99m.
1665 2736 1705 2771 51.

81 2774 181 2804 ancillae,
195 2778 221 2799 et
232 2774 325 2805 edere,
336 2778 363 2799 et
381 2774 478 2799 bibere.
510 2773 549 2798 46.
574 2772 647 2805 ponit.
681 2770 785 2805 “(nou
798 2776 867 2800 prae-

83 2806 167 2837 paravit
175 2802 353 2837 secundum...
362 2805 484 2837 vapulavit
498 2802 587 2837 multis.
620 2804 659 2837 48,
677 2802 799 2837 vapulavit
811 2806 868 2837 pau-

151 2840 266 2869 repetent
285 2836 316 2862 ab
338 2831 399 2862 illo."
420 2837 459 2862 49.
472 2837 529 2868 quid
540 2835 613 2867 volo,
632 2835 655 2860 si
674 2831 836 2859 accendatur?

920 2762 1030 2796 Putatis,
1041 2763 1125 2796 quod.”
1149 2764 1187 2789 52.
1202 2762 1254 2788 tres
1264 2762 1288 2787 in
1303 2762 1359 2788 duo.
1393 2763 1432 2789 55.
1447 2762 1551 2794 pater'in
1569 2764 1668 2791 ﬁlius...
1682 2769 1708 2793 in

920 2802 1015 2834 patrem
1022 2794 1339 2834 suurndividetur...socnts
1348 2795 1373 2819 in
1382 2801 1492 2826 Sponsam
1502 2801 1580 2828 suam,
1588 2802 1613 2823 et
1620 2804 1708 2830 Sponsa

921 2832 946 2853 in
954 2833 1048 2853 socrum
1058 2832 1136 2853 suam.

728 2869 911 2901 BLANCHINI
929 2868 1044 2897 NOTAE.

118 2923 153 2960 (σι)
167 2923 232 2966 Post
245 2925 387 2962 paraverit,
399 2924 477 2953 deest
496 2931 575 2960 neque
591 2922 668 2960 fecit,
682 2928 744 2951 cum
762 2919 830 2959 .Syr.
846 2933 883 2941 -
894 2915 932 2954 (ὁ)
950 2915 988 2945 Ita
1002 2918 1030 2944 et
1043 2912 1160 2952 tex._Gr.
1174 2914 1321 2952 Βάπτισμα.

297 2972 434 3004 Paeon.
458 2969 531 3003 XII.

1527 2963 1569 2994 20
