3910 6336
149 290 274 351 6Ξὸ

150 502 265 560 24.
290 502 367 558 los
395 519 410 556 :
446 500 647 560 Intrate

154 591 271 645 per
290 588 487 643 angus-

156 655 283 703 tum
307 647 540 710 ostium;

156 718 419 789 quoniam
445 718 582 772 mul-

159 788 240 856 ti,
268 790 379 844 dico
397 788 578 856 vobis,

159 870 456 932 quaerent,

160 948 276 989 nec
301 941 550 1000 poterunt

160 1005 409 1060 introire.

159 1076 266 1133 25.
301 1075 428 1131 Cum
457 1084 638 1132 autem

162 1148 445 1204 intraverit

162 1218 478 1275 Paterfami-

166 1292 293 1358 lias,
322 1302 375 1347 et
396 1290 581 1346 adclu-

167 1365 301 1419 serit
323 1364 516 1417 ostium
542 1404 559 1430 ,

172 1445 236 1491 et
260 1434 521 1506 incipietis

176 1507 299 1562 toris
323 1518 485 1569 stare,

187 1579 409 1633 dicentes
441 1595 456 1634 :
479 1577 726 1646 Domine,

187 1650 317 1720 aperi
344 1648 498 1705 nobis
524 1654 563 1721 τ]

180 1730 237 1776 et
261 1736 470 1791 respon-

180 1793 326 1858 dens,
351 1791 491 1848 dicet
516 1811 534 1851 :

178 1864 361 1919 Nescio
380 1878 477 1918 vos

187 1937 318 1991 unde
341 1936 451 1990 sitis
485 1952 501 1989 :

184 2007 271 2062 26.
310 2018 423 2079 tunc
450 2006 684 2079 incipie-

184 2081 250 2134 tis
272 2078 440 2135 dicere
467 2097 481 2135 :
570 2078 589 2105 ‘

180 2150 454 2206 Manduca-

181 2221 344 2276 vimus
369 2237 553 2277 coram

189 2301 257 2351 te.
283 2304 335 2349 et
362 2294 621 2360 bibimus;

193 2375 236 2420 et
256 2366 304 2420 in
341 2366 561 2436 plataeis

189 2439 370 2492 nostris
392 2436 489 2492 do-

184 2508 271 2563 2‘1.
309 2509 471 2563 cuisti.
508 2508 578 2565 Et
602 2510 684 2566 di-

192 2589 274 2634 cet
295 2581 428 2635 vobis
451 2598 466 2635 :
500 2581 641 2638 Nes-

199 2652 279 2706 cio
304 2666 386 2706 vos
407 2652 546 2710 unde

195 2722 305 2778 sitis
330 2741 343 2777 :
365 2722 587 2780 discedi-

192 2803 241 2849 te
265 2811 291 2847 a
317 2810 393 2850 me
416 2797 433 2826 ³
456 2811 651 2853 omnes

190 2867 399 2933 operarii
424 2866 528 2922 ini-

192 2936 267 2992 28.
307 2938 541 3004 quitatis.
564 2942 586 2972 ³
617 2939 733 2997 lllic

1206 292 1656 351 EVANGELIUM
1694 290 2065 352 SECUNDUM
2103 293 2361 353 LUCAM.

554 408 788 469 CODEX
817 409 1354 470 VERCELLENSIS.

996 521 1093 561 VOS
1118 513 1300 560 autem

1033 579 1160 632 roici
1190 576 1339 632 foris.

1032 650 1086 707 9.
1130 648 1197 704 Et
1223 648 1439 703 venient

995 722 1064 777 ab
1093 720 1335 787 Oriente,

993 804 1047 849 et
1067 791 1327 849 Occiden-

991 875 1067 930 te,
1091 873 1146 919 ct
1172 865 1240 917 ali
1264 861 1426 932 Aqui-

994 938 1140 1003 lone,
1166 943 1221 990 et
1240 934 1379 989 Aus-

992 1017 1111 1072 tro;
1143 1015 1198 1062 et
1224 1006 1461 1061 discum-

989 1080 1121 1136 bent
1146 1078 1198 1132 in
1229 1093 1351 1147 regv

988 1153 1081 1208 50.
1126 1164 1194 1203 no
1226 1148 1344 1204 Dei.
1373 1148 1446 1204 Et
1469 1162 1558 1205 ec-

988 1238 1053 1279 ce
1074 1228 1201 1277 sunt
1222 1236 1320 1275 no-

991 1293 1222 1357 vissimi,
1253 1293 1358 1362 qui

990 1374 1150 1421 erunt
1181 1363 1371 1431 primi;

992 1446 1048 1493 et
1077 1444 1205 1491 sunt
1234 1434 1415 1505 primi,

992 1508 1082 1581 qui
1107 1509 1329 1589 luerunt

990 1594 1301 1637 DOVISSIml.

989 1653 1081 1709 51.
1124 1650 1325 1706 Eadem
1350 1648 1439 1706 die
1462 1662 1552 1705 ac-

989 1738 1208 1779 εθεεθτυ
1216 1730 1275 1775 nt

990 1794 1208 1866 quidam
1236 1792 1375 1848 Pha-

990 1869 1315 1931 risaeorum,

993 1938 1238 1993 dicentes
1266 1935 1343 1990 illi
1373 1951 1391 1990 :

992 2008 1242 2077 Discede,
1271 2017 1325 2062 et
1351 2022 1441 2063 va-

994 2083 1061 2137 de
1087 2080 1246 2143 hinc;
1273 2094 1407 2150 quo-

994 2154 1139 2207 niam
1171 2151 1343 2206 Hero-

992 2225 1091 2280 des
1119 2224 1238 2279 vult
1266 2233 1321 2278 te

992 2296 1083 2351 52.
1126 2295 1397 2351 occidere.
1426 2293 1509 2363 lp—

992 2383 1055 2424 se
1080 2377 1259 2422 autem
1288 2365 1370 2419 di-

990 2441 1069 2495 xit
1094 2443 1173 2494 eis
1198 2456 1211 2492 :
1246 2437 1391 2491 Eun-

992 2521 1072 2567 tes
1092 2552 1107 2577 ,
1136 2509 1375 2565 indicate

990 2582 1140 2652 vulpi
1166 2581 1323 2635 huic:

991 2650 1136 2710 Ecce
1159 2653 1299 2708 eicio
1323 2650 1451 2706 dae-

990 2725 1173 2781 monia
1194 2767 1208 2791 ,
1232 2732 1288 2779 et
1310 2737 1399 2778 sa—

989 2798 1192 2853 nitates
1222 2810 1347 2865 per-

992 2869 1113 2925 ﬁcio
1144 2869 1306 2923 hodie
1327 2910 1341 2933 ,

992 2952 1049 2997 et
1078 2955 1231 3005 cras,
1260 2948 1316 2994 et
1340 2938 1429 2995 die

2276 410 2506 470 CODEX
2547 414 3008 473 VERONENSIS.

1849 500 1942 557 24.
1985 501 2306 559 Contendile
2331 505 2412 561 in-

1852 583 1997 630 trare
2034 589 2128 645 per
2149 590 2248 629 an-

1830 646 2059 718 'gustam
2089 656 2296 718 portam
2320 664 2335 713 ;

1849 720 1975 787 quia
1995 759 2009 779 ,
2033 718 2155 773 dico
2179 717 2353 784 vobis,

1849 790 2006 844 multi
2033 799 2319 859 quaerent,

1847 869 1902 917 et
1929 876 2034 915 non
2066 876 2163 932 po-

1846 940 2047 987 terunt.

1848 1003 1940 1059 25.
1983 1003 2061 1087 (ᾳ)
2101 1006 2191 1087 βξ
2212 1022 2321 1078 quo
2348 1020 2468 1065 sur-

1848 1079 2051 1148 rexerit
2086 1078 2125 1148 ‘l-
2154 1077 2255 1133 Pai-

1850 1146 2167 1205 terl‘amili’as
2184 1190 2201 1219 ,

1849 1228 1904 1274 et
1927 1222 2149 1276 cluserit

1848 1293 2045 1346 ostium
2062 1334 2077 1356 ,
2109 1300 2166 1348 et

1848 1362 2120 1433 incipietis
2161 1364 2292 1421 foris

1847 1442 2024 1510 stare,
2055 1434 2220 1510 (b)qet
2244 1437 2363 1507 pul-

1847 1520 1971 1561 sare
2000 1506 2039 1578 -ι-
2052 1506 2075 1574 ,⁷
2101 1506 2285 1564 dicen-

1846 1586 1930 1651 tes
1956 1595 1969 1634 :
2005 1581 2080 1651 (c)
2114 1578 2220 1634 Do—

1847 1648 2027 1716 mine,
2062 1648 2244 1707 Domi-

1850 1735 1919 1775 ne
1942 1723 2011 1792 -ι-,
2043 1724 2192 1790 aperi

1852 1792 2009 1848 nobis
2035 1811 2047 1846 :
2079 1801 2135 1849 et
2168 1811 2255 1852 re-

1850 1864 2156 1933 spondens,

1853 1936 1999 1992 dicet
2020 1955 2033 1991 :

1851 2007 2047 2063 Nescio
2078 2024 2173 2064 vos

1852 2080 1999 2135 unde
2025 2080 2143 2136 sitis
2171 2100 2184 2135 :

1853 2152 1943 2207 26.
1980 2160 2108 2208 tunc
2137 2153 2274 2209 inci-

1856 2224 2018 2294 pietis
2054 2223 2237 2281 dicere
2262 2242 2277 2279 :

1857 2295 2201 2351 Manducavi-

1858 2382 1981 2421 mus
2010 2382 2194 2422 coram

1861 2447 1942 2503 te,
1972 2447 2026 2493 et
2050 2438 2318 2508 bibimus;

1857 2518 1913 2565 et
1928 2551 1944 2576 ,
1978 2510 2030 2563 in
2059 2513 2250 2576 plateis
2276 2526 2379 2567 no-

1856 2582 1985 2635 stris
2012 2581 2264 2637 docuisti.

1857 2652 1950 2707 27.
1994 2652 2062 2707 Et
2086 2653 2231 2710 dicet
2253 2670 2347 2711 vo-

1857 2723 1942 2778 bis
1977 2742 1990 2778 :
2021 2724 2213 2780 Nescio
2242 2742 2346 2781 un-

1857 2794 1928 2850 de
1957 2799 2089 2851 estis
2119 2812 2132 2850 :
2167 2798 2346 2854 disce-

1858 2866 1969 2922 dite
1992 2883 2019 2921 a
2044 2884 2129 2922 me
2150 2883 2268 2924 om—

1859 2954 1959 2994 nes
1982 2940 2219 3009 operarii

2680 517 2873 564 euotes
2905 510 2957 562 in
2987 522 3074 564 τετ

2681 595 2788 649 gno
2818 581 2908 634 Dei
2929 622 2944 645 ,
2979 594 3075 634 vos

2681 662 2861 705 autem
2899 650 3102 721 expelli

2680 722 2776 779 29.
2819 723 2986 779 f0ras.
3025 724 3089 777 Et
3116 738 3208 780 ve-

2679 794 2834 849 nient
2858 796 2925 849 ab
2946 795 3139 850 Orien-

2682 874 2737 920 te
2757 908 2775 933 ,
2804 876 2857 921 et
2881 865 3037 922 Occi-

2680 936 2845 993 dente
2859 980 2874 1002 ,
2910 946 2968 993 et

2684 1008 2983 1078 Aquilone,
3010 1017 3067 1065 et

2682 1082 2918 1149 Au~tro;
2951 1091 3007 1137 et

2684 1153 3003 1208 recumbent
3031 1152 3087 1207 in

2682 1240 2854 1294 regno
2884 1224 3000 1279 Dei.

2681 1296 2772 1351 30.
2816 1296 2883 1350 Et
2912 1310 3042 1350 ecce
3068 1304 3197 1351 sunt

2683 1367 2997 1433 novissimi,
3031 1367 3125 1438 qui

2683 1450 2843 1494 erunt
2872 1439 3066 1511 primi;
3094 1470 3097 1471 ν

2684 1520 2740 1566 et
2769 1510 2897 1565 sunt
2926 1510 3120 1579 primi,

2683 1582 2776 1653 qui
2800 1590 2967 1638 erunt
2996 1596 3095 1637 no-

2684 1653 2921 1715 vissimi.

2630 1754 2635 1759 ι
2684 1725 2777 1781 51.
2817 1725 2873 1779 In
2902 1726 3017 1796 ipsa
3046 1742 3143 1781 au-

2688 1806 2792 1852 tem
2824 1797 2915 1852 die
2941 1812 3034 1851 ac-

2685 1880 2970 1941 cesserunt
3006 1869 3125 1941 qui-

2685 1939 2808 1995 dam
2836 1939 3027 1996 Phari;

2687 2027 2961 2077 saeorum,
3002 2012 3087 2068 di-

2687 2093 2875 2140 centes
2904 2084 2984 2139 illi
3012 2102 3026 2138 :

2691 2155 2793 2210 Exi
2814 2197 2829 2220 ,
2856 2164 2911 2211 et
2938 2154 3078 2210 vade

2694 2227 2822 2282 hinc
2841 2243 2857 2293 ;
2889 2227 3014 2298 quia

2694 2299 2945 2355 Herodes

2698 2371 2816 2425 vult
2847 2379 2901 2425 te

2695 2442 2971 2499 occidere.

2696 2513 2787 2571 '52.
2832 2515 2898 2569 Et
2934 2514 3012 2568 ait
3037 2512 3147 2568 illis

2696 2583 2852 2640 Jcsus
2883 2601 2895 2637 :
2929 2584 3043 2651 Ite,

2696 2656 2861 2712 dicite
2889 2657 3036 2727 vulpi

2696 2728 2778 2783 illi
2804 2747 2817 2782 :
2850 2728 2993 2783 Ecce

2696 2798 2835 2855 eicio
2879 2799 3101 2853 daemo-

2696 2871 2784 2925 nia
2804 2913 2817 2938 ,
2851 2879 2905 2925 et
2930 2869 3076 2924 sani-

2699 2951 2837 2996 tates
2870 2941 3033 3011 perﬁ-

3342 302 3450 360 626

199 3008 279 3063 erit
304 3009 491 3079 ﬂetus,
994 3014 1156 3067 tertia
1186 3026 1440 3066 consum-
1859 3010 1951 3065 28.
1986 3008 2303 3082 iniquitatis.
2333 3014 2411 3071 ibi
2698 3015 2783 3069 cio
2812 3008 3006 3077 hodie,

196 3090 237 3154 et
258 3082 445 3137 stridor
472 3082 608 3140 den—
993 3085 1083 3141 55.
1129 3099 1269 3139 mor.
1303 3082 1412 3138 Sed
1439 3097 1616 3154 opor-
1860 3083 1965 3137 erit
1988 3082 2145 3138 ﬂetus
2166 3124 2182 3151 ,
2214 3097 2269 3141 et
2698 3095 2754 3141 et
2782 3099 2905 3140 cras
2924 3128 2940 3152 ,
2969 3094 3023 3139 et

195 3152 344 3208 tium:
996 3165 1074 3212 tet
1104 3171 1189 3210 me
1219 3155 1412 3223 hodie,
1478 3152 1493 3154 ἡ
1859 3154 2063 3210 stridor
2699 3155 2858 3212 tertia
2890 3155 2979 3211 die

194 3236 296 3277 cum
318 3226 556 3283 videritis
993 3240 1045 3284 et
1066 3242 1220 3291 cras,
1246 3237 1300 3282 et
1326 3226 1378 3280 in
1408 3226 1552 3281 futu-
1861 3225 2105 3282 dentium
2130 3245 2144 3281 :
2696 3242 3071 3283 consummor.

197 3295 436 3370 _Abraham
456 3340 471 3363 ,
502 3308 559 3370 et
993 3315 1149 3365 rum;
1182 3298 1439 3369 quoniam
1467 3312 1575 3354 non
1860 3311 1983 3370 cum
2025 3299 2268 3355 videritis
2694 3301 2788 3359 3'5.
2830 3300 3019 3367 Abite;
3049 3297 3174 3370 quia

196 3364 307 3433 lsac,
338 3382 388 3425 et
406 3369 598 3438 Jacob,
993 3364 1212 3441 Oportet
1237 3370 1370 3424 Pro-
1860 3369 2138 3441 Abraham
2157 3413 2173 3436 ,
2697 3387 2808 3427 non
2834 3364 3051 3439 oportet

192 3447 239 3513 et
259 3456 441 3496 omnes
470 3441 604 3497 Pro-
995 3440 1212 3513 phetam
1244 3441 1383 3511 peri—
1862 3449 1917 3513 et
1941 3440 2088 3505 lsac,
2115 3452 2172 3499 et
2697 3443 3027 3512 Prophetam

186 3510 362 3575 phetas
386 3514 477 3569 Dei
503 3514 586 3570 in-
716 3574 721 3579 _
995 3510 1057 3570 re
1085 3510 1251 3569 extra
1272 3513 1401 3568 Hie-
1830 3558 1831 3561 η
1859 3510 2059 3579 Jacob,
2087 3524 2144 3569 et
2696 3510 2878 3579 perire
2904 3524 3058 3569 extra

188 3586 451 3641 troeuntes
993 3585 1253 3641 rusalem.
1861 3598 2053 3639 omnes
2078 3586 2211 3641 Pro—
2698 3585 3061 3642 Hierusalem.

189 3649 233 3707 in
263 3671 421 3728 regno
448 3656 576 3725 Dei,
994 3658 1087 3714 34.
1130 3656 1501 3724 Hierusalem,
1860 3654 2055 3727 plietas
2084 3658 2256 3714 intro-

1484 3777 1719 3835 CODEX
1758 3777 2041 3837 BRIXIAN
2047 3780 2151 3840 US.

191 3872 327 3951 illos.
352 3876 683 3936 Contendite.
715 3879 917 3937 intrare
949 3895 1048 3951 per
1077 3886 1358 3950 angustam
1390 3886 1598 3946 portam
1634 3876 1758 3932 dico
1864 3881 2063 3950 expelli
2088 3881 2251 3937 foras.
2286 3882 2354 3938 Et
2379 3883 2599 3938 venient
2625 3882 2692 3937 ab
2715 3882 2938 3938 Oriente
2964 3888 3019 3935 et
3042 3877 3365 3951 Occidente.
3407 3888 3465 3951 et

192 3949 515 4023 vobisquia
570 3952 726 4007 multi
776 3949 1044 4023 quaerunt
1096 3949 1295 4023 intrare
1349 3957 1409 4023 et
1460 3965 1567 4004 non
1606 3958 1758 4023 pote-
1865 3949 2228 4022 abAquilone
2255 3964 2311 4007 et
2341 3957 2562 4009 Austro.
2618 3963 2673 4009 et
2701 3952 3043 4009 discumbent
3072 3953 3122 4004 in
3146 3964 3312 4023 regno
3341 3949 3459 4005 Dei.

189 4030 320 4073 runt.
350 4022 474 4079 Cum
524 4035 703 4080 autem
756 4020 1037 4079 intraverit
1089 4021 1498 4078 Paterfamilias.
1531 4030 1587 4075 et
1616 4022 1762 4075 clau-
1868 4023 1938 4077 Et
1963 4020 2091 4079 ceae
2121 4033 2247 4079 sunt
2275 4026 2325 4079 in
2367 4028 2677 4081 novissimis
2723 4026 2811 4091 qui
2849 4020 3227 4091 eruiitmriuii.
3271 4032 3326 4076 et
3368 4024 3463 4090 qui

190 4094 308 4167 serit
349 4097 566 4150 ostium.
614 4097 881 4167 incipietis
930 4097 1057 4150 toris
1101 4104 1265 4148 stare.
1317 4105 1392 4167 et
1419 4093 1633 4167 pulsare
1675 4110 1763 4146 os-
1867 4105 1995 4150 sunt
2025 4098 2179 4164 primi
2206 4108 2364 4153 erunt
2391 4096 2692 4152 novissimi.
2726 4097 2781 4151 ln
2804 4098 2912 4167 ipsa
2941 4093 3251 4167 autem_die.
3277 4107 3466 4167 acces-

193 4160 326 4241 tiiuu.
366 4160 745 4241 dicentes.A(c')
807 4168 1030 4241 Domine
1078 4168 1311 4241 Domine
1460 4165 1607 4233 aperi
1663 4181 1763 4241 no-
1869 4160 2059 4241 serunt
2104 4168 2176 4241 ad,
2218 4184 2340 4223 eum
2386 4169 2599 4239 quidatn
2636 4184 2703 4224 ex
2746 4160 3051 4222 Plfarisaeis
3080 4165 3323 4241 dicentes
3356 4164 3458 4241 illi.

196 4231 278 4315 bis:
323 4248 375 4292 ct
422 4230 952 4315 respondensdicet
1005 4239 1178 4315 vobis.
1232 4230 1424 4315 l‘iescio
1472 4230 1568 4290 vos
1624 4236 1765 4291 unde
1871 4239 2214 4315 Exietvade
2244 4230 2539 4315 hine-quia
2578 4241 2959 4315 llerodesv‘ult
2997 4246 3052 4315 t_e
3098 4236 3361 4315 occidere
3398 4230 3466 4290 Et

198 4306 314 4363 sitis.
380 4306 527 4365 tunc
556 4310 820 4380 incipietis
867 4312 1046 4365 dicere
1094 4308 1541 4381 Manducavimus
1580 4323 1761 4381 curato
1870 4313 1945 4365 ait
1974 4311 2079 4366 illis
2105 4311 2280 4366 Jesus.
2309 4313 2387 4368 Ite
2414 4306 2466 4365 et
2493 4313 2657 4367 dicite
2690 4312 2834 4381 vulpi
2867 4311 2964 4365 illi.
3003 4312 3141 4366 Ecce
3165 4306 3302 4363 eicio
3330 4307 3459 4381 dae—

200 4383 237 4451 te
275 4389 327 4434 et
364 4382 614 4436 bibimus.
662 4378 714 4437 et
773 4383 825 4435 in
882 4382 1073 4451 plateis
1128 4381 1329 4435 nostris
1388 4379 1638 4435 docuisti.
1694 4378 1764 4433 Et
1870 4384 2072 4439 monia.
2104 4394 2159 4437 et
2184 4384 2445 4439 sanitates
2476 4386 2712 4451 perlicio.
2766 4378 2927 4439 hodie
2952 4393 3005 4439 et
3046 4396 3184 4438 cras.
3224 4391 3279 4435 et
3307 4378 3462 4451 tertia

201 4446 315 4505 dicet
342 4456 515 4507 vobis.
564 4454 758 4508 Nescio
790 4446 893 4508 vos
921 4454 1065 4507 unde
1098 4455 1259 4525 sitist
1289 4452 1553 4525 discedite
1605 4466 1633 4503 a
1677 4466 1765 4505 me
1871 4456 1960 4509 die
2009 4459 2429 4510 consuinmalior
2476 4446 2861 4511 Verumtamen
2903 4464 3119 4525 oportet
3148 4468 3253 4508 me.
3305 4449 3467 4525 hodie

201 4533 363 4596 milites
393 4526 484 4595 qui
511 4525 809 4595 operamini
834 4526 1191 4596 iniquitatem.
1244 4523 1317 4596 Ilii
1364 4524 1467 4578 crit
1502 4521 1678 4596 ticius.
1710 4530 1765 4576 et
1872 4537 1925 4581 et
1954 4541 2094 4581 cras.
2129 4538 2184 4581 et
2209 4528 2456 4595 sequenti
2484 4529 2785 4582 ambulare.
2817 4520 3074 4596 quianon
3103 4534 3189 4580 est
3209 4520 3463 4596 possibile

200 4594 375 4669 stridor
406 4592 669 4652 dentium.
692 4597 1096 4669 cumAwderitis
1118 4594 1392 4669 Abraham
1431 4604 1485 4647 et
1513 4593 1680 4647 Isaac.
1711 4601 1768 4647 et
1872 4598 2197 4669 Prophetam
2244 4592 2421 4668 perire
2476 4608 2627 4655 extra
2677 4592 3039 4654 Hierusalem.
3101 4592 3458 4652 Hierusalem.

198 4661 360 4723 lacob.
388 4676 446 4724 et
472 4684 666 4726 omnes
688 4667 989 4739 Prophetas
1010 4667 1066 4722 in
1092 4682 1260 4737 regno
1286 4666 1402 4722 Dei.
1443 4680 1541 4720 vos
1585 4674 1765 4719 autem

1442 4756 1671 4815 CODEX
1702 4756 2171 4815 CORBEIENSIS.

1946 4855 2037 4911 55.
2077 4854 2197 4922 Ite;
2226 4854 2349 4927 quia
2381 4868 2489 4910 non
2511 4852 2656 4924 capit
2683 4850 3030 4923 Prophetam,
3060 4858 3167 4906 etc.

2698 3657 2790 3713 54.
2833 3656 3176 3713 Hierusalem
3197 3695 3212 3722 ,

254 4856 336 4933 gi.
378 4860 581 4916 intrare
609 4875 710 4929 per
737 4866 1025 4933 angustum
1054 4857 1275 4933 ostium.

255 4930 335 4987 32.
376 4941 432 4988 et
454 4934 707 5005 sequenti
733 4930 1177 4990 consummabor.

1392 5017 1789 5078 VARIANTES
1823 5013 2227 5073 LECTIONES.

199 5151 203 5157 -
251 5122 264 5153 ³
298 5122 400 5172 Gut.
433 5134 608 5171 omnes
642 5122 914 5184 operamini
948 5120 1248 5183 iniquitates.
1288 5121 1406 5184 Mm.
1441 5131 1648 5184 omnes,
1684 5117 1769 5180 qui
1936 5116 1959 5146 ³
1995 5114 2102 5164 ϐαι.
2125 5117 2173 5164 et
2187 5114 2307 5165 Hm.
2327 5111 2423 5163 Ubi
2439 5113 2553 5162 erit.
2573 5111 2755 5163 recenti
2767 5121 2932 5174 manu,
2951 5107 3073 5161 lllic.
3099 5106 3245 5175 Vulg.
3265 5108 3342 5160 Ibi
3357 5110 3471 5161 erit.

200 5186 444 5245 operamini
463 5182 766 5248 iniquitates.
798 5184 944 5249 Vulg.
968 5182 1140 5233 Mnes
1156 5183 1368 5247 Operarii
1393 5182 1673 5245 iniquitatis.

885 5281 1178 5323 LECTIONES
1202 5278 1405 5322 CODICIS
1429 5276 1839 5320 VINDEBONENSIS
1859 5276 2138 5317 ABEUNTES
2160 5277 2225 5317 AB
2251 5275 2495 5317 EDITIONE
2519 5274 2778 5315 VULGATA.

251 5367 317 5415 2t.
342 5367 713 5426 perangustum
738 5362 950 5426 ostium;
976 5361 1089 5426 quia
1107 5359 1215 5409 dico
1236 5358 1581 5426 vobiszmulti
1622 5370 1776 5426 qu_ae-
1883 5361 2055 5426 tatem.
2102 5353 2904 5426 _28._l_)roph_etasintroeuntesjp
2936 5364 3113 5426 regno.
3294 5354 3348 5399 et
3388 5360 3472 5400 re-

202 5416 545 5478 runtititrare:
582 5425 664 5475 25.
692 5430 744 5473 et
765 5416 973 5473 cluserit
996 5416 1173 5473 ostium
1197 5458 1210 5478 ,
1256 5427 1309 5470 et
1346 5416 1653 5483 incipietis...'
1674 5420 1776 5469 Do-
1884 5418 2133 5483 cumbent.
2170 5419 2276 5483 751.
2304 5416 2498 5481 quidam
2520 5417 2761 5466 dicentes.
2828 5416 2906 5465 32.
2928 5421 2981 5463 et
3003 5416 3473 5483 sequenticousum-

203 5476 347 5554 tuine,
372 5488 650 5554 Domine...
680 5486 844 5554 dicet_:
878 5484 1059 5554 Nescio
1081 5476 1205 5554 los.
1251 5483 1348 5554 26.
1385 5476 1778 5554 Manducaliimus
1882 5494 2007 5532 mor.
2163 5476 2692 5554 Deest,'_verumtamen
2712 5485 2907 5543 oportet
2925 5491 3007 5528 me
3030 5476 3262 5537 bodie,et
3282 5488 3408 5541 cras,
3423 5483 3477 5527 et

206 5542 347 5605 coram'
365 5559 481 5604 te...
505 5550 704 5610 Nescio,
730 5549 862 5599 unde
888 5550 1013 5598 sitis.
1079 5546 1156 5597 27.
1180 5547 1264 5611 qui
1301 5548 1571 5609 operamini
1598 5545 1775 5608 iniqui-
1883 5545 2113 5606 sequenti
2151 5544 2234 5594 die
2250 5542 2519 5593 ambulare.

1484 5647 1854 5704 BLANCHINI
1878 5647 2105 5704 ΝΟΤΔΕ.

269 5747 435 5825 (a)_lta
466 5756 523 5802 et
548 5756 660 5825 tex.
687 5745 785 5825 Gr.
814 5742 961 5822 ἀφὀὖ
988 5739 1048 5802 ἂν
1074 5747 1357 5825 ἒγερθῇ.-
1384 5743 1463 5816 (b)
1495 5743 1627 5799 Post
1651 5744 1880 5815 pulsare,
1910 5742 2063 5799 deest
2084 5743 2291 5811 ostium,
2322 5744 2483 5799 etiam
2513 5744 2567 5798 in
2595 5744 2719 5800 cod.
2746 5742 2903 5801 Cant.
2934 5771 3004 5787 --
3023 5740 3098 5814 (ε)
3121 5740 3329 5796 Textus
3349 5756 3457 5814 quo

213 5836 297 5893 que
319 5819 427 5877 'Gr.
460 5821 699 5892 geminat
721 5819 891 5899 Κύριέ.
