3716 6344
845 416 1075 475 CODEX
1107 415 1646 475 VERCELLENBIS.

450 511 787 568 Hierusalem
806 553 820 577 ,
1283 522 1410 568 ante
1440 512 1615 567 illum.

448 599 590 652 quae
621 583 821 638 occidis
1283 586 1336 640 5.
1383 586 1447 638 Et
1473 583 1808 652 respondens
1822 623 1835 646 ,

452 655 782 724 PrOphetas,
1282 656 1420 711 dixit
1449 655 1606 712 Jesus

453 735 507 782 et
535 727 737 797 lapidas
760 741 854 781 eos
872 768 888 792 ,
1282 728 1350 782 ad
1377 727 1536 796 Legis

451 800 541 868 qui
566 796 717 852 missi
746 799 884 853 sunt
1282 799 1536 854 doctores
1555 840 1570 864 ,
1603 805 1662 852 et

449 879 506 924 at
535 880 619 935 te;
650 869 868 938 saepius
1286 869 1609 924 l’harisaeos
1639 887 1652 921 :

453 941 594 996 volui
628 955 765 996 con-
1283 943 1328 996 si
1361 943 1488 997 licet
1507 941 1630 996 sab-

1286 1014 1426 1068 batis
1453 1014 1474 1046 ²
1503 1027 1660 1067 cura-

1286 1085 1342 1139 4.
1385 1083 1483 1139 re?
1513 1084 1593 1137 Ad
1622 1085 1697 1139 illi
1728 1092 1809 1138 ta-

1286 1163 1532 1211 cuerunt.
1557 1153 1642 1222 lp-

1287 1244 1347 1283 se
1379 1229 1556 1296 itaque
1585 1226 1606 1256 ³
1637 1226 1732 1281 ad-

1285 1297 1628 1369 prehendens

1286 1385 1505 1425 manum
1537 1371 1602 1424 il-

1288 1443 1390 1496 lius
1410 1484 1426 1508 ,
1457 1449 1700 1498 curatum

1287 1528 1408 1568 eUm
1432 1512 1654 1568 dimisit.

1287 1585 1340 1639 5.
1385 1585 1450 1639 Et
1481 1584 1560 1654 (ά)
1591 1584 1788 1655 ᾱίχίιιι·
1817 1584 1884 1640 ad

1290 1656 1411 1710 illos
1445 1675 1457 1710 :
1488 1657 1653 1725 Cujus

451 1029 611 1084 grega
621 1028 679 1067 re
709 1011 812 1066 lili-

447 1100 511 1140 os
550 1094 676 1140 tuos
695 1124 708 1146 .
743 1100 932 1155 quem-

450 1156 745 1211 admodum

486 1227 652 1282 allina
674 1227 760 1281 ni-

490 1315 579 1354 lllll
609 1315 766 1355 suum

450 1372 554 1426 sub
581 1372 697 1424 alas
728 1384 888 1440 suas,

453 1453 509 1497 et
535 1442 788 1497 noluistis
811 1444 825 1498 !

453 1515 544 1569 55.
579 1514 717 1568 Ecce
740 1515 904 1570 relin-

453 1587 636 1654 quitur
665 1600 758 1638 vo—

451 1657 536 1714 bis
561 1657 752 1711 domus
775 1672 899 1714 ves-

457 1740 536 1783 tra
566 1727 804 1784 deserta.

453 1800 585 1854 Dico
607 1799 751 1854 enim
776 1802 792 1832 ί
821 1816 914 1858 vo-

455 1871 537 1926 bis
557 1912 573 1936 ,
601 1872 722 1937 quia
749 1888 858 1927 non

1286 1738 1522 1782 vestrum
1546 1768 1560 1793 ,
1593 1730 1704 1784 asi-

1284 1815 1404 1863 nus,
1437 1808 1530 1852 aut
1558 1799 1655 1855 bos

1284 1873 1327 1924 si
1355 1871 1615 1925 ceciderit

453 1941 709 1997 videbitis
730 1959 847 2011 me,
1285 1942 1336 1996 in
1364 1953 1588 2010 puteum

455 2013 630 2068 donec
655 2014 806 2068 veni-
1283 2013 1508 2066 sabbato
1527 2054 1541 2077 ,
1569 2031 1678 2072 non

454 2093 510 2138 at
537 2085 682 2150 dies,
717 2100 887 2156 quan-
1283 2086 1544 2138 continuo

455 2156 526 2210 do
553 2156 777 2210 dicatis:
812 2159 910 2214 De-
1285 2157 1538 2210 extrahet
1561 2158 1627 2214 il-

457 2226 733 2293 nedictus,
763 2233 855 2298 qui
1285 2227 1393 2298 lum
1423 2227 1596 2298 indie

1291 2295 1344 2352 6.
1367 2297 1634 2383 sabbati?
1663 2298 1734 2355 Et
1762 2312 1870 2354 no

1292 2378 1538 2438 poterant
1562 2378 1611 2426 ei

461 2299 614 2354 venit
643 2300 694 2352 iu
719 2315 815 2352 no-

455 2370 602 2425 mine
631 2370 866 2427 Domini.

633 2485 862 2552 CAPUT
891 2488 1031 2558 xiv.
1287 2443 1620 2568 ξῗιδῗιὲῗῗθκ

460 2577 510 2632 1.
555 2577 622 2633 Et
653 2579 854 2636 factum
884 2592 1004 2650 est,
1288 2583 1341 2636 7.
1389 2583 1610 2640 Dicebat
1636 2594 1817 2640 autem

455 2661 579 2706 cum
609 2652 804 2707 intras-
1287 2664 1343 2708 et
1371 2655 1437 2710 ad
1466 2655 1662 2711 invita-

455 2730 540 2796 set
568 2721 867 2796 in‘domum
1289 2733 1372 2780 tos
1402 2729 1631 2796 parabo-

455 2793 736 2865 cujusdam
1286 2793 1419 2865 lam,
1445 2799 1613 2855 deno-

455 2863 722 2946 Principis
751 2867 890 2924 Phar
1287 2863 1409 2946 tatis
1435 2885 1531 2926 eos
1546 2885 1689 2946 quo-

455 2942 758 3008 risaeorum
1288 2942 1451 2996 modo
1480 2944 1587 3008 pri-

454 3007 681 3062 sabbato
708 3025 860 3066 man-
1291 3027 1408 3066 mos
1441 3007 1618 3069 discu-

455 3077 657 3134 ducare
687 3096 777 3154 pae
1287 3083 1430 3138 bitos
1451 3085 1618 3154 elige-

458 3164 582 3204 nem
602 3193 616 3217 ,
647 3161 702 3205 et
731 3151 800 3208 ibi
1288 3165 1409 3209 rent
1429 3198 1443 3220 ,
1473 3151 1660 3212 dicens

456 3233 615 3276 erant
639 3223 825 3278 obser—
886 3259 900 3273 .
1287 3226 1355 3280 ad
1379 3241 1473 3279 cos
1505 3242 1521 3280 :

457 3303 647 3348 vantes
680 3295 850 3360 illum,
1289 3297 1342 3352 8.
1385 3295 1518 3351 Cum
1551 3299 1742 3354 invita-

458 3361 514 3415 2.
561 3364 626 3417 Ει
652 3379 778 3420 ecce
808 3368 969 3423 homo
1290 3378 1374 3422 tus
1404 3369 1564 3424 fuerit

459 3433 678 3510 quidam
707 3436 805 3508 hy-
1287 3441 1482 3510 aliquis
1510 3441 1575 3496 ad

458 3505 715 3576 dropicus
744 3505 858 3563 erat
1287 3505 1500 3582 nuptias
1521 3554 1535 3578 ,
1571 3530 1676 3569 non

991 300 1256 358 EUSEBII
1299 299 1630 357 VERCELL.
1676 295 2122 355 EVANGEIJUM
2159 295 2300 350 CUI!
2341 294 2568 351 VABIIS
2605 295 2760 352 COD.
2802 294 3202 353 COLLATUM.

2568 412 2802 470 CODEX
2847 411 3313 470 VERONENSIS.

2146 505 2481 561 Hierusalem
2499 551 2512 574 ,
2977 521 3067 559 tuo
3098 503 3141 576 -ξ-
3175 501 3387 574 hydro—

2143 592 2282 646 quae
2310 579 2508 632 occidis
2975 579 3128 647 picus
3155 585 3282 630 erat

2071 649 2081 659 '
2145 647 2447 717 Prophetas
2466 691 2481 714 ,
2976 661 3107 703 ante
3140 647 3323 702 illum.

2143 729 2199 775 et
2224 719 2431 789 lapidas
2976 721 3029 775 5.
3058 719 3127 774 Et
3153 733 3390 788 respon-

2144 807 2241 848 eos
2261 833 2274 854 ,
2299 793 2388 860 qui
2421 791 2485 845 ad
2977 792 3111 845 dens
3133 789 3320 844 Jesus.

2147 873 2200 919 te
2227 862 2536 932 mittuntur;
2977 865 3044 917 ad
3074 862 3237 931 Legis
3267 876 3369 931 pe-

2146 938 2398 1002 quotieus
2424 950 2520 988 vo-
2977 935 3136 998 ritos,
3166 941 3223 987 et

2148 1007 2219 1061 lui
2247 1021 2476 1074 congre-
2981 1006 3312 1061 Pharisaeos
3333 1047 3349 1070 ,

2146 1092 2276 1148 gare
2317 1077 2456 1132 ﬁlios
2985 1115 2999 1130 .
3042 1119 3060 1132 .
3105 1116 3119 1129 .
3167 1117 3181 1129 .
3226 1119 3240 1131 .
3291 1115 3306 1130 .
3351 1074 3552 1134 Silica

2146 1157 2267 1202 tuos
2283 1191 2298 1212 ,
2332 1163 2522 1217 quem-
2982 1149 3209 1204 sabbato
3236 1164 3336 1202 cu-

2148 1220 2436 1292 adutodum
2983 1236 3130 1284 rare,
3167 1218 3241 1292 (c)
3269 1235 3342 1274 an

2146 1291 2344 1361 gallina
2377 1295 2560 1354 nidum
2979 1293 3035 1347 4.
3078 1290 3187 1345 non
3212 1295 3249 1362 ἢ·
3279 1292 3304 1345 ἳ
3348 1290 3435 1347 ΑΔ

2146 1377 2303 1416 suum
2333 1367 2434 1420 sub
2983 1365 3058 1418 illi
3091 1374 3273 1418 tacue—

2147 1433 2352 1505 pinuis,
2381 1449 2434 1494 et
2984 1447 3132 1490 runt.
3171 1435 3294 1504 Ipse

2151 1505 2402 1578 noluisti!
2984 1523 3115 1562 vero
3147 1510 3353 1578 adpre-

2147 1576 2236 1632 55.
2281 1577 2420 1637 Ecce
2455 1582 2620 1638 relin-
2987 1576 3374 1634 hensum'enm

2148 1656 2342 1716 quetur
2373 1654 2528 1709 vobis
2985 1655 3221 1716 sanavit,
3250 1665 3320 1706 ac

2149 1721 2342 1773 domus
2373 1736 2550 1779 vestra
2985 1722 3193 1776 dimisit

2145 1790 2381 1848 deserta.
2417 1797 2546 1851 Dico
2986 1809 3133 1846 eum.

2146 1859 2223 1932 (α)
2262 1866 2415 1921 vobis
2435 1866 2516 1938 τ,
2985 1866 3049 1938 5.Δ
3083 1863 3152 1938 et
3183 1865 3267 1937 (ά)
3301 1865 3481 1938 dixitf

2145 1947 2257 1992 non
2288 1952 2375 1992 me
2405 1935 2487 1992 vi-
2987 1935 3054 1990 ad
3085 1935 3212 1990 illos
3241 1935 3255 1989 ἐ
3290 1936 3389 1993 Cu-

2148 2001 2345 2060 debitis
2364 2049 2378 2073 ,
2409 2010 2508 2064 do-
2983 2007 3074 2078 jus
3103 2019 3352 2064 vestrum

2153 2089 2253 2129 nec
2279 2081 2463 2135 veniat
2987 2078 3200 2145 asinus,
3231 2092 3330 2135 aut

2150 2145 2270 2220 dies
2291 2189 2306 2211 ,
2339 2166 2462 2206 cum
2990 2151 3089 2204 bos
3115 2153 3168 2204 in
3201 2167 3299 2220 pu-

2151 2216 2349 2275 dicetis
2379 2240 2393 2275 :
2422 2224 2526 2284 Be-
2991 2230 3136 2275 teum
3165 2216 3389 2288 cadens,

2152 2289 2406 2371 nedictus
2429 2339 2446 2366 ,
2475 2301 2566 2371 qui
2989 2301 3045 2371 et
3068 2309 3177 2348 non
3203 2309 3340 2371 conf

2154 2362 2303 2416 venit
2336 2366 2388 2420 in
2420 2362 2518 2426 n01
2992 2367 3144 2420 tinuo
3175 2365 3407 2421 extrahit

2154 2434 2303 2489 mine
2327 2442 2436 2497 Do-
2990 2437 3140 2491 illum
3174 2437 3264 2491 die
3290 2435 3501 2492 δεδωύῖ

2156 2504 2310 2560 mini.
2990 2508 3045 2568 6.
3087 2508 3157 2562 Et
3187 2526 3298 2564 non
3327 2525 3417 2576 po-

2333 2625 2562 2688 CAPUT
2595 2625 2737 2690 xw.
2992 2580 3435 2721 ξὲξῖἓξιὲξτῗα

2157 2725 2208 2778 1.
2252 2722 2320 2778 Et
2350 2721 2551 2776 factum
2993 2725 3046 2778 7.
3091 2724 3187 2777 illi.
3220 2723 3443 2779 Dicebat

2158 2804 2241 2850 est
2264 2835 2280 2861 ,
2309 2804 2366 2849 ut
2390 2795 2562 2848 intra-
2991 2806 3169 2851 autent
3200 2795 3270 2848 ad

2156 2878 2238 2922 ret
2263 2867 2314 2920 in
2337 2866 2557 2919 domum
2992 2867 3270 2929 invitatos,
3300 2866 3384 2920 in-

2155 2937 2436 3007 cujusdatn
2995 2939 3224 2994 tendens
3246 2953 3382 3007 quo-

2156 3011 2422 3078 Principis
2995 3010 3154 3066 modo
3186 3012 3397 3076 primos

2157 3084 2571 3138 Pharisaeorum
2991 3084 3241 3138 acubitos
3262 3080 3368 3136 eli-

2153 3155 2376 3209 sabbato
2408 3169 2559 3209 man-
2989 3155 3210 3225 gebant,
3235 3153 3326 3208 di-

2151 3228 2353 3282 ducare
2386 3243 2477 3295 ρα-
2986 3241 3118 3281 cens
3145 3226 3213 3279 ad
3244 3225 3311 3278 il-

2151 3314 2274 3353 nem
2297 3341 2311 3361 .
2344 3311 2396 3353 nt
2428 3299 2528 3368 ipsi
2983 3299 3036 3354 8.
3079 3302 3202 3352 los:
3230 3297 3374 3351 Cum

2151 3372 2512 3425 observabant
2990 3371 3256 3425 invitatus
3285 3370 3411 3426 l'uoe

2151 3444 2206 3496 2.
2249 3458 2392 3497 eum.
2431 3442 2499 3496 Et
2993 3442 3068 3495 ris
3093 3441 3167 3513 (c)
3192 3441 3264 3495 ab
3292 3441 3401 3495 ali-

2152 3530 2281 3569 ecce
2316 3513 2391 3586 (ὸ)
2425 3514 2524 3568 ho-
2993 3511 3108 3582 quo
3129 3511 3168 3583 ἦ·
3189 3554 3208 3580 ,
3243 3513 3365 3568 noli

1766 3629 1999 3698 CODEX
2037 3629 2425 3698 BRIXIANUS.

460 3714 820 3797 Hierusalem.
855 3733 993 3797 quae
1020 3719 1229 3797 occidis
1255 3720 1575 3797 PrOphetas.
1623 3733 1675 3779 et
1724 3724 1932 3794 lapidas
1957 3741 2052 3782 eos

453 3787 547 3855 qui
576 3787 952 3866 mittuntur’ad
973 3801 1053 3866 te.
1085 3794 1335 3866 quotiens
1366 3787 1509 3848 volui
1540 3787 1871 3866 ceugregare
1906 3787 2051 3851 ‘lilios

458 3868 598 3935 tuos.
627 3860 1081 3935 quemadmodum
1126 3865 1324 3933 gallina
1375 3866 1552 3934 pullos
1581 3860 1709 3930 suos
1746 3860 1848 3930 sub
1873 3869 2052 3935 pinnis

453 3932 566 4005 suis
591 3941 644 3989 et
671 3932 912 4005 noluisti.
949 3934 1090 3990 Ecce
1111 3932 1452 4005 relinquetur
1480 3938 1633 3994 vobis
1662 3939 1854 3993 domus
1873 3932 2050 3996 vestra

452 4002 664 4079 deserta
710 4003 1074 4079 Di_co,_a_utem
1127 4002 1297 4062 vobis.
1344 4010 1472 4078 quia
1508 4025 1612 4063 non
1649 4011 1897 4066 videbitis
1939 4027 2047 4066 me.

451 4073 630 4154 donec
661 4073 994 4155 veniat'dies
1017 4073 1383 4155 cutttndicetis'.
1433 4081 1754 4155 \‘enedictus
1782 4084 1872 4149 qui
1906 4084 2051 4155 venit

452 4146 507 4198 in
538 4146 756 4224 nomine
783 4146 1346 4224 Domini._Et_faetntn
1379 4160 1462 4208 est
1492 4152 1616 4224 dum
1646 4146 1926 4212 introisset
1954 4154 2048 4210 Je-

453 4217 645 4293 su_s_in
699 4215 917 4293 domum
955 4220 1236 4287 cujusdam
1288 4221 1557 4293 Principis
1603 4224 2042 4284 Pharisaeorum.

453 4285 682 4342 sabbato
721 4285 1046 4364 manducare
1076 4308 1300 4364 panem.
1342 4303 1397 4347 et
1439 4285 1535 4364 ipsi
1568 4305 1720 4352 erant
1749 4298 2046 4352 obserVan-

454 4368 536 4416 tes
564 4371 711 4418 eum.
745 4357 814 4414 Et
834 4375 962 4416 ecce
985 4357 1146 4417 homo
1179 4363 1394 4434 quidam
1419 4357 1750 4437 h'ydropieus
1770 4381 1890 4426 erat
1917 4379 2043 4430 ante

2159 3727 2328 3792 illum.
2365 3727 2428 3788 Et
2455 3725 2791 3793 respondens
2822 3725 2980 3781 Jesus
3009 3725 3144 3780 dixit
3174 3726 3245 3779 ad
3274 3726 3436 3794 Legis
3467 3722 3610 3794 perita:
3629 3727 3652 3766 ei

2159 3797 2484 3852 Pharisaeos
2513 3797 2666 3868 Licet
2694 3797 2919 3852 sabbato
2947 3813 3138 3852 curare
3169 3797 3245 3868 (c)
3296 3810 3395 3851 aut
3441 3810 3533 3850 non
3555 3795 3590 3860 ὴ.
3611 3795 3648 3839 $1

2158 3870 2233 3924 illi
2264 3879 2570 3925 tacuerunt.
2619 3867 2739 3937 Ipse
2770 3885 2898 3924 vero
2921 3870 3329 3939 adprehensum
3374 3870 3646 3938 homineet

2159 3944 2304 3996 navit
2329 3957 2472 3996 eum.
2510 3948 2565 3995 et
2588 3940 2810 3996 dimisit.
2863 3943 2926 3996 Et
2955 3942 3294 4010 respondens
3341 3940 3636 4004 disits“!
3690 3940 3691 3982 l

2157 4011 2322 4081 Cujus
2355 4023 2589 4071 vestrum
2619 4013 2778 4066 Illius.
2801 4024 2891 4068 ant
2919 4016 3016 4067 bus
3036 4015 3178 4066 cadit
3209 4011 3264 4072 iu
3299 4013 3628 4082 puteum!!!

2157 4077 2414 4137 continuo
2443 4085 2639 4138 levavit
2665 4084 2814 4137 illum
2836 4085 2887 4137 iu
2911 4085 2997 4152 die
3025 4085 3276 4138 sabbato.
3295 4077 3368 4138 Et
3390 4077 3630 4152 non”

2157 4156 2206 4209 ei
2235 4156 2568 4228 reSpoudere
2595 4156 2659 4208 ad
2693 4155 2842 4210 haec.
2897 4147 3117 4228 Dicebat
3163 4165 3348 4228 autem
3395 4157 3460 4228 ad
3504 4147 3640 4228 in?

2157 4227 2489 4298 parabolam.
2540 4227 2829 4298 intendens
2854 4227 3319 4298 quemadmodum
3350 4227 3645 4298 priuth

2154 4291 2297 4352 bitos
2328 4299 2622 4364 eligebant.
2657 4297 2842 4354 dicens
2872 4291 2939 4353 ad
2967 4312 3085 4353 eos.
3135 4295 3274 4354 Cum
3303 4291 3652 4354 invitatnsfilllis

2151 4369 2224 4442 (θ)
2253 4370 2321 4424 ab
2343 4370 2520 4440 aliquo
2541 4369 2582 4440 'l-
2611 4370 2678 4424 ad
2709 4373 2944 4440 nuptias.
2975 4370 3086 4424 noli

1728 4482 1961 4538 CODEX
1998 4480 2468 4546 CORBEIENSIS.

521 4569 615 4643 ξι.
659 4583 824 4643 saepe
858 4568 1002 4643 volui
1034 4586 1366 4643 congregare
1395 4573 1556 4640 ﬁlios.

530 4631 656 4697 CAP.
684 4631 826 4695 XIV.
855 4669 927 4681 ——
947 4641 1000 4696 8.
1033 4631 1170 4698 Cum
1202 4631 1458 4701 invitatus
1488 4635 1652 4702 fuerit
1677 4647 1798 4719 quis
1815 4649 1881 4703 ad
1912 4665 2050 4719 nup-

2160 4580 2281 4648 tias,
2315 4597 2422 4640 non
2454 4581 2758 4642 discumbat
2784 4581 2840 4645 in
2866 4582 3044 4654 primo
3073 4582 3212 4640 loco.

1698 4765 2092 4825 VARIANTES
2130 4765 2536 4824 LECTIONES.

514 4861 531 4891 ί
571 4859 680 4910 Gal.
705 4860 848 4910 vobis
871 4873 882 4909 :
903 4870 998 4907 non
1038 4856 1268 4908 videbitis
1290 4871 1390 4916 me.
1415 4862 1532 4911 llus.
1560 4860 1730 4916 vobis:
1753 4873 1848 4909 non
1873 4874 1952 4909 me
1973 4865 2044 4910 vi-

449 4923 634 4973 debitis
655 4923 845 4977 amodo,
870 4923 1028 4970 donec
1049 4921 1222 4970 dicatis
1249 4935 1260 4970 :
1288 4921 1602 4972 Benedictus.
1642 4915 1747 4971 Gal.
1777 4936 1886 4970 cum
1909 4923 2040 4972 diea-

449 4954 1028 5050 '?Zt§."¥3tiisfilui§
1041 4997 1134 5033 non
1159 4954 1390 5034 videbitis
1412 4954 2044 5050 maldbne’cﬂe‘nia‘tlieuwm
2592 4954 2954 5033 satiavitertigr
2970 4954 3662 5047 VuigT-apprzhensum,tsaniiiz

447 5047 644 5099 dicetis.

1157 5143 1443 5186 LECTIONES
1467 5145 1668 5187 CODICIS
1688 5147 2100 5188 VINDEBONENSIS
2125 5147 2401 5198 ABEUNTES
2429 5147 2495 5189 AD
2522 5147 2772 5188 EDI'I'IONB
2796 5145 3058 5187 νυιαΑτΑ.

513 5221 594 5271 54.
628 5222 882 5271 mittuntur
923 5223 980 5270 ad
1007 5232 1090 5284 te;
1127 5235 1277 5333 sagae
1301 5223 1555 5282 volui......
1576 5222 1753 5286 gallina
1775 5222 1928 5284 pullos
1950 5224 2044 5272 sub

513 5297 554 5332 is
575 5297 705 5333 suas.
727 5291 797 5333 et.
865 5284 939 5333 35.
970 5294 1147 5333 vestra.
1235 5287 1311 5333 ico
1342 5286 1494 5333 vobis.
1519 5295 1672 5333 non...
1691 5279 1849 5333 donec
1870 5283 2044 5333 dicatis

453 5284 554 5396 gis
569 5297 730 5395 2351;;
727 5291 797 5334 et.
865 5284 939 5334 35.
970 5279 1147 5335 vestra.
1191 5279 1316 5334 Dico.
1342 5279 1494 5346 vobis,
1519 5279 1672 5334 non...
1691 5279 1849 5334 donec
1870 5283 2048 5336 dicatis

533 5361 564 5393 lt
635 5361 646 5394 l
731 5359 775 5395 8.

805 5435 868 5444 —
889 5410 936 5460 1.
960 5409 1020 5461 Et
1041 5409 1225 5462 factum
1248 5415 1342 5469 est,
1366 5414 1440 5460 ut.
1501 5409 1549 5458 2.
1567 5408 2048 5472 homoﬂhydmpicus.

515 5473 565 5522 5.
590 5469 896 5523 dixitJesus.
960 5473 1007 5524 ι.
1034 5488 1149 5524 eum
1172 5474 1380 5532 stillavit,
1398 5485 1456 5524 ac
1475 5471 1658 5523 dimisit
1692 5469 1847 5524 illum.
1893 5469 1965 5522 '5.
1990 5471 2054 5522 Et

2210 4862 2232 4892 ³
2267 4862 2386 4909 Mm.
2412 4871 2605 4918 curare,
2631 4865 2714 4908 aut
2729 4857 2863 4908 non?
2890 4855 3036 4920 Vulg.
3063 4867 3244 4910 curare
3262 4853 3289 4905 ξ’

2213 4924 2234 4954 ³
2267 4923 2372 4972 Gal.
2402 4911 2762 4983 adpt'chensum
2788 4911 3064 4983 hominem,
3087 4920 3436 4983 sanaviullm.
3463 4911 3663 4983 αἱρετιᾺῷ

2151 5027 2255 5046 -"""
2279 5027 2568 5046 """“"'r"
2594 5027 2780 5033 "‘r'"
2809 5027 2934 5033 ""—'
2974 5027 2983 5033 '
3016 5027 3114 5047 '"J'
3144 5027 3443 5046 ‘rr"—""
3501 5027 3512 5036 -
3689 5027 3691 5068 Ι

2151 5063 2285 5097 eum.
3689 5079 3691 5146 ἰ

2149 5223 2271 5290 digii.
2296 5223 2354 5290 ad
2382 5221 2840 5290 ill_os.‘.._in_pnteum
2863 5221 3009 5290 cadit_,
3034 5221 3273 5290 extrahet
3293 5219 3439 5275 illum,
3460 5211 3658 5290 ἐς

2150 5285 2356 5334 sabbati.
2422 5283 2470 5333 7.
2498 5279 2707 5334 Dicebat
2741 5291 2905 5332 autem
2940 5279 3005 5333 ad
3034 5285 3335 5333 invitatos...
3365 5291 3410 5330 et
3445 5279 3601 5328 dicam
3627 5279 3658 5318 ti-

2153 5347 2282 5400 illos.
2347 5348 2397 5396 8.
2417 5348 2531 5398 Cum
2548 5350 2776 5396 invitatus
2795 5346 3076 5399 fueritad...
3094 5359 3192 5400 non
3209 5345 3470 5397 discumbat
3483 5342 3574 5390 in...
3593 5350 3653 5382 ne.

2151 5412 2216 5460 sit
2237 5418 2457 5470 vocatus,
2481 5409 2655 5462 antisse
2676 5410 2738 5459 ab
2763 5409 2863 5461 illo.

1786 5574 2155 5632 BLANCHINI
2185 5574 2407 5633 NOTE.

527 5669 948 5746 (a)_Post_»vobis
973 5715 987 5736 ,
1032 5674 1183 5730 deest
1201 5675 1320 5745 quia
1345 5716 1360 5739 ,
1392 5675 1553 5730 etiam
1598 5673 1652 5729 in
1693 5674 1822 5746 cod.
1847 5671 2002 5728 Cant.
2035 5703 2107 5715 —
2143 5674 2218 5746 (ὁ)
2251 5675 2377 5730 Post
2408 5678 2558 5730 homo
2586 5718 2598 5740 ,
2640 5675 2798 5730 deest
2842 5676 3074 5746 quidam,
3107 5679 3308 5744 pariter
3333 5676 3382 5730 in
3419 5671 3521 5746 cod.
3546 5665 3646 5719 Cm

459 5741 830 5826 Addit
853 5761 1106 5826 lanunon,
1131 5741 1292 5826 etiam
1312 5748 1450 5826 cod.
1487 5745 1706 5826 (ἔθυιλῆ
1837 5776 1912 5826 ς-
1941 5746 2025 5818 (d)
2062 5741 2209 5804 Ante
2233 5748 2364 5803 dixit
2385 5789 2401 5817 ,
2450 5747 2606 5806 deest
2642 5741 2977 5823 respondens,
3021 5741 3224 5826 pariter
3249 5749 3304 5806 in
3331 5746 3444 5802 eod.
3468 5741 3645 5800 (ἔξιθι-⁸

464 5815 534 5892 (ε)
557 5811 787 5869 Additur
812 5814 876 5867 ab
901 5816 1094 5886 aliqua,
1130 5815 1184 5870 in
1215 5825 1345 5873 text.
1379 5831 1594 5892 quoque
1625 5816 1722 5873 Gr.
1748 5818 1853 5874 ὑπὸ
1877 5811 2032 5880 τινόέ.
