3716 6344
533 289 640 345 635
1074 284 1339 343 EUSEBII
1380 283 1716 342 VERCELL.
1761 280 2000 340 E'ANGi

1791 279 2204 340 Z'ANGBLIUI
2239 279 2377 338 CUI
2421 280 2644 339 YARIS
2683 283 2835 340 COD.
2875 281 3258 341 COLLATUH.

929 401 1162 461 CODEX
1199 399 1738 460 νεωειιειλδιε.

2663 398 2900 456 ωθει
2939 398 3371 458 meum.

541 511 602 552 re
629 494 718 552 hic
736 509 927 566 pecca-
1374 509 1540 549 unum
1575 508 1701 563 pec-
2237 503 2550 566 peccatores
3064 535 3078 549 .
3127 538 3141 550 .
3185 536 3198 548 .
3243 534 3256 547 .
3297 532 3311 547 .
3353 497 3529 564 ,μοιό-

541 579 690 625 tores
716 565 857 623 reci-
1373 575 1618 622 catorem
1642 581 1769 635 pae-
2236 565 2521 634 reciperet,
2552 576 2609 621 et
3063 569 3280 622 tentiam
3308 567 3392 621 lia-

544 641 641 710 pit,
675 649 730 695 et
755 640 932 695 vesci-
1377 636 1662 692 nitentiam
2237 635 2588 710 manducaret
3062 639 3235 700 benti,
3265 653 3404 707 quam

547 707 634 767 tur
662 725 784 766 cum
809 712 923 767 eis?
1376 716 1625 780 agentem
1643 747 1658 772 ,
2237 707 2509 780 cuntillis.
2586 777 2598 780 _
3062 711 3116 765 in
3148 725 3339 765 xcvuu.

547 785 610 864 3.
645 782 791 837 Dixit
817 793 998 848 autem
1377 777 1537 850 quam
1561 793 1728 861 super
2336 777 2602 864 Etoaitlad
3058 782 3220 864 justis
3239 783 3350 864 ,qui

545 853 610 910 ad
641 868 737 910 eos
769 869 924 923 para-
1377 866 1579 906 xcxnn.
1601 850 1716 919 ius-
2240 851 2362 905 illos
2386 850 2575 923 simili-
3060 850 3173 907 non
3196 850 3415 923 indigent

548 927 725 982 bolam
757 921 916 992 hanc,
1381 933 1484 982 tos.
1517 923 1714 992 quibus
2241 923 2480 995 tudinem
2513 921 2689 977 hanc:
3066 921 3340 995 paeniten-

548 998 735 1054 dicens
763 1015 777 1050 :
1380 1009 1490 1049 non
1509 1003 1592 1048 est
1618 1008 1712 1047 ne-
2239 995 2293 1048 4.
2335 994 2469 1060 Quis
2498 1009 2564 1047 ex
2591 1009 2688 1052 νο·
3066 994 3220 1052 tiam.

547 1071 603 1126 Δ.
642 1069 774 1137 Quis
805 1083 873 1123 ex
898 1068 1098 1126 vestris
1379 1066 1614 1122 cessuria
1642 1078 1774 1136 pae-
2241 1065 2323 1137 bis
2346 1065 2528 1128 homo,
2562 1067 2652 1133 qui
3067 1068 3122 1123 8.
3165 1069 3270 1123 Aut
3297 1083 3418 1137 quae

551 1135 736 1204 homo,
774 1141 864 1210 qui
891 1140 988 1195 ha—
1379 1138 1628 1192 nitentia.
1650 1135 1653 1136 ⁷
2242 1135 2401 1190 habet
2430 1148 2644 1210 centum
3069 1139 3287 1205 mulier,

549 1213 641 1267 bet
663 1209 803 1268 oves
817 1226 948 1267 cen-
1379 1209 1431 1265 8.
1477 1213 1582 1262 Ant
1609 1222 1746 1278 quae
1775 1221 1893 1262 mu-
2239 1223 2388 1270 oves,
2415 1216 2470 1262 et
2504 1209 2547 1262 si
2576 1224 2660 1262 er-
3072 1211 3276 1266 habens

548 1292 684 1349 tum,
711 1291 766 1338 et
794 1283 840 1338 si
872 1299 969 1355 pe-
1377 1279 1501 1355 lier,
1521 1280 1732 1355 babens
2241 1279 2441 1355 raverit
2465 1295 2566 1332 una
3068 1282 3315 1355 dracmas
3338 1280 3416 1336 de-

549 1357 704 1410 rierit
733 1369 848 1409 una
873 1351 890 1355 “
1383 1351 1671 1406 draclnnas
2240 1366 2304 1405 ex
2329 1353 2428 1415 eis,
2457 1367 2564 1405 non
3072 1369 3218 1416 cem,
3241 1352 3284 1407 si

549 1442 613 1480 ex
635 1425 735 1489 eis,
766 1442 904 1482 non-
1383 1440 1438 1478 ι.
1461 1423 1577 1477 etsi
1602 1421 1781 1494 perdi-
1921 1492 1927 1494 Α
2242 1422 2593 1478 dimmitteret
3074 1424 3362 1494 perdiderit

554 1515 621 1552 ne
652 1497 910 1567 relinquit
1383 1494 1580 1567 diderit
1611 1493 1687 1564 (a)
1714 1506 1874 1548 unam
1905 1492 1943 1562 ",-
2242 1509 2444 1567 rtcvntt.
2466 1495 2517 1548 in
3074 1492 3153 1567 (a)
3196 1510 3344 1549 unam
3362 1495 3413 1566 ῒ,

552 1584 755 1625 xcvmt.
789 1565 842 1622 in
875 1569 972 1626 de-
1383 1581 1447 1621 ex
1476 1566 1605 1630 illis,
1637 1580 1771 1618 non-
2241 1565 2480 1630 deserto,
2513 1576 2568 1621 et
3079 1565 3264 1621 nunne
3283 1582 3365 1620 ac-

552 1651 723 1705 serto,
747 1647 802 1694 et
821 1656 914 1692 va-
1382 1653 1449 1691 ne
1476 1636 1726 1691 accendit
2242 1637 2352 1690 abit
2374 1638 2442 1690 ad
2475 1638 2539 1692 il-
3079 1639 3267 1694 cendit
3292 1639 3438 1693 lucer-

553 1713 634 1768 dit
653 1712 718 1766 ad
738 1712 907 1776 illam,
1383 1708 1682 1772 lucernam,
2244 1708 2371 1772 lam,
2401 1723 2538 1777 quae
3082 1727 3236 1773 nam,
3265 1719 3319 1766 et

551 1798 690 1854 quae
722 1783 882 1852 perit,
1380 1788 1437 1835 et
1465 1779 1821 1854 scopiscom-
2245 1780 2467 1854 erravit,
2491 1779 2588 1854 do-
3082 1784 3271 1854 scopis
3300 1797 3427 1835 mun.

591 1869 842 1936 uaerens,

593 1940 730 1981 onec
761 1940 914 1980 inve-

1382 1851 1609 1906 mundat
1633 1851 1728 1905 do-

1381 1938 1527 1978 mum
1543 1964 1558 1989 ,
1593 1923 1614 1953 ³
1640 1932 1693 1976 et
1721 1937 1884 1992 quae-

2249 1865 2348 1904 nec
2380 1850 2614 1906 inveniat

2247 1920 2299 1974 5.
2333 1924 2493 1978 eam?
2520 1923 2589 1978 Et

3085 1853 3242 1908 davit

3082 1924 3332 1988 domum,

555 1999 669 2052 niat
695 1997 884 2051 illam?
1383 1995 1454 2049 rit
1483 1995 1712 2066 diligen-
2249 2009 2370 2048 cum
2400 1995 2550 2049 inve-
3083 2007 3142 2051 et
3179 1996 3382 2066 quaerit

558 2069 611 2124 5.
646 2069 854 2124 Etcum
877 2069 1028 2128 inve-
1389 2077 1490 2129 ter,
1517 2065 1790 2138 quoatlus-
2253 2067 2394 2120 nerit
2422 2082 2573 2135 eam,
3084 2065 3393 2138 diligenter,

556 2145 719 2206 nerit,
752 2139 906 2210 inpo-
1387 2135 1724 2210 queinvgni-
1876 2209 1881 2210 γ
2255 2177 2269 2190 .
2432 2177 2447 2190 .
2493 2179 2505 2190 .
2553 2180 2564 2192 .
2609 2180 2624 2194 .
2663 2155 2781 2196 eam
3085 2135 3270 2194 don'ec
3301 2140 3376 2193 in-

557 2213 636 2266 nit
665 2207 1004 2284 illam—sup”
1387 2207 1440 2263 9.
1485 2209 1576 2284 at‘.’
1605 2208 1693 2274 Et,
1726 2223 1849 2264 cum
1872 2209 1957 2265 in—
2252 2209 2305 2284 in
2339 2208 2598 2266 humeros
3085 2211 3144 2266 9.
3191 2211 3394 2284 veniat!
3416 2209 3467 2270 it.

555 2298 775 2339 umeros
795 2299 884 2338 su-
909 2280 923 2284 ⁷
1386 2282 1598 2335 venerit
1619 2294 1760 2344 eam,
2251 2280 2304 2335 6.
2347 2295 2497 2343 suos.
2530 2292 2586 2338 et
2604 2298 2695 2340 ve-
3084 2297 3215 2337 cum
3247 2283 3390 2337 inve-

556 2370 640 2423 os,
671 2355 912 2425 gaudens
941 2373 955 2408 :
1388 2361 1544 2406 vocat
1579 2350 1713 2404 ami~
1789 2421 1800 2425 _
2250 2354 2407 2408 niens
2442 2352 2684 2422 domum,
3086 2355 3272 2420 nerit,
3302 2369 3412 2425 con-

557 2421 632 2482 6.⁷
654 2421 710 2481 εἰ
737 2440 859 2480 cum
887 2441 1048 2487 venae
1391 2437 1486 2479 cas
1504 2438 1648 2487 suas,
1674 2432 1730 2478 et
1753 2421 1832 2478 vi-
2248 2437 2515 2480 convocat
2672 2421 2676 2422 ⁷
3085 2437 3252 2480 vocat
3280 2423 3400 2478 ami-

553 2499 625 2552 rit
653 2497 897 2566 domum,
1387 2495 1556 2568 cinas,
1581 2494 1767 2550 dicens
1792 2511 1805 2546 :
2250 2497 2476 2561 amicos,
2502 2507 2558 2568 et
3084 2512 3210 2561 cas,
3240 2509 3296 2552 et
3324 2497 3390 2568 vi-

553 2580 819 2625 convocat
1387 2567 1745 2636 Congratula—
2249 2569 2480 2634 vicinos,
2509 2567 2590 2625 dio
3085 2569 3247 2623 cinas
3265 2611 3281 2634 ,
3310 2567 3382 2620 di-

552 2639 777 2704 amicos,
805 2648 862 2703 et
888 2641 968 2697 vi-
1389 2638 1520 2692 mini
1554 2637 1714 2705 mihi;
2248 2653 2379 2693 cens
2402 2641 2508 2695 illis
2532 2661 2546 2697 :
3086 2656 3223 2694 cens
3251 2657 3263 2692 :
3288 2640 3412 2693 Con-

551 2712 734 2777 cinos,
758 2712 947 2768 dicens
1387 2709 1639 2782 quoniam
1672 2712 1755 2765 in-
2249 2708 2713 2782 Congratulamini
3086 2710 3418 2782 gratulamini

553 2785 660 2856 illis
686 2801 700 2837 :
730 2783 973 2856 Congra-
1388 2781 1513 2835 veni
1541 2781 1698 2856 drac-
2251 2781 2490 2850 mecum,
2526 2785 2647 2856 quia
3086 2781 3228 2856 mihi
3253 2799 3270 2856 ;
3295 2781 3419 2856 quod

554 2855 797 2910 tulamini
831 2851 935 2910 mi-
1387 2867 1554 2917 mam,
1573 2851 1594 2881 ³
1614 2869 1776 2922 quam
2252 2855 2470 2909 inventa
2499 2851 2583 2912 est
3088 2855 3275 2908 inveni
3295 2853 3428 2908 drac-

552 2927 606 2981 hi
624 2968 638 2992 ,
663 2927 922 2996 quoniam
1389 2923 1756 2996 perdideram.
2253 2927 2373 2980 ovis
2395 2941 2533 2994 mea,
3087 2941 3256 2980 mam.

552 2993 731 3054 inveni
757 3013 916 3052 ovem
1389 2993 1477 3051 10.
1520 2993 1610 3050 Sic
1646 2997 1770 3057 dico
1802 3017 1898 3058 vo-
2250 3013 2390 3068 quae
2415 2993 2582 3068 perie-
3088 2996 3181 3052 10.
3232 2995 3307 3050 Ita
3328 2994 3431 3050 dico
3446 3008 3514 3048 vc-

552 3085 749 3133 meam,
781 3083 920 3139 quae
1386 3068 1466 3122 bis
1484 3109 1498 3131 ,
1529 3068 1781 3136 gaudium
2250 3078 2354 3122 rat.
3088 3069 3198 3133 bis,
3225 3069 3304 3123 sic
3323 3082 3435 3137 gau-

553 3141 816 3207 perierat.
1388 3139 1493 3194 erit
1522 3153 1707 3194 coram
2251 3145 2304 3200 7.
2351 3143 2479 3198 Dico
2503 3143 2688 3209 vobis,
3087 3139 3246 3194 dium
3269 3141 3368 3194 erit

554 3213 610 3286 7.
652 3211 784 3286 Dico
810 3212 985 3279 vobis,
1020 3213 1036 3246 ³
1067 3227 1198 3284 quo-
1393 3211 1629 3280 Angelos
1660 3211 1755 3271 Dei
2250 3215 2394 3286 quod
2425 3215 2495 3269 ila
2521 3231 2652 3286 gau-
3089 3213 3462 3286 etiram_.k_tige-

553 3283 699 3338 niam
731 3284 812 3337 sic
839 3298 973 3352 gau-
1084 3281 1100 3284 ⁷
1391 3297 1558 3351 super
1589 3297 1752 3341 unum
2250 3281 2398 3342 dimn
2431 3281 2547 3342 erif
2569 3287 2622 3342 in
3091 3283 3162 3336 lis
3194 3281 3294 3336 Dei
3332 3284 3381 3337 in

553 3354 700 3408 dium
731 3353 835 3410 erit
866 3354 922 3409 in
1390 3363 1725 3423 peccatorem
2249 3359 2406 3415 caelo
2447 3399 2461 3413 .
2512 3401 2522 3412 .
2570 3396 2584 3408 .
2631 3400 2645 3413 .
2690 3399 2703 3412 .
3089 3362 3380 3426 peccatore

553 3426 707 3481 caelo
735 3441 900 3496 super
1391 3425 1714 3496 paenitenti-
2258 3446 2415 3501 pecca
2425 3438 2540 3486 tore
3088 3425 3462 3498 paenitentiam

1870 3568 2100 3642 CODEX
2127 3568 2524 3640 BRIXIANUS.

3578 3843 3658 4064 Ξ

3532 4064 3658 4344 :1

3532 4166 3598 4218 τι¹

3616 4344 3658 4624 4

3528 4624 3658 4849 ῖΞ

553 3659 990 3735 bicpeccatores
1012 3659 1223 3735 recipit.
1257 3670 1312 3716 et
1341 3661 1628 3735 manduca;
1656 3678 1780 3734 cum
1813 3662 1941 3726 illis.
1981 3664 2048 3732 Et
2069 3663 2145 3724 ait
2250 3662 2376 3732 tiam
2410 3673 2682 3732 agentem.
2715 3678 2874 3735 quam
2905 3677 3072 3733 super
3103 3663 3476 3735 nonagintaet
3502 3663 3608 3735 more!

557 3731 624 3788 ad
654 3731 1114 3806 illosparabolam
1146 3731 1302 3787 istam
1337 3732 1546 3788 dicens.
1593 3729 1723 3804 Quis
1763 3752 1825 3790 ex
1870 3735 2020 3792 vobis
2041 3729 2146 3788 lm-
2250 3729 2384 3789 stos.
2421 3729 2510 3804 qui
2540 3753 2645 3792 non
2681 3729 2925 3806 indigent
2946 3729 3367 3806 paenitentiam.
3395 3729 3484 3806 Aut
3512 3733 3610 3806 qui!

558 3819 666 3878 mo.
706 3799 988 3878 quiritabat
1017 3814 1233 3878 centum
1266 3821 1414 3878 oves.
1447 3815 1503 3862 et
1531 3807 1574 3861 si
1603 3799 1863 3862 erraverit
1893 3823 2052 3872 unam
2079 3823 2145 3861 cx
2250 3807 2350 3870 lier
2383 3799 2588 3866 habens
2624 3799 2875 3878 dragm'as
2901 3799 3114 3863 decem.
3143 3809 3192 3866 si
3245 3801 3505 3878 perdiderit
3533 3799 3552 3852 d

553 3876 684 3930 illis.
715 3889 893 3931 nonne
921 3875 1144 3929 dimittit
1176 3877 1463 3945 nonaginta
1496 3887 1548 3932 et
1594 3894 1785 3934 novem
1821 3879 1873 3933 in
1901 3879 2142 3934 deserto.
2254 3896 2438 3934 unam.
2478 3896 2656 3934 nonne
2684 3874 2929 3934 accendit
2952 3874 3261 3934 lucernam.
3295 3888 3348 3932 et
3373 3874 3578 3945 scopisij

555 3957 610 4002 et
640 3947 786 4022 vadi_t
827 3963 1089 4022 quaerere
1117 3964 1234 4022 eam
1263 3937 1398 4021 quae
1425 3949 1643 4005 erravit.
1699 3950 1872 4004 donec
1906 3949 2148 4004 inveniat
2254 3950 2473 4008 domum
2515 3962 2569 4005 et
2596 3952 2807 4022 quaerit
2827 3951 3132 4022 diligenter.
3162 3951 3337 4004 donec
3359 3937 3592 4022 inveniat?

556 4035 697 4090 eam.
740 4017 805 4072 El
831 4034 949 4073 cum
987 4020 1245 4074 invenerit
1277 4017 1393 4076 eam
1423 4024 1643 4090 inponet
1673 4023 1721 4075 in
1757 4038 1972 4076 umeros
2019 4036 2146 4076 suos
2259 4024 2523 4077 invenerit
2551 4017 2814 4078 convocat
2840 4017 3043 4077 arnicas
3071 4035 3127 4079 et
3160 4023 3364 4076 vicinas
3392 4019 3539 4072 dicrns

555 4089 925 4164 gaudens.__et
953 4091 1176 4164 veniens
1206 4094 1254 4144 in
1288 4089 1503 4146 domum
1537 4103 1804 4148 convocat
1847 4096 2050 4148 amicos
2096 4102 2151 4147 et
2256 4094 2496 4150 tulamini
2548 4097 2697 4150 mihi.
2745 4097 2870 4163 quia
2925 4095 3103 4150 inveni
3154 4094 3425 4164 dragmatn
3464 4098 3568 4163 mea!

563 4160 772 4216 vicinos
800 4160 986 4216 dicens
1010 4162 1135 4215 illis.
1155 4165 1612 4238 congratulamini
1641 4165 1793 4220 mihi.
1815 4169 1939 4238 quia
1966 4164 2150 4219 inveni
2255 4167 2616 4238 perdideram.
2649 4165 2723 4220 ita
2753 4160 2874 4220 dico
2907 4165 3081 4221 soliis.
3107 4167 3190 4221 sic
3232 4160 3468 4234 gaudium
3493 4160 3598 4238 erit:

557 4248 712 4308 ovem
746 4247 921 4308 meam
946 4249 1082 4300 quae
1108 4233 1366 4303 perierat.
1402 4236 1532 4291 Dico
1561 4237 1712 4291 vobis
1742 4233 1882 4306 quod
1917 4240 1986 4292 ita
2020 4253 2152 4306 gatt-
2255 4233 2476 4308 Angelis
2515 4236 2612 4293 Dei
2665 4252 2830 4308 super
2881 4254 3044 4292 unum
3079 4233 3416 4308 peccatoretn
3456 4247 3528 4302 ραι·

558 4303 708 4358 dium
736 4305 839 4356 erit
869 4305 921 4357 in
949 4309 1098 4358 caelo
1125 4322 1288 4375 super
1315 4323 1480 4362 unum
1513 4303 1852 4379 peceatorum
1881 4303 2149 4378 paenitet»

1841 4423 2074 4479 CODEX
2111 4421 2578 4480 COBBEIENSIS.

629 4511 685 4574 3.
711 4511 873 4639 .ﬁuod
902 4512 990 4574 hic
1016 4523 1330 4585 peccatores
1361 4515 1666 4588 reciperet,
1714 4529 1767 4576 et
1799 4519 2155 4576 manducaret
2327 4519 2380 4570 7.
2405 4517 2485 4601 .in
2515 4532 2642 4601 .uno
2683 4525 2969 4587 peccatore
3019 4556 3030 4568 .
3070 4554 3084 4567 .
3119 4551 3134 4566 .
3159 4526 3322 4583 quam
3349 4509 3398 4570 in
3426 4500 3611 4568 uomit“

629 4601 682 4639 ΠΙ
711 4602 724 4639 Ι
773 4601 835 4639 IS.
2260 4605 2378 4639 γεω
2405 4599 2578 4639 lusus.

711 4599 1007 4732 Ἇὲἓκείιιιο
1033 4669 1084 4713 et
1109 4672 1300 4716 novem
1334 4660 1386 4716 in
1418 4663 1703 4732 montibus
1730 4663 1782 4718 in
1813 4662 2032 4730 deserto
2058 4703 2073 4729 ,
2101 4671 2159 4718 et
2260 4599 2791 4732 “glslisgzrdiderit
2811 4674 2972 4732 tutam
3002 4700 3016 4724 ,
3047 4671 3236 4712 nonne
3258 4651 3494 4712 accendet
3513 4645 3624 4700 1W“.

559 4730 659 4785 ibit
688 4728 756 4803 ad
783 4728 953 4794 illam,
979 4745 1118 4803 quae
1147 4732 1367 4796 erravit,
1396 4731 1570 4789 donec
1593 4728 1890 4788 inveniat?
2061 4728 2064 4729 ⁷
2262 4733 2282 4764 δ
2311 4743 2365 4790 et
2387 4728 2549 4803 scopa
2581 4731 3107 4803 mundabituonmm
3139 4735 3442 4803 δαείω-ρῳ.

632 4804 685 4857 6.
717 4796 1177 4874 Congratulamini
1203 4819 1414 4859 mecum
1439 4847 1456 4873 ,
1501 4805 1624 4875 quia
1651 4805 1868 4862 inventa
1911 4813 1997 4861 est
2039 4805 2159 4861 ovis
2336 4803 2424 4860 10.
2474 4796 2729 4876 gaudium
2761 4803 2780 4834 ³
2808 4801 2916 4859 erit
2943 4816 3128 4862 coram
3153 4796 3379 4871 Angelis
3405 4797 3450 4856 in
3485 4802 3558 4852 ιωο

563 4887 703 4930 mea.
2263 4885 2404 4932 tore.

1787 4993 2186 5052 VARIANTES
2226 4991 2632 5050 LECTIONES.

627 5085 651 5180 ς
685 5084 794 5138 Gal.
817 5087 944 5152 quod
965 5087 1075 5156 plus
1096 5089 1344 5155 gaudium.
1375 5089 1520 5155 Vulg.
1541 5091 1671 5166 quod
1694 5091 1757 5142 ita
1780 5090 2028 5156 gaudium.
2264 5101 2430 5153 quam.
3320 5143 3330 5154 _
3538 5129 3546 5140 .
3569 5119 3657 5172 Μ

686 5145 790 5196 ϐαι.
813 5156 866 5196 et
888 5159 1112 5196 quaeret-
1147 5154 1291 5196 Vula-
1321 5160 1369 5196 et
1395 5162 1608 5196 minent.
2326 5152 2346 5182 ⁵
2381 5150 2485 5196 Gal.
2504 5153 2554 5196 ot
2573 5155 2739 5196 verret
2757 5148 2968 5196 domum.
2983 5147 3101 5196 Mm.
3130 5151 3182 5195 et
3201 5154 3356 5196 scopis
3370 5131 3559 5190 mund!“

634 5148 655 5241 ς
813 5147 866 5241 et
888 5147 1124 5241 quaeest?
1147 5154 1291 5216 Vulg.
1321 5160 1370 5204 et
1395 5147 1608 5218 quaerit.
1708 5219 1751 5241 π
1780 5147 1810 5241 ἶ
1886 5215 1914 5241 Α
2282 5147 2297 5153 ’
2325 5152 2346 5241 ζ
2381 5150 2485 5241 gat.
2504 5153 2554 5199 et
2573 5155 2739 5241 verit-et
2757 5147 3101 5241 d'omumJlm.
3130 5151 3182 5195 et
3201 5147 3438 5218 scopismu

687 5210 798 5262 Gal.
819 5218 866 5262 et
891 5210 1011 5264 Hm.
1034 5210 1283 5278 dragmain
1310 5210 1488 5277 mea'm,
1514 5229 1676 5278 quam.
1708 5215 1856 5279 Vulg.
1885 5215 2155 5278 dragmam,
2325 5215 2346 5245 ⁸
2380 5215 2498 5264 Mm.
2527 5213 2625 5262 erit
2643 5211 2866 5274 Angelis.

1238 5341 1528 5382 LBCTIONES
1547 5341 1750 5382 CODICIS
1775 5337 2190 5381 VINDBBONENSIS
2217 5339 2493 5380 ABEUNTES
2515 5338 2580 5378 AB
2602 5335 2852 5376 EDITIONE
2881 5331 3150 5372 VULGATA.

629 5436 681 5508 ἦ.
688 5435 1054 5508 similitudinem
1076 5439 1419 5508 hanc,d_icens.
1458 5444 1534 5508 A4.
1563 5456 1704 5504 oves,
1733 5455 1972 5508 nonum...
1992 5450 2053 5508 _et
2072 5444 2162 5493 ibit
2268 5443 2316 5492 in
2337 5442 2604 5508 nonaginta
2628 5437 2987 5508 novemjustis,
3009 5436 3216 5508 quinon
3241 5409 3658 5508 indigent“

569 5497 629 5580 Ed
651 5497 801 5559 illam.
822 5512 948 5580 αυξιε
975 5503 1171 5572 "fuit.
1207 5479 1896 5580 ζὸξῇὶῖίὲιιίιῖρῖιῷ,ᾗιῆιιοηίι
1918 5479 2164 5578 ἱιῃὶῖιῖἀῖε-
2285 5479 2382 5580 ’.8.
2423 5479 2645 5580 otiatur”
2689 5479 3142 5580 δςρρίξνωηῖιδξμὶι
3433 5479 3657 5580 9'

572 5571 652 5608 ros
675 5553 904 5629 suos':'et
928 5553 1149 5612 veniens.
1199 5553 2164 5629 _6.7(}ongratulamitiiniueumainventa
2269 5553 2529 5619 dracmam.
2566 5564 2655 5629 Ita.
2702 5553 2801 5629 μί.
2833 5553 3113 5618 ἱιὸασνοδίδ
3141 5564 3234 5612 erit
3257 5553 3589 5616 “Ii-‘9'“

573 5629 652 5672 est
686 5624 792 5673 ovis
821 5635 964 5686 mea,
990 5636 1134 5686 quae.
1199 5625 1245 5677 7.
1273 5631 1321 5676 in
1345 5624 1500 5681 uno...
1525 5632 1876 5693 paenitentiam
1901 5624 2162 5686 habenti...
2269 5631 2617 5698 paenitentiam
2642 5627 2873 5677 habente.

1904 5731 2268 5806 BLANGHINI
2303 5733 2535 5798 ΝΟΤᾸΕ.

651 5825 731 5902 (a)
773 5824 913 5894 Ante
939 5841 1092 5882 unam
1115 5870 1130 5897 ,
1179 5827 1332 5887 deest
1352 5833 1650 5899 drachmam
1675 5874 1688 5898 ,
1718 5834 1879 5893 etiam
1911 5833 1966 5888 in
1991 5830 2115 5888 cod.
2144 5828 2300 5894 Cant.
