3716 6344
955 335 1404 400 EYAHGELIUM
1447 337 1818 402 SECUNDUH
1860 338 2114 402 LUCAM.

2029 449 2258 514 GODEX
2298 456 2750 518 VERONENSIB.

277 451 512 516 COBEX
563 449 1102 512 VEBGELLBNBIS.

17 555 266 616 agentem.
741 557 982 602 ventrem

37 619 170 672 Dixit
195 631 322 687 ergo
346 634 362 670 :
739 633 892 674 suum
915 619 984 674 de
1001 618 1118 673 sili—

0 705 75 744 mo
101 688 308 760 quidam
740 692 880 759 quis,
911 705 1044 760 quas
1075 705 1200 761 por-

0 761 173 816 abebat
199 759 294 814 du-
741 762 788 815 ci
815 761 1082 818 edebant:

31 849 88 886 os
115 832 276 894 ﬁlios.
308 839 368 892 et
741 847 839 888 nec
866 833 1148 902 quisquam

5 903 40 958 it
63 903 128 956 illi
150 902 277 970 adu-
741 905 827 958 17.
870 902 1144 959 dabatilli.
1169 902 1228 962 In

0 975 186 1030 centior
213 991 228 1029 :
739 989 798 1030 se
823 985 1002 1031 autem
1031 992 1162 1034 con-

1 1055 88 1111 ter,
111 1047 172 1100 da
199 1045 296 1099 mi-
742 1062 964 1114 versus,
991 1047 1124 1103 dixit
1149 1067 1163 1104 :

9 1120 296 1190 portionem
741 1118 938 1185 Quanti
965 1134 1104 1176 mero

1 1189 236 1254 istantiaz,
743 1205 876 1244 cena
885 1191 948 1244 rii

1 1275 50 1314 te
71 1276 150 1331 me
165 1274 293 1316 con-
745 1261 914 1331 patris
943 1263 1048 1319 mei

1 1333 86 1400 git.
117 1330 179 1386 Et
204 1331 282 1384 di-
744 1330 1026 1388 abundant

7 1405 40 1456 it
67 1403 162 1458 illis
187 1403 308 1466 sub-
745 1419 916 1476 pane;
941 1419 1042 1476 ego
1063 1419 1158 1460 att-

1 1476 178 1528 .nti:ttn.
747 1487 854 1530 tem
889 1475 1148 1534 hic’fatnc

9 1585 20 1596 .
57 1545 116 1600 Et
135 1560 228 1600 non
251 1553 368 1616 post
749 1547 836 1604 18.
881 1562 1064 1616 pereo.
1093 1547 1224 1603 Sur-

3 1617 124 1689 nltos
148 1617 267 1680 dies,
745 1633 896 1689 gens,
933 1619 1023 1674 ibo
1051 1619 1118 1674 ad

3 1688 164 1742 Illectis
185 1703 284 1742 ont-

749 1701 954 1758 patrem
983 1705 1098 1746 me-

11 1760 118 1823 bus,
137 1759 250 1814 adu—
747 1777 859 1826 um,
891 1769 948 1816 et
975 1761 1150 1817 dicant

7 1831 212 1885 scentior
749 1833 824 1888 illi
855 1849 868 1886 :
905 1832 1096 1900 Pater,
1127 1847 1254 1900 pec—

11 1901 82 1954 ius
103 1916 242 1971 pere-
745 1904 864 1958 cavi
893 1903 946 1958 in
971 1919 1090 1959 cae—

13 1987 37 2024 e
57 1973 234 2041 prolec-
751 1975 885 2040 lum,
913 1985 968 2030 et
995 1991 1181 2034 coram

7 2059 26 2094 ς
51 2053 118 2096 est
143 2042 191 2116 in
217 2057 294 2108 rp—
749 2045 838 2101 l9.
879 2053 966 2112 te;
991 2045 1102 2116 jam
1133 2061 1238 2108 non

9 2129 128 2168 mem
153 2115 258 2168 ion-
747 2133 866 2172 sum
897 2115 1090 2186 dignus

11 2200 158 2254 quam
175 2201 190 2250 ;
745 2191 924 2245 vocari
955 2189 1058 2244 lili—

17 2257 62 2308 hi
89 2256 298 2326 dissipa-
743 2275 808 2316 us
834 2269 960 2316 tuus
984 2279 998 2318 :
1027 2260 1110 2322 fac

27 2327 246 2384 substan-
747 2347 854 2399 me,
887 2333 1028 2390 sicut
1048 2349 1108 2396 tt-

9 2415 48 2450 tn
69 2415 222 2464 suam,
745 2419 874 2458 num
899 2419 962 2458 ex
987 2419 1128 2459 mer-

5 2485 98 2524 :ens
122 2471 268 2526 luxu-
745 2475 1018 2530 cennariis

5 2557 76 2594 se.
743 2545 834 2602 20.
880 2547 1004 2601 tuis.
1035 2545 1102 2601 Et
1131 2561 1251 2602 sur-

6 2651 16 2662 .
48 2613 264 2687 cumque
285 2630 425 2684 con-
744 2632 900 2687 gens,
925 2620 1074 2672 venit

7 2686 208 2758 npsisset
747 2686 916 2757 usque
936 2690 1002 2742 ad
1027 2705 1119 2758 pa-

2 2759 104 2818 :nia.
128 2757 258 2824 facta
749 2770 886 2816 trem
915 2757 1094 2815 suum.

23 2825 160 2886 lamis
179 2845 270 2894 va—
744 2828 990 2902 Cumque
1013 2832 1107 2886 ad-

3 2913 16 2952 t
43 2913 127 2966 per
141 2916 250 2974 __re-
747 2902 852 2957 huc
879 2903 1039 2974 longe

7 2985 110 3048 nem
139 2972 287 3056 illam
309 2989 328 3042 ;
745 2981 915 3056 esset,
939 2972 1074 3032 vidit

1 3041 94 3110 ipse
117 3041 294 3114 coepit

34 3115 185 3184 egeri.
216 3115 286 3170 Et
313 3115 482 3186 abiit,

747 3127 897 3184 pater
919 3117 1122 3188 ipsius;

3 3187 184 3253 :enjun-
744 3199 798 3242 et
829 3187 1132 3254 misericor:

3 3270 52 3310 se
79 3257 164 3312 uni
183 3257 250 3316 de
742 3259 831 3312 dia
861 3273 1038 3314 matus

7 3328 249 3401 tticipibus
741 3337 854 3396 est,
884 3332 904 3362 ²
937 3341 993 3386 et
1023 3345 1244 3401 procur-

8 3399 128 3454 iunis
155 3401 218 3454 il-
741 3417 888 3466 rens,
919 3399 1064 3457 incu-

1 3487 12 3520 ς
37 3489 48 3524 :
69 3473 152 3542 qui
177 3473 330 3528 misit
747 3475 860 3528 buit
885 3489 1048 3544 super

7 3557 52 3595 tn
79 3545 126 3596 in
155 3559 286 3614 agro
741 3545 938 3599 collum
963 3546 1096 3616 ipsi-

11 3653 22 3674 .
41 3623 88 3667 ut
107 3629 290 3683 pasce-
741 3631 825 3682 us,
857 3625 910 3670 et
939 3619 1150 3672 oscula—

7 3699 200 3754 porcos.
741 3695 830 3740 tus
860 3697 945 3742 est
970 3705 1116 3744 eum.

37 3755 92 3810 Et
109 3759 370 3830 cupiebat
739 3758 831 3812 21.
875 3759 1024 3813 Dixit
1047 3771 1227 3816 autem

5 3839 130 3886 utare
741 3830 818 3884 illi
851 3829 994 3884 ﬁlius
1027 3851 1039 3884 ;
1074 3833 1175 3885 Pa-

1604 545 1803 616 agenti.

1607 617 1691 672 Η.
1737 617 1801 672 Ει
1829 617 1940 672 ait:
1973 617 2080 676 Hu-

1605 704 1696 744 ttto
1720 688 1936 756 quidam

1607 757 1791 824 habuit
1817 760 1956 820 duos

1609 829 1692 884 12.
1739 831 1900 896 ﬁlios,
1930 841 1984 886 et
2007 830 2087 888 di-

1607 903 1686 954 xit
1707 901 1780 956 illi
1803 901 1936 956 adu-

1609 971 1902 1028 lescentior
1925 991 1939 1026 :
1961 1009 1968 1016 -

1607 1041 1788 1110 Pater,
1816 1045 1883 1099 da
1907 1045 2009 1100 mi-

1610 1115 1661 1168 lti
1707 1117 2008 1184 portionem

1607 1186 1964 1254 substantiae,

1607 1273 1744 1328 quae
1779 1275 1866 1313 me
1892 1275 2021 1314 con-

1609 1329 1782 1400 tingit.
1807 1331 1873 1384 Et
1893 1331 1976 1386 di-

1607 1399 1732 1454 visit
1767 1401 1916 1460 illius
1943 1403 2072 1464 sub?

1609 1473 1883 1528 stantiam.

1611 1545 1698 1598 I5.
1743 1545 1808 1599 Et
1835 1560 1939 1617 non
1967 1557 2088 1617 post

1609 1617 1806 1670 multos
1833 1615 1973 1684 dies.

1610 1687 1984 1756 congraegatis

1607 1759 1880 1820 omnibus,

1607 1829 2004 1884 adulescentior

1609 1899 1750 1954 ﬁlius
1781 1915 1874 1970 pe-

1609 1987 1767 2042 regre
1790 1971 1970 2040 prole-

1607 2053 1724 2097 ctus
1753 2052 1834 2097 est
1859 2043 1916 2098 in
1943 2058 2028 2100 re-

1607 2115 1824 2184 gionem
1855 2116 1969 2180 ιοητ

1607 2187 1861 2256 ginquam
1883 2203 1900 2252 ;
1929 2196 1986 2254 et

1610 2257 1682 2312 ibi
1713 2257 1994 2328 dissipavit

1609 2330 1970 2384 substantiam

1607 2417 1784 2464 suam,
1823 2403 2010 2456 viven-

1609 2471 1680 2527 do
1709 2473 2006 2528 luxuriose.

1613 2541 1700 2598 14.
1742 2545 1812 2626 _Et
1837 2553 2118 2614 postquam

1608 2629 1790 2670 omnia
1805 2631 1936 2670 con-

1608 2687 1859 2756 sumpsit,
1889 2687 2026 2744 facta

1605 2767 1692 2813 est
1719 2761 1889 2814 fames

1607 2844 1704 2900 per
1721 2845 1811 2900 reg
1819 2829 1901 2885 io-

1605 2917 1727 2956 nem
1757 2901 1905 2957 illam
1927 2918 1943 2967 ;

1605 2983 1659 3028 et
1679 2973 1860 3043 coepit

1604 3058 1658 3102 et
1683 3047 1798 3116 ipse
1819 3061 1979 3116 egere

1607 3117 1691 3172 15.
1741 3119 1962 3173 victum.
1997 3117 2066 3172 Et

1607 3189 1759 3254 abiit,
1785 3197 1840 3244 et
1861 3187 1956 3244 ad-

1605 3261 1795 3330 plicuit
1823 3277 1884 3315 se
1912 3261 2022 3315 cui-

1604 3332 1728 3386 dam
1761 3333 1959 3388 civium

1604 3405 1840 3474 regionis
1873 3405 2040 3462 illius.

1603 3475 1672 3529 Et
1699 3475 1746 3530 is
1777 3475 1924 3530 misit

1603 3546 1755 3601 illum
1793 3548 1844 3600 in
1875 3546 2003 3610 villa

1602 3633 1721 3683 sua,
1755 3625 1816 3671 ttt
1839 3631 2028 3685 pasce-

1601 3697 1686 3744 ret
1706 3704 1896 3758 porcos
1908 3729 1922 3743 .

1605 3761 1689 3815 16.
1733 3759 1802 3814 Et
1827 3759 2082 3828 cupiebat

1603 3831 1833 3902 implere
1861 3847 1994 3886 ven-

1227 3947 1460 4008 CODEX
1497 3951 1894 4016 BRIXIANUS.

2433 559 2568 606 trem
2598 565 2756 606 suum

2433 623 2502 678 de
2528 623 2758 693 siliquis,

2433 711 2552 764 qua:
2585 694 2730 760 porci

2435 766 2864 832 manducabant;

2435 845 2492 892 et
2519 853 2674 892 nemo
2699 836 2779 893 illi

2437 908 2617 962 dabat.

2439 979 2527 1034 17.
2575 979 2631 1034 ln
2663 994 2722 1035 se
2745 987 2926 1038 autem

2436 1065 2750 1118 c0nverstts,

2437 1123 2572 1177 dixit
2607 1139 2620 1176 :
2649 1121 2844 1190 Quanti
2869 1137 3013 1180 Incr-

2439 1193 2640 1248 cenarii
2667 1195 2836 1262 patris

2439 1267 2543 1320 mei
2573 1265 2850 1320 abundant

2437 1335 2664 1408 panibus
2685 1352 2700 1400 ;
2731 1351 2833 1408 ego

2437 1407 2614 1462 autem
2645 1407 2731 1464 hic

2439 1479 2580 1533 tame
2615 1495 2796 1548 pereo.

2439 1551 2526 1606 l8.
2571 1549 2796 1620 Surgam
2819 1591 2836 1618 ,
2863 1558 2920 1610 et

2437 1621 2527 1676 ibo
2551 1622 2617 1675 ad
2647 1631 2856 1692 patrem

2437 1707 2642 1760 meum,
2677 1705 2733 1748 et

2438 1764 2611 1820 dicam
2640 1765 2714 1820 illi
2751 1784 2764 1820 :

2439 1835 2620 1901 Pater,
2655 1835 2874 1906 peccavi

2439 1906 2494 1962 in
2521 1907 2751 1972 caelum,

2440 1987 2495 2032 et
2516 1993 2696 2032 coram
2723 1987 2808 2046 te;

2441 2049 2530 2122 l9.
2567 2050 2678 2118 jam
2711 2067 2818 2106 non
2841 2064 2962 2122 sim

2439 2121 2634 2192 dignus
2655 2123 2835 2178 vocari

2441 2191 2581 2246 {ilius
2607 2202 2726 2248 tuus
2753 2213 2766 2250 :

2441 2264 2536 2320 sed
2569 2265 2650 2320 lac
2677 2281 2788 2333 me,

2442 2337 2582 2390 sicut
2605 2353 2768 2400 unum

2441 2405 2518 2478 (a)
2547 2423 2870 2463 mercenna-

2439 2481 2640 2533 riorum
2675 2489 2800 2534 tuo-

2437 2549 2529 2604 20.
2555 2565 2675 2604 rum
2699 2551 2756 2623 1-.
2783 2551 2852 2623 Et

2439 2636 2686 2690 surgens,
2715 2622 2866 2684 venit

2438 2691 2504 2746 ad
2537 2701 2742 2762 patrem

2439 2778 2618 2818 Suum.

2436 2835 2572 2889 Cum
2603 2843 2782 2889 autem

2437 2906 2614 2961 adhuc
2639 2907 2800 2976 longe

2437 2977 2515 3048 (b)
2545 2975 2764 3040 abesset
2788 2975 2862 3047 1',

2437 3049 2570 3104 vidit
2595 3051 2742 3104 illum

2436 3133 2590 3192 pater
2611 3119 2810 3192 ipsius;

2435 3191 2490 3248 et
2521 3191 2822 3248 misericor-

2435 3264 2522 3320 dia
2557 3273 2734 3318 motus

2437 3345 2520 3392 est
2537 3379 2550 3402 ,
2581 3345 2636 3392 et
2666 3334 2852 3388 adcur-

2437 3423 2562 3463 rens
2579 3449 2595 3473 ,
2621 3405 2822 3468 cecidit

2437 3493 2600 3548 supra
2631 3477 2834 3532 collum

2439 3552 2557 3619 ejus
2577 3593 2592 3618 ,
2630 3559 2684 3605 et
2711 3563 2802 3604 os-

2437 3623 2651 3676 culatus
2673 3627 2758 3676 est

2441 3693 2610 3746 illum.

2436 3763 2526 3816 ‘21.
2571 3763 2718 3816 Dixit
2741 3769 2920 3822 autem

2440 3837 2486 3888 ei
2519 3833 2662 3888 liltus
2697 3833 2817 3903 ejus
2845 3850 2858 3884 :

3087 343 3195 401 638
3277 343 3282 348 ’

0 4053 144 4100 ratem.
167 4047 258 4102 Ait
283 4055 506 4108 autem.
545 4043 718 4104 Homo
735 4043 949 4111 quidem
980 4044 1168 4100 habuit
1187 4045 1322 4100 duos
1353 4045 1496 4100 fllios

0 4115 112 4170 dixit
149 4117 575 4174 adulescentior
605 4131 668 4172 ex
720 4116 830 4172 illis
863 4117 1016 4182 patri.
1071 4117 1232 4172 Pater
1259 4117 1324 4168 da
1363 4119 1494 4176 mihi

0 4189 176 4244 tionem
209 4187 572 4248 substantiae
623 4203 762 4258 quae
795 4203 877 4250 me
907 4189 1174 4257 comingit
1223 4189 1287 4242 Et
1313 4188 1496 4244 divisit

19 4261 376 4331 substantiam
411 4259 486 4316 Et
517 4273 622 4331 non
657 4265 778 4326 post
799 4259 1130 4316 multnsdies
1149 4263 1493 4331 congregatis

5 4327 130 4388 titius
157 4327 605 4392 adulescientior
659 4331 804 4390 [ilius
831 4347 1055 4400 peregre
1083 4327 1379 4402 profectus
1409 4342 1494 4388 est

3 4403 236 4470 egionem
294 4403 682 4470 longinquam.
723 4412 780 4456 et
815 4403 886 4458 ibi
919 4403 1198 4473 dissipavit
1248 4405 1498 4464 substan-

0 4487 12 4524 ι
59 4489 206 4528 suam
235 4473 488 4538 vivendo
543 4473 846 4543 luxuriose.
903 4474 968 4530 Et
995 4484 1275 4543 postquam
1311 4477 1494 4530 omnia

0 4549 204 4600 sumsit.
223 4545 372 4608 facta
416 4552 507 4616 est
535 4542 706 4616 fames
733 4544 908 4606 valida
965 4542 1016 4602 in
1045 4542 1266 4616 regione
1315 4547 1402 4600 illa
1441 4555 1497 4602 et

0 4617 196 4688 :Vcoepit
227 4631 426 4688 egere.
455 4615 520 4688 Et
550 4615 700 4688 abiit.
729 4627 784 4676 et
811 4617 1026 4678 adhesit
1051 4615 1142 4678 uni
1181 4617 1378 4678 civium
1409 4633 1494 4678 re-

0 4687 54 4740 tis
81 4689 248 4742 illius.
267 4686 358 4742 Ἑι
393 4686 550 4759 misit
580 4687 726 4740 illttm
757 4688 810 4741 in
837 4689 1018 4759 villam
1044 4705 1196 4759 suam
1217 4698 1274 4752 ut
1301 4703 1492 4759 pasce-

0 4773 202 4828 parcos.
227 4759 300 4816 Et
331 4757 596 4844 cupiebat
622 4759 851 4826 saturari
882 4757 950 4814 de
977 4749 1194 4832 siliquis
1216 4749 1348 4844 quas
1367 4775 1492 4834 por-

1601 4049 1648 4106 ci
1678 4047 2080 4106 mandttcabant
2109 4059 2164 4102 et
2189 4061 2350 4108 nemo
2393 4045 2468 4100 illi
2498 4045 2678 4100 dabnt.
2727 4043 2779 4110 In
2821 4058 2880 4096 se
2907 4047 3085 4098 autem
3114 4055 3198 4094 re-

1601 4133 1792 4176 versus
1812 4118 1974 4174 dixit.
2003 4117 2200 4186 Quanti
2227 4117 2584 4176 mercennarii
2607 4117 2771 4186 patris
2792 4113 2898 4176 mei
2923 4111 3200 4186 abundant

1601 4191 1852 4260 panibus.
1880 4205 1984 4260 ego
2011 4179 2191 4246 autem
2225 4192 2310 4252 hic
2341 4193 2478 4256 l‘atne
2508 4179 2688 4258 pareo.
2725 4187 2984 4256 Sttrgens.
3013 4185 3099 4260 ibo
3129 4179 3197 4238 ad

1603 4255 1808 4332 patrem
1840 4255 2103 4338 me'umct
2131 4264 2302 4326 dicam
2337 4263 2412 4316 illi
2439 4255 2614 4338 Pater.
2653 4255 2875 4338 peccavi
2903 4255 3195 4338 proiciunt

1599 4329 1656 4392 et
1698 4349 1880 4390 coram
1911 4345 1984 4392 te.
2013 4336 2122 4404 jam
2175 4351 2280 4390 non
2309 4350 2426 4396 sum
2474 4329 2665 4404 dignus
2699 4329 3043 4404 rncarijilins
3073 4339 3196 4382 tuus

1599 4407 1684 4462 l'ac
1733 4423 1820 4462 nte
1847 4401 2195 4470 sicut'uttuttt
2229 4423 2296 4462 ex
2327 4401 2678 4470 mercenariis
2713 4404 2838 4468 tuis.
2875 4401 2939 4454 Et
2967 4411 3195 4466 surgens

1593 4477 1730 4534 abiit
1752 4479 1816 4532 ad
1845 4477 2047 4546 patrem
2071 4493 2252 4538 suum.
2277 4475 2410 4540 Cum
2439 4477 2614 4532 adhuc
2633 4486 2812 4536 autem
2839 4473 2994 4542 longe
3023 4479 3190 4522 esset.

1599 4545 1904 4606 viditillttm
1932 4560 2110 4620 putrer
2137 4550 2328 4620 ipsius.
2369 4561 2420 4606 et
2449 4545 2826 4620 tt‘tisericnrdia
2875 4551 3065 4620 motus
3084 4547 3190 4620 est.

1595 4629 1654 4678 et
1682 4613 1978 4684 adcurrens
2007 4613 2204 4680 cecidit
2231 4637 2395 4690 supra
2425 4620 2628 4684 collum
2671 4617 2790 4687 ejus
2837 4625 2890 4672 et
2921 4613 3194 4678 osculatus

1595 4703 1682 4768 est
1703 4693 1850 4760 illum
1873 4693 2019 4758 Dixit
2046 4704 2224 4748 autem
2251 4694 2300 4747 ei
2335 4691 2496 4746 illius.

1143 4874 1370 4938 CODEX
1409 4876 1885 4934 CORBEIENSIS.

0 4965 41 5020 Ξ.
83 4979 136 5023 et
164 4968 309 5024 dixit
341 4966 752 5022 adolescentior
785 4985 797 5020 :
833 4968 1013 5024 Pater.

0 5038 44 5093 ι.
75 5039 214 5097 facta
243 5051 332 5098 est
363 5041 540 5094 l'ames
569 5053 664 5109 per
691 5039 967 5110 regionem
995 5039 1161 5098 illam.

1673 4969 1760 5024 l7.
1793 4968 1989 5038 Quanti
2014 4969 2034 5000 ³
2067 4966 2388 5024 mercenarii
2421 4966 2592 5038 patris
2611 4963 2718 5022 mei
2755 4961 2818 5036 1-.

1137 5152 1227 5210 VA
1238 5152 1446 5211 ΒΙΑΝΤ
1453 5153 1534 5211 ES
1573 5153 1972 5210 LEG'I‘IONES.

5 5251 104 5300 Gut.
127 5257 172 5302 ct
197 5253 322 5301 Mm.
352 5247 592 5298 habt-bat.
627 5245 778 5310 Vulg.
800 5245 991 5296 habuit.

3 5320 98 5362 σαι.
120 5321 164 5365 ει
186 5317 312 5364 Mm.
328 5323 616 5368 occurrens,
642 5305 823 5364 cecidit
844 5323 1007 5372 supra.
1035 5305 1181 5376 Vulg.
1202 5323 1488 5374 accurreus,

1597 5261 1764 5310 supra.
1798 5245 1944 5310 Vulg.
1976 5259 2264 5310 accurrens,
2289 5243 2472 5296 cecidit
2487 5253 2656 5305 super.

1663 5307 1684 5342 ³
1717 5311 1773 5360 El
1791 5307 1858 5374 ita
1884 5307 1989 5368 Gut.
2013 5317 2060 5361 et
2089 5313 2206 5360 Mm.

575 5429 868 5472 LBCTIOHES
893 5430 1098 5474 CODICIS
1125 5432 1534 5480 VINDSBONENSIS
1564 5432 1840 5482 ABEUNTBS
1861 5433 1926 5484 ΑΒ
1949 5432 2202 5484 Ευιτιρδε
2228 5428 2494 5484 νυιιωτλτ

0 5535 30 5590 ι,
51 5533 422 5592 adolescentior
447 5531 634 5592 patri...
677 5531 980 5594 substantiae
1013 5545 1176 5590 meae,
1199 5545 1346 5594 quae.
1413 5533 1492 5583 15.

0 5597 312 5647 .escentior...
353 5595 404 5642 in
449 5593 700 5657 regionem
741 5593 1076 5657 longinquam.
1143 5593 1496 5656 “(consump-

3 5658 152 5709 .fauta
176 5665 258 5708 est
281 5657 446 5707 fames
469 5655 516 5704 in
537 5655 744 5717 regione
767 5655 866 5706 illa.
930 5655 1010 5708 l5.
1033 5671 1098 5706 ex
1133 5659 1309 5708 civium
1333 5655 1499 5720 regio-

1601 5535 1694 5590 nis-
1721 5533 1784 5584 Et
1805 5533 1888 5606 ille
1933 5534 2062 5606 misit
2099 5531 2322 5606 "law"
2347 5529 2630 5606 νίιςρβηηι..
2653 5527 2744 5601 1.7-.
2775 5528 3192 5606 τενςπειξξεθειςς-

1601 5595 1890 5716 mage???
2135 5592 2510 5720 18.
2573 5592 3193 5664 19.11t1ititct'pettariqi‘ttm.

1727 5695 1746 5710 ..
1859 5675 1906 5718 tu
1987 5711 1990 5714 ,
2253 5671 2306 5718 ·,
2497 5668 2525 5706 ‘.

1245 5767 1616 5836 BLAHCHINI
1652 5765 1883 5836 ΝΟΤᾼΞ.

0 5867 44 5944 η)
79 5869 152 5932 Ita
175 5879 231 5932 et
258 5879 376 5928 lex.
405 5866 498 5926 Gr.
529 5874 630 5926 τῶν
651 5871 864 5944 μισθίων
888 5872 1138 5946 ᾳὺτοῦ.-
1163 5869 1242 5946 (ὁ)
1268 5869 1346 5932 Ita
1373 5877 1432 5932 et
1453 5877 1566 5930 tes.
1607 5867 1702 5928 Gr.
1725 5869 2034 5948 ἀπέχοντος.
