3716 6344
554 330 662 392 639

950 441 1181 502 CODEX
1208 441 1747 501 VERCELLENSIS.

1391 537 1696 607 interroga-

1389 609 1488 677 vit,
1521 609 1783 680 quidnam

1389 679 1574 736 essent
1606 679 1754 736 haec?

1387 751 1482 808 27.
1522 751 1731 826 Quigait
1761 750 1837 808 illi
1864 767 1880 807 :
1905 752 1985 826 (a)
2011 750 2152 825 lquo-

1391 827 1537 879 niam
1565 824 1603 894 -ι-
1627 822 1796 880 frater

1393 906 1518 951 tuus
1538 895 1728 963 venit,

1393 977 1450 1050 et
1475 967 1804 1050 occiditpa-

1392 1049 1477 1095 ter
1507 1049 1630 1094 tuus
1654 1049 1734 1092 Vl-

1393 1110 1567 1192 tulum
1601 1109 1757 1166 illum

1394 1193 1697 1264 saginatum
1717 1199 1732 1247 ;

1396 1267 1649 1325 quoniam
1680 1269 1763 1308 tn-

1395 1327 1610 1380 colume
1642 1324 1792 1380 illum

1398 1396 1489 1453 28.
1534 1397 1756 1465 recepit.
1789 1395 1902 1453 Ira-

1401 1479 1487 1523 tus
1514 1478 1596 1522 est
1626 1480 1832 1538 autem,

1394 1550 1451 1596 et
1477 1541 1498 1571 ⁸
1525 1539 1698 1595 noluit
1722 1541 1797 1596 in-

1395 1622 1562 1667 trare.

1393 1683 1656 1757 Egressus
1683 1684 1759 1757 (b)
1781 1699 1877 1757 au-

1393 1765 1504 1811 tem
1524 1753 1566 1826 τ
1599 1753 1754 1826 pater
1776 1756 1832 1811 il-

1392 1827 1533 1892 lius,
1563 1827 1744 1896 coepit

563 547 681 604 ter,
711 535 931 610 peccavi

559 611 614 668 in
637 611 870 676 caelum,

559 691 617 740 οι
640 695 824 738 coram
848 690 931 746 te;

555 755 666 827 jam
691 767 801 809 non
829 767 950 810 sum

561 825 758 896 dignus
785 839 876 879 vo-

561 897 675 953 cari
703 896 846 952 ﬁlius
876 903 965 952 tu-

557 967 648 1025 22.
694 984 778 1024 us.
805 969 821 999 ¹
842 968 989 1024 Dixit

563 1049 745 1097 autem
775 1049 930 1110 pater

557 1113 626 1168 ad
657 1127 871 1184 pueros
889 1127 982 1167 su-

560 1198 623 1240 os
649 1183 674 1238 :7
694 1183 947 1239 Celerius

558 1270 662 1327 pro
671 1255 804 1311 ferte

561 1325 763 1384 stolam
790 1325 938 1396 prio-

558 1413 677 1455 rem
701 1439 716 1462 ,
751 1407 807 1453 et
837 1397 994 1454 indu-

562 1470 639 1526 ite
664 1469 814 1524 illum
839 1510 854 1534 ,
880 1478 938 1525 et

561 1540 689 1597 date
717 1541 941 1596 anulum

564 1612 621 1668 in
651 1626 811 1668 manu
841 1611 947 1666 illi-

562 1699 650 1749 us,
687 1692 745 1740 et
773 1683 971 1738 calcia-

563 1764 751 1811 menta
775 1755 828 1809 iu
855 1771 948 1825 pe-

561 1825 653 1884 25.
688 1827 846 1882 dibus
873 1827 1024 1898 ejus,
1050 1837 1107 1885 et

564 1898 818 1970 adducite
842 1899 922 1954 vi-
1392 1913 1588 1970 rogare
1609 1914 1758 1954 eum.

564 1971 738 2026 tulum
762 1969 912 2025 illum
1393 1969 1486 2025 29.
1533 1969 1652 2040 Ipse
1683 1979 1864 2026 autem

565 2043 869 2113 saginatum
887 2084 903 2108 ,
1397 2040 1738 2111 respondens
1755 2085 1770 2109 ,

567 2124 625 2170 et
648 2113 899 2181 occidite,
1396 2115 1473 2168 ait
1505 2115 1642 2182 patri
1671 2129 1772 2169 suo
1804 2132 1819 2169 :

567 2195 625 2242 et
653 2186 946 2242 manduce—
1399 2185 1421 2216 ³
1451 2185 1595 2241 Ecce
1625 2193 1705 2240 tot
1731 2201 1820 2240 an-

565 2273 710 2322 mus,
733 2267 787 2312 et
817 2272 984 2326 aepu-
1398 2257 1486 2312 nis
1514 2257 1697 2311 servio

563 2327 658 2383 24.
700 2329 908 2401 lemur;
941 2343 1078 2401 quo-
1397 2326 1521 2395 tibi,
1555 2336 1611 2382 et.
1636 2343 1797 2383 num-

564 2401 711 2456 niam
741 2401 828 2455 hic
853 2399 974 2456 ﬁli?
1396 2414 1558 2456 quam
1591 2413 1738 2455 man-

567 2486 633 2528 us
655 2486 810 2527 meus
834 2485 972 2528 τηοτο
1396 2479 1580 2527 datum
1617 2479 1692 2525 ιιι·

566 2551 692 2598 tuus
719 2541 894 2598 fuerat
913 2584 932 2610 ,
1397 2558 1488 2597 um
1515 2553 1748 2613 praeter-

567 2624 624 2671 et
651 2615 883 2681 revixit;
915 2630 1002 2684 pe-
1396 2613 1491 2679 ibi,
1521 2625 1575 2668 et
1599 2631 1746 2670 num-

567 2689 769 2754 rierat,
797 2697 854 2742 et
880 2687 966 2742 in-

565 2768 762 2814 ventus
789 2765 893 2814 est.

565 2829 640 2886 Et
667 2839 968 2898 coeperunt

1396 2702 1555 2756 quam
1581 2685 1765 2742 dedis-

1396 2759 1437 2813 ti
1469 2759 1600 2813 milii
1628 2758 1758 2815 hae—

1397 2830 1522 2885 dum
1545 2873 1560 2895 ,
1594 2841 1653 2884 ut
1679 2846 1800 2886 cum

1398 2902 1586 2958 amicis
1621 2918 1737 2958 me-

1401 2974 1447 3028 is
1473 2974 1778 3037 aepularer.

1399 3046 1489 3102 50.
1531 3044 1666 3102 Cum
1691 3057 1873 3104 autem

1403 3117 1545 3172 ﬁlius
1574 3127 1698 3172 tuus

567 2903 844 2974 aepulare.

565 2971 658 3030 25.
702 2971 833 3037 Erat
860 2981 1040 3030 autem

566 3046 711 3101 ﬁlius
741 3045 888 3100 illius

569 3117 758 3172 senior
786 3117 838 3172 in
866 3133 917 3171 a-

569 3203 705 3258 gro:
735 3198 790 3242 et
815 3203 940 3260 cum
1403 3188 1491 3260 liic
1510 3230 1527 3255 ,
1551 3189 1641 3260 qui
1667 3203 1851 3246 come-

569 3259 813 3326 veniret,
845 3259 942 3314 ad-
1404 3259 1485 3314 dit
1512 3259 1727 3316 omnem

571 3330 908 3402 propinqua-
1405 3330 1717 3387 facultatem

571 3401 652 3456 vit
677 3401 896 3469 domui,
921 3411 977 3458 et
1403 3416 1556 3458 suam
1583 3404 1776 3459 vivens

571 3472 745 3545 audiit
787 3487 933 3545 sym—
1403 3489 1524 3530 cum
1558 3474 1728 3530 forni-

613 3543 806 3599 honias
819 3543 841 3608 ἡ.
875 3554 933 3602 et

613 3615 666 3673 6.
709 3615 970 3684 chorum;
1003 3626 1059 3674 et

573 3691 787 3742 vocavit
817 3705 983 3746 unum
1004 3701 1008 3758 ξ

573 3759 641 3815 de
671 3759 853 3832 pueris
871 3805 887 3830 ,
918 3770 974 3817 et

1402 3545 1596 3607 cariis.
1624 3547 1806 3616 venit,

1401 3627 1457 3674 et
1483 3618 1732 3674 occidisti

1399 3690 1624 3745 vitulum
1656 3690 1808 3748 illum

1401 3762 1730 3834 saginatum.

1072 329 1343 390 EUSEBII
1382 329 1726 390 VERCELL.
1767 329 2220 390 EVANGELIUM
2258 330 2405 390 CUM
2449 329 2538 388 VA

2112 330 2220 390 LUM
2258 330 2405 390 CUM
2449 329 2676 391 VARllS
2713 331 2872 390 COD.
2908 331 3293 410 COLLATUM,
3569 351 3579 407 ε

2675 442 2906 504 CODEX
2945 445 3386 506 VERONENSIS.

2253 538 2415 596 Pater
2436 581 2451 606 ,
2482 540 2702 610 peccavi

2253 610 2310 667 in
2340 612 2550 667 caelum
2578 654 2593 677 ,

2253 693 2308 739 et
2343 684 2395 738 in
2426 693 2514 750 te;
2543 683 2655 755 jam

2254 770 2362 810 non
2394 770 2511 809 sum
2541 757 2618 811 di-

2253 841 2392 895 gnus
2423 828 2605 882 vocari

2255 897 2401 954 ﬁlius
2428 907 2571 954 tuus.

2253 969 2346 1024 22.
2393 970 2536 1024 Dixit
2560 979 2738 1027 autem

2255 1051 2412 1114 pater
2439 1041 2560 1112 ejus

2255 1113 2323 1168 ad
2354 1128 2542 1169 servos
2572 1129 2699 1172 suos
2733 1135 2745 1168 :

2253 1184 2374 1240 Cito
2398 1184 2639 1255 proferte

2258 1255 2393 1311 mihi
2425 1257 2622 1312 stolam

2255 1328 2406 1382 illam
2437 1330 2688 1398 primam,

2255 1400 2548 1456 etinduue

2255 1471 2408 1527 illum
2429 1513 2443 1535 ,
2471 1483 2526 1527 et
2556 1472 2681 1528 date

2256 1545 2476 1597 anulum
2511 1544 2566 1598 in

2257 1629 2419 1670 manu
2448 1615 2597 1684 ejus,

2256 1696 2312 1742 et
2337 1687 2655 1744 calciamen-

3084 542 3251 599 servis
3267 585 3283 605 .
3319 553 3371 598 et
3393 543 3459 602 in~

3086 615 3370 683 terrogavit
3385 659 3398 681 ,

3083 701 3336 756 quaenam

3087 758 3219 814 haec
3246 769 3427 815 essent.

3083 829 3173 884 27.
3218 829 3367 898 Isque
3384 832 3494 886 dixit

3085 901 3136 973 εἰ
3169 919 3184 955 ε
3217 899 3290 971 (α)
3314 902 3484 973 Quia]L

3087 971 3258 1028 frater
3278 986 3389 1029 tuus

3089 1046 3271 1110 venit,
3297 1055 3350 1100 et
3375 1060 3453 1101 oc-

3087 1115 3221 1171 cidit
3251 1126 3391 1185 pater

3089 1196 3215 1242 tuus
3243 1188 3442 1244 vitulum

3087 1259 3237 1314 illum
3264 1260 3539 1328 saginatum;

3084 1331 3215 1402 quia
3246 1330 3433 1386 salvum

3087 1402 3241 1456 illum
3268 1405 3464 1472 recepit.

3086 1473 3181 1528 28.
3222 1472 3494 1544 Indignatus

3087 1554 3174 1600 est
3198 1556 3368 1601 autem
3385 1588 3398 1612 ,
3420 1557 3464 1602 et

3089 1617 3310 1673 nolebat
3330 1619 3399 1671 in-

3087 1695 3259 1743 trare.
3301 1687 3436 1744 Pater

2258 1767 2311 1812 ta
2343 1759 2402 1831 in
2432 1758 2585 1831 pedi-
3088 1758 3167 1828 (b)
3198 1775 3325 1815 vero
3351 1759 3387 1831 -ξ-
3409 1760 3462 1815 il-

2257 1831 2350 1885 25.
2394 1830 2496 1884 bus
2526 1828 2674 1900 ejus,
2704 1838 2758 1886 et
3091 1831 3200 1885 lius
3233 1828 3480 1900 egressus,

2257 1901 2513 1957 adducite
2541 1906 2614 1957 vi-
3091 1903 3279 1974 coepit
3306 1917 3462 1973 rogare

2259 1974 2430 2028 tulum
2460 1973 2610 2029 illum
3089 1973 3189 2029 29.
3233 1975 3396 2030 illum.
3429 1975 3481 2029 Ad

2258 2045 2586 2115 saginatum,
3089 2045 3188 2101 ille
3212 2046 3501 2112 respondeas,

2260 2125 2316 2172 et
2341 2117 2575 2172 occidite
3090 2117 3235 2172 dixit
3267 2117 3399 2188 patri

2258 2204 2403 2268 eum,
2429 2198 2483 2244 et
2513 2205 2661 2244 man-
3091 2203 3198 2244 suo
3213 2206 3237 2268 _:
3274 2189 3451 2268 Ecce-tit

3094 2260 3260 2315 annis
3293 2260 3428 2315 senii

3097 2333 3199 2388 tibi
3222 2373 3238 2398 ,
3269 2341 3325 2387 et
3349 2347 3456 2386 nun-

2257 2259 2521 2332 ducemus
2544 2303 2559 2327 ,
2589 2271 2644 2316 et
2671 2275 2837 2332 aepu-

2253 2331 2347 2404 24.
2390 2331 2564 2404 lemur
2579 2374 2594 2398 ,
2624 2331 2749 2404 quia

2257 2401 2348 2459 hic
2381 2403 2521 2458 ﬁlius
2641 2401 2656 2404 “
3094 2419 3264 2472 quam
3300 2402 3471 2457 manda-

2257 2490 2416 2531 mens
2451 2485 2694 2533 mortuus
3096 2484 3218 2530 tum
3254 2485 3391 2529 tuum

2257 2545 2464 2613 fuerat,
2491 2556 2547 2602 et
3097 2545 3413 2616 praeteribi:
3433 2553 3472 2600 et

2259 2619 2486 2686 revixit;
2522 2635 2613 2689 pe-
3094 2633 3387 2688 numquam

2258 2691 2427 2746 rierat
2443 2731 2458 2752 .
2489 2700 2546 2746 et
3095 2689 3297 2747 dedisti
3320 2689 3404 2745 mi-

2258 2762 2512 2835 inventus
2537 2770 2640 2818 est.
3092 2761 3176 2816 hi.
3222 2802 3238 2816 .
3289 2799 3304 2815 .
3346 2803 3359 2817 .
3396 2800 3416 2835 ._
3445 2799 3457 2835 τ
3485 2797 3495 2810 .
3522 2794 3558 2835 ι,

2259 2833 2328 2890 Et
2356 2842 2650 2903 coeperunt
3094 2843 3156 2889 ut
3178 2849 3303 2888 cum
3328 2830 3476 2886 amicis
3492 2830 3575 2882 meis

2259 2905 2523 2973 aepulari.
3095 2905 3394 2976 aepularer.

2259 2977 2351 3031 25.
2396 2976 2526 3032 Erat
2553 2985 2732 3033 autem
3096 2978 3194 3034 50.
3240 2977 3343 3032 Sed
3372 2982 3487 3044 post-

2265 3048 2409 3103 ﬁlius
2439 3049 2557 3114 ejus
3096 3064 3269 3119 quam
3298 3046 3422 3102 ﬁlius

2261 3120 2445 3176 senior
2469 3120 2524 3175 in
3098 3130 3234 3176 tuus
3258 3119 3342 3174 hic
3361 3161 3374 3182 ,

2262 3206 2393 3262 agro
2426 3209 2440 3245 :
2471 3200 2528 3248 et
2551 3191 2749 3248 factum
3097 3194 3198 3262 qui
3230 3192 3388 3246 devo-

2263 3272 2347 3318 est
2367 3305 2383 3328 ,
2413 3277 2534 3318 cum
2565 3279 2662 3318 ve-
3097 3264 3250 3319 tavit
3268 3263 3485 3318 substan-

2263 3335 2408 3390 niret
2427 3376 2442 3400 ,
2470 3345 2526 3390 et
2551 3336 2648 3391 ad-
3099 3335 3243 3390 tiam
3271 3349 3384 3390 cum
3405 3346 3492 3386 me-

2266 3406 2452 3477 propia
2460 3415 2541 3462 ret
3099 3405 3389 3462 retricibus
3406 3444 3420 3469 ,

2266 3477 2485 3546 domui,
2511 3477 2682 3534 audiit
3097 3480 3288 3544 venit,
3316 3485 3369 3532 et

2267 3551 2643 3620 symphoniam
2660 3590 2675 3614 ,
3095 3549 3355 3604 occidisti

2267 3631 2324 3676 et
2353 3620 2582 3687 choros;
3097 3620 3183 3675 illi
3212 3621 3426 3676 vitulum

2267 3691 2358 3747 26.
2403 3705 2456 3747 et
2487 3693 2696 3748 vocavit
3097 3691 3260 3747 illum
3289 3690 3417 3762 sagi-

2270 3780 2436 3818 uuum
2468 3765 2537 3820 de
3102 3773 3321 3819 natum.

1887 3878 2119 3936 CODEX
2156 3879 2548 3937 BRIXIANUS.

572 3975 732 4032 Pater
766 3975 980 4048 peccavi
1013 3975 1066 4048 in
1101 3974 1412 4048 caelumtet
1448 3989 1630 4030 coram
1653 3974 1868 4044 Ite.jam
1904 3989 2012 4048 non
2051 3989 2168 4028 sum

572 4046 978 4118 dignus'vocari
1001 4046 1142 4102 ﬁlius
1166 4059 1304 4101 tuus.
1337 4046 1481 4101 Dixit
1504 4057 1682 4102 autem
1719 4053 1872 4118 pater
1891 4046 1961 4118 ad,
1975 4059 2172 4118 servos

573 4116 723 4174 suos.
747 4118 868 4174 Cito
887 4118 1126 4188 proferte
1148 4120 1340 4173 stolam
1367 4120 1613 4186 primam.
1638 4117 1912 4172 etiuduite
1930 4116 2171 4172 illum.et

573 4190 700 4244 date
720 4192 974 4244 annulum
1004 4191 1055 4244 in
1072 4205 1229 4242 manu
1257 4189 1392 4258 ejus.
1415 4190 1834 4244 etealciamenta
1865 4189 1918 4242 in
1947 4189 2172 4257 pedibus

574 4260 694 4328 ejus
711 4271 764 4314 et
789 4261 1035 4314 adducite
1058 4262 1282 4314 vitulum
1305 4262 1602 4331 saginatum
1621 4267 1677 4314 et
1695 4261 1924 4315 occidte.
1945 4270 2000 4314 et
2019 4275 2171 4314 man-

571 4331 832 4386 ducautes
844 4331 1177 4397 aepulemur.
1197 4332 1318 4399 quia
1336 4331 1420 4386 hic
1441 4332 1580 4386 ﬁlius
1593 4347 1764 4386 meus.
1787 4340 2030 4385 mortuus
2055 4340 2174 4384 erat

574 4413 632 4459 et
663 4404 879 4458 revixit.
903 4403 1136 4472 perierat
1154 4413 1208 4456 et
1224 4403 1473 4457 iuventus
1489 4413 1590 4458 est.
1615 4402 1682 4457 Et
1699 4412 1992 4474 coeperunt
2009 4418 2172 4468 aepu-

572 4474 693 4531 lari.
721 4475 1043 4529 Eratautam
1068 4473 1206 4528 ﬁlius
1237 4475 1355 4544 ejus
1372 4474 1551 4528 senior
1572 4476 1623 4528 in
1651 4489 1782 4543 agro
1806 4473 1860 4529 et
1880 4489 2001 4528 cum
2025 4476 2174 4528 veni-'-

571 4557 677 4603 ret.
713 4556 768 4600 et
795 4543 1474 4616 adpropinquaret'domui
1500 4543 1715 4618 audivit
1747 4544 2176 4618 symfongiannet

571 4619 799 4676 chorum
813 4615 1102 4675 etvocavit
1115 4633 1276 4673 unum
1291 4618 1358 4673 de
1370 4617 1562 4688 servis,
1577 4628 1632 4674 et
1643 4615 2012 4688 interrogavit.
2027 4615 2177 4687 quid-

2280 3973 2534 4027 namhoc
2565 3981 2728 4028 esset.
2763 3972 2844 4027 Ad
2873 3972 2965 4029 ille
3003 3970 3142 4028 dixit
3180 3972 3281 4028 illi.
3327 3970 3488 4025 Frater
3517 3953 3638 4044 ut:

2279 4025 2555 4100 etii—ccidit
2578 4025 2732 4112 pars.
2764 4025 3150 4099 iugatas.
3180 4025 3463 4110 ..έίηειυηι
3485 4025 3630 4112 ..με

2280 4119 2430 4171 illum
2467 4103 2687 4182 recepit.
2720 4116 3034 4186 Indignatus
3053 4126 3141 4169 est
3166 4103 3346 4170 autem
3365 4103 3634 4186 maeuii:

2393 4163 2553 4242 Dater
2574 4163 2814 4258 ('b)'vero'
2891 4187 3038 4242 illius
3066 4163 3323 4258 egressus
3341 4183 3470 4259 foris.
3488 4163 3640 4259 οιςβξ

2277 4275 2489 4330 rogare.
2512 4227 2594 4314 Ad
2627 4227 2713 4313 illle
2742 4227 3234 4330 respondensvaixit
3267 4257 3394 4330 patri
3412 4268 3505 4308 suo.
3525 4227 3648 4330 Ewg

2280 4313 2436 4385 hn‘hi;
2450 4313 2642 4386 servio
2661 4330 2756 4384 tibi
2768 4313 2791 4383 ,ί
2806 4313 2860 4386 ei
2890 4345 3184 4398 numquam
3206 4313 3486 4384 mandatum
3502 4313 3651 4398 tumst:

2281 4403 2426 4468 terii,
2459 4413 2512 4457 et
2544 4403 2674 4457 mihi
2702 4419 2992 4472 numquam
3020 4387 3220 4456 dedisti
3252 4387 3651 4474 hedumAttlfﬁ‘ﬁ

2279 4475 2359 4529 cis
2395 4445 2529 4529 tineis
2568 4445 3205 4542 aepularertuPOSIquam
3235 4484 3404 4527 autem
3445 4467 3543 4521 ﬁlius
3559 4445 3651 4542 uti!

2281 4545 2446 4600 venit.
2467 4546 2558 4616 qui
2588 4546 2868 4600 devoravit
2897 4546 3257 4616 substantiam
3283 4557 3422 4597 suam
3447 4550 3532 4592 cum

2279 4616 2434 4673 cibus
2483 4615 2728 4672 Occidisti
2769 4617 2843 4671 illi
2865 4616 3097 4673 ‘vitulum
3123 4615 3431 4688 saginatum.

1874 4708 2108 4767 CODEX
2131 4708 2602 4768 CORBEIENSIS.

643 4806 736 4862 22.
769 4809 964 4864 stolam
995 4806 1146 4862 illam

645 4879 738 4933 23.
778 4879 1032 4935 adducite
1058 4877 1286 4934 vitulum
1319 4879 1469 4933 illum
1497 4877 1827 4949 saginatum.

645 4949 738 5008 26.
779 4951 1154 5024 interrogavit,
1183 4965 1323 5022 quae
1349 4950 1569 5006 essent?

1173 4806 1426 4878 primam.

2345 4806 2438 4860 27.
2479 4804 2678 4861 occidit
2705 4804 2930 4860 vitulum
2959 4804 3108 4860 illum
3139 4803 3446 4875 saginatum.

2347 4879 2438 4935 50.
2476 4877 2760 4933 devoravit
2787 4877 2811 4909 ‘
2835 4872 3367 4934 substantiam'tuam
3392 4872 3445 4942 1-.

1823 5044 2216 5103 VARIANTES
2255 5037 2662 5100 LECTIONES.

643 5141 659 5172 ¹
699 5139 804 5191 Gat.
829 5150 960 5202 tuus,
982 5141 1057 5192 fac
1095 5153 1176 5190 me
1211 5154 1360 5191 unum
1394 5141 1460 5191 de
1503 5141 1820 5192 mercenariis
1861 5142 1975 5192 tuis.
2016 5141 2174 5192 Dixit.

582 5203 802 5269 Mm._fac
821 5219 901 5269 me
922 5209 1049 5255 sicut
1073 5205 1423 5269 σοαπ-ναις.
1451 5211 1582 5255 tuus.
1608 5204 1760 5255 Dixit.

647 5268 665 5297 ⁸
685 5265 791 5316 Gat.
806 5265 1482 5332 noluitvenire....Egre§sus
1501 5274 1662 5332 est,...
1682 5271 1842 5332 coepit
1859 5265 2178 5332 Mm.Egres-

583 5339 668 5378 sus
684 5336 822 5393 est,..
855 5332 1035 5394 coepit.
1057 5329 1202 5396 Vulg.
1219 5330 1418 5381 nolebat
1437 5329 1701 5381 introire...
1716 5329 2172 5395 Egressus,co(-pit.

2346 5139 2368 5212 ξ
2401 5136 2507 5212 ϐας.
2536 5133 2662 5185 Ecce
2686 5139 2808 5197 quot
2827 5133 2940 5184 anni
2964 5134 3083 5183 Mm.
3107 5131 3236 5183 Ecce
3258 5134 3372 5195 quot
3389 5124 3492 5176 anni.
3516 5098 3651 5171 mi‘

2284 5207 2359 5252 tot
2381 5207 2539 5248 annis.

2345 5262 2368 5292 ⁸
2402 5263 2461 5312 Et
2485 5260 2553 5312 ita
2573 5261 2694 5311 Mm.

1267 5433 1562 5476 LBCTIONES
1583 5433 1788 5474 CODICIS
1813 5430 2224 5474 VINDEBONENSIS
2252 5429 2526 5472 ABEUNTBS
2557 5429 2625 5467 AD
2654 5427 2906 5468 EDITIONE
2937 5426 3199 5467 VULGATA.

642 5533 726 5584 2i.
759 5533 878 5584 etin
901 5540 953 5584 te
977 5547 1107 5584 :non
1138 5547 1265 5586 sum.
1328 5534 1406 5584 22.
1433 5533 1603 5586 stolam
1642 5532 1775 5583 illam
1806 5535 2022 5586 primam.
2089 5534 2170 5584 25.

584 5596 790 5660 vitulum
828 5595 984 5660 illum.
1151 5599 1464 5660 apprOpiaret
1502 5597 1688 5647 domui.
1754 5595 1832 5646 26.
1858 5596 2175 5660 quaehaec

588 5659 796 5712 essent?
856 5659 935 5710 27.
961 5659 1038 5710 Ad
1067 5659 1152 5709 ille
1186 5658 1315 5712 dixit
1338 5661 1386 5711 ei
1415 5659 1684 5713 :Frater...
1718 5658 1948 5722 quoniam
1971 5658 2174 5708 salvum.

2336 5530 2416 5580 28.
2443 5536 2495 5580 et
2524 5529 2717 5594 noluit.
2773 5529 2856 5580 29.
2879 5529 3011 5594 quod
3043 5517 3492 5590 annis....praeterii,
3511 5515 3544 5560 et
3567 5488 3651 5551 ιτωά

2278 5592 2412 5644 disti.
2479 5592 2559 5641 30.
2584 5592 2822 5645 occidisti.

1902 5765 2273 5824 BLANCHINI
2309 5766 2542 5824 NOTAE.

660 5868 734 5939 (a)
767 5860 933 5926 Addit
957 5870 1080 5942 quia
1101 5910 1115 5938 ,
1143 5865 1306 5921 etiam
1329 5858 1462 5924 text.
1491 5866 1586 5922 Gr.
1611 5867 1708 5921 ὅτι.
1739 5894 1811 5910 τ-
1836 5863 1913 5938 (ο)
1935 5865 2011 5921 Ita
2031 5869 2085 5917 et
2110 5859 2232 5916 cod.
2259 5858 2418 5919 Cant.
2447 5860 2520 5917 δί.
