  <div class='ocr_page' id='page_1' title='image "/cluster/home/n/w/nwhite01/storage/ocr_20150623/12/hvd.32044015471980/334.png"; bbox 0 0 3716 6344; ppageno 0'>
   <div class='ocr_carea' id='block_1_1' title="bbox 981 291 3172 367">
    <p class='ocr_par' dir='ltr' id='par_1_1' title="bbox 981 291 3172 367">
     <span class='ocr_line' id='line_1_1' title="bbox 981 291 3172 367; baseline 0.003 -8"><span class='ocrx_word' id='word_1_1' title='bbox 981 291 1428 360; x_wconf 67' lang='lat' dir='ltr'><strong>EVMGELIUM</strong></span> <span class='ocrx_word' id='word_1_2' title='bbox 1468 299 1836 362; x_wconf 65' lang='lat' dir='ltr'><strong>SECUNDUM</strong></span> <span class='ocrx_word' id='word_1_3' title='bbox 1875 295 2132 361; x_wconf 67' lang='lat' dir='ltr'><strong>LUCAM.</strong></span> <span class='ocrx_word' id='word_1_4' title='bbox 3064 307 3172 367; x_wconf 68' lang='lat' dir='ltr'><strong>fitﬁ</strong></span> 
     </span>
    </p>
   </div>
   <div class='ocr_carea' id='block_1_2' title="bbox 257 418 2716 483">
    <p class='ocr_par' dir='ltr' id='par_1_2' title="bbox 257 418 2716 483">
     <span class='ocr_line' id='line_1_2' title="bbox 257 418 2716 483; baseline 0 -3"><span class='ocrx_word' id='word_1_5' title='bbox 257 419 490 480; x_wconf 68' lang='lat' dir='ltr'><strong>CODBX</strong></span> <span class='ocrx_word' id='word_1_6' title='bbox 531 418 1075 478; x_wconf 73' lang='lat' dir='ltr'><strong>VEBCELLENSIS.</strong></span> <span class='ocrx_word' id='word_1_7' title='bbox 1996 418 2229 477; x_wconf 73' lang='lat' dir='ltr'><strong>CUDEX</strong></span> <span class='ocrx_word' id='word_1_8' title='bbox 2267 419 2716 483; x_wconf 71' lang='lat' dir='ltr'><strong>YERONENSIS.</strong></span> 
     </span>
    </p>
   </div>
   <div class='ocr_carea' id='block_1_3' title="bbox 13 515 2877 584">
    <p class='ocr_par' dir='ltr' id='par_1_3' title="bbox 13 515 2877 584">
     <span class='ocr_line' id='line_1_3' title="bbox 13 515 2877 584; baseline 0.004 -20"><span class='ocrx_word' id='word_1_9' title='bbox 13 530 200 584; x_wconf 69' lang='grc' dir='ltr'><strong>ιαηωτ,</strong></span> <span class='ocrx_word' id='word_1_10' title='bbox 707 531 836 570; x_wconf 91' lang='lat' dir='ltr'><strong>nera</strong></span> <span class='ocrx_word' id='word_1_11' title='bbox 875 515 1009 584; x_wconf 88' lang='lat' dir='ltr'><strong>ejus.</strong></span> <span class='ocrx_word' id='word_1_12' title='bbox 1573 515 2006 583; x_wconf 83' lang='lat' dir='ltr'><strong>evangelizatur,</strong></span> <span class='ocrx_word' id='word_1_13' title='bbox 2405 517 2498 571; x_wconf 77' lang='lat'><strong>22.</strong></span> <span class='ocrx_word' id='word_1_14' title='bbox 2544 517 2764 574; x_wconf 87' lang='lat' dir='ltr'><strong>Factum</strong></span> <span class='ocrx_word' id='word_1_15' title='bbox 2795 531 2877 576; x_wconf 87' lang='lat' dir='ltr'><strong>est</strong></span> 
     </span>
    </p>
   </div>
   <div class='ocr_carea' id='block_1_4' title="bbox 17 586 2680 648">
    <p class='ocr_par' dir='ltr' id='par_1_4' title="bbox 17 586 2680 648">
     <span class='ocr_line' id='line_1_4' title="bbox 17 586 2680 648; baseline -0.002 0"><span class='ocrx_word' id='word_1_16' title='bbox 17 607 151 648; x_wconf 88' lang='lat' dir='ltr'><strong>mnes</strong></span> <span class='ocrx_word' id='word_1_17' title='bbox 176 593 226 646; x_wconf 81' lang='lat' dir='ltr'><strong>in</strong></span> <span class='ocrx_word' id='word_1_18' title='bbox 704 587 794 642; x_wconf 89' lang='lat'><strong>22.</strong></span> <span class='ocrx_word' id='word_1_19' title='bbox 837 587 1059 642; x_wconf 86' lang='lat' dir='ltr'><strong>Factum</strong></span> <span class='ocrx_word' id='word_1_20' title='bbox 1091 592 1176 640; x_wconf 85' lang='lat' dir='ltr'><strong>est</strong></span> <span class='ocrx_word' id='word_1_21' title='bbox 1203 597 1302 639; x_wconf 78' lang='lat' dir='ltr'><strong>au-</strong></span> <span class='ocrx_word' id='word_1_22' title='bbox 1573 595 1628 639; x_wconf 86' lang='lat' dir='ltr'><strong>et</strong></span> <span class='ocrx_word' id='word_1_23' title='bbox 1653 586 1826 639; x_wconf 90' lang='lat' dir='ltr'><strong>omnis</strong></span> <span class='ocrx_word' id='word_1_24' title='bbox 2407 602 2587 644; x_wconf 87' lang='lat' dir='ltr'><strong>autem</strong></span> <span class='ocrx_word' id='word_1_25' title='bbox 2620 598 2680 645; x_wconf 90' lang='lat' dir='ltr'><strong>ut</strong></span> 
     </span>
    </p>
   </div>
   <div class='ocr_carea' id='block_1_5' title="bbox 13 656 2713 718">
    <p class='ocr_par' dir='ltr' id='par_1_5' title="bbox 13 656 2713 718">
     <span class='ocr_line' id='line_1_5' title="bbox 13 656 2713 718; baseline -0.001 0"><span class='ocrx_word' id='word_1_26' title='bbox 13 681 43 718; x_wconf 92' lang='lat' dir='ltr'><strong>n</strong></span> <span class='ocrx_word' id='word_1_27' title='bbox 72 665 206 718; x_wconf 84' lang='lat' dir='ltr'><strong>festi-</strong></span> <span class='ocrx_word' id='word_1_28' title='bbox 705 668 810 716; x_wconf 88' lang='lat' dir='ltr'><strong>tem</strong></span> <span class='ocrx_word' id='word_1_29' title='bbox 842 667 900 713; x_wconf 92' lang='lat' dir='ltr'><strong>ut</strong></span> <span class='ocrx_word' id='word_1_30' title='bbox 926 674 1046 712; x_wconf 86' lang='lat' dir='ltr'><strong>mo-</strong></span> <span class='ocrx_word' id='word_1_31' title='bbox 1571 656 1626 711; x_wconf 94' lang='lat' dir='ltr'><strong>in</strong></span> <span class='ocrx_word' id='word_1_32' title='bbox 1654 657 1776 711; x_wconf 91' lang='lat' dir='ltr'><strong>illut</strong></span> <span class='ocrx_word' id='word_1_33' title='bbox 1800 656 1911 711; x_wconf 99' lang='lat' dir='ltr'><strong>vim</strong></span> <span class='ocrx_word' id='word_1_34' title='bbox 2409 672 2713 717; x_wconf 92' lang='lat' dir='ltr'><strong>moreretur</strong></span> 
     </span>
    </p>
   </div>
   <div class='ocr_carea' id='block_1_6' title="bbox 25 726 2828 800">
    <p class='ocr_par' dir='ltr' id='par_1_6' title="bbox 25 726 2828 800">
     <span class='ocr_line' id='line_1_6' title="bbox 25 726 2828 800; baseline -0.005 -10"><span class='ocrx_word' id='word_1_35' title='bbox 25 747 155 790; x_wconf 83' lang='lat' dir='ltr'><strong>nant.</strong></span> <span class='ocrx_word' id='word_1_36' title='bbox 187 729 412 789; x_wconf 66' lang='lat' dir='ltr'><strong>Facilius</strong></span> <span class='ocrx_word' id='word_1_37' title='bbox 707 741 915 786; x_wconf 91' lang='lat' dir='ltr'><strong>reretur</strong></span> <span class='ocrx_word' id='word_1_38' title='bbox 944 745 1080 800; x_wconf 88' lang='lat' dir='ltr'><strong>pau-</strong></span> <span class='ocrx_word' id='word_1_39' title='bbox 1572 726 1743 800; x_wconf 45' lang='lat' dir='ltr'><strong>facit,</strong></span> <span class='ocrx_word' id='word_1_40' title='bbox 1841 799 1870 800; x_wconf 27' lang='grc' dir='ltr'>η</span> <span class='ocrx_word' id='word_1_41' title='bbox 2408 732 2646 790; x_wconf 79' lang='lat' dir='ltr'><strong>Lazarus</strong></span> <span class='ocrx_word' id='word_1_42' title='bbox 2676 749 2828 791; x_wconf 90' lang='lat' dir='ltr'><strong>men-</strong></span> 
     </span>
    </p>
   </div>
   <div class='ocr_carea' id='block_1_7' title="bbox 16 798 2675 873">
    <p class='ocr_par' dir='ltr' id='par_1_7' title="bbox 16 798 2675 873">
     <span class='ocr_line' id='line_1_7' title="bbox 16 798 2675 873; baseline -0 -12"><span class='ocrx_word' id='word_1_43' title='bbox 16 819 175 862; x_wconf 88' lang='lat' dir='ltr'><strong>autem</strong></span> <span class='ocrx_word' id='word_1_44' title='bbox 708 819 830 873; x_wconf 91' lang='lat' dir='ltr'><strong>per,</strong></span> <span class='ocrx_word' id='word_1_45' title='bbox 863 811 918 857; x_wconf 91' lang='lat' dir='ltr'><strong>et</strong></span> <span class='ocrx_word' id='word_1_46' title='bbox 946 798 1134 872; x_wconf 62' lang='grc' dir='ltr'><strong>βοηθ-</strong></span> <span class='ocrx_word' id='word_1_47' title='bbox 1576 798 1662 854; x_wconf 81' lang='grc'><strong>17.</strong></span> <span class='ocrx_word' id='word_1_48' title='bbox 1706 799 1944 857; x_wconf 86' lang='lat' dir='ltr'><strong>Facilius</strong></span> <span class='ocrx_word' id='word_1_49' title='bbox 2407 803 2590 871; x_wconf 75' lang='lat' dir='ltr'><strong>dicus,</strong></span> <span class='ocrx_word' id='word_1_50' title='bbox 2619 815 2675 862; x_wconf 91' lang='lat' dir='ltr'><strong>et</strong></span> 
     </span>
    </p>
   </div>
   <div class='ocr_carea' id='block_1_8' title="bbox 18 874 2713 946">
    <p class='ocr_par' dir='ltr' id='par_1_8' title="bbox 18 874 2713 946">
     <span class='ocr_line' id='line_1_8' title="bbox 18 874 2713 946; baseline 0 -13"><span class='ocrx_word' id='word_1_51' title='bbox 18 896 92 933; x_wconf 88' lang='lat' dir='ltr'><strong>um</strong></span> <span class='ocrx_word' id='word_1_52' title='bbox 109 921 122 944; x_wconf 95' lang='lat'><strong>,</strong></span> <span class='ocrx_word' id='word_1_53' title='bbox 149 886 200 934; x_wconf 86' lang='lat' dir='ltr'><strong>et</strong></span> <span class='ocrx_word' id='word_1_54' title='bbox 707 883 856 930; x_wconf 89' lang='lat' dir='ltr'><strong>retur</strong></span> <span class='ocrx_word' id='word_1_55' title='bbox 883 875 952 932; x_wconf 91' lang='lat' dir='ltr'><strong>ab</strong></span> <span class='ocrx_word' id='word_1_56' title='bbox 978 874 1084 930; x_wconf 83' lang='lat' dir='ltr'><strong>An-</strong></span> <span class='ocrx_word' id='word_1_57' title='bbox 1571 884 1655 928; x_wconf 91' lang='lat' dir='ltr'><strong>est</strong></span> <span class='ocrx_word' id='word_1_58' title='bbox 1676 881 1859 946; x_wconf 90' lang='lat' dir='ltr'><strong>autem</strong></span> <span class='ocrx_word' id='word_1_59' title='bbox 2409 886 2713 946; x_wconf 72' lang='lat' dir='ltr'><strong>portaretur</strong></span> 
     </span>
    </p>
   </div>
   <div class='ocr_carea' id='block_1_9' title="bbox 13 945 2728 1018">
    <p class='ocr_par' dir='ltr' id='par_1_9' title="bbox 13 945 2728 1018">
     <span class='ocr_line' id='line_1_9' title="bbox 13 945 2728 1018; baseline -0 -12"><span class='ocrx_word' id='word_1_60' title='bbox 13 968 85 1006; x_wconf 85' lang='lat' dir='ltr'><strong>am</strong></span> <span class='ocrx_word' id='word_1_61' title='bbox 108 960 240 1006; x_wconf 83' lang='lat' dir='ltr'><strong>tran-</strong></span> <span class='ocrx_word' id='word_1_62' title='bbox 705 949 843 1018; x_wconf 92' lang='lat' dir='ltr'><strong>gelis</strong></span> <span class='ocrx_word' id='word_1_63' title='bbox 870 948 921 1003; x_wconf 93' lang='lat' dir='ltr'><strong>in</strong></span> <span class='ocrx_word' id='word_1_64' title='bbox 948 948 1067 1002; x_wconf 88' lang='lat' dir='ltr'><strong>sinu</strong></span> <span class='ocrx_word' id='word_1_65' title='bbox 1571 945 1780 999; x_wconf 78' lang='lat' dir='ltr'><strong>Caelum</strong></span> <span class='ocrx_word' id='word_1_66' title='bbox 1807 986 1823 1011; x_wconf 95' lang='lat'><strong>,</strong></span> <span class='ocrx_word' id='word_1_67' title='bbox 2409 945 2476 1001; x_wconf 87' lang='lat' dir='ltr'><strong>ab</strong></span> <span class='ocrx_word' id='word_1_68' title='bbox 2506 950 2728 1018; x_wconf 80' lang='lat' dir='ltr'><strong>Angelis</strong></span> 
     </span>
    </p>
   </div>
   <div class='ocr_carea' id='block_1_10' title="bbox 23 1020 3054 1093">
    <p class='ocr_par' dir='ltr' id='par_1_10' title="bbox 23 1020 3054 1093">
     <span class='ocr_line' id='line_1_10' title="bbox 23 1020 3054 1093; baseline 0 -18"><span class='ocrx_word' id='word_1_69' title='bbox 23 1065 36 1088; x_wconf 85' lang='lat'><strong>,</strong></span> <span class='ocrx_word' id='word_1_70' title='bbox 63 1037 208 1093; x_wconf 92' lang='lat' dir='ltr'><strong>quam</strong></span> <span class='ocrx_word' id='word_1_71' title='bbox 707 1020 977 1076; x_wconf 83' lang='lat' dir='ltr'><strong>Abrahae.</strong></span> <span class='ocrx_word' id='word_1_72' title='bbox 1572 1025 1628 1070; x_wconf 85' lang='lat' dir='ltr'><strong>et</strong></span> <span class='ocrx_word' id='word_1_73' title='bbox 1660 1028 1856 1093; x_wconf 74' lang='lat' dir='ltr'><strong>terram</strong></span> <span class='ocrx_word' id='word_1_74' title='bbox 2408 1021 2461 1093; x_wconf 77' lang='lat' dir='ltr'><strong>in</strong></span> <span class='ocrx_word' id='word_1_75' title='bbox 2492 1021 2691 1074; x_wconf 91' lang='lat' dir='ltr'><strong>sinum.</strong></span> <span class='ocrx_word' id='word_1_76' title='bbox 2739 1063 2753 1076; x_wconf 94' lang='lat'><strong>.</strong></span> <span class='ocrx_word' id='word_1_77' title='bbox 2796 1063 2811 1076; x_wconf 94' lang='lat'><strong>.</strong></span> <span class='ocrx_word' id='word_1_78' title='bbox 2857 1061 2871 1076; x_wconf 92' lang='lat'><strong>.</strong></span> <span class='ocrx_word' id='word_1_79' title='bbox 2917 1060 2934 1078; x_wconf 94' lang='lat'><strong>.</strong></span> <span class='ocrx_word' id='word_1_80' title='bbox 2977 1063 2990 1076; x_wconf 95' lang='lat'><strong>.</strong></span> <span class='ocrx_word' id='word_1_81' title='bbox 3034 1064 3054 1084; x_wconf 89' lang='lat'><strong>.</strong></span> 
     </span>
    </p>
   </div>
   <div class='ocr_carea' id='block_1_11' title="bbox 14 1089 2758 1166">
    <p class='ocr_par' dir='ltr' id='par_1_11' title="bbox 14 1089 2758 1166">
     <span class='ocr_line' id='line_1_11' title="bbox 14 1089 2758 1166; baseline 0 -18"><span class='ocrx_word' id='word_1_82' title='bbox 14 1089 98 1166; x_wconf 80' lang='lat' dir='ltr'><strong>ege</strong></span> <span class='ocrx_word' id='word_1_83' title='bbox 125 1108 275 1148; x_wconf 89' lang='lat' dir='ltr'><strong>unum</strong></span> <span class='ocrx_word' id='word_1_84' title='bbox 709 1093 951 1148; x_wconf 83' lang='lat' dir='ltr'><strong>Mortuus</strong></span> <span class='ocrx_word' id='word_1_85' title='bbox 977 1099 1061 1166; x_wconf 78' lang='lat' dir='ltr'><strong>est</strong></span> <span class='ocrx_word' id='word_1_86' title='bbox 1575 1089 1867 1158; x_wconf 85' lang='lat' dir='ltr'><strong>praeterire</strong></span> <span class='ocrx_word' id='word_1_87' title='bbox 1887 1128 1902 1152; x_wconf 89' lang='lat'><strong>,</strong></span> <span class='ocrx_word' id='word_1_88' title='bbox 2407 1090 2758 1166; x_wconf 74' lang='lat' dir='ltr'><strong>Mortuusest</strong></span> 
     </span>
    </p>
   </div>
   <div class='ocr_carea' id='block_1_12' title="bbox 18 1161 2797 1228">
    <p class='ocr_par' dir='ltr' id='par_1_12' title="bbox 18 1161 2797 1228">
     <span class='ocr_line' id='line_1_12' title="bbox 18 1161 2797 1228; baseline -0.001 -7"><span class='ocrx_word' id='word_1_89' title='bbox 18 1161 90 1221; x_wconf 67' lang='lat' dir='ltr'><strong>ein</strong></span> <span class='ocrx_word' id='word_1_90' title='bbox 123 1181 213 1221; x_wconf 84' lang='lat' dir='ltr'><strong>ex-</strong></span> <span class='ocrx_word' id='word_1_91' title='bbox 707 1173 887 1218; x_wconf 88' lang='lat' dir='ltr'><strong>autem</strong></span> <span class='ocrx_word' id='word_1_92' title='bbox 919 1171 972 1217; x_wconf 93' lang='lat' dir='ltr'><strong>et</strong></span> <span class='ocrx_word' id='word_1_93' title='bbox 1001 1161 1083 1217; x_wconf 85' lang='lat' dir='ltr'><strong>di-</strong></span> <span class='ocrx_word' id='word_1_94' title='bbox 1571 1175 1732 1228; x_wconf 87' lang='lat' dir='ltr'><strong>quam</strong></span> <span class='ocrx_word' id='word_1_95' title='bbox 2409 1171 2590 1217; x_wconf 89' lang='lat' dir='ltr'><strong>autem</strong></span> <span class='ocrx_word' id='word_1_96' title='bbox 2615 1163 2797 1228; x_wconf 87' lang='lat' dir='ltr'><strong>dives.</strong></span> 
     </span>
    </p>
   </div>
   <div class='ocr_carea' id='block_1_13' title="bbox 13 1231 2830 1304">
    <p class='ocr_par' dir='ltr' id='par_1_13' title="bbox 13 1231 2830 1304">
     <span class='ocr_line' id='line_1_13' title="bbox 13 1231 2830 1304; baseline 0 -13"><span class='ocrx_word' id='word_1_97' title='bbox 13 1253 102 1291; x_wconf 72' lang='lat' dir='ltr'><strong>ere.</strong></span> <span class='ocrx_word' id='word_1_98' title='bbox 384 1301 413 1304; x_wconf 17' lang='grc' dir='ltr'><em>,ν</em></span> <span class='ocrx_word' id='word_1_99' title='bbox 707 1250 804 1291; x_wconf 89' lang='lat' dir='ltr'><strong>ves</strong></span> <span class='ocrx_word' id='word_1_100' title='bbox 823 1276 838 1297; x_wconf 90' lang='lat'><strong>,</strong></span> <span class='ocrx_word' id='word_1_101' title='bbox 865 1243 920 1290; x_wconf 90' lang='lat' dir='ltr'><strong>et</strong></span> <span class='ocrx_word' id='word_1_102' title='bbox 949 1233 1132 1304; x_wconf 88' lang='lat' dir='ltr'><strong>sepul-</strong></span> <span class='ocrx_word' id='word_1_103' title='bbox 1571 1231 1786 1304; x_wconf 86' lang='lat' dir='ltr'><strong>delege</strong></span> <span class='ocrx_word' id='word_1_104' title='bbox 1809 1245 1975 1287; x_wconf 90' lang='lat' dir='ltr'><strong>unum</strong></span> <span class='ocrx_word' id='word_1_105' title='bbox 2410 1233 2482 1304; x_wconf 82' lang='grc' dir='ltr'><strong>(ε)</strong></span> <span class='ocrx_word' id='word_1_106' title='bbox 2504 1244 2556 1288; x_wconf 91' lang='lat' dir='ltr'><strong>et</strong></span> <span class='ocrx_word' id='word_1_107' title='bbox 2585 1237 2830 1304; x_wconf 84' lang='lat' dir='ltr'><strong>sepultus</strong></span> 
     </span>
    </p>
   </div>
   <div class='ocr_carea' id='block_1_14' title="bbox 27 1301 2683 1378">
    <p class='ocr_par' dir='ltr' id='par_1_14' title="bbox 27 1301 2683 1378">
     <span class='ocr_line' id='line_1_14' title="bbox 27 1301 2683 1378; baseline -0.001 -16"><span class='ocrx_word' id='word_1_108' title='bbox 27 1307 220 1372; x_wconf 83' lang='lat' dir='ltr'><strong>Omnis,</strong></span> <span class='ocrx_word' id='word_1_109' title='bbox 249 1303 334 1378; x_wconf 83' lang='lat' dir='ltr'><strong>qui</strong></span> <span class='ocrx_word' id='word_1_110' title='bbox 365 1301 449 1360; x_wconf 82' lang='lat' dir='ltr'><strong>di-</strong></span> <span class='ocrx_word' id='word_1_111' title='bbox 709 1316 795 1360; x_wconf 90' lang='lat' dir='ltr'><strong>tus</strong></span> <span class='ocrx_word' id='word_1_112' title='bbox 822 1316 906 1361; x_wconf 90' lang='lat' dir='ltr'><strong>est</strong></span> <span class='ocrx_word' id='word_1_113' title='bbox 933 1301 1064 1376; x_wconf 82' lang='lat' dir='ltr'><strong>aput</strong></span> <span class='ocrx_word' id='word_1_114' title='bbox 1574 1303 1778 1378; x_wconf 80' lang='lat' dir='ltr'><strong>apicem</strong></span> <span class='ocrx_word' id='word_1_115' title='bbox 1813 1315 1906 1358; x_wconf 86' lang='lat' dir='ltr'><strong>ca-</strong></span> <span class='ocrx_word' id='word_1_116' title='bbox 2409 1301 2514 1378; x_wconf 71' lang='lat' dir='ltr'><strong>est.</strong></span> <span class='ocrx_word' id='word_1_117' title='bbox 2543 1306 2608 1360; x_wconf 91' lang='lat' dir='ltr'><strong>Et</strong></span> <span class='ocrx_word' id='word_1_118' title='bbox 2630 1301 2683 1360; x_wconf 80' lang='lat' dir='ltr'><strong>in</strong></span> 
     </span>
    </p>
   </div>
   <div class='ocr_carea' id='block_1_15' title="bbox 13 1375 2899 1434">
    <p class='ocr_par' dir='ltr' id='par_1_15' title="bbox 13 1375 2899 1434">
     <span class='ocr_line' id='line_1_15' title="bbox 13 1375 2899 1434; baseline 0 -1"><span class='ocrx_word' id='word_1_119' title='bbox 13 1381 58 1434; x_wconf 76' lang='lat' dir='ltr'><strong>lit</strong></span> <span class='ocrx_word' id='word_1_120' title='bbox 82 1396 200 1434; x_wconf 80' lang='lat' dir='ltr'><strong>uxo-</strong></span> <span class='ocrx_word' id='word_1_121' title='bbox 267 1375 282 1378; x_wconf 73' lang='grc'><strong><em>“</em></strong></span> <span class='ocrx_word' id='word_1_122' title='bbox 709 1378 932 1433; x_wconf 86' lang='lat' dir='ltr'><strong>inferos.</strong></span> <span class='ocrx_word' id='word_1_123' title='bbox 970 1375 983 1376; x_wconf 30' lang='grc' dir='ltr'>ί</span> <span class='ocrx_word' id='word_1_124' title='bbox 1574 1375 1728 1430; x_wconf 90' lang='lat' dir='ltr'><strong>dere.</strong></span> <span class='ocrx_word' id='word_1_125' title='bbox 2409 1375 2502 1430; x_wconf 77' lang='lat'><strong>23.</strong></span> <span class='ocrx_word' id='word_1_126' title='bbox 2545 1378 2756 1432; x_wconf 90' lang='lat' dir='ltr'><strong>inferno</strong></span> <span class='ocrx_word' id='word_1_127' title='bbox 2779 1377 2899 1434; x_wconf 79' lang='lat' dir='ltr'><strong>ele-</strong></span> 
     </span>
    </p>
   </div>
   <div class='ocr_carea' id='block_1_16' title="bbox 13 1445 2786 1520">
    <p class='ocr_par' dir='ltr' id='par_1_16' title="bbox 13 1445 2786 1520">
     <span class='ocr_line' id='line_1_16' title="bbox 13 1445 2786 1520; baseline 0.001 -18"><span class='ocrx_word' id='word_1_128' title='bbox 13 1466 207 1513; x_wconf 77' lang='lat' dir='ltr'><strong>tSltam,</strong></span> <span class='ocrx_word' id='word_1_129' title='bbox 711 1449 802 1506; x_wconf 78' lang='lat'><strong>23.</strong></span> <span class='ocrx_word' id='word_1_130' title='bbox 847 1449 914 1503; x_wconf 87' lang='lat' dir='ltr'><strong>Et</strong></span> <span class='ocrx_word' id='word_1_131' title='bbox 939 1447 1006 1504; x_wconf 90' lang='lat' dir='ltr'><strong>de</strong></span> <span class='ocrx_word' id='word_1_132' title='bbox 1031 1447 1245 1504; x_wconf 80' lang='lat' dir='ltr'><strong>inferno</strong></span> <span class='ocrx_word' id='word_1_133' title='bbox 1579 1445 1668 1520; x_wconf 61' lang='lat' dir='ltr'><strong>l8.</strong></span> <span class='ocrx_word' id='word_1_134' title='bbox 1695 1445 1930 1520; x_wconf 27' lang='lat' dir='ltr'><strong>‘Omnis,</strong></span> <span class='ocrx_word' id='word_1_135' title='bbox 1960 1445 2052 1516; x_wconf 92' lang='lat' dir='ltr'><strong>qui</strong></span> <span class='ocrx_word' id='word_1_136' title='bbox 2409 1462 2543 1520; x_wconf 81' lang='lat' dir='ltr'><strong>vans</strong></span> <span class='ocrx_word' id='word_1_137' title='bbox 2574 1449 2616 1520; x_wconf 79' lang='lat'><strong>1-</strong></span> <span class='ocrx_word' id='word_1_138' title='bbox 2654 1464 2786 1504; x_wconf 85' lang='lat' dir='ltr'><strong>ocu-</strong></span> 
     </span>
    </p>
   </div>
   <div class='ocr_carea' id='block_1_17' title="bbox 14 1516 2854 1587">
    <p class='ocr_par' dir='ltr' id='par_1_17' title="bbox 14 1516 2854 1587">
     <span class='ocr_line' id='line_1_17' title="bbox 14 1516 2854 1587; baseline 0.001 -12"><span class='ocrx_word' id='word_1_139' title='bbox 14 1522 128 1576; x_wconf 82' lang='lat' dir='ltr'><strong>tubit</strong></span> <span class='ocrx_word' id='word_1_140' title='bbox 147 1521 234 1576; x_wconf 84' lang='lat' dir='ltr'><strong>ali-</strong></span> <span class='ocrx_word' id='word_1_141' title='bbox 712 1523 932 1577; x_wconf 88' lang='lat' dir='ltr'><strong>elevans</strong></span> <span class='ocrx_word' id='word_1_142' title='bbox 961 1536 1090 1575; x_wconf 91' lang='lat' dir='ltr'><strong>ocu-</strong></span> <span class='ocrx_word' id='word_1_143' title='bbox 1577 1516 1800 1572; x_wconf 86' lang='lat' dir='ltr'><strong>dimittit</strong></span> <span class='ocrx_word' id='word_1_144' title='bbox 1827 1532 1957 1572; x_wconf 71' lang='lat' dir='ltr'><strong>uxoo</strong></span> <span class='ocrx_word' id='word_1_145' title='bbox 2411 1519 2496 1574; x_wconf 92' lang='lat' dir='ltr'><strong>los</strong></span> <span class='ocrx_word' id='word_1_146' title='bbox 2525 1516 2686 1587; x_wconf 78' lang='lat' dir='ltr'><strong>suos,</strong></span> <span class='ocrx_word' id='word_1_147' title='bbox 2727 1535 2854 1577; x_wconf 88' lang='lat' dir='ltr'><strong>eum</strong></span> 
     </span>
    </p>
   </div>
   <div class='ocr_carea' id='block_1_18' title="bbox 26 1592 2783 1659">
    <p class='ocr_par' dir='ltr' id='par_1_18' title="bbox 26 1592 2783 1659">
     <span class='ocr_line' id='line_1_18' title="bbox 26 1592 2783 1659; baseline 0.001 -15"><span class='ocrx_word' id='word_1_148' title='bbox 26 1593 232 1654; x_wconf 84' lang='lat' dir='ltr'><strong>,adulte-</strong></span> <span class='ocrx_word' id='word_1_149' title='bbox 712 1592 794 1648; x_wconf 91' lang='lat' dir='ltr'><strong>los</strong></span> <span class='ocrx_word' id='word_1_150' title='bbox 817 1605 976 1659; x_wconf 82' lang='lat' dir='ltr'><strong>suos,</strong></span> <span class='ocrx_word' id='word_1_151' title='bbox 1007 1607 1132 1647; x_wconf 91' lang='lat' dir='ltr'><strong>cum</strong></span> <span class='ocrx_word' id='word_1_152' title='bbox 1578 1604 1693 1644; x_wconf 92' lang='lat' dir='ltr'><strong>rem</strong></span> <span class='ocrx_word' id='word_1_153' title='bbox 1721 1605 1871 1644; x_wconf 86' lang='lat' dir='ltr'><strong>suam</strong></span> <span class='ocrx_word' id='word_1_154' title='bbox 1895 1632 1911 1654; x_wconf 89' lang='lat'><strong>,</strong></span> <span class='ocrx_word' id='word_1_155' title='bbox 2412 1602 2557 1646; x_wconf 89' lang='lat' dir='ltr'><strong>esset</strong></span> <span class='ocrx_word' id='word_1_156' title='bbox 2586 1593 2638 1646; x_wconf 93' lang='lat' dir='ltr'><strong>in</strong></span> <span class='ocrx_word' id='word_1_157' title='bbox 2668 1602 2783 1648; x_wconf 90' lang='lat' dir='ltr'><strong>tor-</strong></span> 
     </span>
    </p>
   </div>
   <div class='ocr_carea' id='block_1_19' title="bbox 16 1661 2739 1730">
    <p class='ocr_par' dir='ltr' id='par_1_19' title="bbox 16 1661 2739 1730">
     <span class='ocr_line' id='line_1_19' title="bbox 16 1661 2739 1730; baseline 0.001 -15"><span class='ocrx_word' id='word_1_158' title='bbox 16 1679 56 1715; x_wconf 91' lang='lat' dir='ltr'><strong>m</strong></span> <span class='ocrx_word' id='word_1_159' title='bbox 79 1663 218 1718; x_wconf 86' lang='lat' dir='ltr'><strong>facit:</strong></span> <span class='ocrx_word' id='word_1_160' title='bbox 712 1672 860 1719; x_wconf 84' lang='lat' dir='ltr'><strong>esset</strong></span> <span class='ocrx_word' id='word_1_161' title='bbox 889 1665 942 1718; x_wconf 90' lang='lat' dir='ltr'><strong>in</strong></span> <span class='ocrx_word' id='word_1_162' title='bbox 983 1672 1096 1718; x_wconf 93' lang='lat' dir='ltr'><strong>tor-</strong></span> <span class='ocrx_word' id='word_1_163' title='bbox 1580 1670 1635 1715; x_wconf 90' lang='lat' dir='ltr'><strong>et</strong></span> <span class='ocrx_word' id='word_1_164' title='bbox 1672 1661 1819 1716; x_wconf 90' lang='lat' dir='ltr'><strong>ducit</strong></span> <span class='ocrx_word' id='word_1_165' title='bbox 1855 1662 1936 1715; x_wconf 82' lang='lat' dir='ltr'><strong>al-</strong></span> <span class='ocrx_word' id='word_1_166' title='bbox 2414 1665 2634 1730; x_wconf 88' lang='lat' dir='ltr'><strong>mentis,</strong></span> <span class='ocrx_word' id='word_1_167' title='bbox 2659 1665 2739 1719; x_wconf 89' lang='lat' dir='ltr'><strong>vi-</strong></span> 
     </span>
    </p>
   </div>
   <div class='ocr_carea' id='block_1_20' title="bbox 14 1733 2685 1802">
    <p class='ocr_par' dir='ltr' id='par_1_20' title="bbox 14 1733 2685 1802">
     <span class='ocr_line' id='line_1_20' title="bbox 14 1733 2685 1802; baseline 0.001 -16"><span class='ocrx_word' id='word_1_168' title='bbox 14 1736 106 1802; x_wconf 85' lang='lat' dir='ltr'><strong>quit</strong></span> <span class='ocrx_word' id='word_1_169' title='bbox 125 1735 193 1789; x_wconf 85' lang='lat' dir='ltr'><strong>di-</strong></span> <span class='ocrx_word' id='word_1_170' title='bbox 711 1737 910 1790; x_wconf 89' lang='lat' dir='ltr'><strong>mentis</strong></span> <span class='ocrx_word' id='word_1_171' title='bbox 927 1777 943 1801; x_wconf 90' lang='lat'><strong>,</strong></span> <span class='ocrx_word' id='word_1_172' title='bbox 971 1734 1120 1790; x_wconf 86' lang='lat' dir='ltr'><strong>videt</strong></span> <span class='ocrx_word' id='word_1_173' title='bbox 1582 1740 1783 1800; x_wconf 89' lang='lat' dir='ltr'><strong>teram,</strong></span> <span class='ocrx_word' id='word_1_174' title='bbox 1817 1747 1965 1788; x_wconf 86' lang='lat' dir='ltr'><strong>moe-</strong></span> <span class='ocrx_word' id='word_1_175' title='bbox 2413 1733 2494 1789; x_wconf 91' lang='lat' dir='ltr'><strong>dit</strong></span> <span class='ocrx_word' id='word_1_176' title='bbox 2514 1735 2685 1790; x_wconf 85' lang='lat' dir='ltr'><strong>Abra—</strong></span> 
     </span>
    </p>
   </div>
   <div class='ocr_carea' id='block_1_21' title="bbox 15 1803 2750 1864">
    <p class='ocr_par' dir='ltr' id='par_1_21' title="bbox 15 1803 2750 1864">
     <span class='ocr_line' id='line_1_21' title="bbox 15 1803 2750 1864; baseline 0.001 -6"><span class='ocrx_word' id='word_1_177' title='bbox 15 1820 128 1859; x_wconf 73' lang='lat' dir='ltr'><strong>ssatn</strong></span> <span class='ocrx_word' id='word_1_178' title='bbox 151 1821 176 1860; x_wconf 88' lang='lat' dir='ltr'><strong>a</strong></span> <span class='ocrx_word' id='word_1_179' title='bbox 202 1820 294 1860; x_wconf 66' lang='grc' dir='ltr'><strong>ωδε</strong></span> <span class='ocrx_word' id='word_1_180' title='bbox 712 1806 987 1862; x_wconf 80' lang='lat' dir='ltr'><strong>Abraham</strong></span> <span class='ocrx_word' id='word_1_181' title='bbox 1582 1803 1774 1858; x_wconf 88' lang='lat' dir='ltr'><strong>chatur</strong></span> <span class='ocrx_word' id='word_1_182' title='bbox 1807 1824 1820 1859; x_wconf 89' lang='lat'><strong>:</strong></span> <span class='ocrx_word' id='word_1_183' title='bbox 1862 1813 1917 1859; x_wconf 89' lang='lat' dir='ltr'><strong>et</strong></span> <span class='ocrx_word' id='word_1_184' title='bbox 2087 1845 2109 1864; x_wconf 72' lang='grc' dir='ltr'><strong><em>ο</em></strong></span> <span class='ocrx_word' id='word_1_185' title='bbox 2415 1805 2540 1860; x_wconf 90' lang='lat' dir='ltr'><strong>bam</strong></span> <span class='ocrx_word' id='word_1_186' title='bbox 2569 1823 2598 1860; x_wconf 91' lang='lat' dir='ltr'><strong>a</strong></span> <span class='ocrx_word' id='word_1_187' title='bbox 2632 1807 2750 1863; x_wconf 88' lang='lat' dir='ltr'><strong>lon-</strong></span> 
     </span>
    </p>
   </div>
   <div class='ocr_carea' id='block_1_22' title="bbox 19 1874 2784 1948">
    <p class='ocr_par' dir='ltr' id='par_1_22' title="bbox 19 1874 2784 1948">
     <span class='ocr_line' id='line_1_22' title="bbox 19 1874 2784 1948; baseline 0.002 -20"><span class='ocrx_word' id='word_1_188' title='bbox 19 1877 201 1944; x_wconf 71' lang='lat' dir='ltr'><strong>iducit,</strong></span> <span class='ocrx_word' id='word_1_189' title='bbox 712 1892 744 1932; x_wconf 86' lang='lat' dir='ltr'><strong>a</strong></span> <span class='ocrx_word' id='word_1_190' title='bbox 777 1878 968 1948; x_wconf 87' lang='lat' dir='ltr'><strong>longe,</strong></span> <span class='ocrx_word' id='word_1_191' title='bbox 1000 1887 1054 1932; x_wconf 90' lang='lat' dir='ltr'><strong>et</strong></span> <span class='ocrx_word' id='word_1_192' title='bbox 1077 1875 1180 1932; x_wconf 84' lang='lat' dir='ltr'><strong>La-</strong></span> <span class='ocrx_word' id='word_1_193' title='bbox 1581 1874 1674 1944; x_wconf 91' lang='lat' dir='ltr'><strong>qui</strong></span> <span class='ocrx_word' id='word_1_194' title='bbox 1703 1875 1979 1930; x_wconf 87' lang='lat' dir='ltr'><strong>dimissam</strong></span> <span class='ocrx_word' id='word_1_195' title='bbox 2415 1892 2503 1948; x_wconf 91' lang='lat' dir='ltr'><strong>ge,</strong></span> <span class='ocrx_word' id='word_1_196' title='bbox 2534 1889 2588 1932; x_wconf 91' lang='lat' dir='ltr'><strong>et</strong></span> <span class='ocrx_word' id='word_1_197' title='bbox 2616 1879 2784 1934; x_wconf 90' lang='lat' dir='ltr'><strong>Laza-</strong></span> 
     </span>
    </p>
   </div>
   <div class='ocr_carea' id='block_1_23' title="bbox 21 1948 2770 2006">
    <p class='ocr_par' dir='ltr' id='par_1_23' title="bbox 21 1948 2770 2006">
     <span class='ocr_line' id='line_1_23' title="bbox 21 1948 2770 2006; baseline 0.002 -5"><span class='ocrx_word' id='word_1_198' title='bbox 21 1961 185 2002; x_wconf 82' lang='lat' dir='ltr'><strong>ecatur.</strong></span> <span class='ocrx_word' id='word_1_199' title='bbox 713 1965 898 2004; x_wconf 89' lang='lat' dir='ltr'><strong>zarum</strong></span> <span class='ocrx_word' id='word_1_200' title='bbox 931 1950 984 2004; x_wconf 89' lang='lat' dir='ltr'><strong>in</strong></span> <span class='ocrx_word' id='word_1_201' title='bbox 1581 1961 1611 2000; x_wconf 91' lang='lat' dir='ltr'><strong>a</strong></span> <span class='ocrx_word' id='word_1_202' title='bbox 1641 1948 1756 2001; x_wconf 87' lang='lat' dir='ltr'><strong>viro</strong></span> <span class='ocrx_word' id='word_1_203' title='bbox 1783 1948 1884 2001; x_wconf 89' lang='lat' dir='ltr'><strong>du—</strong></span> <span class='ocrx_word' id='word_1_204' title='bbox 2419 1965 2538 2004; x_wconf 90' lang='lat' dir='ltr'><strong>rum</strong></span> <span class='ocrx_word' id='word_1_205' title='bbox 2569 1951 2620 2004; x_wconf 92' lang='lat' dir='ltr'><strong>in</strong></span> <span class='ocrx_word' id='word_1_206' title='bbox 2646 1952 2770 2006; x_wconf 83' lang='lat' dir='ltr'><strong>sinu</strong></span> 
     </span>
    </p>
   </div>
   <div class='ocr_carea' id='block_1_24' title="bbox 47 2017 2765 2094">
    <p class='ocr_par' dir='ltr' id='par_1_24' title="bbox 47 2017 2765 2094">
     <span class='ocr_line' id='line_1_24' title="bbox 47 2017 2765 2094; baseline 0.002 -22"><span class='ocrx_word' id='word_1_207' title='bbox 47 2018 187 2094; x_wconf 77' lang='lat' dir='ltr'><strong>liomo</strong></span> <span class='ocrx_word' id='word_1_208' title='bbox 203 2018 405 2089; x_wconf 89' lang='lat' dir='ltr'><strong>quidam</strong></span> <span class='ocrx_word' id='word_1_209' title='bbox 712 2020 835 2094; x_wconf 73' lang='lat' dir='ltr'><strong>sinu</strong></span> <span class='ocrx_word' id='word_1_210' title='bbox 865 2020 1018 2091; x_wconf 90' lang='lat' dir='ltr'><strong>ejus;</strong></span> <span class='ocrx_word' id='word_1_211' title='bbox 1172 2091 1183 2094; x_wconf 92' lang='lat'>_</span> <span class='ocrx_word' id='word_1_212' title='bbox 1579 2017 1684 2094; x_wconf 83' lang='lat' dir='ltr'><strong>c_i_t,</strong></span> <span class='ocrx_word' id='word_1_213' title='bbox 1713 2020 2045 2094; x_wconf 66' lang='lat' dir='ltr'><strong>moechatur.</strong></span> <span class='ocrx_word' id='word_1_214' title='bbox 2417 2021 2536 2091; x_wconf 86' lang='lat' dir='ltr'><strong>ejus</strong></span> <span class='ocrx_word' id='word_1_215' title='bbox 2560 2019 2640 2094; x_wconf 78' lang='grc' dir='ltr'><strong>(ά)</strong></span> <span class='ocrx_word' id='word_1_216' title='bbox 2674 2038 2765 2078; x_wconf 85' lang='lat' dir='ltr'><strong>re-</strong></span> 
     </span>
    </p>
   </div>
   <div class='ocr_carea' id='block_1_25' title="bbox 21 2089 2894 2166">
    <p class='ocr_par' dir='ltr' id='par_1_25' title="bbox 21 2089 2894 2166">
     <span class='ocr_line' id='line_1_25' title="bbox 21 2089 2894 2166; baseline 0.003 -27"><span class='ocrx_word' id='word_1_217' title='bbox 21 2101 28 2139; x_wconf 82' lang='lat'>:</span> <span class='ocrx_word' id='word_1_218' title='bbox 52 2091 203 2166; x_wconf 70' lang='lat' dir='ltr'><strong>dives,</strong></span> <span class='ocrx_word' id='word_1_219' title='bbox 711 2091 806 2146; x_wconf 71' lang='lat'><strong>24.</strong></span> <span class='ocrx_word' id='word_1_220' title='bbox 845 2089 907 2148; x_wconf 80' lang='lat' dir='ltr'><strong>et</strong></span> <span class='ocrx_word' id='word_1_221' title='bbox 928 2094 1039 2166; x_wconf 89' lang='lat' dir='ltr'><strong>ipse</strong></span> <span class='ocrx_word' id='word_1_222' title='bbox 1069 2091 1249 2148; x_wconf 75' lang='lat' dir='ltr'><strong>excla-</strong></span> <span class='ocrx_word' id='word_1_223' title='bbox 1585 2090 1673 2166; x_wconf 66' lang='grc' dir='ltr'><strong>19Ϊ</strong></span> <span class='ocrx_word' id='word_1_224' title='bbox 1696 2089 1890 2166; x_wconf 82' lang='lat' dir='ltr'><strong>_llomo</strong></span> <span class='ocrx_word' id='word_1_225' title='bbox 1917 2098 2096 2144; x_wconf 86' lang='lat' dir='ltr'><strong>autem</strong></span> <span class='ocrx_word' id='word_1_226' title='bbox 2415 2089 2786 2166; x_wconf 74' lang='lat' dir='ltr'><strong>quiescentem</strong></span> <span class='ocrx_word' id='word_1_227' title='bbox 2812 2093 2855 2166; x_wconf 80' lang='lat'><strong>1-</strong></span> <span class='ocrx_word' id='word_1_228' title='bbox 2879 2111 2894 2148; x_wconf 88' lang='lat'><strong>:</strong></span> 
     </span>
    </p>
   </div>
   <div class='ocr_carea' id='block_1_26' title="bbox 29 2160 2962 2231">
    <p class='ocr_par' dir='ltr' id='par_1_26' title="bbox 29 2160 2962 2231">
     <span class='ocr_line' id='line_1_26' title="bbox 29 2160 2962 2231; baseline 0.002 -15"><span class='ocrx_word' id='word_1_229' title='bbox 29 2163 256 2217; x_wconf 68' lang='lat' dir='ltr'><strong>vestiebao</strong></span> <span class='ocrx_word' id='word_1_230' title='bbox 713 2179 896 2231; x_wconf 89' lang='lat' dir='ltr'><strong>mans,</strong></span> <span class='ocrx_word' id='word_1_231' title='bbox 929 2160 1100 2219; x_wconf 80' lang='lat' dir='ltr'><strong>dixit:</strong></span> <span class='ocrx_word' id='word_1_232' title='bbox 1582 2160 1798 2230; x_wconf 87' lang='lat' dir='ltr'><strong>quidam</strong></span> <span class='ocrx_word' id='word_1_233' title='bbox 1828 2172 1944 2215; x_wconf 89' lang='lat' dir='ltr'><strong>erat</strong></span> <span class='ocrx_word' id='word_1_234' title='bbox 2139 2177 2144 2184; x_wconf 63' lang='grc' dir='ltr'>ί</span> <span class='ocrx_word' id='word_1_235' title='bbox 2415 2160 2507 2220; x_wconf 68' lang='lat'><strong>24.</strong></span> <span class='ocrx_word' id='word_1_236' title='bbox 2549 2174 2602 2221; x_wconf 91' lang='lat' dir='ltr'><strong>et</strong></span> <span class='ocrx_word' id='word_1_237' title='bbox 2628 2167 2742 2231; x_wconf 88' lang='lat' dir='ltr'><strong>ipse</strong></span> <span class='ocrx_word' id='word_1_238' title='bbox 2778 2160 2962 2222; x_wconf 73' lang='lat' dir='ltr'><strong>excla-</strong></span> 
     </span>
    </p>
   </div>
   <div class='ocr_carea' id='block_1_27' title="bbox 24 2231 2810 2314">
    <p class='ocr_par' dir='ltr' id='par_1_27' title="bbox 24 2231 2810 2314">
     <span class='ocr_line' id='line_1_27' title="bbox 24 2231 2810 2314; baseline 0.003 -31"><span class='ocrx_word' id='word_1_239' title='bbox 24 2247 189 2314; x_wconf 75' lang='lat' dir='ltr'><strong>purpu.</strong></span> <span class='ocrx_word' id='word_1_240' title='bbox 712 2235 872 2314; x_wconf 60' lang='lat' dir='ltr'><strong>Pater</strong></span> <span class='ocrx_word' id='word_1_241' title='bbox 900 2237 1066 2314; x_wconf 56' lang='lat' dir='ltr'><strong>Aura.</strong></span> <span class='ocrx_word' id='word_1_242' title='bbox 1581 2231 1762 2314; x_wconf 68' lang='lat' dir='ltr'><strong>dives,</strong></span> <span class='ocrx_word' id='word_1_243' title='bbox 1791 2235 1879 2314; x_wconf 86' lang='lat' dir='ltr'><strong>qui</strong></span> <span class='ocrx_word' id='word_1_244' title='bbox 2417 2252 2572 2314; x_wconf 80' lang='lat' dir='ltr'><strong>r_nans</strong></span> <span class='ocrx_word' id='word_1_245' title='bbox 2590 2279 2603 2301; x_wconf 89' lang='lat'><strong>,</strong></span> <span class='ocrx_word' id='word_1_246' title='bbox 2626 2231 2769 2314; x_wconf 73' lang='lat' dir='ltr'><strong>dixit</strong></span> <span class='ocrx_word' id='word_1_247' title='bbox 2796 2255 2810 2293; x_wconf 93' lang='lat'><strong>:</strong></span> 
     </span>
    </p>
   </div>
   <div class='ocr_carea' id='block_1_28' title="bbox 35 2304 2782 2375">
    <p class='ocr_par' dir='ltr' id='par_1_28' title="bbox 35 2304 2782 2375">
     <span class='ocr_line' id='line_1_28' title="bbox 35 2304 2782 2375; baseline -0.005 -9"><span class='ocrx_word' id='word_1_248' title='bbox 35 2345 46 2367; x_wconf 70' lang='lat'><strong>,</strong></span> <span class='ocrx_word' id='word_1_249' title='bbox 73 2314 119 2358; x_wconf 73' lang='grc' dir='ltr'><strong>ει</strong></span> <span class='ocrx_word' id='word_1_250' title='bbox 142 2308 258 2375; x_wconf 83' lang='lat' dir='ltr'><strong>bys-</strong></span> <span class='ocrx_word' id='word_1_251' title='bbox 714 2305 871 2372; x_wconf 90' lang='lat' dir='ltr'><strong>ham,</strong></span> <span class='ocrx_word' id='word_1_252' title='bbox 906 2306 1071 2362; x_wconf 85' lang='lat' dir='ltr'><strong>mise-</strong></span> <span class='ocrx_word' id='word_1_253' title='bbox 1581 2304 1905 2359; x_wconf 82' lang='lat' dir='ltr'><strong>induebatur</strong></span> <span class='ocrx_word' id='word_1_254' title='bbox 2419 2308 2579 2363; x_wconf 88' lang='lat' dir='ltr'><strong>Pater</strong></span> <span class='ocrx_word' id='word_1_255' title='bbox 2610 2309 2782 2364; x_wconf 72' lang='lat' dir='ltr'><strong>Abra.</strong></span> 
     </span>
    </p>
   </div>
   <div class='ocr_carea' id='block_1_29' title="bbox 20 2379 2773 2446">
    <p class='ocr_par' dir='ltr' id='par_1_29' title="bbox 20 2379 2773 2446">
     <span class='ocr_line' id='line_1_29' title="bbox 20 2379 2773 2446; baseline -0.004 -9"><span class='ocrx_word' id='word_1_256' title='bbox 20 2391 58 2437; x_wconf 71' lang='grc'><strong>‹;</strong></span> <span class='ocrx_word' id='word_1_257' title='bbox 84 2387 127 2429; x_wconf 73' lang='grc' dir='ltr'>ει</span> <span class='ocrx_word' id='word_1_258' title='bbox 147 2391 233 2433; x_wconf 72' lang='grc' dir='ltr'><strong>ιο·</strong></span> <span class='ocrx_word' id='word_1_259' title='bbox 715 2393 838 2434; x_wconf 91' lang='lat' dir='ltr'><strong>rere</strong></span> <span class='ocrx_word' id='word_1_260' title='bbox 861 2379 992 2433; x_wconf 88' lang='lat' dir='ltr'><strong>mihi</strong></span> <span class='ocrx_word' id='word_1_261' title='bbox 1008 2421 1024 2443; x_wconf 88' lang='lat'><strong>,</strong></span> <span class='ocrx_word' id='word_1_262' title='bbox 1585 2392 1876 2444; x_wconf 84' lang='lat' dir='ltr'><strong>purpuram</strong></span> <span class='ocrx_word' id='word_1_263' title='bbox 1897 2417 1912 2441; x_wconf 93' lang='lat'><strong>,</strong></span> <span class='ocrx_word' id='word_1_264' title='bbox 2421 2379 2575 2446; x_wconf 74' lang='lat' dir='ltr'><strong>ham,</strong></span> <span class='ocrx_word' id='word_1_265' title='bbox 2604 2379 2773 2436; x_wconf 78' lang='lat' dir='ltr'><strong>mise-</strong></span> 
     </span>
    </p>
   </div>
   <div class='ocr_carea' id='block_1_30' title="bbox 22 2446 2699 2516">
    <p class='ocr_par' dir='ltr' id='par_1_30' title="bbox 22 2446 2699 2516">
     <span class='ocr_line' id='line_1_30' title="bbox 22 2446 2699 2516; baseline 0.007 -17"><span class='ocrx_word' id='word_1_266' title='bbox 22 2446 190 2502; x_wconf 81' lang='lat' dir='ltr'><strong>Ibantur</strong></span> <span class='ocrx_word' id='word_1_267' title='bbox 714 2460 772 2504; x_wconf 88' lang='lat' dir='ltr'><strong>et</strong></span> <span class='ocrx_word' id='word_1_268' title='bbox 798 2450 948 2506; x_wconf 90' lang='lat' dir='ltr'><strong>mitte</strong></span> <span class='ocrx_word' id='word_1_269' title='bbox 975 2450 1077 2504; x_wconf 89' lang='lat' dir='ltr'><strong>La-</strong></span> <span class='ocrx_word' id='word_1_270' title='bbox 1582 2457 1636 2501; x_wconf 72' lang='lat' dir='ltr'><strong>et</strong></span> <span class='ocrx_word' id='word_1_271' title='bbox 1675 2448 1963 2515; x_wconf 80' lang='lat' dir='ltr'><strong>aepulaba-</strong></span> <span class='ocrx_word' id='word_1_272' title='bbox 2418 2467 2542 2507; x_wconf 85' lang='lat' dir='ltr'><strong>rere</strong></span> <span class='ocrx_word' id='word_1_273' title='bbox 2570 2457 2699 2516; x_wconf 82' lang='lat' dir='ltr'><strong>mei.</strong></span> 
     </span>
    </p>
   </div>
   <div class='ocr_carea' id='block_1_31' title="bbox 22 2518 2789 2589">
    <p class='ocr_par' dir='ltr' id='par_1_31' title="bbox 22 2518 2789 2589">
     <span class='ocr_line' id='line_1_31' title="bbox 22 2518 2789 2589; baseline 0.003 -20"><span class='ocrx_word' id='word_1_274' title='bbox 22 2518 85 2571; x_wconf 76' lang='lat' dir='ltr'><strong>die</strong></span> <span class='ocrx_word' id='word_1_275' title='bbox 107 2521 273 2589; x_wconf 83' lang='lat' dir='ltr'><strong>sple&#39;n-</strong></span> <span class='ocrx_word' id='word_1_276' title='bbox 714 2537 930 2588; x_wconf 88' lang='lat' dir='ltr'><strong>zarum,</strong></span> <span class='ocrx_word' id='word_1_277' title='bbox 963 2533 1022 2576; x_wconf 92' lang='lat' dir='ltr'><strong>ut</strong></span> <span class='ocrx_word' id='word_1_278' title='bbox 1585 2527 1670 2572; x_wconf 92' lang='lat' dir='ltr'><strong>tur</strong></span> <span class='ocrx_word' id='word_1_279' title='bbox 1694 2522 1916 2574; x_wconf 89' lang='lat' dir='ltr'><strong>cottidie</strong></span> <span class='ocrx_word' id='word_1_280' title='bbox 2418 2531 2475 2578; x_wconf 91' lang='lat' dir='ltr'><strong>et</strong></span> <span class='ocrx_word' id='word_1_281' title='bbox 2500 2523 2656 2578; x_wconf 87' lang='lat' dir='ltr'><strong>mitte</strong></span> <span class='ocrx_word' id='word_1_282' title='bbox 2680 2523 2789 2578; x_wconf 82' lang='lat' dir='ltr'><strong>La-</strong></span> 
     </span>
    </p>
   </div>
   <div class='ocr_carea' id='block_1_32' title="bbox 21 2591 2737 2664">
    <p class='ocr_par' dir='ltr' id='par_1_32' title="bbox 21 2591 2737 2664">
     <span class='ocr_line' id='line_1_32' title="bbox 21 2591 2737 2664; baseline 0.004 -25"><span class='ocrx_word' id='word_1_283' title='bbox 21 2605 57 2664; x_wconf 77' lang='lat'><strong>:._</strong></span> <span class='ocrx_word' id='word_1_284' title='bbox 565 2661 574 2664; x_wconf 86' lang='lat'><em>_</em></span> <span class='ocrx_word' id='word_1_285' title='bbox 715 2593 945 2664; x_wconf 74' lang='lat' dir='ltr'><strong>intingat</strong></span> <span class='ocrx_word' id='word_1_286' title='bbox 963 2609 1057 2649; x_wconf 75' lang='lat' dir='ltr'><strong>ex-</strong></span> <span class='ocrx_word' id='word_1_287' title='bbox 1580 2591 1895 2664; x_wconf 61' lang='lat' dir='ltr'><strong>splendide.</strong></span> <span class='ocrx_word' id='word_1_288' title='bbox 1933 2661 1941 2664; x_wconf 77' lang='lat'><strong><em>_</em></strong></span> <span class='ocrx_word' id='word_1_289' title='bbox 2208 2657 2220 2664; x_wconf 88' lang='lat'>_</span> <span class='ocrx_word' id='word_1_290' title='bbox 2419 2609 2604 2648; x_wconf 91' lang='lat' dir='ltr'><strong>zarum</strong></span> <span class='ocrx_word' id='word_1_291' title='bbox 2630 2634 2646 2661; x_wconf 91' lang='lat'><strong>,</strong></span> <span class='ocrx_word' id='word_1_292' title='bbox 2677 2605 2737 2649; x_wconf 95' lang='lat' dir='ltr'><strong>ut</strong></span> 
     </span>
    </p>
   </div>
   <div class='ocr_carea' id='block_1_33' title="bbox 35 2657 2769 2735">
    <p class='ocr_par' dir='ltr' id='par_1_33' title="bbox 35 2657 2769 2735">
     <span class='ocr_line' id='line_1_33' title="bbox 35 2657 2769 2735; baseline 0.003 -22"><span class='ocrx_word' id='word_1_293' title='bbox 35 2660 212 2732; x_wconf 85' lang='lat' dir='ltr'><strong>Pauper</strong></span> <span class='ocrx_word' id='word_1_294' title='bbox 230 2664 307 2735; x_wconf 89' lang='lat' dir='ltr'><strong>(a)</strong></span> <span class='ocrx_word' id='word_1_295' title='bbox 333 2671 526 2719; x_wconf 76' lang='lat' dir='ltr'><strong>autem</strong></span> <span class='ocrx_word' id='word_1_296' title='bbox 549 2661 589 2734; x_wconf 70' lang='lat'><strong>1&#39;</strong></span> <span class='ocrx_word' id='word_1_297' title='bbox 716 2657 950 2719; x_wconf 68' lang='lat' dir='ltr'><strong>tremum</strong></span> <span class='ocrx_word' id='word_1_298' title='bbox 1579 2657 1670 2735; x_wconf 81' lang='lat'><strong>20.</strong></span> <span class='ocrx_word' id='word_1_299' title='bbox 1692 2663 1844 2735; x_wconf 84' lang='lat' dir='ltr'><strong>_Erat</strong></span> <span class='ocrx_word' id='word_1_300' title='bbox 1875 2661 1952 2735; x_wconf 90' lang='lat' dir='ltr'><strong>(a)</strong></span> <span class='ocrx_word' id='word_1_301' title='bbox 1989 2669 2167 2716; x_wconf 82' lang='lat' dir='ltr'><strong>autem</strong></span> <span class='ocrx_word' id='word_1_302' title='bbox 2192 2657 2237 2730; x_wconf 74' lang='grc'><strong>1·</strong></span> <span class='ocrx_word' id='word_1_303' title='bbox 2415 2657 2646 2735; x_wconf 82' lang='lat' dir='ltr'><strong>intingat</strong></span> <span class='ocrx_word' id='word_1_304' title='bbox 2673 2682 2769 2720; x_wconf 85' lang='lat' dir='ltr'><strong>ex-</strong></span> 
     </span>
    </p>
   </div>
   <div class='ocr_carea' id='block_1_34' title="bbox 17 2732 2651 2806">
    <p class='ocr_par' dir='ltr' id='par_1_34' title="bbox 17 2732 2651 2806">
     <span class='ocr_line' id='line_1_34' title="bbox 17 2732 2651 2806; baseline 0.003 -21"><span class='ocrx_word' id='word_1_305' title='bbox 17 2732 126 2806; x_wconf 79' lang='lat' dir='ltr'><strong>lam,</strong></span> <span class='ocrx_word' id='word_1_306' title='bbox 155 2732 248 2791; x_wconf 47' lang='lat' dir='ltr'><strong>no;</strong></span> <span class='ocrx_word' id='word_1_307' title='bbox 288 2732 296 2735; x_wconf 80' lang='grc'><em>’</em></span> <span class='ocrx_word' id='word_1_308' title='bbox 567 2732 575 2734; x_wconf 11' lang='grc' dir='ltr'>ἡ</span> <span class='ocrx_word' id='word_1_309' title='bbox 719 2735 869 2806; x_wconf 79' lang='lat' dir='ltr'><strong>digiti</strong></span> <span class='ocrx_word' id='word_1_310' title='bbox 899 2737 979 2791; x_wconf 89' lang='lat' dir='ltr'><strong>sui</strong></span> <span class='ocrx_word' id='word_1_311' title='bbox 1010 2737 1065 2791; x_wconf 90' lang='lat' dir='ltr'><strong>in</strong></span> <span class='ocrx_word' id='word_1_312' title='bbox 1581 2733 1796 2806; x_wconf 87' lang='lat' dir='ltr'><strong>quidam</strong></span> <span class='ocrx_word' id='word_1_313' title='bbox 1828 2732 1982 2790; x_wconf 84' lang='lat' dir='ltr'><strong>men-</strong></span> <span class='ocrx_word' id='word_1_314' title='bbox 2417 2732 2651 2792; x_wconf 79' lang='lat' dir='ltr'><strong>tremum</strong></span> 
     </span>
    </p>
   </div>
   <div class='ocr_carea' id='block_1_35' title="bbox 17 2804 2682 2880">
    <p class='ocr_par' dir='ltr' id='par_1_35' title="bbox 17 2804 2682 2880">
     <span class='ocr_line' id='line_1_35' title="bbox 17 2804 2682 2880; baseline 0.003 -26"><span class='ocrx_word' id='word_1_315' title='bbox 17 2804 210 2880; x_wconf 80' lang='lat' dir='ltr'><strong>e_Laz_a-</strong></span> <span class='ocrx_word' id='word_1_316' title='bbox 717 2804 910 2880; x_wconf 83' lang='lat' dir='ltr'><strong>aquam</strong></span> <span class='ocrx_word' id='word_1_317' title='bbox 931 2849 944 2871; x_wconf 90' lang='lat'><em>.</em></span> <span class='ocrx_word' id='word_1_318' title='bbox 970 2806 1042 2880; x_wconf 89' lang='lat' dir='ltr'><strong>(e)</strong></span> <span class='ocrx_word' id='word_1_319' title='bbox 1065 2815 1120 2862; x_wconf 85' lang='lat' dir='ltr'><strong>et</strong></span> <span class='ocrx_word' id='word_1_320' title='bbox 1148 2806 1189 2878; x_wconf 75' lang='grc' dir='ltr'><strong>-ι-</strong></span> <span class='ocrx_word' id='word_1_321' title='bbox 1580 2805 1763 2880; x_wconf 78' lang='lat' dir='ltr'><strong>dicos,</strong></span> <span class='ocrx_word' id='word_1_322' title='bbox 1800 2808 2019 2880; x_wconf 80' lang='lat' dir='ltr'><strong>nomine</strong></span> <span class='ocrx_word' id='word_1_323' title='bbox 2416 2808 2568 2880; x_wconf 78' lang='lat' dir='ltr'><strong>digiti</strong></span> <span class='ocrx_word' id='word_1_324' title='bbox 2599 2809 2682 2863; x_wconf 91' lang='lat' dir='ltr'><strong>sui</strong></span> 
     </span>
    </p>
   </div>
   <div class='ocr_carea' id='block_1_36' title="bbox 35 2874 2724 2950">
    <p class='ocr_par' dir='ltr' id='par_1_36' title="bbox 35 2874 2724 2950">
     <span class='ocr_line' id='line_1_36' title="bbox 35 2874 2724 2950; baseline 0.001 -21"><span class='ocrx_word' id='word_1_325' title='bbox 35 2874 228 2944; x_wconf 86' lang='lat' dir='ltr'><strong>jacebat</strong></span> <span class='ocrx_word' id='word_1_326' title='bbox 719 2874 1005 2950; x_wconf 76' lang='lat' dir='ltr'><strong>refrigeret</strong></span> <span class='ocrx_word' id='word_1_327' title='bbox 1024 2874 1031 2879; x_wconf 79' lang='grc'><em>’</em></span> <span class='ocrx_word' id='word_1_328' title='bbox 1164 2874 1176 2878; x_wconf 61' lang='grc'>⁷</span> <span class='ocrx_word' id='word_1_329' title='bbox 1580 2875 1816 2950; x_wconf 82' lang='lat' dir='ltr'><strong>Lazarus</strong></span> <span class='ocrx_word' id='word_1_330' title='bbox 1831 2920 1846 2943; x_wconf 91' lang='lat'><strong>,</strong></span> <span class='ocrx_word' id='word_1_331' title='bbox 1872 2877 1970 2950; x_wconf 91' lang='lat' dir='ltr'><strong>qui</strong></span> <span class='ocrx_word' id='word_1_332' title='bbox 2416 2874 2691 2950; x_wconf 43' lang='lat' dir='ltr'><strong>in&#39;aquam</strong></span> <span class='ocrx_word' id='word_1_333' title='bbox 2707 2921 2724 2946; x_wconf 96' lang='lat'><strong>,</strong></span> 
     </span>
    </p>
   </div>
   <div class='ocr_carea' id='block_1_37' title="bbox 18 2948 1485 3035">
    <p class='ocr_par' dir='ltr' id='par_1_37' title="bbox 18 2948 956 3035">
     <span class='ocr_line' id='line_1_37' title="bbox 18 2948 956 3035; baseline 0.009 -37"><span class='ocrx_word' id='word_1_334' title='bbox 18 2961 182 3035; x_wconf 55' lang='lat' dir='ltr'><strong>inuam</strong></span> <span class='ocrx_word' id='word_1_335' title='bbox 719 2948 956 3022; x_wconf 67' lang='lat' dir='ltr'><strong>linguam</strong></span> 
     </span>
    </p>
   </div>
   <div class='ocr_carea' id='block_1_38' title="bbox 1292 2948 2759 3035">
    <p class='ocr_par' dir='ltr' id='par_1_38' title="bbox 1577 2948 2759 3035">
     <span class='ocr_line' id='line_1_38' title="bbox 1577 2948 2759 3035; baseline 0.004 -33"><span class='ocrx_word' id='word_1_336' title='bbox 1577 2948 1790 3032; x_wconf 79' lang='lat' dir='ltr'><strong>jacebat</strong></span> <span class='ocrx_word' id='word_1_337' title='bbox 1817 2949 1886 3032; x_wconf 74' lang='lat' dir='ltr'><strong>ad</strong></span> <span class='ocrx_word' id='word_1_338' title='bbox 2417 2950 2490 3035; x_wconf 59' lang='lat' dir='ltr'><strong>te)</strong></span> <span class='ocrx_word' id='word_1_339' title='bbox 2519 2948 2571 3007; x_wconf 87' lang='lat' dir='ltr'><strong>et</strong></span> 
     </span>
    </p>
   </div>
   <div class='ocr_carea' id='block_1_39' title="bbox 20 3017 2759 3094">
    <p class='ocr_par' dir='ltr' id='par_1_39' title="bbox 20 3017 2759 3094">
     <span class='ocr_line' id='line_1_39' title="bbox 20 3017 2759 3094; baseline 0.003 -24"><span class='ocrx_word' id='word_1_340' title='bbox 20 3017 66 3094; x_wconf 88' lang='lat' dir='ltr'><strong>.is_</strong></span> <span class='ocrx_word' id='word_1_341' title='bbox 93 3019 189 3094; x_wconf 82' lang='lat' dir='ltr'><strong>illi-</strong></span> <span class='ocrx_word' id='word_1_342' title='bbox 721 3017 926 3090; x_wconf 62' lang='lat' dir='ltr'><strong>me&#39;am;</strong></span> <span class='ocrx_word' id='word_1_343' title='bbox 955 3038 1090 3094; x_wconf 92' lang='lat' dir='ltr'><strong>quo-</strong></span> <span class='ocrx_word' id='word_1_344' title='bbox 1577 3020 1797 3090; x_wconf 88' lang='lat' dir='ltr'><strong>januam</strong></span> <span class='ocrx_word' id='word_1_345' title='bbox 1827 3021 1944 3092; x_wconf 83' lang='lat' dir='ltr'><strong>ejus</strong></span> <span class='ocrx_word' id='word_1_346' title='bbox 1963 3060 1979 3087; x_wconf 92' lang='lat'><strong>,</strong></span> <span class='ocrx_word' id='word_1_347' title='bbox 2414 3017 2634 3094; x_wconf 77' lang='lat' dir='ltr'><strong>frigeret</strong></span> <span class='ocrx_word' id='word_1_348' title='bbox 2655 3023 2759 3078; x_wconf 47' lang='lat' dir='ltr'><strong>line</strong></span> 
     </span>
    </p>
   </div>
   <div class='ocr_carea' id='block_1_40' title="bbox 23 3090 2822 3166">
    <p class='ocr_par' dir='ltr' id='par_1_40' title="bbox 23 3090 2822 3166">
     <span class='ocr_line' id='line_1_40' title="bbox 23 3090 2822 3166; baseline 0.002 -22"><span class='ocrx_word' id='word_1_349' title='bbox 23 3090 202 3166; x_wconf 84' lang='lat' dir='ltr'><strong>ulceri-</strong></span> <span class='ocrx_word' id='word_1_350' title='bbox 719 3090 1016 3166; x_wconf 10' lang='lat' dir='ltr'><strong>niamgcrti-</strong></span> <span class='ocrx_word' id='word_1_351' title='bbox 1583 3090 1868 3166; x_wconf 76' lang='lat' dir='ltr'><strong>ulceribus</strong></span> <span class='ocrx_word' id='word_1_352' title='bbox 1884 3095 1999 3166; x_wconf 47' lang='lat' dir='ltr'><strong>plef-</strong></span> <span class='ocrx_word' id='word_1_353' title='bbox 2415 3090 2575 3166; x_wconf 73' lang='lat' dir='ltr'><strong>gnam</strong></span> <span class='ocrx_word' id='word_1_354' title='bbox 2608 3109 2822 3162; x_wconf 84' lang='lat' dir='ltr'><strong>meam;</strong></span> 
     </span>
    </p>
   </div>
   <div class='ocr_carea' id='block_1_41' title="bbox 22 3161 2788 3236">
    <p class='ocr_par' dir='ltr' id='par_1_41' title="bbox 22 3161 2788 3236">
     <span class='ocr_line' id='line_1_41' title="bbox 22 3161 2788 3236; baseline 0.003 -21"><span class='ocrx_word' id='word_1_355' title='bbox 22 3161 222 3229; x_wconf 86' lang='lat' dir='ltr'><strong>plenus;</strong></span> <span class='ocrx_word' id='word_1_356' title='bbox 719 3165 833 3220; x_wconf 92' lang='lat' dir='ltr'><strong>cior</strong></span> <span class='ocrx_word' id='word_1_357' title='bbox 868 3165 922 3220; x_wconf 89' lang='lat' dir='ltr'><strong>in</strong></span> <span class='ocrx_word' id='word_1_358' title='bbox 954 3166 1054 3222; x_wconf 89' lang='lat' dir='ltr'><strong>hac</strong></span> <span class='ocrx_word' id='word_1_359' title='bbox 1581 3165 1672 3220; x_wconf 83' lang='lat' dir='ltr'><strong>2t.</strong></span> <span class='ocrx_word' id='word_1_360' title='bbox 1718 3180 1847 3230; x_wconf 92' lang='lat' dir='ltr'><strong>nus,</strong></span> <span class='ocrx_word' id='word_1_361' title='bbox 1872 3161 2098 3236; x_wconf 78' lang='lat' dir='ltr'><strong>cupiens</strong></span> <span class='ocrx_word' id='word_1_362' title='bbox 2417 3161 2540 3236; x_wconf 70' lang='lat' dir='ltr'><strong>quia</strong></span> <span class='ocrx_word' id='word_1_363' title='bbox 2570 3167 2788 3222; x_wconf 82' lang='lat' dir='ltr'><strong>crucior</strong></span> 
     </span>
    </p>
   </div>
   <div class='ocr_carea' id='block_1_42' title="bbox 22 3236 2868 3305">
    <p class='ocr_par' dir='ltr' id='par_1_42' title="bbox 22 3236 2868 3305">
     <span class='ocr_line' id='line_1_42' title="bbox 22 3236 2868 3305; baseline 0.002 -18"><span class='ocrx_word' id='word_1_364' title='bbox 22 3243 64 3287; x_wconf 86' lang='lat' dir='ltr'><strong>et</strong></span> <span class='ocrx_word' id='word_1_365' title='bbox 87 3236 325 3305; x_wconf 90' lang='lat' dir='ltr'><strong>cupiebat</strong></span> <span class='ocrx_word' id='word_1_366' title='bbox 718 3236 812 3292; x_wconf 85' lang='lat'><strong>25.</strong></span> <span class='ocrx_word' id='word_1_367' title='bbox 852 3236 1088 3293; x_wconf 85' lang='lat' dir='ltr'><strong>flamma.</strong></span> <span class='ocrx_word' id='word_1_368' title='bbox 1120 3238 1207 3294; x_wconf 89' lang='lat' dir='ltr'><strong>Di-</strong></span> <span class='ocrx_word' id='word_1_369' title='bbox 1584 3237 1819 3294; x_wconf 89' lang='lat' dir='ltr'><strong>saturari</strong></span> <span class='ocrx_word' id='word_1_370' title='bbox 1843 3253 1911 3294; x_wconf 89' lang='lat' dir='ltr'><strong>ex</strong></span> <span class='ocrx_word' id='word_1_371' title='bbox 2420 3239 2474 3292; x_wconf 93' lang='lat' dir='ltr'><strong>in</strong></span> <span class='ocrx_word' id='word_1_372' title='bbox 2506 3237 2604 3291; x_wconf 91' lang='lat' dir='ltr'><strong>bac</strong></span> <span class='ocrx_word' id='word_1_373' title='bbox 2632 3237 2868 3294; x_wconf 79' lang='lat' dir='ltr'><strong>ﬂamma.</strong></span> 
     </span>
    </p>
   </div>
   <div class='ocr_carea' id='block_1_43' title="bbox 30 3305 2900 3380">
    <p class='ocr_par' dir='ltr' id='par_1_43' title="bbox 30 3305 2900 3380">
     <span class='ocr_line' id='line_1_43' title="bbox 30 3305 2900 3380; baseline 0.002 -21"><span class='ocrx_word' id='word_1_374' title='bbox 30 3307 65 3358; x_wconf 92' lang='lat' dir='ltr'><strong>ri</strong></span> <span class='ocrx_word' id='word_1_375' title='bbox 86 3305 149 3361; x_wconf 83' lang='lat' dir='ltr'><strong>de</strong></span> <span class='ocrx_word' id='word_1_376' title='bbox 721 3309 796 3362; x_wconf 88' lang='lat' dir='ltr'><strong>xit</strong></span> <span class='ocrx_word' id='word_1_377' title='bbox 826 3320 1008 3366; x_wconf 89' lang='lat' dir='ltr'><strong>autem</strong></span> <span class='ocrx_word' id='word_1_378' title='bbox 1583 3309 1665 3363; x_wconf 86' lang='lat' dir='ltr'><strong>his</strong></span> <span class='ocrx_word' id='word_1_379' title='bbox 1690 3352 1704 3375; x_wconf 93' lang='lat'><strong>,</strong></span> <span class='ocrx_word' id='word_1_380' title='bbox 1744 3324 1882 3380; x_wconf 89' lang='lat' dir='ltr'><strong>quae</strong></span> <span class='ocrx_word' id='word_1_381' title='bbox 1909 3324 1999 3365; x_wconf 85' lang='lat' dir='ltr'><strong>ca-</strong></span> <span class='ocrx_word' id='word_1_382' title='bbox 2415 3308 2508 3364; x_wconf 85' lang='lat'><strong>25.</strong></span> <span class='ocrx_word' id='word_1_383' title='bbox 2552 3309 2620 3364; x_wconf 86' lang='lat' dir='ltr'><strong>Et</strong></span> <span class='ocrx_word' id='word_1_384' title='bbox 2649 3310 2788 3366; x_wconf 87' lang='lat' dir='ltr'><strong>dixit</strong></span> <span class='ocrx_word' id='word_1_385' title='bbox 2819 3310 2900 3368; x_wconf 86' lang='lat' dir='ltr'><strong>illi</strong></span> 
     </span>
    </p>
   </div>
   <div class='ocr_carea' id='block_1_44' title="bbox 23 3379 2737 3450">
    <p class='ocr_par' dir='ltr' id='par_1_44' title="bbox 23 3379 2737 3450">
     <span class='ocr_line' id='line_1_44' title="bbox 23 3379 2737 3450; baseline 0 -15"><span class='ocrx_word' id='word_1_386' title='bbox 23 3392 69 3450; x_wconf 64' lang='grc' dir='ltr'>ξ,</span> <span class='ocrx_word' id='word_1_387' title='bbox 95 3392 224 3447; x_wconf 72' lang='lat' dir='ltr'><strong>que</strong></span> <span class='ocrx_word' id='word_1_388' title='bbox 721 3379 797 3434; x_wconf 89' lang='lat' dir='ltr'><strong>illi</strong></span> <span class='ocrx_word' id='word_1_389' title='bbox 827 3381 1100 3436; x_wconf 84' lang='lat' dir='ltr'><strong>Abraham</strong></span> <span class='ocrx_word' id='word_1_390' title='bbox 1126 3399 1141 3434; x_wconf 73' lang='grc' dir='ltr'>ς</span> <span class='ocrx_word' id='word_1_391' title='bbox 1583 3379 1784 3436; x_wconf 85' lang='lat' dir='ltr'><strong>debant</strong></span> <span class='ocrx_word' id='word_1_392' title='bbox 1812 3381 1879 3436; x_wconf 93' lang='lat' dir='ltr'><strong>de</strong></span> <span class='ocrx_word' id='word_1_393' title='bbox 2053 3446 2056 3450; x_wconf 38' lang='grc'>,</span> <span class='ocrx_word' id='word_1_394' title='bbox 2417 3381 2692 3436; x_wconf 83' lang='lat' dir='ltr'><strong>Abraham</strong></span> <span class='ocrx_word' id='word_1_395' title='bbox 2724 3399 2737 3435; x_wconf 87' lang='lat'><strong>:</strong></span> 
     </span>
    </p>
   </div>
   <div class='ocr_carea' id='block_1_45' title="bbox 29 3447 2844 3523">
    <p class='ocr_par' dir='ltr' id='par_1_45' title="bbox 29 3447 2844 3523">
     <span class='ocr_line' id='line_1_45' title="bbox 29 3447 2844 3523; baseline 0.003 -22"><span class='ocrx_word' id='word_1_396' title='bbox 29 3447 136 3503; x_wconf 86' lang='lat' dir='ltr'><strong>bant</strong></span> <span class='ocrx_word' id='word_1_397' title='bbox 721 3450 854 3518; x_wconf 90' lang='lat' dir='ltr'><strong>Fili,</strong></span> <span class='ocrx_word' id='word_1_398' title='bbox 885 3469 1096 3510; x_wconf 89' lang='lat' dir='ltr'><strong>memor</strong></span> <span class='ocrx_word' id='word_1_399' title='bbox 1583 3468 1770 3507; x_wconf 78' lang='lat' dir='ltr'><strong>mensa</strong></span> <span class='ocrx_word' id='word_1_400' title='bbox 1802 3453 1880 3523; x_wconf 74' lang='lat' dir='ltr'><strong>(b)</strong></span> <span class='ocrx_word' id='word_1_401' title='bbox 1904 3451 1989 3508; x_wconf 85' lang='lat' dir='ltr'><strong>tli-</strong></span> <span class='ocrx_word' id='word_1_402' title='bbox 2053 3447 2056 3450; x_wconf 64' lang='grc'><em>’</em></span> <span class='ocrx_word' id='word_1_403' title='bbox 2418 3453 2554 3520; x_wconf 89' lang='lat' dir='ltr'><strong>Fili,</strong></span> <span class='ocrx_word' id='word_1_404' title='bbox 2590 3453 2844 3509; x_wconf 77' lang='lat' dir='ltr'><strong>recorda-</strong></span> 
     </span>
    </p>
   </div>
   <div class='ocr_carea' id='block_1_46' title="bbox 25 3523 2737 3608">
    <p class='ocr_par' dir='ltr' id='par_1_46' title="bbox 25 3523 2737 3608">
     <span class='ocr_line' id='line_1_46' title="bbox 25 3523 2737 3608; baseline -0 -31"><span class='ocrx_word' id='word_1_405' title='bbox 25 3533 172 3608; x_wconf 42' lang='grc' dir='ltr'><strong>δεξιῇ,</strong></span> <span class='ocrx_word' id='word_1_406' title='bbox 244 3594 257 3608; x_wconf 51' lang='grc'><em>.</em></span> <span class='ocrx_word' id='word_1_407' title='bbox 435 3596 449 3608; x_wconf 46' lang='grc'><em>.</em></span> <span class='ocrx_word' id='word_1_408' title='bbox 521 3603 534 3608; x_wconf 31' lang='grc' dir='ltr'><strong><em>Δ</em></strong></span> <span class='ocrx_word' id='word_1_409' title='bbox 719 3532 837 3578; x_wconf 86' lang='lat' dir='ltr'><strong>esto</strong></span> <span class='ocrx_word' id='word_1_410' title='bbox 867 3594 881 3607; x_wconf 41' lang='grc' dir='ltr'><strong>ο</strong></span> <span class='ocrx_word' id='word_1_411' title='bbox 1582 3524 1708 3578; x_wconf 91' lang='lat' dir='ltr'><strong>vitis</strong></span> <span class='ocrx_word' id='word_1_412' title='bbox 1733 3523 1772 3594; x_wconf 69' lang='grc' dir='ltr'><strong>’ί-</strong></span> <span class='ocrx_word' id='word_1_413' title='bbox 1798 3541 1811 3577; x_wconf 91' lang='lat'><strong>:</strong></span> <span class='ocrx_word' id='word_1_414' title='bbox 1841 3525 1935 3578; x_wconf 88' lang='lat' dir='ltr'><strong>sed</strong></span> <span class='ocrx_word' id='word_1_415' title='bbox 2421 3541 2480 3580; x_wconf 90' lang='lat' dir='ltr'><strong>re</strong></span> <span class='ocrx_word' id='word_1_416' title='bbox 2504 3523 2625 3608; x_wconf 69' lang='lat' dir='ltr'><strong>quia</strong></span> <span class='ocrx_word' id='word_1_417' title='bbox 2650 3540 2737 3608; x_wconf 60' lang='lat' dir='ltr'><strong>re-</strong></span> 
     </span>
    </p>
   </div>
   <div class='ocr_carea' id='block_1_47' title="bbox 42 3589 2861 3668">
    <p class='ocr_par' dir='ltr' id='par_1_47' title="bbox 42 3589 2861 3668">
     <span class='ocr_line' id='line_1_47' title="bbox 42 3589 2861 3668; baseline 0.004 -26"><span class='ocrx_word' id='word_1_418' title='bbox 42 3589 202 3668; x_wconf 82' lang='lat' dir='ltr'><strong>divitis</strong></span> <span class='ocrx_word' id='word_1_419' title='bbox 229 3594 272 3667; x_wconf 71' lang='grc'><strong>1-</strong></span> <span class='ocrx_word' id='word_1_420' title='bbox 300 3614 314 3651; x_wconf 89' lang='lat'><strong>:</strong></span> <span class='ocrx_word' id='word_1_421' title='bbox 347 3596 452 3653; x_wconf 85' lang='lat' dir='ltr'><strong>sed</strong></span> <span class='ocrx_word' id='word_1_422' title='bbox 481 3603 539 3651; x_wconf 83' lang='lat' dir='ltr'><strong>et</strong></span> <span class='ocrx_word' id='word_1_423' title='bbox 718 3594 971 3668; x_wconf 86' lang='lat' dir='ltr'><strong>quoniam</strong></span> <span class='ocrx_word' id='word_1_424' title='bbox 1000 3611 1154 3652; x_wconf 82' lang='lat' dir='ltr'><strong>rece-</strong></span> <span class='ocrx_word' id='word_1_425' title='bbox 1584 3605 1639 3668; x_wconf 89' lang='lat' dir='ltr'><strong>et</strong></span> <span class='ocrx_word' id='word_1_426' title='bbox 1668 3589 1830 3668; x_wconf 79' lang='lat' dir='ltr'><strong>canes</strong></span> <span class='ocrx_word' id='word_1_427' title='bbox 1857 3611 1949 3650; x_wconf 85' lang='lat' dir='ltr'><strong>ve-</strong></span> <span class='ocrx_word' id='word_1_428' title='bbox 2420 3589 2609 3668; x_wconf 84' lang='lat' dir='ltr'><strong>cepisti</strong></span> <span class='ocrx_word' id='word_1_429' title='bbox 2651 3597 2718 3667; x_wconf 74' lang='grc' dir='ltr'><strong>(ι’)</strong></span> <span class='ocrx_word' id='word_1_430' title='bbox 2746 3605 2802 3652; x_wconf 81' lang='grc' dir='ltr'><strong>ιιι</strong></span> <span class='ocrx_word' id='word_1_431' title='bbox 2823 3597 2861 3668; x_wconf 67' lang='grc' dir='ltr'><strong>-ιο</strong></span> 
     </span>
    </p>
   </div>
   <div class='ocr_carea' id='block_1_48' title="bbox 21 3665 2754 3734">
    <p class='ocr_par' dir='ltr' id='par_1_48' title="bbox 21 3665 2754 3734">
     <span class='ocr_line' id='line_1_48' title="bbox 21 3665 2754 3734; baseline 0.003 -22"><span class='ocrx_word' id='word_1_432' title='bbox 21 3677 49 3712; x_wconf 79' lang='lat' dir='ltr'><strong>:s</strong></span> <span class='ocrx_word' id='word_1_433' title='bbox 73 3665 208 3720; x_wconf 83' lang='lat' dir='ltr'><strong>veni-</strong></span> <span class='ocrx_word' id='word_1_434' title='bbox 246 3665 254 3667; x_wconf 61' lang='grc'><strong><em>⁷</em></strong></span> <span class='ocrx_word' id='word_1_435' title='bbox 724 3667 845 3734; x_wconf 89' lang='lat' dir='ltr'><strong>pisti</strong></span> <span class='ocrx_word' id='word_1_436' title='bbox 881 3667 1020 3722; x_wconf 89' lang='lat' dir='ltr'><strong>bona</strong></span> <span class='ocrx_word' id='word_1_437' title='bbox 1586 3667 1838 3731; x_wconf 88' lang='lat' dir='ltr'><strong>niebant,</strong></span> <span class='ocrx_word' id='word_1_438' title='bbox 1869 3677 1924 3720; x_wconf 91' lang='lat' dir='ltr'><strong>et</strong></span> <span class='ocrx_word' id='word_1_439' title='bbox 2422 3665 2566 3721; x_wconf 81' lang='lat' dir='ltr'><strong>buna</strong></span> <span class='ocrx_word' id='word_1_440' title='bbox 2593 3669 2644 3720; x_wconf 91' lang='lat' dir='ltr'><strong>in</strong></span> <span class='ocrx_word' id='word_1_441' title='bbox 2675 3665 2754 3720; x_wconf 82' lang='lat' dir='ltr'><strong>vi-</strong></span> 
     </span>
    </p>
   </div>
   <div class='ocr_carea' id='block_1_49' title="bbox 22 3735 2726 3806">
    <p class='ocr_par' dir='ltr' id='par_1_49' title="bbox 22 3735 2726 3806">
     <span class='ocr_line' id='line_1_49' title="bbox 22 3735 2726 3806; baseline 0.002 -22"><span class='ocrx_word' id='word_1_442' title='bbox 22 3747 70 3796; x_wconf 81' lang='lat' dir='ltr'><strong>:s,</strong></span> <span class='ocrx_word' id='word_1_443' title='bbox 97 3735 217 3790; x_wconf 81' lang='lat' dir='ltr'><strong>lam-</strong></span> <span class='ocrx_word' id='word_1_444' title='bbox 721 3735 775 3790; x_wconf 93' lang='lat' dir='ltr'><strong>in</strong></span> <span class='ocrx_word' id='word_1_445' title='bbox 813 3738 919 3791; x_wconf 92' lang='lat' dir='ltr'><strong>vita</strong></span> <span class='ocrx_word' id='word_1_446' title='bbox 951 3748 1039 3792; x_wconf 88' lang='lat' dir='ltr'><strong>tua</strong></span> <span class='ocrx_word' id='word_1_447' title='bbox 1060 3780 1076 3805; x_wconf 95' lang='lat'><strong>,</strong></span> <span class='ocrx_word' id='word_1_448' title='bbox 1585 3737 1860 3806; x_wconf 88' lang='lat' dir='ltr'><strong>lingebant</strong></span> <span class='ocrx_word' id='word_1_449' title='bbox 1887 3738 1968 3793; x_wconf 82' lang='lat' dir='ltr'><strong>ul-</strong></span> <span class='ocrx_word' id='word_1_450' title='bbox 2427 3748 2483 3791; x_wconf 89' lang='lat' dir='ltr'><strong>tu</strong></span> <span class='ocrx_word' id='word_1_451' title='bbox 2525 3744 2646 3804; x_wconf 90' lang='lat' dir='ltr'><strong>tua,</strong></span> <span class='ocrx_word' id='word_1_452' title='bbox 2671 3749 2726 3790; x_wconf 89' lang='lat' dir='ltr'><strong>et</strong></span> 
     </span>
    </p>
   </div>
   <div class='ocr_carea' id='block_1_50' title="bbox 23 3807 2759 3876">
    <p class='ocr_par' dir='ltr' id='par_1_50' title="bbox 23 3807 2759 3876">
     <span class='ocr_line' id='line_1_50' title="bbox 23 3807 2759 3876; baseline 0.001 -18"><span class='ocrx_word' id='word_1_453' title='bbox 23 3813 84 3858; x_wconf 85' lang='lat' dir='ltr'><strong>mt</strong></span> <span class='ocrx_word' id='word_1_454' title='bbox 104 3809 205 3862; x_wconf 87' lang='lat' dir='ltr'><strong>vul-</strong></span> <span class='ocrx_word' id='word_1_455' title='bbox 721 3815 777 3863; x_wconf 88' lang='lat' dir='ltr'><strong>et</strong></span> <span class='ocrx_word' id='word_1_456' title='bbox 803 3809 1038 3866; x_wconf 85' lang='lat' dir='ltr'><strong>Lazarus</strong></span> <span class='ocrx_word' id='word_1_457' title='bbox 1587 3821 1714 3863; x_wconf 83' lang='lat' dir='ltr'><strong>cera</strong></span> <span class='ocrx_word' id='word_1_458' title='bbox 1743 3807 1880 3876; x_wconf 89' lang='lat' dir='ltr'><strong>ejus.</strong></span> <span class='ocrx_word' id='word_1_459' title='bbox 2427 3807 2661 3862; x_wconf 83' lang='lat' dir='ltr'><strong>Lazarus</strong></span> <span class='ocrx_word' id='word_1_460' title='bbox 2687 3807 2759 3863; x_wconf 88' lang='lat' dir='ltr'><strong>si-</strong></span> 
     </span>
    </p>
   </div>
   <div class='ocr_carea' id='block_1_51' title="bbox 1207 3919 1921 3978">
    <p class='ocr_par' dir='ltr' id='par_1_51' title="bbox 1207 3919 1921 3978">
     <span class='ocr_line' id='line_1_51' title="bbox 1207 3919 1921 3978; baseline -0.001 0"><span class='ocrx_word' id='word_1_461' title='bbox 1207 3919 1438 3978; x_wconf 81' lang='lat' dir='ltr'><strong>CODEX</strong></span> <span class='ocrx_word' id='word_1_462' title='bbox 1478 3919 1870 3978; x_wconf 79' lang='lat' dir='ltr'><strong>BRIXIANUS.</strong></span> <span class='ocrx_word' id='word_1_463' title='bbox 1913 3938 1921 3949; x_wconf 79' lang='lat'><strong><em>&#39;</em></strong></span> 
     </span>
    </p>
   </div>
   <div class='ocr_carea' id='block_1_52' title="bbox 21 4015 3192 4086">
    <p class='ocr_par' dir='ltr' id='par_1_52' title="bbox 21 4015 3192 4086">
     <span class='ocr_line' id='line_1_52' title="bbox 21 4015 3192 4086; baseline 0.003 -23"><span class='ocrx_word' id='word_1_464' title='bbox 21 4023 144 4071; x_wconf 68' lang='lat' dir='ltr'><strong>tatur.</strong></span> <span class='ocrx_word' id='word_1_465' title='bbox 198 4029 252 4074; x_wconf 88' lang='lat' dir='ltr'><strong>et</strong></span> <span class='ocrx_word' id='word_1_466' title='bbox 315 4019 506 4073; x_wconf 89' lang='lat' dir='ltr'><strong>omnis</strong></span> <span class='ocrx_word' id='word_1_467' title='bbox 575 4018 626 4071; x_wconf 91' lang='lat' dir='ltr'><strong>in</strong></span> <span class='ocrx_word' id='word_1_468' title='bbox 681 4017 810 4072; x_wconf 85' lang='lat' dir='ltr'><strong>illud</strong></span> <span class='ocrx_word' id='word_1_469' title='bbox 865 4018 974 4073; x_wconf 86' lang='lat' dir='ltr'><strong>vim</strong></span> <span class='ocrx_word' id='word_1_470' title='bbox 1042 4016 1190 4072; x_wconf 81' lang='lat' dir='ltr'><strong>facit.</strong></span> <span class='ocrx_word' id='word_1_471' title='bbox 1245 4017 1479 4071; x_wconf 84' lang='lat' dir='ltr'><strong>Facilius</strong></span> <span class='ocrx_word' id='word_1_472' title='bbox 1581 4026 1638 4071; x_wconf 93' lang='lat' dir='ltr'><strong>et</strong></span> <span class='ocrx_word' id='word_1_473' title='bbox 1669 4016 1944 4085; x_wconf 88' lang='lat' dir='ltr'><strong>lingebant</strong></span> <span class='ocrx_word' id='word_1_474' title='bbox 1975 4017 2157 4072; x_wconf 79' lang='lat' dir='ltr'><strong>ulcera</strong></span> <span class='ocrx_word' id='word_1_475' title='bbox 2187 4015 2334 4086; x_wconf 89' lang='lat' dir='ltr'><strong>ejus.</strong></span> <span class='ocrx_word' id='word_1_476' title='bbox 2366 4016 2590 4073; x_wconf 82' lang='lat' dir='ltr'><strong>Factum</strong></span> <span class='ocrx_word' id='word_1_477' title='bbox 2618 4026 2703 4072; x_wconf 92' lang='lat' dir='ltr'><strong>est</strong></span> <span class='ocrx_word' id='word_1_478' title='bbox 2731 4028 2912 4072; x_wconf 86' lang='lat' dir='ltr'><strong>autem</strong></span> <span class='ocrx_word' id='word_1_479' title='bbox 2943 4030 3192 4075; x_wconf 88' lang='lat' dir='ltr'><strong>utmore-</strong></span> 
     </span>
    </p>
   </div>
   <div class='ocr_carea' id='block_1_53' title="bbox 32 4087 3185 4161">
    <p class='ocr_par' dir='ltr' id='par_1_53' title="bbox 32 4087 3185 4161">
     <span class='ocr_line' id='line_1_53' title="bbox 32 4087 3185 4161; baseline 0.002 -22"><span class='ocrx_word' id='word_1_480' title='bbox 32 4098 187 4143; x_wconf 83' lang='lat' dir='ltr'><strong>autem</strong></span> <span class='ocrx_word' id='word_1_481' title='bbox 254 4091 481 4145; x_wconf 80' lang='lat' dir='ltr'><strong>caelum</strong></span> <span class='ocrx_word' id='word_1_482' title='bbox 538 4098 595 4143; x_wconf 88' lang='lat' dir='ltr'><strong>et</strong></span> <span class='ocrx_word' id='word_1_483' title='bbox 661 4099 856 4144; x_wconf 89' lang='lat' dir='ltr'><strong>terram</strong></span> <span class='ocrx_word' id='word_1_484' title='bbox 887 4159 902 4161; x_wconf 19' lang='lat'>4</span> <span class='ocrx_word' id='word_1_485' title='bbox 941 4091 1238 4159; x_wconf 86' lang='lat' dir='ltr'><strong>praeterire</strong></span> <span class='ocrx_word' id='word_1_486' title='bbox 1319 4105 1478 4158; x_wconf 83' lang='lat' dir='ltr'><strong>quam</strong></span> <span class='ocrx_word' id='word_1_487' title='bbox 1583 4097 1745 4161; x_wconf 9' lang='lat' dir='ltr'><strong>retur,</strong></span> <span class='ocrx_word' id='word_1_488' title='bbox 1787 4087 2087 4161; x_wconf 75' lang='lat' dir='ltr'><strong>mendicus.</strong></span> <span class='ocrx_word' id='word_1_489' title='bbox 2126 4097 2181 4142; x_wconf 91' lang='lat' dir='ltr'><strong>et</strong></span> <span class='ocrx_word' id='word_1_490' title='bbox 2229 4099 2536 4157; x_wconf 84' lang='lat' dir='ltr'><strong>portaretur</strong></span> <span class='ocrx_word' id='word_1_491' title='bbox 2572 4090 2640 4143; x_wconf 88' lang='lat' dir='ltr'><strong>ab</strong></span> <span class='ocrx_word' id='word_1_492' title='bbox 2666 4091 2885 4161; x_wconf 84' lang='lat' dir='ltr'><strong>Angelis</strong></span> <span class='ocrx_word' id='word_1_493' title='bbox 2931 4091 2980 4144; x_wconf 89' lang='lat' dir='ltr'><strong>in</strong></span> <span class='ocrx_word' id='word_1_494' title='bbox 3009 4093 3185 4145; x_wconf 90' lang='lat' dir='ltr'><strong>sinum</strong></span> 
     </span>
    </p>
   </div>
   <div class='ocr_carea' id='block_1_54' title="bbox 24 4159 3191 4234">
    <p class='ocr_par' dir='ltr' id='par_1_54' title="bbox 24 4159 3191 4234">
     <span class='ocr_line' id='line_1_54' title="bbox 24 4159 3191 4234; baseline 0.002 -23"><span class='ocrx_word' id='word_1_495' title='bbox 24 4171 90 4225; x_wconf 65' lang='lat' dir='ltr'><strong>&#39;ge</strong></span> <span class='ocrx_word' id='word_1_496' title='bbox 125 4177 285 4215; x_wconf 90' lang='lat' dir='ltr'><strong>unum</strong></span> <span class='ocrx_word' id='word_1_497' title='bbox 328 4163 550 4234; x_wconf 76' lang='lat' dir='ltr'><strong>apicem</strong></span> <span class='ocrx_word' id='word_1_498' title='bbox 601 4161 814 4234; x_wconf 79' lang='lat' dir='ltr'><strong>cadere.</strong></span> <span class='ocrx_word' id='word_1_499' title='bbox 872 4159 1060 4216; x_wconf 87' lang='lat' dir='ltr'><strong>Omnis</strong></span> <span class='ocrx_word' id='word_1_500' title='bbox 1117 4163 1208 4232; x_wconf 90' lang='lat' dir='ltr'><strong>qui</strong></span> <span class='ocrx_word' id='word_1_501' title='bbox 1260 4161 1483 4234; x_wconf 86' lang='lat' dir='ltr'><strong>dimittit</strong></span> <span class='ocrx_word' id='word_1_502' title='bbox 1585 4160 1858 4234; x_wconf 76' lang='lat' dir='ltr'><strong>Abrahae.</strong></span> <span class='ocrx_word' id='word_1_503' title='bbox 1893 4159 2133 4234; x_wconf 57' lang='grc' dir='ltr'><strong>μοι-ωας</strong></span> <span class='ocrx_word' id='word_1_504' title='bbox 2154 4170 2239 4216; x_wconf 90' lang='lat' dir='ltr'><strong>est</strong></span> <span class='ocrx_word' id='word_1_505' title='bbox 2269 4167 2450 4234; x_wconf 78' lang='lat' dir='ltr'><strong>autem</strong></span> <span class='ocrx_word' id='word_1_506' title='bbox 2483 4171 2540 4215; x_wconf 89' lang='lat' dir='ltr'><strong>et</strong></span> <span class='ocrx_word' id='word_1_507' title='bbox 2562 4161 2713 4216; x_wconf 85' lang='lat' dir='ltr'><strong>dives</strong></span> <span class='ocrx_word' id='word_1_508' title='bbox 2744 4159 2816 4234; x_wconf 73' lang='grc' dir='ltr'><strong>(ἐ)</strong></span> <span class='ocrx_word' id='word_1_509' title='bbox 2852 4171 2909 4217; x_wconf 88' lang='lat' dir='ltr'><strong>et</strong></span> <span class='ocrx_word' id='word_1_510' title='bbox 2947 4165 3191 4232; x_wconf 81' lang='lat' dir='ltr'><strong>sepultus</strong></span> 
     </span>
    </p>
   </div>
   <div class='ocr_carea' id='block_1_55' title="bbox 27 4231 3193 4303">
    <p class='ocr_par' dir='ltr' id='par_1_55' title="bbox 27 4231 3193 4303">
     <span class='ocr_line' id='line_1_55' title="bbox 27 4231 3193 4303; baseline 0.003 -24"><span class='ocrx_word' id='word_1_511' title='bbox 27 4245 96 4280; x_wconf 87' lang='lat' dir='ltr'><strong>em</strong></span> <span class='ocrx_word' id='word_1_512' title='bbox 123 4247 299 4286; x_wconf 78' lang='lat' dir='ltr'><strong>suam.</strong></span> <span class='ocrx_word' id='word_1_513' title='bbox 350 4241 410 4286; x_wconf 89' lang='lat' dir='ltr'><strong>et</strong></span> <span class='ocrx_word' id='word_1_514' title='bbox 462 4232 626 4284; x_wconf 87' lang='lat' dir='ltr'><strong>aliam</strong></span> <span class='ocrx_word' id='word_1_515' title='bbox 657 4231 806 4287; x_wconf 90' lang='lat' dir='ltr'><strong>ducit</strong></span> <span class='ocrx_word' id='word_1_516' title='bbox 837 4231 1147 4288; x_wconf 27' lang='lat' dir='ltr'><strong>moecatur.’</strong></span> <span class='ocrx_word' id='word_1_517' title='bbox 1168 4243 1222 4287; x_wconf 91' lang='lat' dir='ltr'><strong>et</strong></span> <span class='ocrx_word' id='word_1_518' title='bbox 1272 4233 1360 4301; x_wconf 91' lang='lat' dir='ltr'><strong>qui</strong></span> <span class='ocrx_word' id='word_1_519' title='bbox 1401 4233 1483 4286; x_wconf 92' lang='lat' dir='ltr'><strong>di-</strong></span> <span class='ocrx_word' id='word_1_520' title='bbox 1587 4243 1691 4286; x_wconf 91' lang='lat' dir='ltr'><strong>est.</strong></span> <span class='ocrx_word' id='word_1_521' title='bbox 1727 4233 1789 4286; x_wconf 82' lang='lat' dir='ltr'><strong>Et</strong></span> <span class='ocrx_word' id='word_1_522' title='bbox 1837 4231 2048 4285; x_wconf 88' lang='lat' dir='ltr'><strong>inferno</strong></span> <span class='ocrx_word' id='word_1_523' title='bbox 2075 4233 2295 4286; x_wconf 62' lang='lat' dir='ltr'><strong>elevans</strong></span> <span class='ocrx_word' id='word_1_524' title='bbox 2327 4231 2369 4303; x_wconf 69' lang='grc' dir='ltr'><strong>-ι-</strong></span> <span class='ocrx_word' id='word_1_525' title='bbox 2411 4234 2601 4288; x_wconf 83' lang='lat' dir='ltr'><strong>oculos</strong></span> <span class='ocrx_word' id='word_1_526' title='bbox 2635 4231 2764 4290; x_wconf 77' lang='lat' dir='ltr'><strong>suos</strong></span> <span class='ocrx_word' id='word_1_527' title='bbox 2802 4231 2926 4288; x_wconf 86' lang='lat' dir='ltr'><strong>eum</strong></span> <span class='ocrx_word' id='word_1_528' title='bbox 2967 4231 3193 4290; x_wconf 85' lang='lat' dir='ltr'><strong>essetin</strong></span> 
     </span>
    </p>
   </div>
   <div class='ocr_carea' id='block_1_56' title="bbox 25 4303 3187 4375">
    <p class='ocr_par' dir='ltr' id='par_1_56' title="bbox 25 4303 3187 4375">
     <span class='ocr_line' id='line_1_56' title="bbox 25 4303 3187 4375; baseline 0.003 -25"><span class='ocrx_word' id='word_1_529' title='bbox 25 4314 96 4352; x_wconf 87' lang='lat' dir='ltr'><strong>aut</strong></span> <span class='ocrx_word' id='word_1_530' title='bbox 124 4321 150 4354; x_wconf 88' lang='lat' dir='ltr'><strong>a</strong></span> <span class='ocrx_word' id='word_1_531' title='bbox 199 4305 320 4375; x_wconf 70' lang='lat' dir='ltr'><strong>vim</strong></span> <span class='ocrx_word' id='word_1_532' title='bbox 352 4303 517 4358; x_wconf 83' lang='lat' dir='ltr'><strong>ducit</strong></span> <span class='ocrx_word' id='word_1_533' title='bbox 559 4315 860 4358; x_wconf 82' lang='lat' dir='ltr'><strong>ntnccatnr.</strong></span> <span class='ocrx_word' id='word_1_534' title='bbox 899 4305 1070 4358; x_wconf 85' lang='lat' dir='ltr'><strong>liomo</strong></span> <span class='ocrx_word' id='word_1_535' title='bbox 1119 4305 1336 4373; x_wconf 83' lang='lat' dir='ltr'><strong>quidam</strong></span> <span class='ocrx_word' id='word_1_536' title='bbox 1367 4314 1484 4358; x_wconf 83' lang='lat' dir='ltr'><strong>erat</strong></span> <span class='ocrx_word' id='word_1_537' title='bbox 1589 4305 1877 4358; x_wconf 85' lang='lat' dir='ltr'><strong>tormentis</strong></span> <span class='ocrx_word' id='word_1_538' title='bbox 1903 4304 2037 4357; x_wconf 83' lang='lat' dir='ltr'><strong>vidit</strong></span> <span class='ocrx_word' id='word_1_539' title='bbox 2074 4303 2344 4358; x_wconf 84' lang='lat' dir='ltr'><strong>Abraham</strong></span> <span class='ocrx_word' id='word_1_540' title='bbox 2376 4320 2404 4357; x_wconf 87' lang='lat' dir='ltr'><strong>a</strong></span> <span class='ocrx_word' id='word_1_541' title='bbox 2437 4305 2593 4375; x_wconf 90' lang='lat' dir='ltr'><strong>longe</strong></span> <span class='ocrx_word' id='word_1_542' title='bbox 2623 4316 2676 4360; x_wconf 88' lang='lat' dir='ltr'><strong>et</strong></span> <span class='ocrx_word' id='word_1_543' title='bbox 2723 4307 2983 4361; x_wconf 81' lang='lat' dir='ltr'><strong>Lazarum</strong></span> <span class='ocrx_word' id='word_1_544' title='bbox 3013 4306 3066 4361; x_wconf 91' lang='lat' dir='ltr'><strong>in</strong></span> <span class='ocrx_word' id='word_1_545' title='bbox 3112 4307 3187 4360; x_wconf 79' lang='lat' dir='ltr'><strong>si-</strong></span> 
     </span>
    </p>
   </div>
   <div class='ocr_carea' id='block_1_57' title="bbox 20 4373 3186 4445">
    <p class='ocr_par' dir='ltr' id='par_1_57' title="bbox 20 4373 3186 4445">
     <span class='ocr_line' id='line_1_57' title="bbox 20 4373 3186 4445; baseline 0.003 -22"><span class='ocrx_word' id='word_1_546' title='bbox 20 4386 52 4423; x_wconf 76' lang='lat' dir='ltr'><strong>s.</strong></span> <span class='ocrx_word' id='word_1_547' title='bbox 81 4385 126 4428; x_wconf 83' lang='lat' dir='ltr'><strong>et</strong></span> <span class='ocrx_word' id='word_1_548' title='bbox 151 4373 488 4431; x_wconf 77' lang='lat' dir='ltr'><strong>induebatur</strong></span> <span class='ocrx_word' id='word_1_549' title='bbox 520 4391 830 4445; x_wconf 86' lang='lat' dir='ltr'><strong>purpuram.</strong></span> <span class='ocrx_word' id='word_1_550' title='bbox 873 4385 926 4430; x_wconf 91' lang='lat' dir='ltr'><strong>et</strong></span> <span class='ocrx_word' id='word_1_551' title='bbox 972 4375 1154 4441; x_wconf 63' lang='lat' dir='ltr'><strong>bysso.</strong></span> <span class='ocrx_word' id='word_1_552' title='bbox 1187 4386 1241 4430; x_wconf 92' lang='lat' dir='ltr'><strong>et</strong></span> <span class='ocrx_word' id='word_1_553' title='bbox 1267 4375 1483 4445; x_wconf 86' lang='lat' dir='ltr'><strong>aepula-</strong></span> <span class='ocrx_word' id='word_1_554' title='bbox 1592 4389 1719 4429; x_wconf 91' lang='lat' dir='ltr'><strong>num</strong></span> <span class='ocrx_word' id='word_1_555' title='bbox 1768 4375 1886 4443; x_wconf 85' lang='lat' dir='ltr'><strong>ejus</strong></span> <span class='ocrx_word' id='word_1_556' title='bbox 1930 4385 1984 4429; x_wconf 92' lang='lat' dir='ltr'><strong>et</strong></span> <span class='ocrx_word' id='word_1_557' title='bbox 2021 4375 2137 4443; x_wconf 89' lang='lat' dir='ltr'><strong>ipse</strong></span> <span class='ocrx_word' id='word_1_558' title='bbox 2183 4377 2495 4430; x_wconf 86' lang='lat' dir='ltr'><strong>exclamans</strong></span> <span class='ocrx_word' id='word_1_559' title='bbox 2525 4373 2660 4431; x_wconf 86' lang='lat' dir='ltr'><strong>dixit</strong></span> <span class='ocrx_word' id='word_1_560' title='bbox 2707 4378 2866 4432; x_wconf 89' lang='lat' dir='ltr'><strong>Pater</strong></span> <span class='ocrx_word' id='word_1_561' title='bbox 2917 4377 3186 4433; x_wconf 83' lang='lat' dir='ltr'><strong>Abraham</strong></span> 
     </span>
    </p>
   </div>
   <div class='ocr_carea' id='block_1_58' title="bbox 22 4445 3188 4518">
    <p class='ocr_par' dir='ltr' id='par_1_58' title="bbox 22 4445 3188 4518">
     <span class='ocr_line' id='line_1_58' title="bbox 22 4445 3188 4518; baseline 0.002 -23"><span class='ocrx_word' id='word_1_562' title='bbox 22 4459 42 4495; x_wconf 94' lang='lat' dir='ltr'><strong>r</strong></span> <span class='ocrx_word' id='word_1_563' title='bbox 65 4449 278 4502; x_wconf 81' lang='lat' dir='ltr'><strong>cottidie</strong></span> <span class='ocrx_word' id='word_1_564' title='bbox 310 4447 625 4515; x_wconf 86' lang='lat' dir='ltr'><strong>splendide.</strong></span> <span class='ocrx_word' id='word_1_565' title='bbox 673 4445 946 4503; x_wconf 84' lang='lat' dir='ltr'><strong>Mendicus</strong></span> <span class='ocrx_word' id='word_1_566' title='bbox 973 4445 1049 4518; x_wconf 90' lang='lat' dir='ltr'><strong>(a)</strong></span> <span class='ocrx_word' id='word_1_567' title='bbox 1089 4456 1269 4502; x_wconf 87' lang='lat' dir='ltr'><strong>autem</strong></span> <span class='ocrx_word' id='word_1_568' title='bbox 1295 4447 1331 4518; x_wconf 62' lang='grc' dir='ltr'><strong>ιι-</strong></span> <span class='ocrx_word' id='word_1_569' title='bbox 1362 4447 1479 4516; x_wconf 87' lang='lat' dir='ltr'><strong>qui-</strong></span> <span class='ocrx_word' id='word_1_570' title='bbox 1591 4447 1852 4500; x_wconf 83' lang='lat' dir='ltr'><strong>miserere</strong></span> <span class='ocrx_word' id='word_1_571' title='bbox 1876 4448 1998 4500; x_wconf 89' lang='lat' dir='ltr'><strong>mei.</strong></span> <span class='ocrx_word' id='word_1_572' title='bbox 2020 4458 2074 4501; x_wconf 90' lang='lat' dir='ltr'><strong>et</strong></span> <span class='ocrx_word' id='word_1_573' title='bbox 2093 4449 2244 4502; x_wconf 91' lang='lat' dir='ltr'><strong>mitte</strong></span> <span class='ocrx_word' id='word_1_574' title='bbox 2272 4448 2532 4502; x_wconf 75' lang='lat' dir='ltr'><strong>Lazarum</strong></span> <span class='ocrx_word' id='word_1_575' title='bbox 2556 4460 2611 4502; x_wconf 91' lang='lat' dir='ltr'><strong>ut</strong></span> <span class='ocrx_word' id='word_1_576' title='bbox 2638 4450 2904 4518; x_wconf 83' lang='lat' dir='ltr'><strong>intinguat</strong></span> <span class='ocrx_word' id='word_1_577' title='bbox 2921 4464 3188 4504; x_wconf 90' lang='lat' dir='ltr'><strong>summum</strong></span> 
     </span>
    </p>
   </div>
   <div class='ocr_carea' id='block_1_59' title="bbox 33 4517 3187 4591">
    <p class='ocr_par' dir='ltr' id='par_1_59' title="bbox 33 4517 3187 4591">
     <span class='ocr_line' id='line_1_59' title="bbox 33 4517 3187 4591; baseline 0.002 -25"><span class='ocrx_word' id='word_1_578' title='bbox 33 4520 237 4574; x_wconf 87' lang='lat' dir='ltr'><strong>nomine</strong></span> <span class='ocrx_word' id='word_1_579' title='bbox 265 4520 535 4575; x_wconf 75' lang='lat' dir='ltr'><strong>Lazarus.</strong></span> <span class='ocrx_word' id='word_1_580' title='bbox 567 4519 658 4586; x_wconf 89' lang='lat' dir='ltr'><strong>qui</strong></span> <span class='ocrx_word' id='word_1_581' title='bbox 683 4520 987 4591; x_wconf 82' lang='lat' dir='ltr'><strong>jacebatad</strong></span> <span class='ocrx_word' id='word_1_582' title='bbox 1014 4519 1236 4588; x_wconf 84' lang='lat' dir='ltr'><strong>jauuam</strong></span> <span class='ocrx_word' id='word_1_583' title='bbox 1269 4517 1384 4586; x_wconf 66' lang='lat' dir='ltr'><strong>ejus</strong></span> <span class='ocrx_word' id='word_1_584' title='bbox 1409 4519 1486 4591; x_wconf 83' lang='lat' dir='ltr'><strong>ul-</strong></span> <span class='ocrx_word' id='word_1_585' title='bbox 1591 4518 1854 4591; x_wconf 61' lang='lat' dir='ltr'><strong>digitiﬁui</strong></span> <span class='ocrx_word' id='word_1_586' title='bbox 1876 4520 1940 4591; x_wconf 82' lang='lat' dir='ltr'><strong>in</strong></span> <span class='ocrx_word' id='word_1_587' title='bbox 1967 4531 2127 4591; x_wconf 82' lang='lat' dir='ltr'><strong>aqua.</strong></span> <span class='ocrx_word' id='word_1_588' title='bbox 2153 4518 2232 4591; x_wconf 74' lang='lat' dir='ltr'><strong>(tt)</strong></span> <span class='ocrx_word' id='word_1_589' title='bbox 2270 4528 2327 4573; x_wconf 89' lang='lat' dir='ltr'><strong>et</strong></span> <span class='ocrx_word' id='word_1_590' title='bbox 2355 4520 2397 4591; x_wconf 78' lang='grc' dir='ltr'><strong>ἰ·</strong></span> <span class='ocrx_word' id='word_1_591' title='bbox 2429 4520 2716 4590; x_wconf 85' lang='lat' dir='ltr'><strong>refrigeret</strong></span> <span class='ocrx_word' id='word_1_592' title='bbox 2748 4517 2980 4591; x_wconf 78' lang='lat' dir='ltr'><strong>linguam</strong></span> <span class='ocrx_word' id='word_1_593' title='bbox 3015 4533 3187 4591; x_wconf 51' lang='lat' dir='ltr'><strong>meum</strong></span> 
     </span>
    </p>
   </div>
   <div class='ocr_carea' id='block_1_60' title="bbox 22 4588 3191 4660">
    <p class='ocr_par' dir='ltr' id='par_1_60' title="bbox 22 4588 3191 4660">
     <span class='ocr_line' id='line_1_60' title="bbox 22 4588 3191 4660; baseline 0.001 -22"><span class='ocrx_word' id='word_1_594' title='bbox 22 4604 93 4660; x_wconf 73' lang='lat' dir='ltr'><strong>ius</strong></span> <span class='ocrx_word' id='word_1_595' title='bbox 118 4591 333 4656; x_wconf 91' lang='lat' dir='ltr'><strong>plenus.</strong></span> <span class='ocrx_word' id='word_1_596' title='bbox 370 4591 607 4660; x_wconf 76' lang='lat' dir='ltr'><strong>cupiens</strong></span> <span class='ocrx_word' id='word_1_597' title='bbox 632 4592 864 4644; x_wconf 82' lang='lat' dir='ltr'><strong>saturari</strong></span> <span class='ocrx_word' id='word_1_598' title='bbox 888 4590 955 4646; x_wconf 90' lang='lat' dir='ltr'><strong>de</strong></span> <span class='ocrx_word' id='word_1_599' title='bbox 980 4592 1132 4644; x_wconf 89' lang='lat' dir='ltr'><strong>micis</strong></span> <span class='ocrx_word' id='word_1_600' title='bbox 1158 4606 1296 4660; x_wconf 87' lang='lat' dir='ltr'><strong>quae</strong></span> <span class='ocrx_word' id='word_1_601' title='bbox 1327 4588 1488 4644; x_wconf 80' lang='lat' dir='ltr'><strong>cade-</strong></span> <span class='ocrx_word' id='word_1_602' title='bbox 1594 4588 1713 4658; x_wconf 88' lang='lat' dir='ltr'><strong>quia</strong></span> <span class='ocrx_word' id='word_1_603' title='bbox 1743 4589 1956 4660; x_wconf 87' lang='lat' dir='ltr'><strong>crucior</strong></span> <span class='ocrx_word' id='word_1_604' title='bbox 1987 4592 2040 4643; x_wconf 92' lang='lat' dir='ltr'><strong>in</strong></span> <span class='ocrx_word' id='word_1_605' title='bbox 2067 4588 2170 4645; x_wconf 83' lang='lat' dir='ltr'><strong>bac</strong></span> <span class='ocrx_word' id='word_1_606' title='bbox 2185 4588 2505 4646; x_wconf 80' lang='lat' dir='ltr'><strong>flamma.Et</strong></span> <span class='ocrx_word' id='word_1_607' title='bbox 2525 4588 2660 4646; x_wconf 83' lang='lat' dir='ltr'><strong>dixit</strong></span> <span class='ocrx_word' id='word_1_608' title='bbox 2690 4588 3054 4647; x_wconf 77' lang='lat' dir='ltr'><strong>illiAbraltam</strong></span> <span class='ocrx_word' id='word_1_609' title='bbox 3091 4588 3191 4643; x_wconf 87' lang='lat' dir='ltr'><strong>Fili</strong></span> 
     </span>
    </p>
   </div>
   <div class='ocr_carea' id='block_1_61' title="bbox 42 4659 3192 4734">
    <p class='ocr_par' dir='ltr' id='par_1_61' title="bbox 42 4659 3192 4734">
     <span class='ocr_line' id='line_1_61' title="bbox 42 4659 3192 4734; baseline 0.002 -23"><span class='ocrx_word' id='word_1_610' title='bbox 42 4659 104 4712; x_wconf 91' lang='lat' dir='ltr'><strong>de</strong></span> <span class='ocrx_word' id='word_1_611' title='bbox 133 4677 317 4717; x_wconf 90' lang='lat' dir='ltr'><strong>mensa</strong></span> <span class='ocrx_word' id='word_1_612' title='bbox 345 4659 428 4734; x_wconf 90' lang='lat' dir='ltr'><strong>(b)</strong></span> <span class='ocrx_word' id='word_1_613' title='bbox 459 4659 645 4716; x_wconf 85' lang='lat' dir='ltr'><strong>divitis</strong></span> <span class='ocrx_word' id='word_1_614' title='bbox 673 4661 734 4732; x_wconf 62' lang='lat'><strong>1-.</strong></span> <span class='ocrx_word' id='word_1_615' title='bbox 771 4661 865 4718; x_wconf 89' lang='lat' dir='ltr'><strong>sed</strong></span> <span class='ocrx_word' id='word_1_616' title='bbox 891 4672 945 4717; x_wconf 91' lang='lat' dir='ltr'><strong>et</strong></span> <span class='ocrx_word' id='word_1_617' title='bbox 983 4677 1145 4718; x_wconf 88' lang='lat' dir='ltr'><strong>canes</strong></span> <span class='ocrx_word' id='word_1_618' title='bbox 1175 4659 1484 4716; x_wconf 82' lang='lat' dir='ltr'><strong>veniebant.</strong></span> <span class='ocrx_word' id='word_1_619' title='bbox 1592 4659 1902 4716; x_wconf 86' lang='lat' dir='ltr'><strong>recordare.</strong></span> <span class='ocrx_word' id='word_1_620' title='bbox 1936 4662 2061 4733; x_wconf 90' lang='lat' dir='ltr'><strong>quia</strong></span> <span class='ocrx_word' id='word_1_621' title='bbox 2095 4661 2345 4733; x_wconf 86' lang='lat' dir='ltr'><strong>recepisti</strong></span> <span class='ocrx_word' id='word_1_622' title='bbox 2374 4663 2516 4718; x_wconf 88' lang='lat' dir='ltr'><strong>bona</strong></span> <span class='ocrx_word' id='word_1_623' title='bbox 2546 4662 2600 4718; x_wconf 94' lang='lat' dir='ltr'><strong>in</strong></span> <span class='ocrx_word' id='word_1_624' title='bbox 2628 4663 2734 4718; x_wconf 86' lang='lat' dir='ltr'><strong>vita</strong></span> <span class='ocrx_word' id='word_1_625' title='bbox 2763 4674 2852 4717; x_wconf 90' lang='lat' dir='ltr'><strong>tua</strong></span> <span class='ocrx_word' id='word_1_626' title='bbox 2880 4673 2934 4718; x_wconf 91' lang='lat' dir='ltr'><strong>et</strong></span> <span class='ocrx_word' id='word_1_627' title='bbox 2959 4661 3192 4717; x_wconf 84' lang='lat' dir='ltr'><strong>Lazarus</strong></span> 
     </span>
    </p>
   </div>
   <div class='ocr_carea' id='block_1_62' title="bbox 1179 4775 1916 4837">
    <p class='ocr_par' dir='ltr' id='par_1_62' title="bbox 1179 4775 1916 4837">
     <span class='ocr_line' id='line_1_62' title="bbox 1179 4775 1916 4837; baseline -0.003 -1"><span class='ocrx_word' id='word_1_628' title='bbox 1179 4775 1417 4837; x_wconf 78' lang='lat' dir='ltr'><strong>CODEX</strong></span> <span class='ocrx_word' id='word_1_629' title='bbox 1443 4776 1916 4837; x_wconf 79' lang='lat' dir='ltr'><strong>CORBEIENSIS.</strong></span> 
     </span>
    </p>
   </div>
   <div class='ocr_carea' id='block_1_63' title="bbox 23 4872 2782 4935">
    <p class='ocr_par' dir='ltr' id='par_1_63' title="bbox 23 4872 2782 4935">
     <span class='ocr_line' id='line_1_63' title="bbox 23 4872 2782 4935; baseline -0 -6"><span class='ocrx_word' id='word_1_630' title='bbox 23 4874 45 4924; x_wconf 72' lang='grc' dir='ltr'><strong>ἱ.</strong></span> <span class='ocrx_word' id='word_1_631' title='bbox 83 4890 268 4935; x_wconf 89' lang='lat' dir='ltr'><strong>omnes</strong></span> <span class='ocrx_word' id='word_1_632' title='bbox 297 4880 352 4934; x_wconf 92' lang='lat' dir='ltr'><strong>in</strong></span> <span class='ocrx_word' id='word_1_633' title='bbox 386 4876 522 4934; x_wconf 91' lang='lat' dir='ltr'><strong>illud</strong></span> <span class='ocrx_word' id='word_1_634' title='bbox 554 4877 660 4932; x_wconf 92' lang='lat' dir='ltr'><strong>vim</strong></span> <span class='ocrx_word' id='word_1_635' title='bbox 689 4877 912 4934; x_wconf 89' lang='lat' dir='ltr'><strong>faciunt.</strong></span> <span class='ocrx_word' id='word_1_636' title='bbox 1665 4873 1756 4928; x_wconf 84' lang='lat'><strong>22.</strong></span> <span class='ocrx_word' id='word_1_637' title='bbox 1801 4883 1860 4929; x_wconf 91' lang='lat' dir='ltr'><strong>ut</strong></span> <span class='ocrx_word' id='word_1_638' title='bbox 1889 4881 2190 4929; x_wconf 89' lang='lat' dir='ltr'><strong>moreretur</strong></span> <span class='ocrx_word' id='word_1_639' title='bbox 2215 4872 2456 4930; x_wconf 79' lang='lat' dir='ltr'><strong>Lazarus</strong></span> <span class='ocrx_word' id='word_1_640' title='bbox 2483 4873 2782 4930; x_wconf 89' lang='lat' dir='ltr'><strong>mendicus.</strong></span> 
     </span>
    </p>
   </div>
   <div class='ocr_carea' id='block_1_64' title="bbox 1102 4989 1941 5052">
    <p class='ocr_par' dir='ltr' id='par_1_64' title="bbox 1102 4989 1941 5052">
     <span class='ocr_line' id='line_1_64' title="bbox 1102 4989 1941 5052; baseline -0.01 0"><span class='ocrx_word' id='word_1_641' title='bbox 1102 4995 1192 5052; x_wconf 77' lang='lat' dir='ltr'><strong>VA</strong></span> <span class='ocrx_word' id='word_1_642' title='bbox 1202 4993 1501 5050; x_wconf 78' lang='lat' dir='ltr'><strong>RIANTES</strong></span> <span class='ocrx_word' id='word_1_643' title='bbox 1537 4989 1832 5046; x_wconf 80' lang='lat' dir='ltr'><strong>LECTlON</strong></span> <span class='ocrx_word' id='word_1_644' title='bbox 1840 4989 1941 5044; x_wconf 88' lang='lat' dir='ltr'><strong>ES.</strong></span> 
     </span>
    </p>
   </div>
   <div class='ocr_carea' id='block_1_65' title="bbox 24 5081 1923 5152">
    <p class='ocr_par' dir='ltr' id='par_1_65' title="bbox 24 5081 1923 5152">
     <span class='ocr_line' id='line_1_65' title="bbox 24 5081 1923 5152; baseline -0.001 -18"><span class='ocrx_word' id='word_1_645' title='bbox 24 5085 108 5136; x_wconf 66' lang='lat' dir='ltr'><strong>Sat.</strong></span> <span class='ocrx_word' id='word_1_646' title='bbox 131 5097 175 5141; x_wconf 81' lang='lat' dir='ltr'><strong>et</strong></span> <span class='ocrx_word' id='word_1_647' title='bbox 198 5093 318 5143; x_wconf 74' lang='lat' dir='ltr'><strong>Hm.</strong></span> <span class='ocrx_word' id='word_1_648' title='bbox 344 5090 516 5141; x_wconf 78' lang='lat' dir='ltr'><strong>divitis</strong></span> <span class='ocrx_word' id='word_1_649' title='bbox 540 5105 550 5140; x_wconf 92' lang='lat'>:</span> <span class='ocrx_word' id='word_1_650' title='bbox 571 5089 657 5139; x_wconf 87' lang='lat' dir='ltr'><strong>sed</strong></span> <span class='ocrx_word' id='word_1_651' title='bbox 683 5095 754 5141; x_wconf 90' lang='lat' dir='ltr'><strong>et.</strong></span> <span class='ocrx_word' id='word_1_652' title='bbox 789 5085 934 5152; x_wconf 69' lang='lat' dir='ltr'><strong>Vulg.</strong></span> <span class='ocrx_word' id='word_1_653' title='bbox 959 5081 1148 5152; x_wconf 78' lang='lat' dir='ltr'><strong>divitis,</strong></span> <span class='ocrx_word' id='word_1_654' title='bbox 1175 5094 1225 5138; x_wconf 87' lang='lat' dir='ltr'><strong>et</strong></span> <span class='ocrx_word' id='word_1_655' title='bbox 1251 5097 1399 5136; x_wconf 85' lang='lat' dir='ltr'><strong>nemo</strong></span> <span class='ocrx_word' id='word_1_656' title='bbox 1433 5084 1502 5134; x_wconf 94' lang='lat' dir='ltr'><strong>illi</strong></span> <span class='ocrx_word' id='word_1_657' title='bbox 1521 5084 1666 5134; x_wconf 85' lang='lat' dir='ltr'><strong>dabat</strong></span> <span class='ocrx_word' id='word_1_658' title='bbox 1698 5098 1710 5134; x_wconf 92' lang='lat'>:</span> <span class='ocrx_word' id='word_1_659' title='bbox 1733 5082 1822 5133; x_wconf 88' lang='lat' dir='ltr'><strong>sed</strong></span> <span class='ocrx_word' id='word_1_660' title='bbox 1849 5087 1923 5132; x_wconf 86' lang='lat' dir='ltr'><strong>et.</strong></span> 
     </span>
    </p>
   </div>
   <div class='ocr_carea' id='block_1_66' title="bbox 579 5193 2484 5253">
    <p class='ocr_par' dir='ltr' id='par_1_66' title="bbox 579 5193 2484 5253">
     <span class='ocr_line' id='line_1_66' title="bbox 579 5193 2484 5253; baseline -0.004 0"><span class='ocrx_word' id='word_1_661' title='bbox 579 5211 867 5253; x_wconf 71' lang='lat' dir='ltr'><strong>LECTIONES</strong></span> <span class='ocrx_word' id='word_1_662' title='bbox 890 5212 1092 5253; x_wconf 83' lang='lat' dir='ltr'><strong>CODICIS</strong></span> <span class='ocrx_word' id='word_1_663' title='bbox 1119 5210 1526 5252; x_wconf 67' lang='lat' dir='ltr'><strong>VINDEBONENSIS</strong></span> <span class='ocrx_word' id='word_1_664' title='bbox 1547 5210 1821 5251; x_wconf 68' lang='lat' dir='ltr'><strong>ABEUNTES</strong></span> <span class='ocrx_word' id='word_1_665' title='bbox 1853 5211 1918 5250; x_wconf 76' lang='grc' dir='ltr'><strong>ΑΒ</strong></span> <span class='ocrx_word' id='word_1_666' title='bbox 1945 5193 2194 5249; x_wconf 76' lang='lat' dir='ltr'><strong>EDlTlONE</strong></span> <span class='ocrx_word' id='word_1_667' title='bbox 2217 5207 2484 5250; x_wconf 74' lang='lat' dir='ltr'><strong>VULGA&#39;I&#39;A.</strong></span> 
     </span>
    </p>
   </div>
   <div class='ocr_carea' id='block_1_67' title="bbox 25 5308 3200 5378">
    <p class='ocr_par' dir='ltr' id='par_1_67' title="bbox 25 5308 3200 5378">
     <span class='ocr_line' id='line_1_67' title="bbox 25 5308 3200 5378; baseline -0.001 -17"><span class='ocrx_word' id='word_1_668' title='bbox 25 5316 289 5368; x_wconf 87' lang='lat' dir='ltr'><strong>.dimiserit</strong></span> <span class='ocrx_word' id='word_1_669' title='bbox 311 5327 528 5365; x_wconf 84' lang='lat' dir='ltr'><strong>uxorem</strong></span> <span class='ocrx_word' id='word_1_670' title='bbox 551 5327 704 5378; x_wconf 83' lang='lat' dir='ltr'><strong>suam,</strong></span> <span class='ocrx_word' id='word_1_671' title='bbox 723 5320 774 5361; x_wconf 78' lang='lat' dir='ltr'><strong>et</strong></span> <span class='ocrx_word' id='word_1_672' title='bbox 792 5312 992 5361; x_wconf 76' lang='lat' dir='ltr'><strong>duxerit</strong></span> <span class='ocrx_word' id='word_1_673' title='bbox 1013 5312 1170 5361; x_wconf 87' lang='lat' dir='ltr'><strong>aliam.</strong></span> <span class='ocrx_word' id='word_1_674' title='bbox 1241 5313 1316 5363; x_wconf 80' lang='lat'><strong>19.</strong></span> <span class='ocrx_word' id='word_1_675' title='bbox 1336 5311 1490 5362; x_wconf 84' lang='lat' dir='ltr'><strong>Homo</strong></span> <span class='ocrx_word' id='word_1_676' title='bbox 1595 5317 1792 5360; x_wconf 74' lang='lat' dir='ltr'><strong>reretur</strong></span> <span class='ocrx_word' id='word_1_677' title='bbox 1810 5308 2020 5378; x_wconf 74' lang='lat' dir='ltr'><strong>Lazarus</strong></span> <span class='ocrx_word' id='word_1_678' title='bbox 2034 5319 2250 5378; x_wconf 67' lang='lat' dir='ltr'><strong>pauper,</strong></span> <span class='ocrx_word' id='word_1_679' title='bbox 2279 5313 2329 5355; x_wconf 78' lang='lat' dir='ltr'><strong>et</strong></span> <span class='ocrx_word' id='word_1_680' title='bbox 2351 5309 2744 5378; x_wconf 41' lang='lat' dir='ltr'><strong>portaretur-un...</strong></span> <span class='ocrx_word' id='word_1_681' title='bbox 2769 5316 3092 5378; x_wconf 52' lang='lat' dir='ltr'><strong>mortuusest</strong></span> <span class='ocrx_word' id='word_1_682' title='bbox 3115 5330 3200 5368; x_wconf 72' lang='lat' dir='ltr'><strong>au.</strong></span> 
     </span>
    </p>
   </div>
   <div class='ocr_carea' id='block_1_68' title="bbox 27 5368 3203 5442">
    <p class='ocr_par' dir='ltr' id='par_1_68' title="bbox 27 5368 3203 5442">
     <span class='ocr_line' id='line_1_68' title="bbox 27 5368 3203 5442; baseline -0.001 -18"><span class='ocrx_word' id='word_1_683' title='bbox 27 5393 114 5428; x_wconf 81' lang='grc' dir='ltr'><strong>η...</strong></span> <span class='ocrx_word' id='word_1_684' title='bbox 156 5382 239 5442; x_wconf 86' lang='lat' dir='ltr'><strong>qui</strong></span> <span class='ocrx_word' id='word_1_685' title='bbox 265 5379 570 5442; x_wconf 63' lang='lat' dir='ltr'><strong>induebatur</strong></span> <span class='ocrx_word' id='word_1_686' title='bbox 611 5368 871 5437; x_wconf 74' lang='lat' dir='ltr'><strong>purpuram</strong></span> <span class='ocrx_word' id='word_1_687' title='bbox 893 5411 908 5433; x_wconf 94' lang='lat'><strong>,</strong></span> <span class='ocrx_word' id='word_1_688' title='bbox 932 5381 985 5424; x_wconf 87' lang='lat' dir='ltr'><strong>et</strong></span> <span class='ocrx_word' id='word_1_689' title='bbox 1009 5379 1231 5442; x_wconf 69' lang='lat' dir='ltr'><strong>byssum,</strong></span> <span class='ocrx_word' id='word_1_690' title='bbox 1261 5383 1308 5423; x_wconf 88' lang='lat' dir='ltr'><strong>et</strong></span> <span class='ocrx_word' id='word_1_691' title='bbox 1334 5387 1492 5442; x_wconf 74' lang='lat' dir='ltr'><strong>aepu-</strong></span> <span class='ocrx_word' id='word_1_692' title='bbox 1598 5381 1706 5442; x_wconf 63' lang='lat' dir='ltr'><strong>teut</strong></span> <span class='ocrx_word' id='word_1_693' title='bbox 1724 5378 1774 5419; x_wconf 87' lang='lat' dir='ltr'><strong>et</strong></span> <span class='ocrx_word' id='word_1_694' title='bbox 1796 5368 2054 5442; x_wconf 29' lang='lat' dir='ltr'><strong>divesmet‘</strong></span> <span class='ocrx_word' id='word_1_695' title='bbox 2071 5369 2315 5442; x_wconf 48' lang='lat' dir='ltr'><strong>sepultus.</strong></span> <span class='ocrx_word' id='word_1_696' title='bbox 2339 5376 2420 5418; x_wconf 82' lang='lat' dir='ltr'><strong>est</strong></span> <span class='ocrx_word' id='word_1_697' title='bbox 2459 5380 2586 5442; x_wconf 42' lang='lat' dir='ltr'><strong>aput,</strong></span> <span class='ocrx_word' id='word_1_698' title='bbox 2619 5368 2830 5442; x_wconf 80' lang='lat' dir='ltr'><strong>inferos._</strong></span> <span class='ocrx_word' id='word_1_699' title='bbox 2883 5371 2962 5442; x_wconf 56' lang='lat'><strong>2.3.</strong></span> <span class='ocrx_word' id='word_1_700' title='bbox 2991 5373 3203 5430; x_wconf 66' lang='grc' dir='ltr'><strong>Ειργιιηε</strong></span> 
     </span>
    </p>
   </div>
   <div class='ocr_carea' id='block_1_69' title="bbox 26 5428 3200 5504">
    <p class='ocr_par' dir='ltr' id='par_1_69' title="bbox 26 5428 3200 5504">
     <span class='ocr_line' id='line_1_69' title="bbox 26 5428 3200 5504; baseline 0.001 -20"><span class='ocrx_word' id='word_1_701' title='bbox 26 5454 80 5504; x_wconf 75' lang='lat' dir='ltr'><strong>ur</strong></span> <span class='ocrx_word' id='word_1_702' title='bbox 127 5428 356 5504; x_wconf 43' lang='lat' dir='ltr'><strong>uitidiu,</strong></span> <span class='ocrx_word' id='word_1_703' title='bbox 387 5440 485 5504; x_wconf 71' lang='lat'><strong>20.</strong></span> <span class='ocrx_word' id='word_1_704' title='bbox 521 5428 718 5504; x_wconf 71' lang='lat' dir='ltr'><strong>Pauper</strong></span> <span class='ocrx_word' id='word_1_705' title='bbox 765 5428 1182 5504; x_wconf 37' lang='lat' dir='ltr'><strong>autemhqujidcm</strong></span> <span class='ocrx_word' id='word_1_706' title='bbox 1212 5428 1344 5504; x_wconf 83' lang='lat' dir='ltr'><strong>_e_rat.</strong></span> <span class='ocrx_word' id='word_1_707' title='bbox 1401 5428 1492 5488; x_wconf 76' lang='lat' dir='ltr'><strong>&#39;2t.</strong></span> <span class='ocrx_word' id='word_1_708' title='bbox 1598 5434 1867 5504; x_wconf 53' lang='lat' dir='ltr'><strong>oculos”...</strong></span> <span class='ocrx_word' id='word_1_709' title='bbox 1892 5428 2865 5504; x_wconf 37' lang='lat' dir='ltr'><strong>viditAbrahamdouge,‘etLaut-nmio</strong></span> <span class='ocrx_word' id='word_1_710' title='bbox 2889 5436 3048 5485; x_wconf 87' lang='lat' dir='ltr'><strong>sinum</strong></span> <span class='ocrx_word' id='word_1_711' title='bbox 3075 5428 3200 5504; x_wconf 50' lang='lat' dir='ltr'><strong>ejus;</strong></span> 
     </span>
    </p>
   </div>
   <div class='ocr_carea' id='block_1_70' title="bbox 29 5494 2843 5568">
    <p class='ocr_par' dir='ltr' id='par_1_70' title="bbox 29 5494 2843 5568">
     <span class='ocr_line' id='line_1_70' title="bbox 29 5494 2843 5568; baseline -0.002 -18"><span class='ocrx_word' id='word_1_712' title='bbox 29 5503 84 5566; x_wconf 87' lang='lat' dir='ltr'><strong>is,</strong></span> <span class='ocrx_word' id='word_1_713' title='bbox 103 5517 247 5568; x_wconf 86' lang='lat' dir='ltr'><strong>quae.</strong></span> <span class='ocrx_word' id='word_1_714' title='bbox 271 5501 478 5554; x_wconf 69' lang='lat' dir='ltr'><strong>uiderit</strong></span> <span class='ocrx_word' id='word_1_715' title='bbox 498 5494 646 5560; x_wconf 57' lang='lat' dir='ltr'><strong>deest;</strong></span> <span class='ocrx_word' id='word_1_716' title='bbox 665 5509 717 5551; x_wconf 84' lang='lat' dir='ltr'><strong>et</strong></span> <span class='ocrx_word' id='word_1_717' title='bbox 735 5513 880 5551; x_wconf 80' lang='lat' dir='ltr'><strong>emo</strong></span> <span class='ocrx_word' id='word_1_718' title='bbox 899 5499 967 5551; x_wconf 84' lang='lat' dir='ltr'><strong>illi</strong></span> <span class='ocrx_word' id='word_1_719' title='bbox 982 5494 1146 5551; x_wconf 77' lang='lat' dir='ltr'><strong>dabat.</strong></span> <span class='ocrx_word' id='word_1_720' title='bbox 1206 5501 1286 5549; x_wconf 83' lang='lat'><strong>22.</strong></span> <span class='ocrx_word' id='word_1_721' title='bbox 1314 5508 1366 5550; x_wconf 87' lang='lat' dir='ltr'><strong>ut</strong></span> <span class='ocrx_word' id='word_1_722' title='bbox 1389 5513 1494 5548; x_wconf 84' lang='lat' dir='ltr'><strong>mo-</strong></span> <span class='ocrx_word' id='word_1_723' title='bbox 1663 5497 1740 5549; x_wconf 70' lang='lat' dir='ltr'><strong>at.</strong></span> <span class='ocrx_word' id='word_1_724' title='bbox 1760 5498 2004 5547; x_wconf 85' lang='lat' dir='ltr'><strong>miserere</strong></span> <span class='ocrx_word' id='word_1_725' title='bbox 2022 5494 2160 5544; x_wconf 82' lang='lat' dir='ltr'><strong>mihi.</strong></span> <span class='ocrx_word' id='word_1_726' title='bbox 2230 5495 2310 5546; x_wconf 75' lang='lat'><strong>25.</strong></span> <span class='ocrx_word' id='word_1_727' title='bbox 2333 5494 2566 5557; x_wconf 77' lang='lat' dir='ltr'><strong>quoniam</strong></span> <span class='ocrx_word' id='word_1_728' title='bbox 2592 5495 2843 5558; x_wconf 72' lang='lat' dir='ltr'><strong>recepisti.</strong></span> 
     </span>
    </p>
   </div>
   <div class='ocr_carea' id='block_1_71' title="bbox 1215 5603 1843 5663">
    <p class='ocr_par' dir='ltr' id='par_1_71' title="bbox 1215 5603 1843 5663">
     <span class='ocr_line' id='line_1_71' title="bbox 1215 5603 1843 5663; baseline 0 -3"><span class='ocrx_word' id='word_1_729' title='bbox 1215 5604 1583 5661; x_wconf 79' lang='lat' dir='ltr'><strong>BLANCHINI</strong></span> <span class='ocrx_word' id='word_1_730' title='bbox 1612 5603 1843 5663; x_wconf 68' lang='grc' dir='ltr'><strong>ΝΟΤᾹΞ.</strong></span> 
     </span>
    </p>
   </div>
   <div class='ocr_carea' id='block_1_72' title="bbox 31 5697 3204 5771">
    <p class='ocr_par' dir='ltr' id='par_1_72' title="bbox 31 5697 3204 5771">
     <span class='ocr_line' id='line_1_72' title="bbox 31 5697 3204 5771; baseline -0.001 -13"><span class='ocrx_word' id='word_1_731' title='bbox 31 5705 46 5766; x_wconf 90' lang='grc'><strong>)</strong></span> <span class='ocrx_word' id='word_1_732' title='bbox 83 5703 262 5758; x_wconf 87' lang='lat' dir='ltr'><strong>Addit.</strong></span> <span class='ocrx_word' id='word_1_733' title='bbox 307 5712 509 5768; x_wconf 80' lang='lat' dir='ltr'><strong>autem,</strong></span> <span class='ocrx_word' id='word_1_734' title='bbox 554 5702 714 5757; x_wconf 90' lang='lat' dir='ltr'><strong>etiam</strong></span> <span class='ocrx_word' id='word_1_735' title='bbox 771 5710 877 5756; x_wconf 91' lang='lat' dir='ltr'><strong>tex.</strong></span> <span class='ocrx_word' id='word_1_736' title='bbox 924 5701 1018 5756; x_wconf 79' lang='lat' dir='ltr'><strong>Gr.</strong></span> <span class='ocrx_word' id='word_1_737' title='bbox 1075 5700 1149 5758; x_wconf 80' lang='grc' dir='ltr'><strong>δέ.</strong></span> <span class='ocrx_word' id='word_1_738' title='bbox 1178 5731 1247 5742; x_wconf 91' lang='grc'><strong><em>-</em></strong></span> <span class='ocrx_word' id='word_1_739' title='bbox 1278 5698 1351 5771; x_wconf 84' lang='lat' dir='ltr'><strong>(b)</strong></span> <span class='ocrx_word' id='word_1_740' title='bbox 1394 5697 1520 5753; x_wconf 86' lang='lat' dir='ltr'><strong>Post</strong></span> <span class='ocrx_word' id='word_1_741' title='bbox 1544 5697 1734 5771; x_wconf 75' lang='lat' dir='ltr'><strong>divitis,</strong></span> <span class='ocrx_word' id='word_1_742' title='bbox 1765 5699 1997 5771; x_wconf 81' lang='lat' dir='ltr'><strong>dcestet</strong></span> <span class='ocrx_word' id='word_1_743' title='bbox 2025 5712 2175 5753; x_wconf 78' lang='lat' dir='ltr'><strong>nemo</strong></span> <span class='ocrx_word' id='word_1_744' title='bbox 2202 5697 2738 5771; x_wconf 12' lang='lat' dir='ltr'><strong>illi_dabat,gpariter</strong></span> <span class='ocrx_word' id='word_1_745' title='bbox 2780 5699 2832 5753; x_wconf 92' lang='lat' dir='ltr'><strong>in</strong></span> <span class='ocrx_word' id='word_1_746' title='bbox 2864 5707 2972 5754; x_wconf 91' lang='lat' dir='ltr'><strong>tex.</strong></span> <span class='ocrx_word' id='word_1_747' title='bbox 3005 5700 3098 5756; x_wconf 85' lang='lat' dir='ltr'><strong>Gr.</strong></span> <span class='ocrx_word' id='word_1_748' title='bbox 3135 5736 3204 5746; x_wconf 82' lang='lat'><strong>—-</strong></span> 
     </span>
    </p>
   </div>
   <div class='ocr_carea' id='block_1_73' title="bbox 31 5765 3200 5848">
    <p class='ocr_par' dir='ltr' id='par_1_73' title="bbox 31 5765 3200 5848">
     <span class='ocr_line' id='line_1_73' title="bbox 31 5765 3200 5848; baseline 0.002 -23"><span class='ocrx_word' id='word_1_749' title='bbox 31 5765 90 5848; x_wconf 68' lang='lat' dir='ltr'><strong>ta</strong></span> <span class='ocrx_word' id='word_1_750' title='bbox 106 5784 162 5830; x_wconf 90' lang='lat' dir='ltr'><strong>et</strong></span> <span class='ocrx_word' id='word_1_751' title='bbox 189 5785 303 5831; x_wconf 90' lang='lat' dir='ltr'><strong>tex.</strong></span> <span class='ocrx_word' id='word_1_752' title='bbox 328 5774 429 5830; x_wconf 84' lang='lat' dir='ltr'><strong>Gr.</strong></span> <span class='ocrx_word' id='word_1_753' title='bbox 563 5775 737 5848; x_wconf 65' lang='grc' dir='ltr'><strong>δτόγη.</strong></span> <span class='ocrx_word' id='word_1_754' title='bbox 775 5778 865 5848; x_wconf 65' lang='lat' dir='ltr'><strong>ttat</strong></span> <span class='ocrx_word' id='word_1_755' title='bbox 967 5781 1040 5848; x_wconf 56' lang='grc' dir='ltr'><strong>τῷ</strong></span> <span class='ocrx_word' id='word_1_756' title='bbox 1061 5772 1157 5847; x_wconf 69' lang='grc' dir='ltr'><strong>ᾅδῃ</strong></span> <span class='ocrx_word' id='word_1_757' title='bbox 1185 5765 1476 5848; x_wconf 51' lang='grc' dir='ltr'><strong>ἐπάρᾴςρ-</strong></span> <span class='ocrx_word' id='word_1_758' title='bbox 1497 5770 1773 5848; x_wconf 69' lang='lat' dir='ltr'><strong>(d)_Atldit_</strong></span> <span class='ocrx_word' id='word_1_759' title='bbox 1795 5770 2208 5841; x_wconf 64' lang='lat' dir='ltr'><strong>&quot;quiescentem,</strong></span> <span class='ocrx_word' id='word_1_760' title='bbox 2244 5768 2405 5826; x_wconf 82' lang='lat' dir='ltr'><strong>etiam</strong></span> <span class='ocrx_word' id='word_1_761' title='bbox 2436 5765 2556 5826; x_wconf 68' lang='lat' dir='ltr'><strong>cod.</strong></span> <span class='ocrx_word' id='word_1_762' title='bbox 2598 5765 2756 5825; x_wconf 72' lang='lat' dir='ltr'><strong>Cani.</strong></span> <span class='ocrx_word' id='word_1_763' title='bbox 2799 5773 3200 5847; x_wconf 70' lang='grc' dir='ltr'><strong>ἀναπαυόμενον.</strong></span> 
     </span>
    </p>
   </div>
   <div class='ocr_carea' id='block_1_74' title="bbox 28 5841 1800 5915">
    <p class='ocr_par' dir='ltr' id='par_1_74' title="bbox 28 5841 1800 5915">
     <span class='ocr_line' id='line_1_74' title="bbox 28 5841 1800 5915; baseline -0.002 -16"><span class='ocrx_word' id='word_1_764' title='bbox 28 5843 146 5913; x_wconf 81' lang='lat' dir='ltr'><strong>)lta</strong></span> <span class='ocrx_word' id='word_1_765' title='bbox 187 5855 242 5904; x_wconf 89' lang='lat' dir='ltr'><strong>et</strong></span> <span class='ocrx_word' id='word_1_766' title='bbox 281 5856 398 5905; x_wconf 84' lang='lat' dir='ltr'><strong>tex.</strong></span> <span class='ocrx_word' id='word_1_767' title='bbox 451 5845 543 5902; x_wconf 82' lang='lat' dir='ltr'><strong>Gr.</strong></span> <span class='ocrx_word' id='word_1_768' title='bbox 587 5841 689 5900; x_wconf 73' lang='grc' dir='ltr'><strong>καί.</strong></span> <span class='ocrx_word' id='word_1_769' title='bbox 739 5875 804 5885; x_wconf 92' lang='lat'><strong>—-</strong></span> <span class='ocrx_word' id='word_1_770' title='bbox 833 5841 1084 5915; x_wconf 66' lang='lat' dir='ltr'><strong>(“Addit</strong></span> <span class='ocrx_word' id='word_1_771' title='bbox 1134 5841 1211 5912; x_wconf 72' lang='lat' dir='ltr'><strong>tu,</strong></span> <span class='ocrx_word' id='word_1_772' title='bbox 1251 5841 1414 5900; x_wconf 73' lang='lat' dir='ltr'><strong>etiam</strong></span> <span class='ocrx_word' id='word_1_773' title='bbox 1450 5841 1675 5900; x_wconf 77' lang='lat' dir='ltr'><strong>tex.Gr.</strong></span> <span class='ocrx_word' id='word_1_774' title='bbox 1713 5845 1800 5896; x_wconf 78' lang='grc' dir='ltr'><strong>σύ.</strong></span> 
     </span>
    </p>
   </div>
  </div>
