3910 6336
495 327 599 386 (517
1029 321 1306 386 EUSEBII
1341 322 1682 383 VERCELL.
1725 321 2176 383 EVANGELIUM
2203 322 2348 382 CUM
2386 322 2617 384 VARIIS
2643 321 2803 382 COD.
2836 323 3231 385 COLLATUM.
3671 321 3766 382 658

887 446 1118 506 CODEX
1160 445 1697 504 VERCELLENSIS.
2623 441 2859 501 CODEX
2895 441 3356 503 VERONENSIS.

492 539 744 598 similiter
1327 543 1554 598 tentiam
1580 556 1638 597 a-
2191 541 2390 598 militer
2415 554 2528 596 ma-
3019 539 3271 596 suadebit
3300 536 3427 593 illis.

493 616 634 670 mala
671 631 686 670 :
1324 625 1474 683 gent.
2189 614 2274 680 la;
2310 628 2452 669 nunc
3019 613 3112 670 5t.
3151 613 3243 669 Ait
3271 619 3450 666 autem

496 701 639 742 nunc
665 694 841 742 autem
1325 687 1416 742 3t.
1461 686 1603 742 Dixit
1625 685 1825 743 iautem
2189 695 2368 742 autem
2402 687 2490 742 hic
3020 685 3097 742 illi
3126 703 3139 741 :
3170 686 3227 743 Si
3261 683 3410 754 Moy-

494 757 587 814 hic
609 771 804 814 oonso-
1326 759 1404 814 illi
1438 777 1450 812 :
1481 758 1537 814 Si
1565 758 1809 828 Moysen.
2189 759 2520 826 consolatur,
3020 771 3138 824 seu,
3169 766 3226 813 et
3259 755 3392 810 Pro-

493 830 657 895 Iatur,
689 838 744 885 tu
769 845 866 885 au-
1327 839 1383 886 et
1407 829 1706 899 Prophetas
2189 838 2244 884 tu
2274 845 2402 885 vero
2431 846 2554 887 cru-
3021 829 3214 899 phelas
3243 842 3350 882 non

2188 901 2280 956 26.
2320 903 2504 958 ciaris.
2535 901 2603 958 Et

2191 975 2245 1028 in
2279 974 2360 1028 his
2387 974 2567 1029 omni-

3022 900 3288 984 audiunt;
3373 970 3385 981 .

3024 987 3201 1044 neque
3225 987 3269 1026 SI
3297 987 3418 1041 quis

495 910 604 956 tem
626 901 836 957 crucia-

492 973 585 1029 26.
627 973 721 1028 ris.
758 973 827 1030 Et
851 987 1014 1046 super

1327 918 1437 957 non
1465 901 1725 986 audiunt;

1328 989 1430 1030 nec
1463 989 1508 1029 ει
1539 989 1660 1044 quns

496 1046 746 1100 omnibus
767 1046 841 1101 is-
920 1043 936 1046 ⁷
1329 1061 1394 1102 ex
1434 1046 1664 1100 mortuis
2191 1043 2293 1100 bus
2322 1047 2464 1102 inter
3024 1058 3093 1098 ex
3118 1043 3353 1100 mortuis

497 1117 565 1172 tis
600 1118 740 1172 inter
770 1133 869 1173 nos
890 1160 906 1184 ,
1333 1117 1398 1172 ad
1425 1117 1548 1172 illos
1575 1116 1730 1183 ierit,
2191 1131 2316 1183 vos,
2346 1125 2401 1171 et
2429 1133 2527 1175 nos
3025 1114 3092 1171 ad
3125 1114 3247 1170 illos
3277 1115 3426 1170 abie-

494 1197 550 1244 et
579 1203 674 1244 vos
703 1189 882 1247 hiatus
1328 1189 1575 1246 credent.
2192 1187 2368 1261 Chaos
2409 1205 2634 1261 magnus
3027 1186 3158 1253 rint,
3183 1187 3423 1243 credent.

495 1267 676 1316 terrae
699 1277 848 1332 mag-

497 1347 600 1387 nus
628 1331 831 1388 confir-

496 1411 675 1459 matus
703 1413 786 1460 est
803 1421 818 1470 ;
850 1413 910 1462 ut

2193 1260 2463 1316 stabilitus
2492 1260 2607 1330 est;

2195 1340 2254 1385 ut
2279 1331 2360 1397 hi,
2393 1335 2484 1404 qui

2194 1405 2416 1459 venient
2445 1407 2545 1462 hoc
2563 1447 2576 1470 ,

1497 1300 1722 1359 CAPUT
1762 1296 1924 1355 XVII.

1333 1400 1386 1454 1.
1432 1397 1575 1453 Dixit
1607 1393 1682 1470 (a)
1712 1404 1890 1452 autem
1921 1393 1958 1465 -1-

3192 1301 3419 1360 CAPUT
3458 1298 3632 1357 XVII.

3031 1397 3084 1452 1.
3128 1395 3274 1452 Dixit
3299 1397 3378 1466 (a)
3407 1411 3501 1453 au-

497 1475 554 1530 hi
577 1517 592 1540 ι
622 1476 715 1547 (Illi
745 1468 894 1534 νεήί-
1333 1471 1400 1526 ad
1423 1468 1714 1547 ἀίεοὶωξέρξ
2195 1477 2427 1532 transire
2453 1468 2573 1533 non»
3032 1479 3138 1547 tem
3171 1469 3212 1547 1f
3244 1468 3310 1525 ad
3331 1471 3411 1524 di-

497 1556 596 1602 unt
619 1541 749 1616 Hoc,
773 1556 924 1605 tran-
1332 1557 1462 1618 suos
1493 1559 1506 1595 :
1545 1541 1749 1597 Diflici-
2197 1548 2406 1618 possint
2425 1550 2491 1604 ad
3030 1542 3274 1618 ξεὶιωιοξΔ
3293 1555 3419 1618 Quos
3447 1557 3461 1595 ε

495 1619 607 1676 sire
637 1611 746 1675 non
780 1636 908 1692 pos-
1332 1615 1385 1670 le
1412 1623 1519 1692 est,
1551 1624 1610 1668 ut
1639 1629 1745 1668 non
2197 1611 2328 1692 :vos,
2362 1636 2534 1692 neque
3030 1611 3368 1685 Impossibile

496 1692 608 1746 sint
645 1691 712 1746 ad
743 1687 872 1760 vos,
1332 1687 1553 1760 veniant
1582 1701 1738 1741 scan-
2197 1689 2325 1747 inde
2357 1687 2462 1748 huc
3030 1695 3135 1754 est,
3167 1695 3225 1740 ut
3253 1700 3358 1741 non

499 1778 676 1835 neque
703 1763 830 1820 inde
858 1758 865 1760 “
1332 1758 1454 1814 dala
1489 1777 1502 1814 :
1535 1773 1753 1835 verum-
2198 1771 2553 1835 transmeare.
3029 1761 3252 1835 veniant
3274 1771 3429 1813 scan-

497 1829 605 1891 hoc
635 1843 814 1893 trans-
1331 1839 1514 1886 tamen
1546 1833 1566 1862 ²
1596 1844 1696 1886 vae
2196 1833 2288 1890 27.
2331 1837 2474 1892 Dixit
2505 1843 2689 1892 autem
2722 1851 2736 1887 :
3030 1829 3150 1884 dala
3177 1847 3190 1884 :
3223 1845 3435 1886 verum-

497 1922 706 1980 meare.
1332 1903 1410 1980 illi
1431 1944 1445 1968 ν
1471 1917 1566 1980 Pe?
1587 1917 1766 1980 quem.

2197 1905 2350 1980 Rogo
2382 1923 2513 1980 ergo
3031 1910 3209 1957 tamen
3244 1917 3342 1956 vae
3372 1901 3475 1967 illi,

497 1977 588 2034 27.
633 1978 776 2036 Dixit
801 1988 984 2038 autem
1332 1975 1387 2028 2.
1430 1969 1670 2030 νὲηἱυὴι.
1697 1972 1774 2044 (b)
1803 1969 1923 2028 Uti-
2195 1984 2249 2032 te
2280 1969 2473 2046 Pater,“
2494 1991 2551 2036 ut
3033 1989 3131 2043 per
3159 1989 3318 2044 quem
3346 1989 3440 2029 ve-

498 2050 578 2106 illi
616 2067 632 2105 :
661 2052 812 2125 Rogo
849 2069 931 2110 er-
1334 2047 1442 2125 lius
1469 2055 1554 2102 est
1575 2056 1758 2100 autem
2198 2049 2383 2125 mittas
2409 2052 2470 2125 in
3034 2046 3208 2125 nient.

495 2137 566 2194 go
594 2132 647 2179 te
676 2116 857 2194 Paier,
1331 2119 1410 2174 illi
1441 2131 1725 2194 ne‘nasce-
2199 2119 2418 2194 domum
2442 2123 2543 2178 Pa-
3033 2116 3088 2194 2.
3131 2117 3208 2190 (ὁ)
3236 2117 3436 2194 _tltilius
3468 2123 3641 2174 autem

495 2186 558 2250 ut
579 2194 756 2252 mittas
785 2186 854 2251 in'
1333 2201 1484 2246 retur
1502 2190 1563 2262 τ,
1589 2197 1683 2262 aut
2203 2193 2299 2249 tris
2328 2195 2454 2249 mei.
3033 2186 3212 2244 fuerat
3235 2190 3311 2245 illi
3341 2205 3410 2262 ne

497 2264 717 2322 domum
747 2267 849 2323 Pa-
1333 2261 1471 2334 lapis
1494 2260 1714 2317 molaris
2198 2263 2289 2322 28.
2335 2266 2517 2322 Habeo
2547 2264 2690 2322 enim
3035 2272 3352 2317 nasceretur
3378 2260 3439 2334 -ῒ,

495 2337 590 2393 28.
633 2339 731 2394 tris
757 2339 882 2396 mei.
917 2337 1024 2396 Ha—
1333 2334 1651 2408 inpositus__
2024 2369 2030 2377 ι
2200 2338 2438 2408 quinque
2467 2337 2575 2392 fra-
3033 2343 3131 2408 aut
3161 2334 3296 2408 lanis
3324 2348 3441 2390 mo-

495 2408 602 2466 beo
630 2413 775 2466 enim
1334 2403 1526 2462 fuisset
1549 2405 1692 2461 collo
2201 2403 2434 2477 t'res,'ut
2903 2438 2906 2444 ι
3033 2403 3163 2460 laris
3196 2406 3512 2476 imponatur

3031 2477 3180 2533 circa
3209 2477 3410 2532 collum

3033 2546 3202 2632 illius,
3233 2556 3288 2632 et
3317 2548 3463 2618 proi-

3033 2630 3210 2674 cratur
3243 2630 3294 2674 in
3326 2633 3443 2675 ma-

1332 2478 1478 2563 illius
1495 2519 1511 2546 ,
1547 2488 1604 2534 et
1634 2490 1763 2548 pro-

1326 2559 1504 2634 ICCUIS
1530 2559 1678 2605 esset

1332 2639 1386 2678 tn
1418 2637 1658 2689 marem;

495 2480 740 2554 quinque
773 2482 879 2538 fra-

495 2561 610 2609 tres
626 2595 641 2619 ,
672 2565 732 2610 ut
756 2556 772 2588 ¹
805 2554 957 2612 testi-

497 2623 691 2682 ficetur
727 2627 864 2695 illis,

2200 2489 2430 2564 testctor
2459 2480 2568 2564 illis
2584 2521 2602 2549 ,

2023 2597 2044 2624 ρ
2197 2567 2267 2608 ne
2290 2563 2346 2636 et
2376 2563 2479 2636 ipsi

2195 2633 2418 2679 veniant
2448 2633 2503 2678 in

495 2712 566 2771 ne
590 2707 644 2754 et
675 2697 778 2771 ipsi
801 2713 903 2755 ve-
1331 2708 1493 2771 quam
1526 2703 1586 2748 ut
1612 2706 1772 2748 scan-
2196 2695 2374 2750 locum
2401 2695 2544 2752 hunc
3035 2705 3132 2771 re;
3171 2706 3332 2771 qua_m

495 2767 651 2826 niant
683 2761 738 2826 i'n
768 2770 913 2826 hunc
1331 2761 1532 2821 dalizet
1558 2779 1725 2820 unum
2199 2773 2494 2824 tormento-
3035 2769 3100 2817 ut
3126 2761 3454 2818 scandalizet

495 2840 675 2898 locum
703 2857 833 2899 cru—
1331 2837 1400 2893 de
1429 2836 1642 2908 pusillis
2195 2854 2338 2894 rum.
3037 2848 3209 2908 unum,
3232 2833 3303 2908 de
3333 2848 3422 2903 pu-

495 2914 690 2969 ciatus.
1331 2905 1472 2964 iStis.
2196 2910 2291 2967 29.
2336 2910 2402 2966 Et
2429 2911 2507 2967 ait
2532 2911 2601 2966 il-
3035 2905 3175 2960 sillis
3201 2905 3343 2962 istis.

3033 2976 3088 3032 3.
3119 2976 3409 3034 Attendite
3441 2972 3596 3031 vobis
3627 2993 3639 3028 :

3034 3049 3081 3104 si
3109 3048 3427 3120 peccaverit

3035 3120 3113 3205 (c)
3142 3121 3308 3205 frater
3334 3120 3374 3192 -ξ-

3038 3202 3162 3265 tuus
3188 3202 3409 3265 increpa

2199 2982 2235 3036 li
2263 2983 2536 3038 Abraham
2570 2999 2584 3034 :

2199 3053 2411 3110 Habent
2438 3054 2588 3127 Moy-

2197 3138 2294 3181 sen
2315 3167 2328 3191 ,
2359 3135 2414 3181 ct
2444 3127 2577 3182 Pro-

2198 3196 2390 3268 phetas
2410 3216 2422 3251 :
2457 3213 2558 3252 au-

2199 3268 2352 3324 diant
2392 3269 2534 3325 illos.

1331 2981 1386 3036 3.
1427 2978 1706 3037 Atlendite
1735 2991 1834 3034 vo-

1331 3053 1417 3108 bis
1442 3070 1454 3104 :
1479 3054 1523 3107 si
1546 3066 1807 3108 peccave-

1333 3125 1406 3180 rit
1430 3123 1502 3196 (c)
1533 3122 1767 3196 fraterj-
1794 3129 1872 3176 tu-

1333 3193 1676 3266 us,'c'orripe
1705 3193 1774 3250 il-

1333 3266 1444 3322 Ium
1475 3283 1488 3320 :
1529 3276 1584 3322 et
1610 3266 1656 3322 si
1689 3280 1815 3338 pae-

496 2984 588 3041 29.
634 2986 776 3042 Dixit
806 2992 986 3043 autem
1016 2982 1082 3040 iI-

497 3055 536 3110 li
566 3056 873 3112 Habraham
905 3075 921 3112 :

496 3125 708 3185 Habent
739 3128 892 3202 ῥίον

499 3214 630 3268 sen,
661 3213 714 3254 et
745 3199 986 3271 Prophe-

499 3279 583 3326 tas
614 3287 627 3324 :
662 3269 885 3327 audiant

497 3342 590 3398 30.
631 3344 776 3398 illos.
803 3342 908 3410 Qui
935 3341 1112 3399 dixit:
1333 3338 1615 3392 nitentiam
1692 3335 1702 3410 ξ
2201 3340 2290 3395 '50.
2334 3341 2416 3408 Ad
2449 3341 2542 3394 ille
2566 3337 2746 3394 dixit:
3033 3338 3160 3410 etsi
3188 3335 3584 3410 paenitentiam

497 3411 618 3469 Non
636 3457 651 3480 ,
675 3406 849 3470 Pater'
1332 3411 1538 3481 egerit,
1568 3409 1783 3481 11111111-Δ
2200 3411 2317 3467 Νοη
2337 3406 2354 3476 ,⁷
2381 3412 2542 3466 Pater
3036 3406 3311 3481 habuerit,
3337 3406 3526 3481 dimit-

499 3477 809 3552 Abraliam;
839 3485 972 3553 sed,
1333 3477 1394 3536 ιζ
1433 3491 1486 3537 te
1515 3481 1614 3536 illi.
1649 3480 1717 3535 Et
1741 3479 1788 3536 si
1819 3492 1934 3549 sep-
2201 3481 2475 3539 Abraliam
2507 3500 2521 3537 :
2555 3481 2652 3538 sed
3036 3479 3092 3533 4.
3137 3489 3190 3553 te
3220 3479 3320 3553 illi.
3345 3479 3415 3553 Et
3440 3477 3490 3533 si

1334 3553 1476 3608 tiens
1506 3566 1700 3622 pecca-

1334 3624 1476 3680 verit
1505 3623 1558 3678 in
1580 3623 1669 3679 die

1335 3695 1391 3751 in
1421 3706 1506 3766 te,
1535 3704 1592 3752 et
1629 3693 1796 3768 septi-

3035 3551 3240 3620 septies
3273 3551 3324 3633 in
3355 3549 3447 3632 die

3037 3631 3345 3704 peccaverit
3365 3631 3442 3704 in_
3520 3692 3529 3700 .

3038 3704 3115 3762 te,
3147 3701 3203 3750 et
3231 3701 3277 3750 si
3305 3701 3515 3764 septies

499 3557 544 3640 si
564 3558 690 3640 quis
721 3573 784 3612 ex
809 3571 956 3614 mor-

499 3636 613 3713 tuis
632 3643 815 3686 surre—
845 3701 859 3714 .

499 3711 668 3771 xerit,
702 3711 890 3774 paeni-

2201 3556 2248 3610 si
2265 3555 2396 3638 quis
2422 3571 2488 3610 ex
2515 3569 2660 3611 mor-

2202 3635 2316 3709 IUIS.
2337 3641 2586 3682 resurre-

2202 3706 2364 3766 xerit,
2394 3713 2519 3769 per-

1818 3807 2051 3867 CODEX
2088 3809 2484 3870 BRIXIANUS.
2499 3826 2510 3846 ἰ

497 3913 748 3970 similiter
792 3911 933 3968 mala
977 3923 1119 3966 nunc
1155 3917 1356 3964 autem.
1408 3905 1495 3962 hic
1545 3905 1853 3962 consolatur
1875 3914 1930 3961 tu
1961 3922 2092 3962 vero
2203 3908 2329 3961 tiam
2354 3915 2535 3978 agent.
2564 3906 2711 3962 Dixit
2739 3904 3036 3978 autemilli.
3069 3904 3123 3961 Si
3153 3902 3392 3978 Moysen.
3423 3910 3479 3958 et
3505 3901 3782 3978 Prophetas

498 3987 774 4044 cruciaris.
835 3983 902 4038 Et
963 3983 1014 4038 in
1075 3982 1158 4036 his
1214 3978 1464 4035 omnibus
1533 3979 1674 4033 inter
1732 3992 1832 4032 nos
1885 3987 1940 4032 et
1997 3993 2094 4033 vos
2201 3996 2307 4034 non
2340 3973 2759 4049 auidiuntneque
2787 3980 2830 4033 si
2854 3976 2975 4049 quis
3003 3991 3072 4049 ex,
3095 3973 3330 4049 mortuis
3355 3977 3661 4049 surrexerit
3685 3987 3782 4026 cre-

497 4058 676 4114 Chaos
706 4071 957 4123 magnum
992 4057 1262 4108 ﬁrmatum
1312 4063 1413 4106 est.
1447 4059 1504 4105 ut
1535 4049 1710 4123 hiqui
1752 4049 1951 4123 volunt
1970 4051 2094 4105 hinc
2201 4052 2354 4106 dunt.
2384 4050 2530 4107 Dixit
2555 4049 2632 4123 (a)
2662 4045 2841 4105 autem
2943 4048 3078 4103 etad
3107 4047 3401 4123 discipulos
3425 4062 3584 4101 suos.
3621 4045 3788 4123 Inpos-

497 4130 732 4185 transire
759 4115 825 4182 ad
870 4142 986 4182 vos.
1005 4123 1125 4180 'non
1167 4125 1373 4194 possint
1401 4137 1575 4195 neque
1606 4115 1729 4175 inde
1757 4121 1860 4175 huc
1888 4121 1955 4174 ad
1998 4136 2096 4176 nos
2203 4123 2362 4178 sibile
2391 4135 2495 4178 est.
2544 4115 2746 4177 ut'non
2781 4115 3001 4195 veniant
3031 4119 3300 4195 scandala.
3345 4131 3685 4195 vaeﬂauieni
3710 4115 3791 4195 ho-

500 4212 855 4255 transmeare.
880 4197 1023 4252 Dixit
1050 4189 1230 4251 autem
1255 4209 1385 4264 rogo
1415 4203 1466 4248 te
1493 4189 1652 4266 Pater
1681 4204 1738 4245 ut
1762 4196 1940 4266 mittas
1969 4209 2092 4248 eum
2205 4195 2336 4248 mini
2369 4195 2465 4250 illi.
2501 4210 2598 4266 per
2637 4191 3066 4266 quentveoiuot.
3101 4189 3296 4266 Utilius
3330 4200 3412 4246 est
3440 4190 3545 4266 illi.
3586 4191 3630 4244 si
3675 4189 3789 4266 lapis

497 4274 553 4327 in
580 4272 797 4326 domum
824 4271 1000 4324 Patris
1027 4270 1150 4322 mei.
1181 4259 1520 4334 Quia'habeo
1548 4265 1785 4334 quinque
1816 4263 2010 4319 fratres
2040 4273 2098 4318 ut
2203 4266 2426 4320 molaris
2452 4259 2743 4336 inponatur
2765 4265 2909 4321 circa
2935 4263 3137 4336 collum
3163 4264 3301 4329 ejus.
3328 4275 3397 4336 et
3422 4259 3791 4336 proiciaturin

499 4342 948 4398 testeturillis.ne
971 4351 1020 4394 et
1046 4341 1142 4409 ipsi
1165 4331 1458 4409 veniantio
1485 4331 1660 4409 locum
1687 4331 1828 4389 hunc
1851 4347 2092 4409 toriuen-
2202 4352 2374 4409 mare.
2403 4331 2588 4409 quam
2631 4346 2688 4391 ut
2730 4335 3060 4392 scandalizet
3093 4350 3266 4409 unum
3287 4333 3378 4409 _de
3422 4331 3640 4409 pusillis
3670 4331 3788 4409 ist-is.

500 4423 698 4470 torum.
729 4413 794 4468 Et
825 4412 899 4467 ait
927 4413 1001 4466 illi
1030 4403 1321 4465 Abraham.
1359 4406 1823 4479 |labent__Moysen
1855 4414 1911 4460 et
1937 4407 2091 4479 _Pro-
2202 4403 2492 4464 Adtendite
2524 4410 2697 4465 vobis.
2737 4409 2782 4463 si
2824 4407 3130 4479 peccaverit
3173 4405 3248 4476 (c)
3281 4405 3446 4479 frater
3470 4405 3513 4475 ἦ·
3556 4415 3690 4479 tuus,
3726 4403 3793 4479 in-

539 4490 690 4542 ltetas
718 4484 939 4540 audiant
976 4484 1118 4538 illos.
1151 4481 1221 4536 At
1245 4481 1336 4535 ille
1360 4479 1518 4534 dixit.
1564 4473 1710 4532 Non'
1731 4477 1890 4532 Pater
1919 4477 2095 4533 Abra-
2202 4495 2365 4548 crepa
2395 4482 2566 4535 illum.
2601 4489 2656 4536 et
2676 4483 2719 4535 si
2755 4473 3136 4549 paenitentiam
3163 4473 3336 4548 egerit
3369 4473 3591 4532 dimitte
3618 4476 3713 4531 illi.
3736 4473 3792 4528 Et

539 4501 690 4542 uetas
718 4501 939 4540 audiant
976 4501 1118 4538 Illos.
1151 4501 1221 4536 At.
1245 4501 1336 4535 me
1360 4501 1518 4534 UIXII.
1564 4501 1680 4532 twn
1731 4501 1890 4532 ratur
1919 4501 2095 4533 nura-
2202 4501 2365 4548 crepa
2395 4501 2566 4535 11111111.
2601 4501 2656 4536 et
2676 4501 2719 4535 8|
2755 4501 3136 4549 paenitentiam
3163 4501 3336 4548 egerit
3369 4501 3461 4530 um

498 4501 646 4615 Eam.
681 4557 776 4614 sed
818 4557 864 4612 si
888 4555 1008 4628 quis
1036 4570 1104 4610 ex
1134 4552 1364 4608 mortuis
1395 4551 1518 4607 ierit
1540 4549 1608 4605 ad
1638 4550 1782 4605 illos.
1814 4551 2095 4620 paeniten-
2207 4551 2252 4606 si
2284 4553 2488 4621 septies
2510 4555 2563 4607 in
2587 4552 2677 4608 die
2699 4553 3002 4623 peccaverit
3025 4550 3080 4605 in
3110 4558 3163 4605 te
3188 4560 3242 4604 et
3267 4549 3468 4619 septies

1750 4666 1982 4724 CODEX
2017 4666 2492 4726 CORBEIENSIS.

567 4768 699 4826 Car.
722 4765 888 4824 XVII.
915 4798 987 4810 —
1010 4767 1066 4822 2.
1104 4764 1298 4823 Utilius
1325 4771 1408 4820 est
1443 4769 1624 4818 autem
1663 4760 1764 4830 illi,
1805 4779 1873 4818 ne
1901 4777 2094 4819 nasce-
2237 4835 2248 4837 _
2273 4763 2328 4818 5.
2360 4763 2380 4794 ³
2407 4765 2454 4819 si
2482 4763 2785 4837 peccaverit
2816 4761 2984 4820 frater
3004 4763 3204 4837 _-l-_tuu_s
3229 4761 3447 4837 increpa
3471 4759 3717 4816 illum....
3747 4761 3792 4810 et

498 4849 668 4913 retur,
696 4850 789 4898 aut
821 4840 960 4912 lapis
992 4839 1171 4896 molae
1197 4879 1211 4905 ,
1253 4846 1360 4892 etc.
2207 4835 2252 4890 si
2280 4833 2671 4907 poeniténtiam
2702 4835 2971 4904 habuerit,
2999 4833 3258 4890 "dimitte
3277 4834 3375 4888 illi.

1741 4946 2141 5006 VARIANTES
2180 4945 2474 5004 LECTION
2485 4950 2586 5006 ES.

2267 5040 2289 5072 ³
2323 5043 2381 5091 Et
2403 5037 2471 5091 ita
2495 5041 2603 5092 ϐαι.

562 5052 580 5084 ⁸
617 5050 722 5102 Gal.
747 5054 793 5102 et
819 5051 936 5101 Mm.
983 5046 1296 5100 testiﬁcetur.
1329 5041 1478 5108 Vulg.
1503 5047 1736 5094 testetur.
2267 5041 2289 5072 ³
2323 5043 2381 5091 Et
2403 5041 2471 5091 ita
2495 5041 2603 5092 ϐαι.

562 5115 580 5146 ι
617 5116 732 5156 Mm-
755 5127 844 5156 vae
859 5112 1037 5156 homini
1063 5110 1151 5156 illi.
1175 5122 1265 5156 ner
1291 5121 1441 5156 (llle
1463 5108 1667 5156 veniunt
1683 5103 1925 5155 scandala.
1948 5103 2095 5156 Vitta.
2268 5103 2289 5134 ⁸
2323 5106 2446 5154 Mm.
2471 5105 2753 5156 dimittetur
2777 5103 2848 5154 illi

558 5115 580 5146 ³
614 5116 732 5164 Mm.
755 5127 844 5164 vae
859 5112 1037 5163 homini
1062 5110 1152 5168 illi,
1175 5122 1265 5172 per
1291 5103 1448 5172 (ιιιρηῖ
1463 5108 1667 5157 veniunt
1683 5103 1925 5155 scandala.
1948 5103 2095 5172 Vulg.

498 5188 590 5227 vae
613 5185 780 5228 autem
805 5175 902 5240 illi,
927 5187 1016 5239 per
1038 5171 1188 5236 quem
1215 5171 1440 5225 veniunt.

1175 5294 1464 5337 LIC'I'IONES
1493 5291 1697 5334 CODICIS
1719 5291 2134 5333 VINDEBONENSIS
2159 5292 2440 5334 ABEUNTES
2463 5293 2528 5332 ΑΒ
2557 5294 2808 5336 EDITIONE
2837 5293 3103 5336 VULGA'I‘A.

2263 5395 2376 5448 CAP.
2403 5394 2556 5446 XVII.
2580 5421 2642 5433 -—-
2663 5398 2708 5448 1.
2733 5397 3036 5460 Impossibile
3060 5405 3318 5448 estnon...
3339 5403 3688 5447 verumtamen
3713 5406 3791 5460 rae

2206 5496 2263 5521 ...
2291 5460 2512 5510 venient.
2580 5463 2629 5510 2.
2658 5458 2824 5510 utilius
2844 5468 2922 5510 est
2944 5472 3108 5510 autem
3134 5461 3204 5511 illi
3228 5474 3291 5510 ne
3317 5469 3631 5521 nasceretur,
3653 5466 3734 5507 aut
3756 5458 3791 5521 si

2197 5519 2380 5584 lapis...
2400 5536 2550 5586 super
2562 5523 2758 5573 collum.
2823 5525 2874 5574 3.
2893 5525 2932 5573 si
2948 5526 3228 5586 peccaverit
3245 5523 3460 5586 frater...
3486 5532 3536 5572 et
3559 5519 3791 5586 si'paeni-

2216 5590 2420 5638 tentiam
2438 5584 2683 5636 habuerit.
2747 5587 2798 5637 4.
2823 5593 2875 5637 et
2896 5584 3086 5650 septies
3107 5599 3374 5638 conversus
3397 5584 3561 5645 fuerit,
3581 5585 3792 5640 dicens,

1816 5689 2179 5748 BLANCHINI
2211 5690 2441 5748 NOT/E.

569 5797 645 5868 (a)
675 5794 752 5852 Ita
781 5802 838 5852 et
881 5802 990 5869 tex.
1019 5791 1119 5869 Gr.
1148 5789 1235 5869 6s'_._
1264 5819 1336 5832 -—
1383 5791 1458 5869 (ρ)
1489 5788 1580 5869 Sic
1607 5788 1736 5862 legit
1777 5797 1834 5847 et
1861 5788 1942 5859 ,S.
1973 5785 2227 5848 Clemens
2258 5806 2273 5845 :
2303 5791 2454 5849 καλὸν
2477 5789 2537 5852 ἧν
2555 5793 2692 5866 αὐτῷ
2719 5795 2764 5850 εἰ
2788 5794 2876 5851 οὐκ
2905 5794 3158 5869 ἐγεννήθη.
3207 5818 3280 5833 --
3325 5790 3398 5865 (c)
3443 5790 3580 5846 Ante
3607 5790 3784 5858 frater,

498 5861 656 5928 deest
699 5869 753 5925 in
800 5877 869 5937 te,
917 5864 1161 5924 etiamin
1193 5861 1350 5919 Vers.
1393 5861 1559 5918 Goth.

558 5397 638 5450 26.
657 5400 742 5463 qui
763 5399 970 5466 _veniunt
1007 5398 1102 5448 hoc
1121 5435 1135 5460 ,
1162 5399 1506 5466 transirennon
1547 5395 1732 5466 possint
1755 5394 1813 5443 ad
1839 5407 1972 5466 vos.“
2001 5409 2094 5446 ne-

496 5475 596 5526 que
617 5458 727 5512 inde
763 5462 853 5511 hoc
877 5458 1198 5526 transmeare.
1264 5458 1734 5526 27_.‘Pater,’omis_so
1778 5465 1865 5526 te._
1906 5458 1990 5526 28.
2027 5472 2094 5526 ne

495 5519 589 5588 ipsi
614 5525 812 5576 veniant
836 5525 884 5572 in
908 5523 1065 5588 locum
1099 5526 1244 5588 hunc.
1313 5523 1394 5571 30.
1426 5519 1976 5588 surrexerit,suadebit
1999 5524 2088 5571 eis.

494 5585 573 5641 51.
605 5602 673 5640 ex
695 5591 895 5638 mortuis
917 5586 979 5636 ad
998 5585 1106 5636 illos
1129 5587 1297 5647 ierint,
1320 5585 1528 5636 credent
1552 5585 1617 5634 ei.
