3910 6336
97 263 213 320 655
1018 305 1020 308 .

505 375 737 442 CODEX
774 378 1310 448 VERCELLENSIS.

947 480 1150 534 salvam
1183 495 1301 534 eam

945 551 1036 606 54.
1075 549 1257 607 faciet.
1289 549 1420 608 Dico

941 627 1088 680 enim
1119 623 1272 680 vobis
1291 665 1312 692 ,

942 697 962 727 ³
999 697 1098 753 bac
1124 705 1281 752 nocte

97 471 306 527 troiret
333 469 450 529 Noe

97 547 160 597 in
193 558 416 612 arcam,
447 554 504 600 et

95 617 258 670 Venit
283 617 422 672 dilu-

97 687 256 742 bium
275 729 288 752 ,
323 699 378 742 et
405 705 532 758 per.

97 759 248 814 didit
279 777 492 817 omnes.
940 779 1100 824 erunt
1126 769 1233 824 duo

96 831 192 904 28.
239 831 506 890 Similiter
529 842 584 894 et
939 839 992 893 in
1017 840 1158 898 lecto
1184 855 1294 896 uno
1317 855 1332 904 ;

99 903 310 958 factum
343 915 426 960 est
941 927 1083 968 unus
1113 913 1274 969 adsue

99 985 156 1030 et
185 977 240 1030 in
277 976 468 1034 diebus

99 1047 204 1101 Lot
241 1067 254 1101 :
292 1047 560 1117 Edebant,

99 1119 385 1188 bibebant,
414 1137 564 1182 eme.

943 993 1153 1052 inetur,
1181 994 1236 1039 et
1261 981 1362 1040 ali-

943 1069 1006 1110 us
1035 1058 1308 1127 relinque-

940 1127 1030 1182 55.
1074 1136 1161 1182 tur
1191 1145 1206 1181 :
1239 1135 1400 1184 erunt

103 1190 256 1258 bant,
291 1191 490 1249 vende-
939 1199 1061 1254 dua:
1085 1216 1201 1254 mo—

101 1261 254 1331 bant,
283 1265 498 1334 planta-
941 1269 1116 1327 lentes
1141 1271 1194 1326 in
1225 1286 1290 1325 u-

99 1333 251 1408 bant,
283 1333 478 1391 aediﬁ-
942 1357 1109 1408 num;
1141 1357 1246 1398 una

227 1408 434 1485 cabant
457 1429 472 1463 :
497 1424 608 1480 qua
939 1405 1214 1485 relinque-

103 1478 186 1534 die
215 1480 352 1552 exiit
379 1479 485 1537 Lot
517 1478 528 1480 ’
941 1493 1028 1540 tur
1051 1527 1067 1552 ,
1095 1478 1152 1542 et
1180 1484 1284 1541 alia

107 1565 136 1604 a
163 1551 438 1617 Sodomis,
937 1551 1254 1614 adsumetur
1281 1575 1294 1610 :

111 1622 240 1701 pluit
269 1623 454 1701 ignem
935 1628 1044 1682 duo
1071 1630 1121 1684 in
1145 1645 1305 1701 agro;

111 1694 350 1768 decaelo
368 1739 384 1760 ,
415 1705 472 1752 et
500 1709 630 1768 per.
935 1715 1077 1755 unus
1104 1694 1236 1757 adsit
1249 1731 1266 1740 -

103 1763 460 1840 diditiomnes
489 1763 518 1824 ξ
936 1781 1116 1828 metur
1140 1815 1154 1840 ,
1191 1783 1250 1830 et

101 1837 186 1892 50.
231 1839 500 1904 Similiter
528 1857 588 1906 ει·-
935 1844 1078 1900 alius
1103 1837 1267 1901 relin—

97 1909 167 1984 ijt
180 1911 250 1984 in
283 1911 372 1984 die
385 1957 401 1980 ,
433 1930 552 1984 qua.
937 1927 1150 1984 quetur.

97 1979 272 2037 Filius
299 1979 474 2040 hami;

97 2055 178 2107 nis
209 2057 428 2110 revela—

95 2125 264 2180 bitur.

97 2199 180 2252 3t.
225 2198 286 2253 In
317 2199 412 2254 illa
441 2197 574 2256 hora
594 2243 606 2266 ,

934 1987 1026 2043 56.
1069 1988 1136 2042 Et
1156 1987 1490 2057 responden-

938 2069 1018 2112 tes
1039 2101 1053 2125 ,
1084 2061 1336 2116 dixerunt

936 2130 1015 2185 illi
1040 2149 1053 2185 :
1082 2131 1180 2188 Ubi
1203 2130 1472 2188 Domine?

934 2203 1024 2258 57.
1067 2204 1167 2270 Qui
1197 2204 1335 2260 dixit
1361 2203 1468 2264 illis
1497 2221 1512 2260 :

103 2271 188 2338 qui
211 2271 320 2325 erit
349 2287 446 2326 su-
932 2273 1273 2346 Ubicumque

113 2355 198 2410 per
219 2351 420 2397 tectum
435 2387 451 2412 ,
931 2344 1100 2401 fuerit
1119 2344 1244 2402 cor-

115 2422 162 2489 et
191 2429 306 2489 vasa
339 2416 488 2470 illius
933 2432 1035 2489 pus
1055 2461 1070 2484 ,
1103 2418 1232 2476 illuc
1261 2434 1394 2476 con-

109 2484 154 2538 in
183 2485 346 2540 domo
361 2529 378 2554 ,
412 2502 520 2542 non
935 2484 1161 2545 veniunt

102 2556 402 2632 descendat
934 2561 1167 2632 aquilae.

101 2629 304 2683 toltere
329 2645 392 2684 ea
425 2647 438 2684 :

101 2677 303 2774 ὲῖξιὶῖ
315 2677 536 2774 iifa'gm,
1018 2773 1027 2774 ί
1093 2677 1325 2774 CAPUT
1349 2677 1533 2736 xvm.

97 2771 365 2828 similiter
430 2771 464 2774 ’⁷
1009 2773 1058 2826 1.
1103 2772 1324 2828 Dicebat
1347 2781 1526 2828 autem

101 2858 204 2898 non
229 2859 419 2900 revcr—
938 2844 1249 2912 parabolam

105 2925 240 2970 tatur
269 2923 446 2972 retro.
937 2915 1075 2984 illis,
1113 2917 1182 2972 ob
1209 2915 1313 2972 hoc

111 2985 200 3040 32.
231 2986 512 3045 Memores
938 2990 1080 3057 quod
1107 2988 1277 3043 debe-

119 3068 274 3114 estote
300 3076 438 3114 uxo-
938 3069 1060 3115 rent
1089 3075 1305 3130 semper

113 3130 185 3184 ris
211 3131 328 3185 Lut.
937 3146 1094 3187 orare
1111 3174 1124 3194 ,
1150 3143 1204 3186 et
1226 3147 1333 3186 non

106 3203 194 3259 55.
231 3204 580 3280 Quicumque
936 3203 990 3258 ‘2.
1033 3205 1303 3269 deiicere,
1328 3202 1408 3266 di-

97 3289 232 3344 ergo
259 3291 424 3346 quac-
936 3290 1066 3331 cens
1093 3295 1105 3330 :

98 3347 262 3401 sierit
291 3349 396 3402 ani-
936 3347 1107 3404 Juch
1133 3347 1352 3418 quidam

93 3435 192 3471 ma
201 3433 250 3472 m
280 3434 430 3474 suam

93 3491 112 3520 ¹
149 3491 358 3545 salvam
393 3491 538 3548 face-

87 3578 178 3624 re,
203 3561 397 3632 perdet
419 3563 475 3618 iI-

87 3635 244 3700 lam;
275 3645 333 3706 et
353 3635 445 3706 qui

89 3705 406 3776 perdiderit
423 3748 444 3772 ..

935 3419 1124 3474 eratin
1156 3435 1287 3490 qua-

935 3490 1059 3545 dam
1091 3492 1278 3546 civita-

936 3569 988 3618 te
1005 3604 1022 3627 ,
1054 3564 1145 3632 qui
1175 3564 1340 3618 Deum

935 3650 1043 3690 non
1077 3636 1233 3690 time-

937 3707 1061 3772 bat,
1093 3707 1188 3764 sed
1213 3723 1316 3766 nec

1169 263 1626 332 EVANGELIUM
1663 263 2040 332 SECUNDUM
2077 265 2338 336 LUCAM.

3307 271 3414 332 684

2251 383 2484 446 CODEX
2523 381 2980 446 VEBONENSIS.

2648 480 2740 536 54.
2783 482 2916 540 Dico
2937 481 3114 553 vobis,

2648 553 2740 608 illa
2773 567 2934 612 noete

2650 637 2808 681 erunt
2834 627 2942 682 duo
2967 626 3020 684 in

2651 697 2795 754 lecto
2821 715 2959 765 uno;

2651 785 2789 824 unus
2821 770 2984 826 adsu-

1813 481 2034 537 intravit
2060 480 2177 536 Noe

1813 555 1866 609 in
1899 569 2079 610 arcam
2097 594 2114 620 ,
2147 563 2203 610 et

1811 627 1959 680 venit
1987 625 2128 680 dilu-

1812 699 1982 765 vium,
2011 705 2066 752 et
2096 711 2220 767 per-

1810 769 1948 824 didit
1977 783 2188 824 omnes.

1809 840 1902 896 28.
1944 841 2204 896 Similiter
2235 839 2314 896 fa-
2647 851 2844 904 metur,
2871 850 2928 897 et

1809 923 1954 968 ctum
1987 911 2148 968 estin
2647 914 2783 969 alter
2814 914 2982 969 relin-

1808 985 2002 1040 diebus
2025 984 2188 1040 Lmb.
2652 997 2848 1052 quetur
2883 1005 2898 1042 :

1811 1057 2054 1112 Edehant
2074 1099 2089 1122 ,
2121 1065 2176 1111 et
2650 1057 2738 1113 55.
2781 1057 2922 1113 duae

1751 1187 1766 1200 ο
1809 1127 2069 1183 bibebant
2091 1171 2104 1194 ,
2649 1129 2916 1184 molentes

2649 1201 2704 1255 in
2733 1217 2934 1268 unum;
2959 1215 3066 1256 una

2649 1273 2985 1338 adsumetur,
3015 1282 3074 1330 et

2649 1360 2750 1400 una
2781 1346 3058 1417 relinque—

2649 1427 2736 1470 llll'
2771 1435 2784 1470 ζ

2647 1485 2756 1544 duo
2783 1489 2834 1544 in
2866 1503 3034 1560 agro;

2647 1575 2790 1615 unus
2817 1561 3158 1630 adsumetur,

2647 1641 2705 1688 et
2736 1647 2875 1688 unus
2899 1633 3070 1694 relin-

2643 1715 2860 1774 quetur.

2643 1777 2736 1832 56.
2777 1777 3194 1846 Respondent“

2641 1859 2822 1904 autem
2842 1889 2856 1912 ,
2887 1849 3150 1908 dixerunt

2643 1921 2722 1974 illi
2757 1937 2769 1973 :
2795 1919 2898 1975 Ubi
2931 1923 3036 1978 Do-

2640 1991 2731 2046 57.
2773 1991 2959 2048 mine?

2637 2063 2840 2132 Quibus

2640 2137 2759 2205 ipse
2787 2135 2963 2192 dixit:
2993 2135 3126 2196 Ubi»

2642 2223 2878 2278 cumque
2911 2208 3028 2266 lue-

2641 2281 2714 2352 rit
2735 2296 2935 2352 corpus
2959 2321 2974 2346 ,

2641 2351 2756 2407 illic
2779 2351 2914 2408 con-

1808 1201 2090 1266 emebant,
2118 1209 2176 1256 et

1807 1271 2150 1339 vendebant,

1807 1341 2123 1413 plantabant
2139 1384 2154 1410 ,

1804 1423 1861 1468 et
1884 1413 2226 1469 aediﬁcabant
2256 1430 2271 1468 :

1803 1485 1893 1541 29.
1936 1501 2037 1556 qua
2066 1487 2154 1542 die
2176 1501 2274 1542 ων

1805 1566 1911 1612 tem
1938 1558 2068 1612 exiit
2093 1557 2232 1614 Loth

1804 1644 1832 1681 τι
1863 1629 2120 1686 Sodomis
2140 1673 2155 1694 ,

1805 1700 1944 1768 pluit
1972 1701 2150 1772 ignem

1804 1773 1872 1827 de
1895 1777 2048 1830 caelo
2072 1815 2086 1838 ,
2115 1783 2172 1828 et

1803 1859 1994 1900 omnes
2021 1843 2199 1915 perdi-

1802 1915 1893 1970 50.
1934 1917 2014 1971 dit
2045 1935 2057 1970 :
2089 1915 2388 1974 secundum

1803 1988 1938 2042 haec
1965 1991 2071 2043 erit
2100 1989 2220 2045 dies

1801 2057 1922 2114 Filii
1947 2059 2181 2115 hominis
2200 2103 2213 2124 ,

1801 2145 1904 2198 qua
1937 2133 2113 2188 revela
2123 2133 2286 2188 bitur.

1802 2204 1894 2260 51.
1937 2203 1992 2258 In
2019 2204 2107 2258 illa
2145 2205 2295 2270 hora,

1802 2275 1894 2344 qui
1917 2273 2082 2332 fuerit
2119 2277 2170 2331 in

1802 2356 1966 2402 tecto.
2014 2389 2028 2402 .
2076 2391 2088 2404 .
2132 2389 2150 2405 .
2195 2388 2212 2403 ο
2248 2363 2278 2402 a

1801 2417 1926 2495 ejus
1951 2420 2002 2474 in
2025 2419 2210 2495 domo,
2516 2433 2522 2440 '
2641 2423 3049 2495 graegabuntur

1801 2505 1874 2567 ne
1885 2491 2198 2567 descendat
2643 2491 2699 2551 et
2724 2491 2961 2567 aquilae.

1803 2561 1994 2617 tollere
2017 2563 2136 2630 illa;

1801 2642 1856 2688 et
1877 2635 1968 2703 qui
1995 2633 2050 2688 in
2080 2651 2214 2705 agro
2229 2677 2244 2702 ,
2801 2635 3030 2698 CAPUT
3068 2637 3256 2706 XVIII.

1801 2719 1911 2759 non
1943 2707 2133 2762 redeat

1801 2775 2056 2833 similiter
2082 2787 2254 2834 retro.
2645 2785 2672 2840 1
2687 2824 2700 2838 .
2741 2781 2966 2840 Dicebat
2991 2798 3088 2840 au-

1801 2849 1892 2903 52.
1935 2847 2203 2925 Meinores
2229 2859 2418 2908 estote.
2643 2864 2752 2910 tem
2779 2871 2941 2925 para-
3013 2877 3018 2880 ·

1803 2925 1988 2976 uxoris
2016 2921 2176 2976 Loth.
2647 2921 2826 2982 bolam
2859 2927 2926 2982 ad

1801 2991 1890 3048 55.
1932 2993 2270 3067 Quicumque
2647 2999 2794 3066 illos,
2823 3013 2958 3070 quo-

1801 3073 1982 3142 autem
2041 3139 2052 3142 _
2184 3138 2196 3142 _
2648 3070 2793 3125 niam
2825 3079 3052 3142 oportet

1801 3138 2082 3206 quresierit
2109 3138 2228 3213 ani-
2645 3138 3011 3213 semper—ora-

1805 3224 1944 3264 mam
1969 3226 2120 3266 suam
2145 3211 2280 3266 Iibe-
2645 3229 2728 3281 re,
2758 3211 2811 3269 et
2838 3230 2946 3270 non

1803 3295 1946 3354 rare,
1977 3282 2164 3354 perdet
2197 3283 2258 3338 iI—
2638 3285 2694 3340 2.
2734 3285 2993 3354 deﬁcere.
3023 3287 3106 3346 di-

1805 3353 1940 3420 lam,
1973 3366 2026 3409 et
2056 3353 2174 3424 qui—
2641 3373 2812 3414 cens:
2847 3357 2940 3414 Ju-

1803 3440 2035 3496 Cumque
2065 3441 2190 3496 per-

1799 3497 1998 3552 diderit
2027 3497 2173 3552 illam

1801 3567 1878 3640 (a)
1905 3577 2132 3640 propter

1801 3639 1977 3712 me},
2001 3639 2204 3695 salvam

1805 3711 1970 3770 faciet.
1991 3713 2166 3770 illam.

2637 3431 2751 3514 deat
2769 3430 2988 3514 quidam

2639 3511 2758 3576 erat
2785 3511 2839 3576 in
2869 3518 3002 3576 qua.-

2638 3572 2761 3628 dam
2788 3572 3031 3642 civitate,

2638 3660 2754 3772 ἔξεί
2773 3684 3146 3784 3...

1421 3845 1654 3902 CODEX
1695 3845 2082 3904 BRIXIANUS.

88 3949 168 3998 vit
207 3941 410 4000 Noein
437 3959 640 4004 arcam.
672 3951 730 3999 et.
754 3942 902 4000 venit
925 3941 1208 4014 dilluvium
1239 3951 1294 3996 et
1321 3940 1706 4014 perdiditﬁom-
1807 3941 1950 3998 derit
1994 3941 2144 4014 illam
2173 3941 2250 4014 (a)
2299 3951 2520 4012 propter-
2559 3959 2646 3998 me
2695 3943 2733 4012 οξ·
2786 3944 2994 4001 salvam
3051 3945 3210 4002 faciet
3261 3963 3406 4003 eam.

83 4035 219 4072 nes.
249 4015 514 4074 Similiter
545 4017 682 4072 sicut
720 4017 916 4069 factum
949 4025 1034 4070 est
1063 4014 1120 4068 in
1163 4012 1353 4070 diebus
1401 4013 1520 4066 Lot.
1554 4013 1696 4068 Ede-

83 4091 230 4144 bam
270 4097 330 4144 et
375 4089 649 4144 bibebant.
710 4087 980 4144 emebant.
1025 4098 1080 4142 et
1121 4085 1442 4140 vendebant.
1491 4085 1700 4152 planta-

83 4161 336 4218 Μηδικαὶ
361 4159 740 4214 aediﬁcabant.
771 4175 875 4229 qua
905 4158 992 4214 die
1030 4169 1208 4214 autem
1250 4157 1382 4212 exiit
1410 4157 1514 4212 Ι.οε
1540 4174 1566 4210 :i
1597 4157 1700 4212 Su-

87 4233 276 4306 dotstis
303 4231 434 4300 pluit
468 4233 644 4306 ignem
671 4245 726 4284 et
754 4232 944 4300 sulpur
968 4231 1230 4306 ιιθξδρειριυ
1263 4237 1328 4306 Et
1353 4245 1546 4306 omnes
1579 4245 1698 4306 ner-

83 4303 250 4360 didit.
279 4300 578 4358 secundum
605 4303 739 4358 banc
765 4309 944 4366 erunt.
991 4300 1092 4371 qui.
1127 4302 1214 4356 die
1263 4300 1432 4356 Filius
1465 4301 1697 4356 liwminis

77 4375 453 4431 revelabitur.
487 4375 545 4432 In
595 4375 796 4430 illudie
825 4377 908 4441 qui
957 4372 1120 4426 fuerit
1149 4374 1202 4430 in
1257 4382 1418 4427 lectu.
1462 4381 1518 4428 et
1572 4387 1694 4428 vasa

74 4451 214 4518 ejus
243 4447 301 4501 in
349 4447 508 4500 domo
557 4461 661 4499 non
695 4445 990 4500 descendat
1041 4445 1378 4518 tullcrcAilla.
1409 4457 1463 4498 et
1511 4445 1598 4512 qui
1643 4446 1692 4498 in

71 4516 253 4590 agro.
302 4518 559 4573 similiter
606 4534 712 4572 non
765 4518 947 4572 redeat
994 4526 1159 4571 retro.
1207 4516 1471 4590 Memores
1523 4525 1696 4570 estote

73 4589 289 4647 nitoris
345 4595 466 4646 Lot.
512 4590 848 4660 Quicumque
897 4589 1192 4658 quaesierit
1251 4589 1694 4660 aniniamsnain

73 4669 302 4720 sali-am
364 4662 543 4717 facere
600 4658 790 4731 perdet
847 4660 1012 4720 illam.
1043 4670 1100 4718 et
1139 4660 1466 4731 quicumque
1509 4658 1696 4729 perdi-

1806 4013 1980 4068 Amen
2008 4013 2128 4069 dico
2183 4013 2357 4068 vobis.
2417 4015 2472 4068 In
2505 4014 2600 4069 illa
2631 4025 2790 4070 nocte
2817 4028 2980 4072 erunt
3018 4017 3128 4072 duo
3165 4021 3216 4073 in
3263 4019 3408 4075 lecto

1807 4103 1932 4140 uno.
1979 4101 2120 4140 unus
2164 4085 2498 4159 adsuuiotur.
2570 4095 2624 4141 et
2673 4088 2809 4142 alter
2863 4088 3215 4159 relinquetur.
3267 4091 3410 4147 duae

1804 4167 1962 4210 erunt
2003 4160 2270 4212 molentes
2324 4157 2376 4213 in
2418 4175 2606 4212 unum.
2664 4175 2768 4214 una
2823 4157 3156 4217 adsumetur.
3201 4173 3256 4218 et
3301 4165 3406 4218 alia

1805 4229 2160 4298 relinquetur.
2191 4229 2300 4284 duo
2332 4233 2383 4284 in
2419 4246 2570 4300 agro.
2612 4247 2750 4286 unus
2800 4233 3134 4288 adsumetur.
3187 4245 3242 4288 et
3269 4236 3408 4288 alter

1803 4301 2158 4372 relinquetur.
2234 4303 2298 4356 Et
2365 4304 2762 4366 restiniidentes
2826 4305 3078 4360 dixerunt
3145 4306 3241 4360 illi.
3303 4305 3408 4361 Ubi.

1803 4371 2106 4444 lient’ltaec
2155 4375 2399 4430 Domine.
2451 4375 2660 4440 Quibus
2706 4374 2824 4444 ipse
2869 4375 3008 4432 dixit
3075 4377 3410 4444 Ubicumque

1803 4443 1965 4518 fuerit
2019 4461 2234 4514 corpus.
2293 4445 2419 4500 illuc
2493 4443 2970 4518 COngregoliuntur
3020 4450 3254 4517 aquilae.
3312 4443 3406 4502 Di—

1800 4517 1956 4571 cebat
1987 4527 2164 4572 autem
2211 4527 2264 4572 et
2309 4517 2622 4588 parabolam
2650 4518 2716 4572 ad
2757 4518 2901 4574 illus.
2935 4525 3190 4590 quoniam
3243 4536 3408 4589 Opor-

1803 4599 1879 4662 tet
1905 4603 2124 4658 semper
2154 4605 2314 4662 orare
2342 4599 2399 4644 et
2428 4605 2534 4643 non
2581 4591 2820 4662 deiicere
2846 4591 3056 4646 dicens.
3083 4591 3256 4647 Iudex
3287 4593 3408 4662 qui—

1795 4659 1918 4714 dam
1935 4671 2053 4714 erat
2077 4662 2127 4715 in
2147 4661 2378 4731 quadam
2391 4662 2634 4718 civitate.
2651 4660 2746 4733 qui
2763 4663 2930 4718 Deum
2955 4679 3064 4718 non
3089 4659 3332 4720 timebat.
3351 4671 3406 4718 et

1388 4774 1617 4832 CODEX
1653 4774 2125 4832 CORBEIENSIS.

133 4881 252 4938 28.
289 4875 560 4934 Similiter
586 4877 784 4933 factum
817 4885 902 4933 est
923 4878 974 4932 in
1005 4876 1197 4933 diebus
1227 4877 1348 4932 Lot.

133 4952 254 5012 Ἦ.
287 4949 500 5008 Omittit
526 4961 580 5006 et
607 4949 856 5020 sulphur.

1873 4876 2002 4933 CAP.
2039 4875 2220 4932 XVIII.
2261 4905 2330 4915 -—
2358 4873 2412 4930 ι.
2447 4873 2502 4932 Si
2533 4873 2703 4930 Deum
2733 4889 2842 4928 non
2875 4872 3060 4929 timeo.

1345 5063 1742 5122 VARIANTES
1779 5059 2187 5118 LECTIONES.

127 5171 144 5200 ί
201 5161 564 5228 ϐαετδεινεινε.
593 5163 713 5213 Hm.
754 5159 1029 5212 vivificavit.
1064 5159 1210 5228 Vulg.
1255 5157 1434 5210 salvam
1467 5158 1692 5210 facere...

63 5226 380 5283 viviﬁcabit.

1863 5159 1884 5190 ³
1920 5157 2025 5206 Gai.
2055 5153 2143 5204 Illa
2173 5159 2488 5216 noctererunt
2511 5152 2607 5201 duo
2629 5151 2684 5202 in
2702 5149 2861 5213 lecto;
2886 5161 3030 5200 unus.
3067 5145 3213 5216 νηῒς.
3238 5151 3294 5202 In
3323 5151 3406 5204 illa

1805 5227 1948 5270 nocte
1973 5227 2116 5268 erunt
2141 5218 2238 5266 duo
2255 5219 2306 5266 in
2325 5215 2458 5266 lecto
2479 5229 2608 5278 uno;
2635 5227 2777 5264 unus.

775 5341 1068 5385 LECTIONES
1099 5341 1306 5384 CODICIS
1331 5337 1741 5381 \‘INDEBONENSIS
1773 5337 2044 5379 ABEUNTES
2067 5335 2132 5376 ΑΒ
2163 5335 2412 5374 EDITIONE
2442 5331 2716 5374 \‘ULGA'I'A.

129 5461 228 5508 2:5.
259 5448 842 5518 iubebant,_vei_id_ebant,
861 5447 1196 5518 aediﬁcabant.
1223 5507 1236 5518 _
1370 5449 1424 5492 et
1446 5445 1614 5518 ign-nm
1634 5442 1700 5518 de

64 5507 243 5571 cui».
328 5515 408 5564 50.
437 5516 488 5564 iu
505 5507 596 5564 die
616 5511 737 5582 Filii
749 5512 970 5582 heminis.
983 5523 1078 5573 qua
1101 5507 1418 5582 revelabittir.
1481 5507 1555 5558 55.
1579 5507 1698 5582 Qui:

65 5593 308 5646 cumque
365 5585 528 5627 autem
567 5576 842 5646 quaesierit
876 5571 1282 5646 .altiIDaID-‘Stli‘lm
1326 5571 1698 5646 liberare,

67 5630 230 5699 Ιῖεῖεῖ
255 5644 368 5692 duo
391 5651 553 5702 erunt,
575 5630 726 5702 itaque
747 5637 845 5689 duo
875 5637 924 5687 in
945 5649 1082 5701 agro.
1107 5637 1284 5686 Postea
1303 5631 1540 5697 sequitur,
1572 5630 1710 5684 duae.

1436 5736 1804 5798 BLANCHINI
1841 5737 2068 5796 NOTAE.

153 5841 244 5913 (a)
291 5838 459 5896 Addit
485 5847 696 5910 prapter
719 5851 799 5893 me
814 5839 978 5895 etiam
999 5835 1198 5894 Verrio
1212 5834 1378 5893 Goth.

1811 5447 1956 5490 erunt
1979 5437 2240 5488 molentes.
2289 5435 2618 5486 56.-dixerunt
2641 5431 2730 5482 illi.
2797 5430 3080 5490 37.Quihus
3097 5432 3404 5495 ipsedixit,"

1808 5501 2240 5564 congregabunluc
2257 5498 2466 5564 aquilae.

1871 5557 2262 5616 (ἷᾸνῘΧΥΠΙπ-
2287 5557 2332 5612 1⁷.
2357 5561 2504 5612 etiam
2529 5557 2808 5622 parabolas»
