1955 3168
115 189 166 218 665

308 249 425 278 CODEX
444 248 715 278 VERCELLENSIS.

531 296 577 324 17.
592 302 681 323 mnas.
693 294 727 323 Et
739 294 782 323 di-

530 331 570 359 xit
583 331 624 359 illi
636 340 643 359 :
653 330 726 359 Tan-

531 372 559 395 to
572 367 670 395 melior

531 403 603 431 bone
617 410 695 432 serve
710 411 717 436 ;

531 440 594 475 quia
608 439 633 466 in
649 440 702 466 mi-

114 299 203 323 τειυτ.

114 331 160 359 12.
181 331 255 369 Dixit
266 339 332 369 ergo
345 341 352 360 :
368 331 422 361 H0-

112 375 161 396 mo
172 368 282 402 quidam

112 409 193 437 paler
206 403 285 431 fami-

112 439 167 468 lias
179 439 287 474 prolec-

114 480 160 503 tus
172 481 214 502 est
226 476 254 503 in
264 483 307 503 re-
533 476 608 503 nimo
624 475 690 502 tide-

113 511 225 546 gionem
240 511 299 540 lon-
533 511 566 538 lis
580 511 664 544 luisti,
679 511 734 539 eris

112 547 257 582 ginquam,
271 555 316 576 ac—
534 551 696 581 potesnatetn

113 582 212 617 cipere
227 591 287 619 reg—
533 583 638 610 habens
653 591 698 611 su-

113 627 193 651 num,
207 624 236 646 et
250 627 342 647 rever-
490 645 493 647 _
534 626 582 654 pra
598 619 691 647 decem

114 654 162 682 15.
184 655 215 682 ti.
235 654 342 684 Vocatis
355 662 405 683 au-
532 655 666 683 civitates.

534 690 578 718 18.
592 691 625 718 Et
641 691 718 719 venit
727 691 777 719 ali-

532 734 575 758 us,
591 726 685 754 dicens
701 736 708 754 :

488 788 492 792 .
533 762 656 795 Domine,
670 770 734 790 mna

534 804 578 826 tua
593 798 656 826 fecit
666 799 734 827 alias

553 835 653 869 uiuque

551 870 579 898 9.
597 877 683 898 muas.
698 871 771 899 Dixit
779 876 807 900 et

534 906 597 934 huic
614 915 620 933 :
638 906 672 934 Et
686 912 725 941 tu,

534 947 594 970 esto
611 950 694 976 supra

114 696 170 719 tem
182 691 279 720 decem

113 727 207 755 servis
220 728 288 761 suis,

115 762 193 790 dedit
208 763 261 792 illis

118 798 213 826 decem
226 807 314 832 lunas,

117 839 144 862 et
154 834 226 862 dixit
237 834 271 862 ad
285 842 332 864 eos
345 843 351 864 :

114 870 284 906 Negotiami-

116 906 143 934 ui
152 927 161 939 ,
175 907 263 935 donec
279 915 325 934 ve-

118 942 164 971 14.
186 942 241 970 uio.
254 942 333 971 Cives
343 950 392 972 au-

119 983 174 1014 tem
187 978 207 1014 -ι-
221 979 293 1006 illius
308 979 367 1008 odi-
533 978 654 1013 quinque
661 978 701 1006 ci-

118 1013 186 1042 bant
197 1013 278 1047 eum;
534 1015 631 1042 vitates
643 1021 692 1049 po—

116 1055 143 1077 et
158 1050 298 1078 miserunt
539 1055 663 1078 testatem
677 1049 726 1078 ha-

117 1088 126 1102 ¹
139 1086 305 1121 legationem
537 1086 616 1114 beus.

115 1127 182 1156 post
196 1122 284 1157 illum,
537 1122 583 1150 20.
600 1122 634 1149 Et
645 1122 716 1150 alius
728 1123 812 1157 venit,

115 1158 243 1186 dicentes
259 1167 266 1186 :
282 1158 349 1193 Quia
538 1158 631 1186 dicens
646 1167 653 1184 τ
666 1158 791 1193 Domine,

118 1193 249 1222 nolumus
537 1201 602 1222 ecce
617 1202 678 1221 mna

117 1229 194 1257 hunc
208 1237 307 1265 regna-
540 1235 596 1262 tua,
613 1237 693 1264 quam
705 1230 739 1258 ha
748 1246 755 1250 -

119 1273 149 1292 re
164 1273 247 1300 super
263 1274 323 1294 nos.
540 1265 636 1294 bebam
652 1273 697 1293 re-

121 1300 167 1328 15.
182 1301 214 1329 Ει
228 1302 327 1330 factum

124 1342 178 1369 est,
190 1345 283 1366 rever-

124 1377 198 1401 tente
211 1373 256 1401 illo

120 1415 231 1443 accepto
244 1417 307 1444 reg-

118 1451 164 1475 no,
181 1446 192 1460 ¹
206 1445 290 1479 jussit
303 1452 353 1473 vo-

117 1480 180 1507 cari
192 1488 286 1509 servos

115 1523 198 1548 suos,
214 1516 312 1551 quibus

116 1551 237 1579 dederat
252 1560 297 1587 pe-

114 1587 244 1621 cuniam;
258 1593 288 1616 ut

116 1623 212 1656 sciret,
229 1624 289 1659 quis

540 1301 656 1336 positam
671 1302 698 1330 iu

538 1337 583 1364 21.
598 1337 707 1364 sudario
722 1345 729 1364 :
746 1337 756 1353 '
771 1345 839 1373 quo-

539 1373 611 1400 niam
624 1374 703 1400 time-

539 1409 601 1437 bam
618 1413 654 1441 te.
671 1409 734 1444 quia

539 1445 621 1474 homo
633 1452 696 1473 aus-

539 1482 606 1509 teris
620 1488 669 1513 es;
685 1481 739 1509 tol-

539 1516 585 1549 lis,
599 1517 673 1558 quod
686 1525 740 1544 non

539 1553 655 1588 posuisti
672 1561 679 1584 ;
700 1558 729 1582 et

493 1616 496 1618 .
541 1593 638 1621 metes,
654 1589 726 1624 quod

540 1631 593 1652 nou
608 1625 741 1654 seminas-

116 1659 182 1693 quid
200 1667 284 1695 nego-
303 1688 306 1691 λ
538 1660 583 1688 es.
597 1660 627 1688 ti.
642 1661 685 1688 Ait
698 1660 732 1688 il-

118 1695 201 1723 tiatus
211 1695 280 1725 fuis-
537 1696 554 1724 li
572 1704 579 1723 ε
597 1696 635 1723 Ex
648 1704 698 1726 ore
710 1703 755 1725 tuo

116 1736 172 1758 set.
532 1732 662 1767 judicabo
674 1739 709 1764 te,

114 1766 163 1794 16.
181 1767 263 1795 Venit
274 1772 365 1797 autem
534 1766 722 1796 intidelisser-

112 1803 205 1838 prior,
220 1803 315 1831 dicens
328 1813 335 1831 :

111 1839 243 1869 Domine.
259 1846 322 1872 mna

111 1879 164 1902 tua
175 1874 272 1903 decem

109 1910 266 1946 adquisivit

536 1811 570 1831 ve
581 1808 609 1831 et
623 1804 694 1833 male
710 1812 717 1831 :

536 1839 643 1867 sciebas
657 1847 712 1874 me,

537 1876 599 1911 quia
615 1875 696 1904 ltomo

536 1912 653 1940 austeris
668 1918 740 1946 sum,

654 188 882 219 EVANGELIUM
895 188 1082 219 SECUNDUM
1096 190 1226 219 LUCAM.
1390 191 1401 221 ἴ

1708 191 1761 219 666

1178 248 1294 278 CODEX
1314 249 1541 279 VERONENSIS.

1381 298 1424 323 l7.
1442 297 1474 324 Et
1490 297 1526 324 ait
1539 296 1595 325 illi:

1380 334 1454 368 Euge
1470 333 1539 373 bone

1381 377 1458 396 serve
1470 377 1478 401 ς
1494 377 1556 404 quia

964 300 1051 324 rellll'.

963 332 1009 368 12.
1023 331 1170 368 Dixitergo
1185 341 1193 360 :

963 367 1050 395 Homo
1062 367 1172 403 quidam

963 407 1023 431 erat
1037 404 1124 431 dives.
1138 403 1162 431 is
1382 405 1407 431 in
1422 403 1529 432 modico

963 439 1029 466 abiit
1042 439 1081 475 (α)
1093 440 1119 467 in
1132 447 1176 468 re-
1381 441 1470 468 lidclis
1486 440 1571 472 fuisti,

962 475 1070 513 giouetn
1085 476 1165 510 longe
1178 477 1207 513 1-,
1381 477 1436 504 eris
1453 480 1573 511 potesta-

963 511 1090 546 accipere
1103 519 1148 540 re-
1186 511 1189 513 ’
1381 517 1434 540 tem
1448 512 1551 541 habens

963 552 1096 588 gnumnet
1380 556 1461 588 supra
1473 549 1565 577 decem

963 584 1077 610 reverti.
1379 584 1512 612 civitates.

963 619 1008 646 15.
1026 619 1060 646 Et
1075 620 1182 647 vocavit

963 654 1058 682 decem
1072 662 1176 688 servos,

963 695 991 717 et
1005 690 1079 718 dedit
1090 691 1144 719 illis

1379 620 1424 648 18.
1440 620 1474 648 Ει
1489 622 1557 649 alter
1565 628 1610 650 ve—

1380 657 1430 688 nit,
1442 656 1537 684 dicens
1553 666 1560 684 :

1381 691 1506 726 Domine,
1520 700 1583 721 mna

963 726 1058 754 decem
1074 732 1113 755 Ia-
1381 733 1426 755 tua
1442 727 1506 756 fecit

964 762 1048 800 lenta,
1064 768 1096 800 ret
1379 764 1500 800 quinque
1515 769 1557 793 ta-

963 799 1002 826 ait
1013 798 1046 826 ad
1062 799 1095 826 il-
1382 799 1426 827 19.
1442 798 1525 828 lenta.
1540 800 1586 829 Ait

963 834 1006 862 los
1021 844 1027 861 :
1040 834 1127 870 Nego—
1381 840 1410 863 et
1424 836 1488 864 huic
1501 845 1508 863 :
1526 837 1560 865 Et

965 870 1079 905 tiamiui,
1095 870 1159 898 dum
1383 876 1411 899 lu
1423 877 1483 900 esto
1495 880 1542 900 su-

963 907 1056 943 venio.
1138 942 1141 943 ν
1382 915 1430 942 pra
1445 908 1525 943 quin-

966 942 1010 970 14.
1027 942 1106 979 Cives
1120 942 1159 978 (ὁ)
1173 950 1221 971 au-
1383 951 1438 979 que
1450 944 1547 972 civita-

966 983 1020 1006 tem
1035 978 1056 1014 -ιη
1070 978 1137 1006 ode~
1384 978 1437 1007 tes.

1383 1015 1428 1043 20.
1446 1016 1480 1044 Et
1493 1016 1562 1044 alter
1572 1023 1619 1045 ve-

1383 1052 1433 1082 nit,
1450 1052 1543 1080 dicens
1556 1060 1563 1079 :

1384 1087 1511 1121 Domine,

1382 1131 1448 1152 ecce
1463 1125 1594 1152 talentum

967 1020 1028 1042 rant
1041 1015 1117 1042 illum
1132 1022 1139 1047 ;

968 1057 996 1078 et
1011 1051 1144 1079 miserunt

968 1087 1135 1122 legationem

970 1129 1030 1157 post
1042 1123 1129 1156 illum,

969 1158 1092 1195 dicentes
1107 1167 1123 1195 :A
1384 1164 1470 1193 tuum,
1485 1159 1557 1195 quod

969 1194 1101 1222 Nolumus
1117 1193 1190 1222 huttc
1385 1195 1468 1237 habui
1479 1193 1561 1237 repo-

971 1238 1085 1265 regnare
1098 1237 1144 1257 Sil-
1385 1236 1469 1259 situm
1486 1240 1512 1259 in

971 1274 1021 1301 pra
1037 1273 1097 1293 nos.
1385 1268 1496 1295 sudario
1513 1276 1520 1294 :

1384 1303 1430 1345 et.
1448 1303 1486 1345 (ρ)
1500 1303 1564 1339 quia
1574 1303 1595 1339 ψ

1386 1343 1462 1366 timui
1479 1343 1515 1372 te,

1384 1374 1456 1410 quod
1466 1375 1549 1402 homo

972 1302 1017 1330 l5.
1032 1302 1065 1329 Et
1077 1302 1177 1330 factum

971 1342 1024 1370 est,
1040 1343 1069 1365 ut
1082 1338 1152 1366 redi-

970 1380 1012 1402 ret
1027 1378 1140 1408 accepto

970 1418 1066 1445 regno,
1078 1415 1107 1437 et
1385 1410 1502 1438 austeris
1514 1418 1544 1438 es
1558 1418 1566 1443 ;

967 1444 1048 1481 jussit
1057 1444 1149 1473 vocari
1386 1446 1471 1479 tollis,
1487 1446 1559 1481 quod

969 1489 1076 1515 servos,
1090 1482 1151 1517 qui-
1388 1490 1442 1509 non
1456 1482 1569 1516 posuisti
1582 1490 1590 1513 ;

969 1517 1022 1546 hus
1036 1518 1113 1559 dedit
1387 1523 1415 1545 et
1426 1517 1598 1559 metis,‘quod

970 1553 1112 1596 pecuniam
1129 1561 1137 1586 ;

970 1596 1000 1617 ιιι
1013 1594 1108 1621 sciret,
1129 1596 1214 1624 quan-

1389 1562 1443 1581 ll0n
1451 1561 1539 1595 semi-

1388 1594 1470 1617 uasti.

970 1630 1028 1653 tum
1037 1628 1154 1661 quisque
1386 1626 1431 1653 Ξῖ,
1449 1625 1490 1661 (d)
1504 1625 1537 1652 Et
1546 1625 1565 1661 -ξ-
1578 1624 1620 1652 di-

970 1662 1125 1697 negotiatus
1388 1661 1430 1689 xit
1445 1663 1469 1689 ei
1486 1670 1491 1688 :
1511 1662 1548 1689 De

969 1702 1053 1725 eSSet.
1387 1705 1435 1725 ονε
1456 1703 1502 1725 tuo

970 1732 1016 1760 16.
1034 1733 1113 1761 Venit
1132 1737 1224 1761 autem

970 1769 1075 1804 primus
1089 1768 1182 1797 dicens
1197 1777 1204 1796 :

970 1805 1093 1837 Domine,
1110 1811 1150 1832 ta-

1385 1738 1412 1760 te
1425 1733 1536 1768 judico,

1386 1769 1504 1797 crudelis
1519 1776 1597 1796 serve
1611 1777 1620 1797 :

1386 1805 1492 1833 sciebas
1500 1825 1507 1836 ,
1522 1804 1594 1840 quod

968 1840 1072 1869 lentum
1087 1846 1163 1869 tuum
1386 1848 1437 1876 ego
1449 1840 1531 1868 homo

968 1885 996 1904 κ.
1014 1878 1114 1905 talenta
1384 1878 1502 1904 austeris

968 1913 1125 1948 adquisivit.
1385 1919 1446 1940 sum
1454 1933 1462 1945 ,

777 1970 894 2000 CODEX
913 1971 1110 2000 BRIXIANUS.

107 2022 204 2047 retur.
213 2017 284 2045 Dixit
292 2017 456 2054 ergozilomo
462 2016 571 2052 quidam
578 2017 731 2045 eratdivcs.
739 2023 765 2045 et
776 2018 798 2045 is
807 2019 872 2046 abiit
879 2017 919 2054 (α)

108 2055 144 2082 in
152 2055 292 2088 regionem
301 2053 474 2089 longinquam
484 2053 515 2088 ~l-.
526 2053 651 2088 accipere
660 2054 711 2081 sibi
721 2062 833 2089 regnum
843 2060 870 2081 ct
878 2053 921 2082 re;

107 2090 199 2117 verti.
207 2089 408 2117 Vocansautem
417 2090 601 2117 Ileumservos
607 2098 680 2117 suos.
688 2090 762 2117 dedit
769 2090 919 2118 illisdr-cem

106 2133 206 2154 maias.
215 2125 327 2152 etaitad
339 2126 409 2152 illos.
418 2125 597 2159 Negotiamini
610 2126 771 2154 tlumvenio.
782 2125 862 2153 Cives
874 2134 922 2153 au-

107 2168 172 2189 tem
183 2161 243 2196 ejus
250 2161 364 2188 oderant
380 2162 488 2187 illumet
503 2162 807 2196 miseruntlegationem
821 2168 879 2196 post
892 2163 923 2189 tl-

106 2197 173 2225 luttt
189 2198 322 2224 dicentes.
335 2196 466 2224 Nolumus
479 2196 550 2224 hunc
579 2205 694 2229 regnare
711 2206 793 2231 super
812 2205 871 2225 nos.
889 2198 924 2225 Et

107 2233 268 2261 factumeSt
283 2238 311 2259 ut
324 2232 427 2260 rediret
441 2238 553 2267 acoepto
574 2241 668 2268 rcgutt.
685 2238 711 2261 et
724 2233 805 2268 jussit
824 2242 923 2261 vocare

106 2276 211 2297 servm
220 2269 281 2296 illos
288 2268 386 2304 quibus
393 2269 466 2305 dedit
480 2269 622 2303 pecuniam
630 2275 657 2297 ut
664 2269 756 2297 Sciret.
764 2270 824 2304 quis
837 2278 923 2305 quan-

107 2311 175 2333 tum
184 2305 303 2332 lucratus
309 2309 392 2332 esset.
399 2304 575 2332 Venitautem
584 2305 687 2339 primus
694 2305 796 2332 dicens.
807 2304 922 2334 Domine

107 2349 182 2370 muti
207 2346 262 2368 tua.
279 2341 373 2369 decem
397 2347 475 2368 mnas
488 2341 643 2376 adquisivit.
667 2341 701 2368 lit
718 2342 755 2369 ait
780 2341 829 2368 illi.
847 2341 922 2377 Euge

1773 1995 1785 2008 1

974 2026 1052 2046 scrve
1076 2019 1149 2047 bone
1171 2023 1199 2046 et
1213 2018 1309 2046 ﬁdelis.
1331 2018 1392 2054 quia
1413 2019 1439 2046 in
1454 2018 1563 2046 modico
1583 2017 1670 2046 ﬁdelis
1691 2017 1774 2045 fuisti.

974 2055 1029 2082 eris
1055 2060 1215 2090 potestatem
1240 2053 1346 2082 habens
1361 2062 1442 2089 supra
1465 2054 1557 2082 decem
1581 2055 1715 2090 civitates.
1742 2053 1776 2081 Et

975 2091 1043 2117 alter
1058 2093 1131 2118 venit
1153 2091 1258 2119 dicens.
1278 2092 1400 2118 Nomine.
1425 2099 1485 2117 mna
1502 2095 1557 2118 tuo.
1575 2090 1639 2117 fecit
1658 2089 1776 2125 quinque

975 2134 1062 2153 mnos.
1078 2127 1110 2154 Et
1126 2126 1187 2154 huic
1202 2128 1248 2154 ait.
1265 2127 1299 2154 Et
1312 2133 1338 2153 tu
1355 2131 1414 2154 esto
1425 2135 1505 2161 supra
1519 2128 1638 2161 quinque
1651 2126 1774 2153 civitates

976 2162 1010 2189 Et
1026 2164 1093 2190 alter
1109 2164 1179 2190 venit
1195 2164 1298 2191 dicens.
1326 2164 1446 2190 Domine.
1471 2171 1533 2190 ecce
1551 2171 1612 2189 mnu
1628 2167 1673 2189 tua
1696 2169 1775 2196 quant

974 2198 1055 2225 imbui
1072 2200 1217 2233 repo.~itani
1229 2201 1254 2226 in
1267 2199 1390 2226 sudario.
1408 2199 1482 2225 timui
1497 2199 1568 2225 t'uiut
1582 2203 1608 2225 te
1621 2199 1682 2233 qlliit
1696 2197 1777 2224 homo

974 2242 1005 2262 es
1020 2241 1145 2262 austeris.
1158 2235 1230 2262 tollis
1241 2236 1375 2270 quodnon
1393 2234 1506 2267 posuiin
1517 2235 1630 2262 etutctis
1641 2234 1711 2268 quod
1723 2241 1775 2259 non

973 2270 1124 2298 scnninasti.
1135 2272 1170 2306 (ὁ)
1185 2271 1316 2306 Et-fdixit
1329 2271 1364 2298 ei.
1378 2270 1416 2297 De
1432 2278 1479 2297 ore
1494 2276 1539 2296 tuo
1548 2270 1681 2306 tejtttlico.
1698 2275 1776 2296 serve

975 2314 1061 2340 nequa
1076 2310 1103 2333 ct
1110 2304 1184 2342 piger
1192 2304 1308 2334 sciebas.
1325 2306 1395 2341 quod
1410 2314 1460 2340 ego
1482 2305 1598 2333 austeris
1611 2304 1693 2332 homo
1704 2312 1772 2332 sum.

756 2397 873 2427 CODEX
891 2398 1129 2429 CORBEIENSIS.

153 2445 201 2473 13.
220 2444 255 2472 Et
268 2445 374 2472 vocavit
390 2444 486 2473 decem
502 2453 607 2478 servos.
624 2450 652 2473 et
664 2445 738 2473 dedit
754 2446 819 2474 illis.

151 2481 199 2509 22.
213 2485 239 2509 te
250 2480 353 2516 judico,
367 2488 385 2509 ο
397 2481 514 2509 iniidelis
527 2488 605 2509 serve
618 2490 625 2509 :
640 2482 755 2513 sciebas,
771 2487 824 2510 etc.
840 2482 922 2510 homo

974 2453 1100 2476 austerus
1111 2455 1184 2482 sum,
1198 2447 1274 2482 tollo,
1290 2449 1362 2484 qttod
1378 2456 1432 2476 non
1446 2449 1535 2485 posui,
1548 2453 1574 2477 et
1589 2454 1672 2477 meto.

740 2527 936 2557 VARIANTES
956 2527 1160 2557 LECTIONES.

149 2575 158 2590 ι
177 2574 237 2612 λῳ.
249 2574 415 2612 legationem,
427 2573 547 2598 dicentes.
565 2571 638 2606 Vulg.
651 2573 801 2604 legationem
821 2577 874 2606 post
891 2573 922 2598 il-

111 2606 178 2633 lum.
190 2606 311 2630 dicentes.

149 2638 159 2652 ³
177 2637 238 2668 Mm.
247 2636 314 2661 misit
323 2636 434 2661 vocari...
445 2637 509 2668 quis.
519 2635 595 2668 Vulg.
603 2635 676 2666 jussit
686 2637 918 2668 vocari...quisque.

149 2668 161 2684 ⁸
177 2667 233 2694 Gut.
244 2668 301 2699 quia
313 2668 381 2693 timui
393 2671 429 2700 te,
440 2667 504 2699 quod
518 2667 590 2692 homo
599 2671 713 2692 austerus
725 2674 768 2699 es;
781 2667 920 2699 totlrs,’ubi

975 2579 1024 2597 non
1037 2573 1138 2604 posu'mti
1148 2593 1155 2604 ,
1168 2576 1194 2598 et
1204 2573 1287 2605 motis,
1300 2573 1341 2597 ubi
1356 2579 1413 2597 non.
1427 2573 1487 2605 Mm.
1506 2573 1563 2604 quia
1576 2572 1644 2605 timui
1657 2575 1682 2597 te
1693 2592 1699 2601 .
1711 2573 1774 2604 quod

974 2603 1086 2630 ltomo....
1100 2603 1164 2636 quod
1178 2603 1290 2636 posuisti,
1311 2606 1384 2628 metis
1393 2604 1457 2636 ,Vubi
1470 2603 1526 2628 non}
1542 2603 1615 2636 Vulg.
1628 2604 1696 2629 timui
1710 2604 1775 2628 enim

974 2640 1009 2667 te,
1023 2637 1080 2667 quia
1100 2635 1172 2660 homo
1190 2641 1302 2661 austeros
1315 2643 1358 2666 es;
1371 2635 1453 2666 tollis,
1465 2635 1531 2666 quod
1548 2635 1599 2660 noti
1618 2635 1733 2667 posuisti,
1747 2639 1772 2660 et

973 2668 1055 2697 melis,
1067 2667 1134 2700 quod
1145 2674 1200 2692 non.

469 2726 616 2747 LECTIONES
627 2726 729 2747 CODICIS
743 2727 950 2757 VINDEBQNENSIS
962 2727 1100 2748 ABEUNTES
1110 2728 1144 2748 ΔΒ
1154 2727 1279 2748 EDITIONE
1291 2727 1422 2748 VULGATA.

151 2769 188 2794 12.
211 2769 284 2794 homo
303 2769 404 2801 quidam
426 2772 481 2801 erat
498 2769 569 2794 dives
581 2769 617 2801 :is
635 2768 734 2794 abiit....
753 2769 865 2801 accipere
878 2775 919 2793 re-

155 2808 203 2831 um,
217 2806 244 2826 et.
257 2800 358 2826 reverti.
394 2801 432 2827 15.
445 2800 476 2826 Et
493 2801 587 2826 vocavit
601 2800 690 2825 decem
701 2807 802 2831 servos,
815 2803 842 2825 et
851 2800 920 2825 dedit

112 2829 177 2858 illis.
196 2829 249 2860 '14.
260 2832 365 2858 oderant
376 2832 454 2858 iltutn.
488 2832 525 2858 15.
537 2832 594 2857 dum
607 2832 710 2857 rediret.
724 2829 920 2863 [negotia—

975 2773 1014 2794 tus
1027 2772 1073 2794 est.
1109 2769 1146 2794 17.
1160 2775 1232 2793 servo
1244 2768 1318 2793 bone.
1352 2768 1391 2793 21.
1404 2768 1460 2799 quia
1473 2768 1541 2792 timui
1554 2770 1589 2795 te.
1602 2768 1658 2796 quia
1671 2767 1773 2799 homo...

974 2803 1001 2825 et
1013 2804 1103 2826 metes.
1136 2800 1176 2825 22.
1186 2800 1345 2825 etdixitei...
1355 2798 1460 2825 inﬁdelis
1470 2798 1690 2824 servezsciebas...
1703 2798 1772 2828 tollo,

972 2832 1038 2863 quod
1050 2838 1098 2856 tton
1112 2832 1196 2863 posui,
1209 2836 1235 2857 et
1246 2835 1323 2857 meto.

782 2884 967 2913 BLANCHINI
985 2884 1103 2913 NOTE.

119 2961 136 2974 ι
157 2937 194 2972 (tt)
211 2936 279 2968 Tex.
292 2935 341 2974 Gr.
354 2936 390 2974 ᾳὶς
405 2935 498 2974 χώραν
511 2934 620 2974 μακέρὰν.
636 2934 666 2962 τὸ
680 2933 798 2974 uomitu,
820 2937 876 2960 tum
892 2932 1055 2974 longinquam
1067 2953 1074 2964 ,
1096 2935 1157 2974 tum_
1169 2931 1245 2974 longe
1258 2932 1330 2974 verti
1346 2935 1444 2974 potest.
1460 2946 1495 2952 —
1515 2930 1561 2974 (bl
1581 2930 1646 2974 Post
1670 2935 1754 2958 autent

116 2965 196 3002 deest
210 2965 281 3009 ejus,
297 2971 325 3002 in
338 2965 526 3007 calfit-quue
543 2965 623 2999 C'ant.
639 2965 832 3005 —'(c)'lta'et
852 2969 913 2997 cod.
929 2965 1009 2998 Cant.
1029 2967 1078 2996 ὃτι.
1101 2982 1136 2989 ——
1150 2967 1190 3003 (ιι)
1208 2965 1288 2996 Addit
1300 2973 1334 3002 et,
1347 2965 1405 2997 'tex.
1423 2974 1530 3004 quoque
1541 2965 1587 2994 Gr.
1604 2965 1639 2994 sa.
1657 2996 1668 3003 ,Α
