3910 6336
194 303 286 362 689

552 413 782 470 CODEX
827 411 1365 471 VERCELLENSIS.

191 524 288 570 tum
315 524 557 581 magnum
591 526 604 563 :
995 518 1050 581 tu
1077 510 1272 565 vineae
1300 551 1315 576 ,

186 587 249 642 ibi
272 580 466 657 parate.
992 580 1168 657 donec
1196 597 1318 657 reg-

189 654 498 714 lSIEuntes
527 662 705 710 autem
732 695 747 722 ,
995 669 1122 708 num
1155 654 1246 710 Dei

187 730 488 785 invenerunt
509 765 526 792 ,
995 725 1197 780 veniat.

186 802 313 857 sicut
336 798 486 854 dixe—
998 797 1087 852 19.
1129 797 1233 861 Et,
1264 804 1489 868 accepto
1513 811 1605 869 pa-

185 883 259 929 rat
283 870 387 926 illis
411 912 427 935 ,
455 876 511 925 et
534 883 630 940 pa-
995 883 1064 923 ne
1091 911 1106 933 ,
1139 869 1338 940 gratias

992 941 1100 1010 egit
1128 982 1142 1005 ,
1169 951 1224 995 et
1250 955 1383 996 con-

992 1011 1152 1082 fregit
1179 1024 1233 1067 et
1256 1013 1352 1067 de-

994 1083 1070 1137 dit
1102 1084 1205 1138 illis
1231 1125 1247 1150 ,
1278 1083 1363 1138 di-

997 1168 1127 1209 cens
1146 1172 1166 1226 ;
1201 1154 1272 1226 (ε)
1297 1154 1411 1211 Hoc
1439 1165 1524 1211 est

996 1226 1060 1280 2i
1074 1265 1087 1278 .
1130 1223 1340 1297 Corpus
1365 1243 1474 1282 me-

997 1313 1086 1352 um
1117 1296 1158 1369 -ι-
1186 1299 1201 1329 ²
1228 1296 1477 1355 Attamen

995 1383 1122 1424 ecce
1155 1384 1353 1425 manus

994 1441 1014 1470 ³
1057 1442 1348 1510 proditoris

997 1514 1102 1567 mei
1131 1513 1212 1583 (ά)
1238 1527 1447 1569 mecum
1477 1512 1517 1584 ’ξ-

996 1597 1162 1654 super
1189 1600 1342 1640 men-

183 951 419 1000 raverunt

187 1013 394 1070 Pascha.

186 1087 263 1142 14.
299 1085 365 1140 Ει
387 1127 400 1149 ,
431 1099 552 1140 cum
585 1082 727 1139 facta

184 1169 256 1214 est
279 1159 399 1212 hora
420 1198 434 1223 ,
458 1156 570 1211 dis-

183 1228 343 1284 Cubuit
368 1245 384 1294 ;
413 1239 468 1284 et
491 1227 566 1282 A-

185 1301 361 1369 postoli
386 1314 506 1355 cum

187 1372 263 1428 15.
300 1370 408 1427 illo.
441 1371 509 1426 Et
534 1369 672 1426 dixit

185 1445 240 1499 ad
261 1458 380 1499 eos:
411 1442 561 1498 Desi-

183 1514 484 1584 deriocupi-

183 1585 226 1641 vi
249 1585 343 1643 hoc
369 1584 576 1642 Pascha

182 1658 450 1712 manduca-
994 1671 1132 1710 sam.

182 1744 234 1784 re
257 1730 524 1784 vobiscum
552 1769 570 1796 ,
991 1725 1082 1798 22.
1127 1726 1295 1782 Filius
1325 1727 1542 1798 quidem

179 1808 444 1872 antequam
538 1871 543 1872 ί
998 1797 1238 1872 hominis
1261 1797 1282 1829 ³
1313 1797 1398 1855 se-

181 1872 258 1928 16.
295 1869 488 1944 patiar.
527 1871 663 1927 Dico
994 1869 1233 1944 cundum

179 1941 312 2000 enim
343 1944 492 2000 vobis
520 1986 534 2011 ,
994 1941 1138 2012 quod
1169 1941 1305 1997 deli-

178 2016 408 2085 quoniam
995 2014 1167 2085 nitum
1195 2023 1278 2068 est
1295 2055 1311 2082 ,

179 2084 271 2142 non
305 2088 456 2144 edam
995 2084 1162 2140 vadit.

179 2158 295 2214 illud
321 2202 336 2226 ,
367 2159 541 2216 donec
997 2155 1196 2212 Verum
1227 2171 1326 2212 vae

180 2229 430 2301 inpleatur
995 2226 1203 2284 homini
1238 2228 1314 2283 illi
1334 2272 1348 2295 ,

180 2301 224 2356 in
252 2318 409 2368 regno
433 2302 554 2358 Dei.

181 2373 260 2445 17.
295 2374 390 2442 Et,
421 2383 647 2445 accepto
682 2387 774 2430 ca-

179 2443 268 2501 lice
288 2488 302 2512 ,
333 2447 532 2517 gratias

179 2519 270 2585 egit
298 2560 311 2582 ,
347 2519 534 2573 dicens
557 2535 570 2571 :

181 2586 367 2663 Sumite
395 2589 472 2663 (q)
505 2589 610 2647 hoc
631 2589 673 2661 ἰ·
707 2629 722 2656 ,

996 2315 1093 2368 per
1121 2315 1281 2371 quem

991 2371 1084 2425 25.
1131 2373 1378 2427 traditur.
1410 2371 1478 2427 Et

994 2443 1094 2512 ipsi
1114 2442 1135 2473 ‘
1159 2443 1397 2513 inquire-

995 2514 1128 2570 bant
1158 2515 1300 2570 inter

995 2602 1078 2658 se.
1108 2587 1359 2658 quisnam

180 2667 227 2713 et
245 2656 477 2729 partimi-
647 2656 658 2661 ⁷
995 2657 1070 2786 ξε)
1102 2656 1246 2713 esset
1267 2657 1341 2729 ἦα,
1369 2658 1462 2730 qui
1488 2656 1592 2715 hoc

180 2731 224 2785 ni
248 2732 295 2786 in
327 2732 495 2786 vobis.
1018 2741 1236 2785 acturus

179 2731 224 2785 ni
248 2732 295 2787 in
327 2732 495 2789 vobis.
997 2731 1236 2786 facturus

177 2803 252 2858 18.
294 2804 417 2859 Dico
445 2804 598 2860 enim
995 2810 1161 2857 esset.

180 2875 337 2942 vobis,
363 2891 504 2947 quon
519 2877 564 2933 i-
993 2872 1084 2928 24.
1130 2875 1150 2905 ³
1181 2874 1344 2932 Facta
1378 2882 1464 2932 est
1490 2882 1668 2930 autem

177 2959 251 3000 am
275 2962 377 3003 non
405 2949 485 3002 bi-
899 2965 902 2968 ’
993 2947 1276 3002 contentio

178 3015 283 3073 bam
308 3017 374 3076 de
398 3019 552 3076 l‘ruc-
997 3018 1139 3074 inter
1170 3019 1294 3075 illos
1317 3061 1332 3086 ,

1224 300 1682 361 EVANGELIUM
1719 300 2094 361 SECUNDUM
2135 300 2394 360 LUCAM.

3369 302 3474 358 6.20

2298 416 2536 475 CODEX
2581 416 3036 478 VERONENSIS.

1859 528 2116 598 magnum
2145 513 2187 585 -ί-
2219 530 2233 568 :
2706 513 2954 597 Accipite
2989 513 3069 587 (α)
3096 514 3200 572 hoc
3229 514 3303 586 ἦ,

1859 585 1932 642 ibi
1969 593 2176 642 parate.
2699 595 2755 641 et
2775 584 3002 642 dividite

1858 596 1932 642 ibi
1968 596 2176 657 parate.
2699 596 2755 641 et
2775 596 3002 642 dividite

1859 658 1948 713 15.
1996 659 2198 712 Euutes
2219 666 2420 723 autem,
2697 657 2843 713 inter
2867 673 2982 713 vos.

2702 729 2789 784 18.
2835 729 2962 786 Dico
2993 729 3140 786 enim

2699 800 2878 868 vobis,
2911 802 3056 871 quod

2699 885 2810 926 non
2830 871 3010 928 bibam

2700 942 2776 1014 (b)
2810 943 2878 999 de
2901 959 3130 1015 genera-

2701 1016 2849 1069 tione
2881 1017 2981 1071 hac

2699 1086 2827 1160 vitis
2856 1085 3016 1157 hujus
3043 1088 3110 1160 1-,

2700 1157 2876 1231 donec
2905 1157 3132 1231 regnum

2701 1229 2798 1283 Dei
2827 1229 3027 1286 veniat.

2700 1300 2792 1356 2i.
2835 1300 3221 1359 Verumtamen

2701 1386 2833 1427 ecce
2864 1389 3058 1430 manus

2700 1444 2962 1501 tradentis
2993 1461 3079 1500 me

1860 729 2204 796 invenerunt,

1859 800 2000 856 sicut
2027 801 2164 856 dixit

1861 872 1992 936 illis,
2025 881 2080 928 et
2110 887 2264 942 para-

1860 953 2050 998 verunt
2077 944 2300 998 Pascha.

1862 1015 1954 1070 M.
1999 1014 2088 1080 Et,
2121 1031 2244 1070 cum
2274 1014 2353 1070 fa-

1860 1095 1943 1140 cta
1973 1095 2119 1142 esset
2147 1085 2243 1142 ho-

1859 1173 1945 1223 ra,
1971 1159 2274 1225 discubuit;

1861 1238 1918 1285 et
1944 1230 2191 1298 Apostoli

1859 1315 1982 1356 Cum
2013 1301 2130 1355 illo.

1860 1373 1951 1428 15.
1999 1374 2063 1427 Et
2089 1373 2165 1427 ait
2196 1372 2304 1428 illis
2339 1390 2354 1427 :

1861 1443 2144 1498 Desiderio
2173 1445 2318 1501 desi-

1860 1514 2044 1588 deravi
2079 1516 2183 1571 hoc
2701 1514 2782 1588 (ά)
2813 1531 3023 1572 mecum
3054 1515 3094 1588 -ι-
3124 1516 3180 1572 ἰη

1844 1584 2066 1659 ,Ρδδοιια
2101 1603 2254 1643 man-
2700 1584 2792 1642 22.
2835 1602 3046 1659 mensa.
3069 1584 3140 1645 Et
3160 1588 3278 1659 qui-

1861 1657 2063 1714 ducare
2079 1659 2264 1714 vobis-
2701 1660 2825 1715 dem
2854 1656 3026 1715 Filius

1863 1743 1985 1802 cum
2008 1772 2022 1794 .
2053 1741 2342 1802 antequam
2703 1731 2960 1797 hominis,
2994 1747 3084 1788 se-

1863 1801 2060 1871 patiar.
2204 1801 2211 1802 ⁷
2703 1808 2961 1862 cumdum

1865 1871 1955 1950 16.
1976 1873 2131 1950 _Dieo
2159 1875 2307 1950 enim
2704 1879 2845 1950 quod
2872 1878 3007 1933 scri-

1865 1945 2019 2022 vob_is
2035 1985 2049 2006 ,
2081 1946 2207 2015 quia
2704 1945 2871 2022 ptum
2887 1959 2991 2016 est,
3025 1962 3124 2003 va—

1865 2029 1932 2071 ex
1961 2015 2067 2070 hoc
2098 2032 2208 2073 non
2703 2015 2803 2078 dit.
2831 2020 3060 2076 Verum-

1866 2088 2205 2144 manducabo
2493 2110 2499 2116 '
2706 2104 2888 2148 tamen
2915 2106 3016 2147 vae

1867 2157 1999 2214 illud
2017 2200 2032 2226 ,
2063 2159 2240 2217 donec
2705 2164 2915 2220 homini

1867 2269 2271 2312 ε..
2351 2274 2365 2290 .
2449 2271 2558 2289 ..
2708 2237 2948 2312 illi,pr_r

1865 2304 1925 2378 in
1952 2317 2122 2378 regno
2153 2304 2270 2361 Dei.
2706 2304 2868 2378 queui
2897 2307 2990 2362 Fi-

1868 2375 1956 2432 19.
2000 2375 2088 2439 Ει,
2120 2387 2348 2450 accepto
2710 2375 2814 2434 lius
2842 2377 3078 2434 hominis

1868 2461 2030 2516 pane,
2060 2449 2269 2518 gratias
2710 2450 2966 2506 traditur.

1865 2519 1996 2590 egit,
2025 2531 2081 2573 et
2107 2518 2299 2590 fregit,

1865 2597 1922 2643 et
1947 2589 2097 2644 dedit
2121 2589 2251 2657 illis,

1868 2661 1957 2716 17.
1999 2660 2188 2716 dicens
2214 2680 2227 2715 :
2259 2661 2375 2717 Hoc

1865 2742 1950 2787 est
1980 2732 2055 2804 (c)
2080 2732 2293 2802 Corpus

1865 2819 2048 2860 meum
2077 2805 2141 2875 1-.
2171 2806 2269 2872 Et,

1867 2885 2093 2946 accepto
2119 2891 2215 2931 ca-

1869 2946 1997 3018 lice,
2028 2948 2232 3018 gratias

1869 3017 2000 3089 egit,
2032 3029 2088 3074 et
2114 3019 2250 3074 dixit
2281 3039 2292 3074 :

2710 2522 2803 2576 23.
2846 2521 2915 2576 Et
2943 2520 3048 2591 ipsi
3078 2534 3214 2576 con-

2712 2595 3000 2662 quirebant
3022 2593 3105 2648 in-

2712 2675 2795 2720 ter
2818 2679 2911 2731 se,
2943 2665 3065 2734 quis

2707 2735 2782 2861 ﬂe)
2810 2745 2957 2790 esset
2979 2736 3018 2807 ’ξ-

2747 2821 2814 2861 oc
2845 2806 3018 2861 factur

2747 2821 2814 2862 oc
2845 2806 3107 2862 facturus.

2707 2878 2800 2933 24.
2842 2877 3004 2932 Facta
3027 2885 3114 2932 est
3140 2891 3236 2932 au-

2711 2959 2820 3004 tem
2851 2950 3131 3006 contentio

2710 3021 2854 3077 inter
2884 3021 3028 3088 illos,

1482 3132 1716 3192 CODEX
1755 3131 2152 3190 BBIXIANUS.

180 3234 305 3302 tum.
342 3239 396 3286 et
438 3231 518 3287 ibi
570 3238 775 3302 parate.
809 3229 1017 3286 Euntes
1069 3236 1248 3302 autem
1299 3229 1657 3302 invenerunt.
1695 3227 1770 3282 si-

179 3308 257 3353 rut
279 3300 408 3357 dixit
440 3297 588 3369 illis,
632 3313 685 3358 et
716 3310 1042 3370 paraverunt
1083 3299 1310 3355 Pascha.
1359 3309 1413 3355 et
1460 3316 1580 3355 cum
1633 3297 1769 3353 facta

178 3383 304 3426 esset
356 3373 514 3429 hora.
561 3374 846 3429 discubuit.
891 3372 959 3428 Et
1008 3371 1292 3427 duodecim
1351 3370 1602 3441 Apostoli
1645 3384 1771 3424 cum

178 3457 252 3496 eo.
309 3443 374 3499 Et
424 3447 503 3501 ait
553 3445 680 3500 illis.
731 3444 1010 3500 Desiderio
1068 3444 1371 3498 desideravi
1416 3446 1519 3497 hoc
1561 3442 1770 3496 Pascha

182 3516 490 3572 manduCare
545 3517 822 3572 vobiscum
871 3525 1158 3585 antequam
1214 3515 1406 3584 patiar.
1455 3513 1588 3569 Dico
1626 3513 1770 3568 enim

180 3585 317 3659 vobis
369 3590 492 3659 quia
550 3591 688 3642 ultra
754 3602 861 3641 non
923 3587 1264 3659 manducabo
1320 3585 1548 3659 ex_hnc
1599 3585 1773 3659 donec

181 3657 448 3726 impleatur
501 3663 557 3714 in
609 3675 779 3728 regno
823 3659 941 3714 Dei.
983 3658 1049 3713 Et
1079 3666 1299 3728 accepto
1347 3657 1515 3728 calice
1563 3657 1766 3725 gratias

180 3729 278 3801 egit
297 3740 348 3784 et
375 3731 534 3786 dixit.
568 3727 807 3800 Accipite
831 3728 908 3801 (a)
935 3730 1037 3783 ltoe
1057 3729 1120 3800 οιε.
1150 3728 1449 3801 etdividitc
1481 3727 1624 3781 inter
1644 3741 1763 3801 vos.

180 3797 298 3855 Dico
325 3803 467 3856 enim
504 3802 662 3856 vobis
690 3797 972 3871 quodnon
1004 3797 1181 3855 bibam
1207 3798 1283 3871 (ὸ)
1313 3804 1381 3854 de
1412 3799 1768 3869 generatione

179 3871 293 3926 vitis
322 3871 478 3942 hujus
527 3874 568 3946 ’ξ’
595 3873 768 3928 donec
801 3887 1021 3946 regnum
1071 3872 1182 3946 Dei
1210 3872 1411 3946 veniat.
1447 3879 1512 3946 -et
1541 3879 1766 3946 accepto

183 3956 305 4011 pane
337 3940 554 4016 gratias
576 3946 686 4014 egit
730 3952 784 3999 et
812 3940 993 4014 fregit.
1049 3951 1106 4001 et
1153 3942 1302 3998 dedit
1327 3940 1608 4011 discipulis
1655 3941 1768 3995 suis

1878 3227 2065 3300 dicens
2094 3227 2208 3283 Hoc
2234 3236 2320 3284 est
2345 3243 2544 3299 corpus
2572 3243 2753 3284 meum
2783 3229 2926 3300 quod
2978 3242 3076 3298 pro
3113 3227 3266 3284 vobis
3294 3227 3478 3284 datur.

1876 3300 1981 3355 hoc
2009 3299 2167 3355 facite
2216 3301 2268 3354 in
2298 3316 2474 3356 meam
2505 3299 3105 3356 eommemdrationem.
3135 3300 3400 3356 Similiter
3425 3308 3482 3354 et

1877 3371 2102 3428 calicem
2145 3381 2430 3442 postquam
2460 3383 2813 3427 cenavcrunt.
2863 3373 3052 3428 dicens
3084 3371 3180 3426 ilic
3209 3370 3349 3425 calix
3381 3387 3481 3424 no-

1877 3460 2000 3498 vum
2031 3453 2414 3498 testamentum
2441 3453 2527 3498 est
2553 3446 2604 3498 in
2627 3445 2890 3514 sanguine
2913 3459 3058 3500 meo.
3086 3444 3178 3514 qni
3206 3456 3303 3512 pro
3323 3441 3479 3497 vobis

1876 3515 2209 3570 eﬂ'undetur.
2244 3515 2652 3570 Verumtamen.
2704 3513 2831 3572 ecce
2861 3531 3056 3570 manus
3099 3513 3361 3569 tradentis
3390 3529 3479 3569 me

1878 3602 2090 3641 mecum
2118 3596 2201 3641 est
2233 3586 2284 3640 itt
2317 3602 2522 3642 mensa.
2555 3585 2628 3642 Et
2650 3589 2868 3658 quidem
2901 3588 3073 3642 Filius
3111 3584 3348 3640 hominis
3389 3599 3480 3638 va-

1876 3657 1955 3712 dit
1995 3658 2295 3712 secundum
2327 3658 2470 3728 quod
2513 3657 2773 3714 scribtutn
2816 3666 2920 3714 est.
2966 3658 3351 3714 Verumtamen
3378 3671 3479 3728 vae

1876 3728 2082 3800 homini
2128 3728 2204 3782 illi
2234 3727 2531 3800 per’quetn
2577 3731 2838 3786 tradetur.
2872 3729 2952 3784 llli
2981 3741 3162 3800 autem
3191 3727 3477 3798 conquire-

1877 3799 2008 3872 bant
2036 3800 2175 3854 inter
2205 3798 2264 3854 se
2290 3803 2414 3867 quis
2439 3808 2582 3855 esset
2611 3816 2674 3855 ex
2709 3801 2788 3856 eis
2813 3801 2904 3872 qui
2933 3801 3036 3854 hoc
3057 3798 3294 3855 facturus
3308 3808 3476 3856 esset.

1874 3870 2036 3925 Facta
2080 3882 2166 3926 est
2193 3880 2376 3927 autem
2407 3882 2463 3927 et
2491 3873 2769 3928 contentio
2801 3870 2943 3928 inter
2971 3885 3067 3928 eos

1421 4049 1650 4107 CODEX
1690 4049 2160 4110 COBBEIENSIS.

250 4171 334 4227 15.
378 4171 663 4228 Desiderio
691 4171 994 4227 desideravi
1041 4171 1144 4225 hoc
1180 4167 1387 4225 Pascha
1432 4168 1763 4224 manducare

184 4242 466 4307 vobiscum,
505 4253 795 4314 antequam
828 4245 930 4298 hoc
961 4244 1153 4312 patiar.

250 4315 331 4368 17.
374 4315 622 4384 Accipite
652 4313 783 4380 hoc,
813 4325 867 4370 et
897 4315 1121 4369 dividite
1160 4313 1305 4369 inter
1335 4329 1450 4368 vos.

253 4387 332 4441 19.
378 4389 489 4442 Iloc
541 4399 621 4442 est
669 4387 879 4456 Corpus
937 4400 1137 4440 meum.
1194 4385 1581 4441 Verumtamen
1636 4398 1767 4441 ecce

185 4471 362 4513 manus
387 4469 495 4515 etc.
535 4457 762 4523 Omittit,
784 4455 936 4528 quod
970 4473 1066 4529 pro
1089 4456 1241 4512 vobis
1273 4457 1534 4523 tradetur,
1562 4455 1768 4527 etquod

1869 4172 2122 4298 sequitur,
2153 4189 2313 4245 usque
2334 4173 2403 4227 ad
2434 4189 2566 4229 vers.
2607 4174 2700 4229 2i.
2755 4177 3033 4234 exclusiue.
3068 4176 3438 4236 Veruntamen

1869 4259 1902 4298 e
1928 4258 1979 4298 e.

1869 4258 1979 4300 CIC.

1907 4314 2058 4443 ‘23.s
2085 4317 2482 4390 conquirebant
2533 4318 2676 4375 inter
2728 4335 2826 4389 se,
2884 4322 3009 4392 quis
3055 4332 3202 4380 esset
3255 4323 3359 4379 hoc
3398 4323 3482 4381 fa-

1931 4402 2026 4443 uru
2066 4429 2080 4442 .

1874 4402 2080 4443 eturus.

1382 4567 1777 4626 VARIANTES
1828 4563 2236 4622 LECTIONES.

239 4693 254 4723 ¹
290 4693 427 4744 Deest
451 4706 578 4744 vers.
606 4692 686 4750 20,
712 4702 854 4755 quem
875 4689 979 4755 Gut.
1020 4685 1210 4755 hebeti
1238 4684 1465 4755 similiter
1493 4688 1544 4733 et
1567 4681 1771 4755 calicem

181 4763 422 4818 postquam
457 4746 737 4820 coenatum'
763 4759 842 4803 est
862 4787 877 4812 ,
917 4752 1088 4820 dicens
1110 4764 1123 4799 :
1149 4749 1244 4820 Hic
1268 4754 1354 4820 est
1377 4746 1501 4820 calix
1543 4746 1675 4820 novi.
1687 4751 1771 4820 te-

181 4805 396 4866 stamenti
424 4805 474 4867 in
497 4817 736 4877 sanguine
757 4805 888 4874 meo,
905 4813 1036 4877 quod
1062 4826 1147 4875 pro
1172 4805 1769 4877 vobis_fuuditur.Vulg...

181 4888 426 4942 postquam
471 4873 735 4941 coen'avil,
758 4873 937 4927 dicens
959 4873 1089 4942 :_Hic
1130 4883 1207 4942 est
1232 4873 1365 4942 calix
1387 4885 1569 4942 novum
1615 4875 1771 4920 testa-

183 4935 388 4991 mentum
408 4945 458 4991 in
482 4935 876 5004 sanguine'meo,
913 4939 998 5004 qui
1023 4949 1109 5004 pro
1134 4937 1272 5004 vobis
1286 4935 1536 5004 fundetur.

239 5005 257 5033 ²
292 5007 407 5054 Mm.
447 4998 688 5054 trade'ntis
708 4998 1100 5064 mecuiantdg.
1128 4999 1368 5064 tradentis
1391 5011 1469 5047 me
1494 5009 1708 5064 mecum.

242 5068 260 5097 ³
293 5069 399 5117 Gat.
424 5070 550 5118 sicut
583 5065 711 5130 quod
747 5064 1008 5114 diiiinitum
1040 5058 1176 5114 est...
1219 5061 1442 5112 traditur.
1485 5062 1608 5110 Mm.
1645 5058 1775 5108 sicut

1880 4678 2155 4790 grzgigli‘ggm
2213 4686 2308 4729 est.
2373 4675 2522 4743 Vulg.
2570 4679 2839 4730 secundm
2877 4683 3010 4744 quod
3039 4682 3297 4734 deﬁnitum
3340 4695 3481 4739 est...

1943 4805 1965 4834 δ
2000 4803 2110 4853 Gat.
2135 4811 2409 4875 coeperunt
2439 4817 2694 4875 quaerere
2741 4818 2806 4855 ex
2848 4807 2923 4855 eis
2960 4807 3093 4858 inter
3115 4821 3171 4859 se
3193 4848 3208 4874 ,
3231 4812 3334 4874 qui.
3359 4813 3482 4866 Mm.

1882 4878 2134 4928 quaerere
2142 4878 2218 4928 ex
2248 4867 2343 4925 eis,
2369 4867 2471 4927 qui.

1947 4931 1965 4960 ⁵
2001 4927 2108 4978 Gal.
2142 4926 2291 4977 Facta
2312 4926 2398 4977 est
2412 4936 2578 4978 autem
2600 4929 2724 4978 haec
2747 4933 3018 4982 contentio.
3055 4936 3172 4985 Mm.
3216 4933 3363 4986 Facta
3404 4951 3484 4988 au-

1882 4990 2134 5054 tem_haec
2157 4990 2427 5041 contentio.
2459 4990 2608 5056 Vulg.
2628 4990 2776 5043 Facta
2802 5002 2881 5045 est
2903 5004 3070 5046 autem
3098 5004 3151 5048 et
3180 5002 3450 5051 contentio.

854 5185 1150 5227 LECTIONES
1187 5184 1391 5227 CODICIS
1411 5178 1824 5225 VINDEBONENSIS
1850 5178 2128 5220 ABEUNTES
2167 5178 2232 5218 ΑΒ
2257 5173 2792 5222 ιςωτιοκενυιαλτλ.

241 5288 319 5338 14.
343 5297 395 5352 et
419 5290 636 5352 Apostoii
661 5303 771 5352 cum
796 5288 899 5352 illo.
945 5287 1043 5352 A16.
1071 5285 1198 5352 il|n_t.
1268 5284 1609 5352 i7._Accipite
1654 5283 1768 5333 hoc.

244 5351 316 5402 19.
343 5347 481 5402 dedit
503 5352 616 5401 illis.
639 5349 774 5402 Ibid.
801 5349 973 5401 omittit
997 5389 1010 5411 ,
1030 5349 1160 5411 quod
1180 5361 1267 5411 pro
1291 5348 1428 5397 vobis
1457 5347 1601 5411 datur
1623 5358 1774 5411 usque

184 5389 481 5465 ιιάῒὲνῖἷέῒ
499 5389 774 5468 ὲὲἓὶὶιὲἕιῖῖ
801 5389 1427 5475 νέἕῗὲίῑίᾶἑ,“ὲὲἑιῖηδῖι”ιὶῖ
1450 5389 1593 5472 ᾇιῖὀῖί
1625 5389 1775 5473 illi;

1880 5285 2116 5366 scriptum
2156 5285 2436 5366 estianvane
2455 5282 2752 5366 i‘lliAh‘omini.
2821 5287 2910 5366 25ἑ
2923 5292 2981 5366 et
3000 5289 3106 5366 ipsi.
3135 5292 3492 5354 conquirebant

1877 5343 2012 5459 {ister
2044 5355 2100 5392 se
2124 5380 2139 5406 ,
2166 5345 2279 5407 quis
2302 5351 2442 5394 esset
2463 5343 2557 5397 hoc
2581 5345 2813 5400 facturus.
2880 5351 2958 5400 24.
2996 5343 3142 5402 Facta
3177 5343 3259 5403 cst'
3288 5363 3496 5404 conten-

1903 5423 1915 5458 I
1953 5445 1965 5458 .

1475 5514 1843 5572 BLANCI‘IINI
1880 5516 2113 5576 NOTAE.

253 5626 330 5752 gl)
359 5625 523 5681 Addit
561 5626 655 5679 hoc
679 5667 694 5692 ,
739 5625 801 5679 Et
834 5624 902 5678 ita
949 5631 1032 5678 lex
1058 5622 1152 5677 Gr.
1187 5627 1360 5678 τοῦτο.
1399 5650 1471 5661 --
1498 5620 1575 5692 (ιι)
1603 5619 1738 5675 Tex.
1764 5619 1860 5676 Gr.
1894 5620 2088 5688 habet,
2123 5625 2342 5680 ἀπὸτοῦ
2362 5629 2668 5696 γεννήματος
2692 5630 2784 5683 τῆς
2814 5622 3076 5694 ἀμπέλους
3109 5623 3309 5680 Veron.
3329 5627 3493 5684 etiam

293 5697 477 5752 isazne
506 5697 669 5752 vertit
706 5695 990 5750 articulos.
1019 5723 1080 5734 -ι
1118 5690 1192 5752 (ci
1219 5693 1348 5747 Post
1385 5709 1572 5752 corpus
1605 5709 1794 5752 meum,
1827 5691 1984 5748 deest
2009 5697 2148 5752 quod
2175 5713 2268 5752 pro
2303 5698 2442 5748 vobis
2485 5699 2748 5752 tradetur.
2785 5708 2889 5750 etc.
2933 5711 3103 5752 usque
3131 5697 3196 5750 ad
3223 5713 3364 5752 vers.
3397 5700 3492 5752 2i.

184 5690 477 5764 alibi'sazpe
506 5690 990 5767 vertit'articulos.
1019 5690 1192 5767 -~_(c)
1219 5693 1348 5747 Post
1385 5690 1572 5767 corpus
1605 5709 1794 5759 meum,
1819 5691 2148 5767 deestqqnod
2175 5713 2268 5766 pro
2303 5690 2442 5767 vobis
2485 5690 2760 5767 tradetur,
2785 5690 2889 5750 etc.
2933 5711 3103 5765 usque
3131 5697 3196 5750 ad
3223 5713 3364 5754 vers.
3397 5700 3492 5765 2i,

185 5770 382 5835 pariter
424 5770 477 5823 in
521 5769 642 5824 cod.
684 5768 839 5823 Cant;
867 5774 938 5807 ιι·-
963 5764 1044 5838 (d)
1079 5764 1210 5821 POSt
1238 5781 1458 5831 mecum,
1489 5765 1644 5820 deest
1673 5774 1746 5819 est
1771 5805 1784 5828 ,
1817 5764 1872 5820 in
1911 5765 2032 5821 cod.
2076 5764 2291 5838 quoque
2333 5765 2488 5821 Cant.
2519 5795 2588 5805 ——
2619 5766 2687 5834 (ε)
2735 5765 2863 5822 Post
2907 5764 3071 5834 esset,
3100 5767 3251 5824 deest
3295 5782 3359 5824 ea‘
3398 5764 3490 5835 risi,

187 5839 340 5895 etiam
367 5841 421 5895 in
451 5840 572 5896 cod.
599 5840 752 5895 Cant.
