3910 6336
531 322 637 386 703
1066 325 1337 386 EUSEBII
1380 320 1717 386 VERCELL.
1760 323 2204 386 EVANGELIUM
2245 323 2382 386 CUM
2423 322 2656 383 VARllS
2691 321 2848 383 COD.
2887 321 3286 382 COLLATUM.
3686 323 3765 384 7M

923 441 1156 500 CODEX
1186 440 1731 501 VERCELLENSIS.

531 539 623 597 l5.
664 553 810 597 eum.
843 535 951 594 Sed
979 551 1082 595 nec

530 611 776 669 Herodes
804 627 818 664 :
851 625 939 666 re-

531 681 655 739 mlsi
687 680 832 738 enim

533 756 551 786 ⁸
583 769 681 810 vos
710 753 777 809 ad
807 751 977 820 illum,

531 835 589 882 et
615 838 744 882 ecce
776 822 911 880 nihil

533 889 754 967 dignum
782 910 932 952 mor-

533 977 597 1040 te_
621 976 834 1040 gestum

535 1035 647 1096 16f
665 1048 750 1095 est
781 1038 880 1095 illi.
914 1035 1093 1094 Casti—

534 1121 737 1182 gatumi
750 1125 880 1182 ergo

533 1181 686 1238 illum
707 1181 894 1238 dimit-

536 1325 626 1382 18.
670 1324 1068 1381 Exclamabant

535 1407 718 1453 autem
751 1406 835 1451 to-

534 1476 624 1523 tus
652 1467 907 1539 populus.

534 1538 780 1596 dicentes
804 1556 820 1597 :
852 1538 982 1597 Τοι-

534 1611 589 1667 le
614 1611 779 1677 hunc,
809 1610 892 1666 di-

535 1683 695 1739 mitte
723 1691 905 1738 autem

537 1755 698 1810 nobis
727 1754 931 1810 Barab-

537 1825 630 1882 19.
674 1826 804 1889 han.
837 1826 929 1896 qui
957 1840 1017 1883 e-

534 1904 622 1952 rat
642 1937 658 1960 .
693 1905 917 1966 propter

533 1967 862 2025 seditionem

578 2039 808 2096 nandam

561 2111 736 2167 'actam
765 2111 816 2167 in

537 2183 841 2246 civitatem.

541 2253 563 2337 ξ
589 2253 873 2324 coniectus

540 2341 595 2380 in
622 2339 923 2394 carcerem,

582 2397 666 2450 uia
695 2395 924 2453 homici-

581 2468 691 2524 ium
721 2467 859 2525 fece-

541 2548 651 2595 rat.

540 2609 634 2666 20.
678 2611 885 2668 Rursus
913 2623 1093 2671 autem

503 2735 508 2738 .
543 2681 750 2738 Pilatus
776 2685 866 2738 ad-

541 2753 758 2811 locutus
790 2768 874 2812 est

540 2825 644 2892 eis,
677 2828 865 2883 volens

541 2895 821 2956 dimittere

538 2967 632 3044 21.
676 2969 888 3044 desum.
920 2971 1022 3040 Qui
1055 2987 1181 3044 pro-

539 3039 876 3111 clamabant,

545 3110 567 3142 ’⁸
597 3110 886 3172 dicentes:

545 3181 818 3254 Cruciﬁge

547 3253 642 3326 εξ.
673 3253 858 3326 unum.
889 3255 994 3326 Qui
1025 3266 1131 3313 ter-

548 3324 628 3380 tio
653 3324 792 3381 dixit
820 3327 888 3383 ad

545 3396 704 3451 illos:
737 3397 877 3467 Quid

548 3469 693 3522 enim
722 3471 849 3525 mali

544 3537 675 3594 fecit
704 3541 724 3571 ⁸
753 3540 879 3596 hic?
909 3542 994 3598 ni-

552 3611 628 3665 hil
661 3611 883 3694 dignum

551 3685 744 3738 mortis
782 3685 858 3740 in-

547 3755 670 3808 veni
704 3756 753 3808 in
788 3756 906 3812 illo.

546 3823 883 3898 CaSIigatum

547 4036 654 4093 Sed
711 4053 888 4108 neque
939 4039 1204 4096 Herodes.
1263 4056 1387 4096 nam
1443 4041 1656 4098 remisit
1686 4057 1809 4098 eum
1845 4043 1912 4098 ad
1945 4058 2067 4107 nos.
2095 4053 2151 4098 et

542 4123 675 4180 ecce
721 4110 854 4165 nihil
900 4109 1122 4180 dignum
1169 4120 1344 4168 morte
1400 4121 1577 4168 actum
1613 4123 1698 4170 est
1735 4114 1803 4170 ab
1833 4129 1921 4170 eo.
1955 4115 2149 4170 Emen-

542 4177 687 4250 dubo
734 4195 866 4250 ergo
915 4177 1066 4237 illum
1114 4193 1170 4238 et
1220 4184 1507 4239 dimittam.
1554 4184 1787 4241 Necesse
1828 4193 2008 4240 autem
2058 4185 2152 4240 lia-

544 4249 707 4323 bebat
761 4249 1039 4323 dimittere
1081 4254 1181 4308 eis.
1237 4269 1337 4323 per
1373 4254 1516 4310 diem
1567 4254 1761 4311 festum
1809 4272 1996 4311 unum.
2039 4257 2150 4312 Ex-

547 4321 807 4375 clamavit
855 4331 1035 4379 autem
1095 4321 1254 4380 simul
1305 4326 1555 4382 universa
1607 4327 1897 4382 multitudo
1943 4328 2150 4384 dicens.

549 4390 704 4446 Tolle
750 4392 913 4469 hunc.
943 4405 1022 4469 ‘et
1067 4395 1282 4450 dimitte
1328 4397 1836 4469 nobisBarabhan.
1893 4401 1983 4469 qui
2037 4410 2154 4454 erat

547 4463 1120 4538 propterseditionem
1173 4467 1460 4538 quamdam
1491 4467 1686 4524 factam
1718 4471 1774 4525 in
1825 4463 2066 4526 civitate.
2095 4481 2148 4527 et

547 4535 902 4590 homicidium
936 4537 987 4591 in
1017 4535 1239 4592 carcere
1271 4539 1490 4593 missus.
1523 4540 1718 4595 iterum
1742 4552 1924 4596 autem
1947 4542 2150 4597 Pilatus

546 4606 764 4662 locutus
793 4618 874 4662 est
905 4608 970 4662 ad
1004 4625 1119 4663 eos.
1175 4609 1364 4663 volens
1418 4611 1695 4668 dimittere
1731 4612 1938 4668 .lesum.
1977 4615 2046 4668 At
2076 4614 2150 4668 illi

547 4677 1145 4752 clamabantdicentes.
1171 4679 1438 4752 Crucilige
1487 4683 1662 4738 illum.
1693 4685 1783 4739 ille
1806 4691 2010 4740 autem.
2046 4694 2155 4740 ter-

1372 553 1503 609 ergo
1531 537 1685 593 illum

1368 607 1663 664 dimittam.

1369 752 1570 807 hebant
1602 767 1697 808 vo—

1368 820 1522 879 cibus
1552 838 1705 893 mag-

1373 895 1476 956 nis.
1504 897 1782 966 postulan-

1373 975 1456 1022 tes
1481 965 1783 1037 :’crucilige
1814 965 1881 1021 il-

1372 1037 1484 1093 lum
1511 1055 1524 1093 :
1555 1048 1611 1094 et
1640 1039 1662 1070 ⁸
1687 1039 1833 1094 inva-

1375 1109 1654 1166 lescebant

1374 1195 1535 1238 voces
1561 1182 1682 1237 illo-

1375 1269 1517 1308 rum.

1373 1323 1466 1379 24.
1510 1325 1577 1380 Et
1603 1323 1812 1382 Pilatus
1838 1324 1934 1382 de—

1374 1395 1547 1451 crevit
1573 1396 1668 1451 lie-

1373 1467 1421 1522 ri
1447 1469 1466 1498 ⁷
1499 1467 1812 1538 petitionem

1373 1538 1466 1595 9.5.
1511 1539 1749 1595 illorum.
1781 1539 1875 1595 Di-

1374 1610 1522 1666 misit
1543 1621 1723 1667 autem

1374 1697 1498 1754 eum
1525 1723 1540 1746 ,
1571 1683 1661 1752 qui
1694 1697 1856 1754 prop-

1379 1763 1462 1808 ter
1488 1753 1720 1810 homici-

1375 1824 1523 1880 dium
1546 1866 1562 1890 ,
1593 1834 1649 1882 et
1674 1840 1761 1882 se-

1376 1896 1638 1952 ditionem

1379 1968 1664 2040 conjectus

1378 2051 1497 2095 erat
1528 2041 1582 2096 in
1605 2055 1727 2095 car-

1381 2126 1562 2166 cerem
1589 2128 1603 2178 ;
1636 2111 1821 2168 Jesum

1381 2192 1562 2238 autem
1595 2193 1703 2238 tra-

1380 2253 1519 2309 didit
1544 2255 1734 2311 volun-

1381 2324 1480 2380 tati
1512 2326 1774 2382 ipsorum.

1378 2395 1470 2452 26.
1513 2395 1577 2454 Et
1605 2440 1621 2467 ,
1653 2412 1775 2453 cum
1815 2395 1984 2454 dedu-

1380 2478 1572 2526 cerent
1601 2485 1724 2526 eum
1749 2509 1767 2538 ,

1383 2539 1662 2597 Simonem

1423 2612 1656 2669 ueudam

1430 2700 1693 2756 yreneum

1386 2757 1693 2812 venientem

1387 2842 1414 2900 tl
1451 2829 1570 2884 villa
1596 2828 1789 2900 adpre-

1391 2899 1690 2956 hendentes
1716 2940 1731 2965 ,

1390 2971 1749 3040 inposuerunt

1390 3043 1466 3098 illi
1501 3058 1717 3101 crucem

1387 3113 1686 3186 l'erreipost

1392 3185 1506 3261 _27.‘
1528 3185 1736 3244 Jesum.
1770 3189 1975 3261 Seque-

1391 3255 1550 3311 batur
1573 3268 1754 3315 autem

1392 3342 1524 3402 eum,
1545 3328 1623 3402 (a)
1655 3332 1798 3387 mul-

1393 3400 1566 3455 titudo
1588 3402 1670 3457 in-

1427 3487 1526 3544 ens
1557 3488 1725 3544 popu-

1417 3545 1430 3598 i
1455 3543 1521 3615 1',
1551 3543 1606 3600 et
1629 3543 1826 3602 mulie-

1392 3630 1511 3670 rum
1539 3659 1553 3681 ,
1580 3633 1719 3684 quae

1391 3687 1724 3758 plangebant

1391 3772 1473 3821 se,
1504 3769 1558 3813 et
1587 3760 1795 3817 lamen-

1391 3831 1597 3889 tabant.

2667 438 2901 496 CODEX
2937 438 3392 498 VERONENSIS.

2232 538 2322 594 15.
2365 535 2472 593 Sed
2504 549 2680 606 neque
3069 533 3288 590 invenio
3321 535 3372 589 in

2232 608 2476 665 Herodes
2501 625 2515 662 :
2545 622 2670 663 nam
3069 621 3155 662 eo.
3183 606 3484 675 Corripiam

2235 681 2358 736 misi
2389 695 2485 738 vos
2506 679 2572 735 ad
3071 693 3201 749 ergo
3230 679 3376 734 illum
3401 720 3418 745 ,

2236 753 2406 816 illum,
2440 760 2494 807 et
2514 765 2642 807 ecce
3073 758 3127 803 et
3147 749 3436 804 dimittam.

2236 823 2368 880 nihil
2391 823 2610 894 dignum
3068 820 3169 894 25.
3204 821 3285 875 Ad
3317 821 3393 875 illi
3420 820 3502 894 in-

2236 904 2411 951 morte
2443 893 2620 949 actum
3069 893 3290 947 stabant
3315 893 3461 947 voci-

2237 968 2326 1023 16.
2351 976 2434 1022 est
2462 967 2562 1020 illi.
2589 964 2786 1021 Emeu-
3072 964 3172 1019 bus
3201 966 3408 1034 magnis
3431 1007 3447 1029 ,

2239 1038 2380 1094 dabo
2409 1053 2541 1108 ergo
3074 1036 3435 1106 postulantes,

2237 1126 2386 1189 eum,
2411 1121 2464 1165 et
2485 1108 2573 1164 di-
3070 1116 3127 1162 ut
3152 1108 3433 1189 cruciﬁge—

2239 1182 2470 1238 mittatn.
3071 1190 3222 1234 retur
3245 1196 3258 1232 :
3287 1187 3342 1234 et
3370 1182 3519 1233 inva-

3073 1249 3354 1306 lescebant
3384 1265 3479 1304 vo-

3075 1335 3168 1376 ces
3196 1336 3410 1376 COI'llln.

3075 1394 3169 1448 ει.
3210 1392 3274 1448 Et
3306 1393 3511 1448 Pilatus
3534 1388 3672 1460 adju-

3081 1464 3281 1519 dicavit
3313 1464 3432 1520 lieri
3466 1478 3555 1534 pe-

2242 1255 2330 1309 l7.
2361 1252 2597 1308 Necesse
2623 1260 2801 1308 autem

2243 1326 2429 1380 habuit
2453 1323 2732 1379 dimittere

2243 1397 2350 1453 illis
2375 1437 2390 1463 ,
2423 1395 2717 1450 secundum

2241 1467 2689 1524 consuetudinem
2710 1509 2726 1536 ,

2245 1556 2432 1596 unum.
2713 1535 2716 1536 ⁷
3078 1535 3341 1592 titionem-
3360 1538 3614 1604 ipsorum.

2247 1613 2336 1669 18.
2390 1610 2724 1666 Exclamavit
3079 1607 3172 1664 25.
3213 1606 3432 1662 Dimisit
3453 1617 3625 1662 autem

2245 1693 2424 1740 autem
2450 1683 2608 1739 simul
3079 1679 3184 1733 illis
3204 1694 3328 1734 eum
3356 1721 3372 1745 ,

3079 1752 3169 1821 qui
3205 1761 3430 1820 proiiler

3081 1821 3433 1878 homicidium
3461 1863 3474 1886 ,
3501 1830 3555 1876 et

3081 1893 3405 1949 seditionem

3083 1967 3286 2020 missus
3315 1964 3495 2020 fuerat

3085 2038 3138 2092 in
3169 2052 3446 2092 carcerem
3468 2052 3483 2101 ;

2251 1757 2502 1811 universa
2539 1754 2693 1810 turba
2717 1797 2732 1823 ,

2249 1826 2434 1884 dicens
2461 1845 2476 1884 :
2508 1825 2664 1882 Tolle

2248 1899 2423 1967 hunc,
2452 1909 2505 1955 et
2528 1898 2609 1952 di-

2249 1970 2407 2026 mitte
2439 1969 2596 2026 nobis

2250 2041 2550 2099 Barabbam
2583 2057 2596 2095 :

2252 2114 2341 2170 l9.
2383 2115 2473 2185 qui
2504 2123 2650 2180 erat,
3085 2108 3279 2185 Jesum
3301 2123 3439 2163 vero

2251 2180 2473 2256 propter
2510 2185 2654 2240 sedi-
3085 2180 3307 2256 tradidit
3337 2193 3433 2235 vo-

2255 2252 2456 2313 tionem
2484 2272 2656 2327 quan-
3085 2252 3276 2307 luntati
3301 2266 3398 2308 eo-

2251 2328 2374 2383 dnm
2406 2328 2602 2384 lactant
3086 2340 3226 2379 rum.

2253 2400 2306 2455 in
2335 2401 2554 2456 civitate
2579 2441 2595 2466 ,
3084 2394 3177 2451 26.
3212 2395 3317 2462 Et,
3349 2409 3476 2450 cum
3499 2391 3595 2448 du-

2251 2482 2306 2528 et
2336 2471 2688 2529 homicidium
2714 2514 2729 2538 ,
3087 2476 3276 2523 cerent
3295 2481 3421 2523 eum
3449 2507 3465 2532 ,

2251 2544 2453 2600 missus
2481 2545 2534 2600 in
2560 2559 2681 2601 car-
3089 2539 3368 2596 Simonem

2250 2631 2451 2672 cerem.
3086 2610 3376 2672 quemdam

2249 2688 2344 2744 20.
2377 2687 2578 2766 lterum
2609 2704 2708 2745 au-
3085 2687 3461 2766 Cyrenensem

2253 2768 2362 2816 tem
2391 2760 2594 2814 Pilatus
3086 2760 3396 2810 venientem

2253 2831 2466 2887 locutus
2493 2839 2578 2887 est
3087 2825 3156 2881 de
3174 2825 3303 2882 villa
3333 2823 3432 2880 ad-

2253 2903 2320 2981 ad
2354 2903 2477 2981 illos
2497 2945 2527 2981 ,_
2546 2920 2639 2958 vo-
3090 2897 3502 2981 prehenderunt
3523 2935 3541 2961 ,

2255 2975 2372 3030 lens
2398 2975 2671 3030 dimittere
3087 2980 3141 3025 et
3170 2975 3450 3041 imposue-

2253 3047 2347 3102 21.
2388 3046 2596 3102 .lesum.
2621 3046 2704 3103 Ad
3087 3049 3215 3098 runt
3239 3041 3319 3095 illi

2257 3118 2336 3174 illi
2359 3119 2567 3174 succla-
3089 3127 3307 3169 crucem
3337 3127 3468 3182 por-

2257 3192 2477 3246 mabant
2497 3233 2513 3259 ,
2543 3190 2729 3246 dicen-
3091 3197 3206 3259 tare
3236 3194 3358 3255 post

2261 3272 2344 3317 tes
2368 3279 2382 3316 :
2412 3257 2678 3333 Crucilige
3087 3257 3296 3333 ξςειιῳ.

2259 3333 2432 3389 illum.
2614 3326 2640 3333 ⁷
3025 3388 3029 3392 ν
3087 3330 3182 3384 27.
3224 3326 3568 3396 Sequebatur

3091 3409 3274 3456 autem
3301 3401 3454 3456 illum

3094 3469 3174 3545 (a)
3201 3469 3501 3545 multitudo

3093 3542 3274 3616 populi
3298 3542 3358 3614 1-,
3393 3553 3452 3596 et

3094 3616 3408 3677 mulierum,

2257 3404 2353 3460 εἰ.
2395 3404 2487 3462 Ille
2515 3413 2694 3460 autem

2262 3478 2424 3532 tertio
2451 3477 2588 3532 dixit

2261 3548 2326 3603 ad
2361 3549 2482 3604 illos
2507 3567 2519 3602 :
2553 3547 2692 3615 Quid

2263 3620 2408 3674 enim
2441 3620 2567 3675 mali

2265 3691 2393 3746 fecit
2423 3692 2569 3747 isne?
3094 3701 3232 3757 quae
3262 3687 3488 3757 plange-

2264 3764 2463 3818 nullatn
2491 3763 2636 3818 enim
3096 3756 3249 3823 bant,
3271 3767 3326 3810 et
3352 3756 3432 3811 la-

2263 3849 2476 3890 causatn
2511 3835 2703 3890 mortis
3098 3829 3431 3885 mentabant.

1906 3947 2141 4006 CODEX
2180 3948 2572 4008 BHIXIANUS.

2255 4043 2544 4099 dimittam.
2578 4043 2648 4100 At
2693 4043 2770 4098 illi
2815 4043 3090 4099 instabant
3126 4040 3354 4096 vocibus
3397 4039 3607 4107 magnis
3665 4038 3798 4103 postu-

2257 4115 2434 4171 lantes
2483 4126 2542 4189 nt
2567 4115 2996 4189 cruciﬁgeretur.
3024 4121 3079 4168 et
3129 4111 3799 4189 invalescebantnvoeesnet];

2257 4203 2378 4242 rum
2403 4197 2456 4240 et
2486 4174 2868 4243 Sacerdotum.
2904 4185 3108 4240 Pilatus
3149 4194 3328 4238 autem
3380 4174 3796 4249 adjttdicavitﬁeri

2257 4259 2574 4331 petitionem
2599 4274 2814 4331 eorum.
2850 4258 3064 4331 Dimisit
3092 4253 3382 4331 autem_eis
3403 4254 3558 4331 illum
3579 4251 3798 4331 qulpmll'

2259 4323 2343 4385 ier
2373 4329 2749 4385 homicidium.
2777 4338 2833 4384 et
2868 4327 3193 4383 seditionem
3225 4325 3425 4382 missus
3466 4323 3635 4378 fuerat
3654 4323 3697 4372 in
3715 4329 3798 4368 etr-

2257 4417 2461 4457 cerem.
2514 4417 2673 4470 quem
2709 4402 2980 4468 petebant.
3011 4398 3195 4454 Jesum
3225 4411 3356 4452 vero
3407 4394 3627 4470 tradidit
3660 4388 3799 4470 volunt

2257 4474 2352 4528 tati
2399 4461 2610 4528 eorum.
2665 4461 2730 4528 Et
2759 4487 2882 4527 cum
2913 4471 3179 4525 ducerent
3216 4484 3339 4523 cum
3382 4461 3798 4539 adprehenderit!“

2257 4545 2536 4600 Simonem
2565 4545 2834 4613 quendam
2861 4543 3252 4614 Cyrenensem.
3275 4528 3583 4614 venientem
3610 4535 3669 4587 de
3693 4528 3794 4614 Vill?-

2258 4599 2314 4672 et
2356 4599 2712 4686 inposuerunt
2740 4615 2816 4670 illi
2858 4599 3072 4686 crucem
3105 4619 3326 4686 portare
3359 4621 3479 4680 post
3502 4609 3694 4686 Iesum.

2259 4678 2531 4757 quebatur
2557 4697 2737 4742 autem
2766 4687 2916 4740 illum
2951 4683 3025 4756 (a)
3052 4678 3554 4757 multitudo‘pOpuli
3573 4678 3628 4750 1-.
3647 4685 3693 4730 et
3716 4684 3798 4726 mu.

553 4750 628 4804 tio
652 4750 788 4805 dixit
817 4751 884 4807 ad
916 4752 1066 4831 illos.
1098 4751 1237 4831 Quid
1259 4750 1412 4831 enim
1444 4754 1572 4831 ma_li
1601 4754 1728 4831 fecit
1776 4756 1898 4811 iste.
1951 4756 2152 4831 nullam
2262 4750 2426 4814 lieres
2455 4775 2595 4831 quae
2623 4750 2970 4829 plangebant:
2995 4750 3046 4811 et
3071 4750 3444 4811 lamentabant
3470 4768 3609 4808 eum.

545 4835 764 4878 causam
792 4822 985 4878 mortis
1014 4824 1229 4880 invenio
1257 4824 1309 4878 in
1338 4824 1486 4880 illum
1516 4825 1828 4883 Emendans
1848 4843 1978 4898 ergo
2005 4828 2154 4882 illum

1844 4919 2073 4977 CODEX
2118 4917 2586 4977 CORBEIENSIS.

625 5010 716 5086 2t.
741 5011 1008 5086 Dicentes
1031 5030 1046 5069 :
1074 5013 1340 5086 (Irucilige
1369 5014 1542 5072 illum.

619 5081 712 5137 25.
741 5081 1014 5160 Voluntati
1044 5101 1252 5160 eorum.
1277 5081 1653 5160 Susceperunt
1672 5104 1803 5160 ergo
1829 5089 2048 5155 Jesum;
2079 5098 2152 5154 et,

557 5161 782 5221 portans
807 5156 910 5211 sibi
941 5171 1184 5225 crucem,
1209 5159 1533 5216 ducebatur.

612 5400 632 5428 ¹
668 5399 810 5449 Deest
830 5413 957 5452 vers.
982 5405 1060 5463 l7,

2330 5015 2422 5071 26.
2451 5014 2537 5080 Et,
2570 5029 2694 5069 cum
2725 5012 3154 5068 dncerenteum.

2332 5088 2427 5143 27.
2452 5089 2474 5117 "
2507 5085 2789 5141 Multitudo
2820 5084 3001 5156 populi
3024 5083 3089 5155 ὴ,
3116 5095 3166 5138 et
3193 5083 3499 5138 mulierum.

1782 5251 2181 5309 VARIANTES
2219 5246 2628 5306 LECTIONES.

618 5337 632 5411 ξ
673 5337 870 5411 ςῶμα
894 5342 1171 5411 Mnt._illum
1196 5343 1254 5391 ad
1274 5358 1379 5411 vos.
1409 5345 1560 5411 Vulg.
1590 5358 1674 5396 vos
1697 5347 1756 5396 ad
1783 5347 1937 5397 illum.

1079 5416 1220 5468 quem
1242 5404 1314 5456 sic
1336 5404 1641 5460 habent'Gat.
1664 5415 1711 5460 et
1734 5411 1855 5460 Hm.
1885 5422 1904 5460 :
1937 5408 2156 5458 Necesse

552 5465 723 5571 ﬁutem
751 5470 858 5510 crat
879 5465 1130 5515 dimittere
1167 5468 1242 5516 eis
1267 5483 1353 5530 per
1375 5471 1509 5520 diem
1532 5470 1710 5522 festum
1735 5511 1750 5532 ,
1771 5485 1952 5532 unum;
1986 5471 2154 5534 Vulg.,

600 5533 776 5571 ecesse
797 5532 963 5571 autem
985 5526 1215 5571 habebat.
1253 5539 1352 5571 ptn-

600 5533 776 5584 ecesse
797 5532 963 5572 autem
985 5526 1215 5584 habean
1253 5526 1352 5581 étc.

618 5582 640 5664 ξ
805 5582 1380 5664 εξερζζιξζφῇεξῚυδ-Ιρρηι
1406 5595 1471 5643 in.
1509 5593 1654 5664 Vulg.
1683 5601 1849 5647 erat...
1875 5596 2052 5645 missus
2085 5597 2157 5644 in.

617 5645 640 5674 δ
674 5647 792 5697 Mm.
817 5645 1079 5699 dicentes:
1109 5651 1352 5719 Cructtlge
1377 5669 1512 5708 eum.

2330 5342 2350 5372 ⁵
2385 5341 2491 5390 Gal.
2514 5342 2608 5391 iste
2647 5341 2852 5390 homo...
2873 5339 3057 5388 inveni.
3089 5336 3236 5397 Vulg.
3256 5339 3414 5386 iste...
3442 5335 3642 5397 invenio.

2329 5404 2350 5434 °
2386 5406 2508 5453 Mm.
2531 5403 2901 5454 invalescebant
2922 5401 3143 5450 vocibus.
3179 5396 3324 5464 Vulg.
3374 5396 3709 5451 invalescebant
3737 5397 3792 5434 εο·

2263 5479 2366 5600 ce?
2385 5528 2496 5600 Ερζε
2517 5527 2803 5600 Ρὲῐίξίοῐξεῇ.
2835 5525 2995 5589 Vulg.
3021 5527 3334 5589 petitionem.

2328 5590 2351 5624 ο
2377 5591 2437 5641 Et
2458 5581 2529 5641 ita'
2550 5581 2658 5642 Gal.
2683 5597 2727 5642 et
2745 5581 2865 5642 um.

736 5785 740 5810 ε
872 5787 879 5797 η
1323 5781 1395 5806 ιη
1523 5787 1526 5794 η
1713 5804 1742 5828 _.
1884 5742 2517 5822 BLANCHININOTE;

629 5844 706 5918 (a)
730 5843 801 5904 lla
834 5855 891 5906 et
919 5849 1044 5907 cod.
1092 5850 1251 5910 Cant.
1283 5857 1468 5920 πλῆθος
1520 5859 1664 5916 λαοῦ.
1710 5849 1945 5917 Vercell.
1970 5859 2247 5914 multitudo
2302 5860 2480 5929 iugeus
2511 5857 2709 5928 populi.
