3910 6336
67 362 171 420 73::
526 357 560 381 θ’

451 455 683 516 CODEX
711 455 1250 517 VEBCELLENSIS.

68 568 258 610 novum
289 554 344 609 in
865 574 876 579 ·
893 554 1141 610 introivit

66 637 212 682 utres
243 635 396 681 vete-
891 625 945 681 in
977 625 1200 680 domum

67 697 509 800 52:53:33,312.“
890 696 1269 800 ςαὶεεῑίςτςει
1297 711 1468 768 Pam

67 785 194 835 vos;
219 770 462 840 alioquin
895 770 912 800 ¹
947 771 1276 839 propositio-

69 851 384 911 rumpentur
891 856 992 911 nes
1019 841 1150 905 edit,
1175 849 1230 896 et
1253 840 1347 898 de-

68 908 247 978 utres;
274 923 330 969 et
360 911 435 985 (a)
466 912 550 967 vi-
892 908 974 969 dit
998 913 1100 976 eis,
1135 915 1225 983 qui

69 1001 190 1042 num
217 985 292 1056 1-,
325 994 382 1040 et
410 1000 470 1056 u-
620 1055 625 1056 ί
894 1000 1079 1042 secum
1105 993 1294 1055 erant,

69 1069 174 1112 tres
194 1055 580 1130 j’b)_peribunt
601 1055 666 1126 τ.
894 1071 1031 1130 quos
1057 1071 1164 1130 non
1187 1057 1252 1112 li-

67 1129 153 1184 25.
193 1128 492 1184 Et'i'actum
518 1135 607 1185 est
895 1129 1051 1184 cebat
1074 1129 1257 1197 edere,

70 1201 284 1266 iterum,
315 1215 439 1256 eum
897 1201 998 1255 nisi
1017 1199 1216 1256 Sacer-

71 1273 305 1328 sabbatis
341 1287 461 1328 am-
895 1271 1149 1329 dotibus?

69 1344 248 1400 balare
287 1359 392 1416 per
891 1343 983 1416 27.
1019 1345 1150 1400 Dico
1175 1353 1355 1404 autem

70 1415 301 1487 segetem
331 1432 346 1469 :
379 1423 434 1470 et
893 1415 1070 1479 vobis,
1101 1430 1236 1484 quo-

70 1487 314 1556 discipuli
341 1487 460 1558 ejus
890 1487 1035 1542 niam
1059 1487 1229 1544 Filius

71 1565 364 1630 coeperunt
379 1601 395 1626 ,
892 1558 1150 1628 hominis,

72 1633 165 1686 iter
198 1631 406 1686 facien-
433 1673 436 1676 .
892 1630 1146 1686 dominus
1175 1640 1261 1688 est
1282 1632 1382 1688 eti-

71 1713 162 1766 tes,
193 1704 401 1759 vellere
891 1717 980 1757 am
1010 1702 1182 1772 ipsius

72 1775 262 1843 spicas,
292 1784 349 1830 et
375 1774 507 1832 ede-
896 1773 1129 1829 sabbati.

898 1845 968 1901 Et
995 1860 1116 1901 cum
1149 1845 1330 1903 audis-

898 1926 1043 1982 sent,
1077 1921 1167 1986 qui
1200 1922 1269 1976 ab

69 1845 152 1901 24.
193 1862 276 1901 re.
309 1845 590 1906 Pharisaei

70 1928 238 1972 autem
263 1917 414 1974 dice-

73 1989 188 2045 bant
213 1990 265 2044 ei
291 2008 304 2044 :
341 1991 505 2059 Ecce,
899 2005 965 2046 eo
991 2001 1170 2056 erant,

73 2061 186 2130 quid
217 2061 421 2118 faciunt
899 2062 1151 2117 exierunt

76 2133 142 2203 (ε)
170 2133 423 2205 discipuli
451 2134 528 2190 tui
563 2133 615 2205 j-I
839 2195 849 2201 ,
900 2133 1148 2190 detinere

75 2205 322 2275 sabbatis,
348 2205 495 2273 quod
901 2215 1046 2261 eum:
1076 2207 1222 2262 dice-

902 2276 1030 2359 bant
1057 2280 1224 2362 enim,

899 2364 1027 2420 qum
1048 2359 1226 2407 extitit

902 2437 1024 2498 men
1034 2432 1105 2478 te.

1099 2534 1332 2594 CAPUT
1369 2532 1457 2594 Ill.

901 2633 953 2715 ρ.
1006 2629 1077 2686 Et
1102 2630 1324 2715 intravit

901 2713 1099 2759 iterum
1131 2713 1185 2757 in

73 2291 166 2348 non
189 2277 319 2332 licet
343 2278 410 2348 (ι’)
438 2278 500 2333 il-

72 2346 151 2403 25.
195 2347 265 2402 iis
293 2346 457 2420 -ξ-ῨΕι
487 2362 606 2406 res-

74 2420 328 2488 pondens,
357 2420 438 2476 di-

73 2492 139 2546 xit
163 2493 246 2546 eis
270 2510 282 2544 :
305 2491 474 2547 Num-

73 2579 222 2629 quam
249 2563 414 2635 legis-

73 2636 148 2699 lis,
169 2636 304 2706 qttid
332 2635 460 2692 fecit

70 2707 244 2769 David,
276 2723 400 2763 cum

68 2794 188 2848 opus
211 2778 336 2844 fuit,
368 2790 423 2835 et
901 2775 1240 2847 Synagogam
1263 2790 1277 2828 :

69 2851 245 2906 esuriit
276 2851 414 2920 ipse,
901 2859 956 2920 et
977 2854 1098 2902 erat
1114 2847 1186 2902 ibi

67 2930 112 2993 et
137 2923 224 2993 qui
251 2919 375 2977 cum
401 2923 465 2978 il-
645 2969 656 2979 ,
900 2919 1088 2993 homo,
1117 2920 1211 2993 ba-

68 2969 224 3051 ἐὸῩῶ
256 2969 452 3051 astet
479 2993 552 3050 Et
645 2969 656 2979 ’
899 2969 1274 3048 agitatam

1091 357 1537 420 EVANGELIUM
1582 357 1955 443 SECUNDUM
1995 357 2308 420 mancum.

3262 357 3365 417 73$

2189 457 2434 517 CODEX
2475 457 2935 519 VERONENSIS.

2598 557 2692 612 illo
2714 556 2905 611 erant?

2597 628 2690 684 26.
2743 625 3028 697 Quomodo
3098 675 3101 678 .

2601 699 2828 756 intravit
2860 701 2911 754 in
2944 700 3175 756 domum

2600 770 2681 846 (9)
2715 772 2805 846 Dei
2828 772 2892 844 τι
2909 780 2972 846 sel

2599 844 2946 902 manducavit

2601 930 2772 987 panes
2804 931 2932 986 pro-

2601 989 2924 1058 positiones,
2956 995 3011 1044 et

2602 1059 2754 1116 dedit
2777 1061 2883 1126 his,

2600 1132 2693 1203 qui
2716 1146 2838 1187 cum
2870 1132 2991 1202 ipso

1764 568 1968 608 novum
2003 553 2056 608 in

1761 632 1912 680 utres
1939 635 2088 681 vete-

1761 711 1872 759 res.
1903 697 1998 754 sed
2042 697 2096 752 in

1762 782 1933 824 novos
1958 785 1974 834 ;
1999 771 2134 824 alio-

1759 840 1890 910 quin
1929 841 2139 896 dirum-

1759 921 1860 985 pet
1874 921 2056 978 utres;
2091 933 2096 938 ⁴

1760 982 1816 1039 et
1841 982 1919 1056 (a)
1957 986 2142 1040 vinum
2167 983 2230 1056 1-,

1760 1065 1825 1130 et
1842 1065 2000 1130 utres,
2016 1058 2091 1129 (ὁ)
2111 1072 2208 1130 pe-

1761 1128 1948 1182 ribunt
1975 1128 2038 1183 +.

1759 1197 1853 1256 25.
1879 1200 1955 1274 Et
1979 1197 2182 1256 factum
2599 1197 2776 1270 erant;
2823 1197 2961 1274 quos

1759 1281 1843 1326 est
1868 1270 1965 1343 (ε),
1989 1287 2112 1328 cum
2605 1289 2714 1332 non
2744 1270 2942 1331 licebat

1761 1343 2003 1399 sabbatis
2033 1359 2154 1401 am-
2605 1347 2956 1411 manducare,

1759 1413 1974 1470 bularet
2004 1431 2103 1500 per
2606 1417 2711 1474 nisi
2739 1419 2822 1489 (h)
2844 1416 3036 1543 sobri;

1760 1497 1996 1543 segetes.
2025 1489 2110 1542 dt-
2603 1489 2992 1543 Sacerdotibus

1760 1497 1996 1557 segetes,
2025 1489 2110 1542 di-
2603 1489 2992 1547 Sacerdotibus

2604 1562 2698 1618 27.
2732 1563 2859 1616 Dico
2889 1571 3071 1618 autem

2607 1633 2782 1698 vobis,
2812 1634 2937 1705 quia

2603 1706 2862 1761 sabbatus
2886 1719 3008 1773 pro-

2639 1787 2725 1833 ter
2754 1777 3027 1833 hominem

2623 1862 2773 1904 aetus
2801 1861 2904 1914 est,

2603 1918 2668 1992 (ἱ)
2700 1937 2805 1975 non
2831 1922 2878 1992 -ζέ
2900 1919 2992 1976 ho»

2600 2007 2691 2046 mo
2715 2001 2940 2062 propter

2600 2064 2881 2119 sabbatum
2907 2080 2920 2117 :

2599 2134 2693 2190 28.
2724 2137 2870 2203 quia,
2898 2134 3162 2191 Dominus

2602 2219 2703 2272 εει,
2739 2206 2907 2262 Filius
2929 2208 3029 2264 ho-

2603 2279 2786 2344 minis,
2815 2279 2979 2336 etiam

2602 2351 2834 2407 sabbati.

2801 2465 3034 2528 CAPUT
3062 2461 3152 2526 III.

2604 2564 2666 2618 i.‘
2712 2562 2782 2618 Et
2805 2577 2930 2618 cum
2958 2562 3154 2618 introis

2603 2644 2690 2691 set
2712 2635 2909 2691 iterum

2604 2707 2658 2762 in
2685 2705 3024 2778 Synagogam
3043 2745 3058 2772 ,

2607 2779 2752 2834 venit
2781 2781 2848 2833 ad
2877 2779 2942 2832 il-

1762 1558 1955 1630 scipuli
1983 1559 2102 1630 ejus

1764 1629 1846 1701 (ά)
1876 1629 2072 1700 (δοϐρε-

1763 1711 1891 1756 runt
1918 1701 1960 1774 1-
1990 1703 2097 1758 vel-

1765 1772 1877 1828 lere
1905 1774 2104 1844 spicas.

1762 1844 1856 1900 24.
1889 1845 2168 1903 Pharisaei

1765 1926 1946 1971 autem
1976 1919 2123 1976 dice-

1763 1987 1896 2043 bant
1920 1989 1995 2044 illi
2026 2007 2040 2044 :

1764 2059 1906 2115 Ecce
1925 2102 1940 2129 ,
1973 2060 2104 2130 quid

1765 2131 1971 2214 faciunt
1997 2133 2067 2214 (ε)
2098 2131 2182 2214 (ii-

1764 2205 2202 2359 igbpb‘gtlig'qurod

1766 2362 1873 2402 non
1899 2349 2096 2405 licebat

1797 2421 1841 2488 ί)
1870 2418 2058 2491 εἰςτῖ

1803 2491 1861 2547 5.
1913 2493 1978 2546 Et
2003 2492 2080 2546 ait
2115 2491 2253 2550 illis:

1766 2562 1884 2617 Non
1909 2565 2011 2619 hoc
2045 2563 2122 2619 le-

1767 2635 1940 2705 gistis,
1970 2635 2097 2705 quid

1770 2703 1960 2762 fecerit
1988 2703 2180 2776 David,
2211 2721 2336 2764 cum

1770 2779 2149 2836 necessitatem

1769 2849 1981 2918 habttit,
2011 2861 2067 2906 et

1769 2922 1985 2988 esuriit,
2008 2931 2064 2979 et

1769 2993 1861 3064 qui
1892 3009 2016 3050 cum

2609 2850 2722 2906 lum
2754 2850 2937 2933 homo,

2608 2938 2825 2978 manum
2853 2937 2961 2976 afl-

2609 2994 2733 3050 dam
2764 2993 2988 3050 habens.

1385 3079 1619 3139 CODEX
1659 3083 2058 3144 BRIXIANUS.

67 3195 276 3237 novum.
305 3182 361 3236 in
415 3189 568 3238 utres
619 3187 837 3242 veteres
886 3193 954 3235 ne
997 3177 1270 3248 dirumpat
1313 3175 1515 3248 vinum
1570 3191 1668 3232 no-

67 3267 172 3306 vum
212 3263 390 3308 utres.
425 3255 482 3310 et
521 3254 705 3309 vinum
758 3248 1090 3308 effundetur.
1129 3247 1352 3305 etutres
1382 3247 1660 3320 peribunt.

69 3325 147 3379 sed
159 3325 353 3380 vinum
379 3340 576 3380 novum
591 3324 644 3380 in
664 3335 815 3380 utres
837 3339 1008 3378 novos
1029 3323 1248 3376 mittunt
1272 3329 1327 3376 et
1347 3321 1507 3375 ambo
1528 3335 1663 3376 con-

68 3405 366 3452 servantur.
399 3396 468 3452 Et
497 3397 696 3453 factum
729 3405 832 3452 est.
869 3395 950 3463 (ct
999 3401 1058 3449 ut
1079 3393 1320 3447 sabbatis
1346 3392 1652 3448 ambularet

67 3483 148 3535 per
171 3478 293 3524 sata
343 3478 399 3524 et
440 3469 688 3536 discipuli
734 3468 852 3536 ejus
892 3468 996 3522 iter
1049 3465 1310 3520 facientes
1357 3473 1660 3536 coeperunt

66 3533 259 3595 vellere
308 3542 506 3609 spicas.
566 3533 843 3595 Pharisaei
873 3549 1053 3592 autem
1107 3533 1473 3609 dicebantcif
1518 3533 1658 3592 Ecce

65 3613 174 3680 quid
205 3608 418 3693 faciunt
443 3612 523 3738 Se.)
551 3611 801 3680 discipuli
829 3611 904 3695 tui
939 3609 987 3694 δι’
1010 3608 1252 3691 sabbatis
1282 3609 1425 3690 quod
1457 3623 1562 3662 non
1582 3609 1660 3690 .Ιί-

65 3694 152 3736 cet.
207 3684 280 3737 Et
305 3692 384 3736 att
441 3700 454 3738 l
485 3685 570 3738 Its.
604 3682 722 3738 Non
775 3684 1002 3738 legistts.
1039 3681 1167 3738 (Illiti
1219 3680 1407 3734 fecerit
1462 3677 1654 3734 David.

64 3677 152 3755 eet.
207 3684 280 3755 Et
305 3687 384 3736 ait
441 3677 570 3738 illis.
604 3677 1002 3755 NonAlegistis.
1039 3680 1167 3750 quiti
1219 3677 1407 3755 iecerit
1462 3677 1654 3755 David.

65 3751 273 3824 quando
313 3755 696 3812 necessitatem
745 3752 934 3810 habuit
985 3762 1040 3808 et
1092 3753 1286 3807 esuriit
1328 3752 1442 3821 ipse
1488 3763 1540 3806 et
1568 3751 1659 3820 qui

1773 3195 1895 3234 cum
1919 3196 1986 3236 eo
2017 3191 2193 3238 erant.
2219 3179 2508 3250 Quomodo
2535 3178 2746 3236 introiit
2770 3180 2824 3235 in
2863 3178 3084 3235 domum
3116 3174 3234 3250 Dei.
3266 3175 3369 3232 sub

1772 3251 2038 3324 Abiathar
2062 3249 2527 3324 Sacerdotem._et
2558 3268 2727 3324 panes
2769 3249 3160 3324 propositionis
3207 3262 3364 3324 man;

1770 3323 2008 3395 ducavit.
2047 3341 2184 3395 quos
2208 3341 2312 3381 non
2347 3316 2918 3381 licebat'manducaré.
2955 3323 3056 3378 nisi
3085 3318 3162 3394 (Ιι)
3184 3316 3368 3395 solisj‘

1767 3390 2182 3453 Sacerdotibus.
2237 3398 2453 3454 etdedit
2491 3397 2570 3451 eis
2596 3396 2688 3467 qui
2718 3411 2839 3450 cum
2863 3411 2954 3467 eo,
2986 3390 3162 3450 erant.
3189 3392 3254 3447 Et
3280 3390 3368 3467 dif-

1766 3471 1926 3522 cebat
1956 3469 2036 3523 eis
2059 3469 2342 3525 sabbatum
2369 3477 2592 3540 propter
2613 3461 2902 3540 hominem
2936 3466 3260 3540 factumest.
3295 3461 3358 3534 (i)

1768 3555 1874 3611 non
1909 3540 1951 3611 ’ξ’
1987 3542 2149 3595 homo
2189 3538 2414 3611 protiter
2442 3539 2747 3595 sabbatum.
2777 3538 2965 3608 Itaque
2996 3538 3254 3611 Dominus
3285 3541 3365 3588 est

1767 3608 1943 3666 Filius
1995 3608 2248 3667 hominis.
2283 3608 2447 3667 etiam
2492 3612 2725 3667 sabbati.
2759 3611 2824 3665 Et
2876 3610 3119 3664 introivit
3171 3608 3365 3661 iterum

1767 3681 1925 3738 Jcsus
1956 3684 2008 3739 in
2041 3687 2401 3757 Synagogam.
2431 3692 2487 3740 et
2515 3693 2634 3739 erat
2681 3683 2752 3738 ibi
2798 3682 2983 3738 homo.
3015 3679 3222 3737 habens
3255 3693 3367 3732 ma-

1361 3840 1597 3898 CODEX
1634 3840 2105 3901 CORBEIENSIS.

122 3940 211 3997 22.
258 3941 498 4013 alioquin
547 3943 567 3974 ²
620 3940 912 4012 disrumpit
944 3940 1130 3996 vinum
1159 3949 1340 4003 utres;
1368 3950 1426 3996 et
1451 3940 1660 4006 vinum,

63 4021 109 4068 et
135 4024 286 4069 utres
314 4013 592 4083 peribunt.

122 4083 212 4140 33.
263 4083 488 4141 Factum
558 4093 640 4140 est
687 4093 866 4140 autem
923 4085 1118 4140 iterum
1167 4083 1188 4114 ³
1243 4097 1366 4138 eum
1421 4083 1662 4140 sabbatis

63 4159 284 4213 transire
323 4173 421 4226 per
443 4166 680 4227 segetem
711 4174 723 4210 :
756 4157 1006 4225 discipuli
1035 4171 1165 4212 vero
1213 4155 1329 4226 ejus
1358 4165 1663 4226 coeperunt

62 4230 256 4286 vellere
285 4229 487 4299 spicas,
515 4237 571 4284 et
602 4227 946 4283 manducare.

124 4300 208 4357 24.
260 4301 439 4368 Ecce,
467 4301 490 4333 δ
529 4301 658 4373 quid
700 4300 906 4356 faciunt
963 4299 1206 4356 sabbatis
1239 4299 1494 4368 discipuli
1543 4299 1660 4367 tui,

1766 3940 1907 4012 quod
1938 3958 2044 3996 non
2074 3942 2202 3998 licet
2228 3942 2381 3998 illis?
2568 3967 2570 3970 ν

1837 4011 1930 4086 25.
1973 4015 1994 4045 ⁸
2033 4013 2144 4086 Nec
2171 4015 2272 4070 hoc
2303 4013 2532 4085 legistis,
2558 4014 2688 4086 quid
2717 4013 2907 4071 iecerit
2939 4009 3155 4068 David?

1839 4085 1933 4140 26.
1965 4087 2066 4140 nisi
2090 4085 2500 4143 Sacerdotibus.

1835 4157 1930 4213 27.
1961 4160 2230 4213 omittitur.

1839 4230 1931 4285 28.
1978 4232 2109 4286 Dico
2138 4238 2319 4285 autem
2365 4229 2561 4287 vobis:
2591 4229 2763 4287 Filius
2795 4229 3066 4297 hominis,
3109 4223 3370 4283 Dominus

1767 4311 1854 4358 est
1882 4303 2046 4358 etiam
2081 4301 2352 4358 sabbathi.
2658 4333 2668 4344 -

1313 4391 1710 4450 VARIANTES
1739 4393 2034 4452 LECTION
2039 4395 2141 4451 ES.

119 4490 133 4521 ¹
166 4492 274 4542 Gut.
296 4489 704 4548 propositionis...
732 4501 826 4540 non
853 4488 1032 4538 licebat
1054 4488 1102 4538 ei
1125 4485 1435 4548 manducare,
1463 4487 1556 4537 nisi
1572 4500 1654 4537 so-

61 4549 115 4600 iis
134 4549 504 4609 Sacerdotibus,
527 4561 580 4602 et
601 4553 738 4604 dedit
765 4554 851 4601 eis.
889 4554 1011 4601 Mm.
1037 4563 1133 4600 non
1166 4550 1345 4600 licebat
1371 4551 1415 4600 ei
1449 4550 1653 4599 mandu-

61 4628 181 4672 care,
207 4618 302 4667 nisi
328 4615 504 4664 solis...
546 4621 599 4665 et
614 4616 757 4678 dedit
779 4615 873 4673 his,
898 4618 979 4678 qui
1018 4626 1130 4663 cum
1170 4615 1297 4678 ipso,
1313 4620 1471 4678 erant.
1510 4610 1653 4678 Vulg.

63 4680 462 4740 propositionis...
489 4691 586 4727 nou
609 4677 793 4728 licebat
816 4677 1128 4740 manducare,
1153 4677 1246 4726 nisi
1271 4675 1650 4739 Sacerdotibus,

61 4748 108 4789 et
127 4742 266 4790 dedit.
290 4743 367 4790 eis
389 4743 474 4802 qui
499 4755 609 4791 cum
637 4754 698 4790 eo
723 4749 881 4791 erant.

115 4803 134 4832 ¹
168 4805 274 4854 ϐαι.
300 4801 576 4867 disrumpet
597 4805 761 4853 vinum
797 4815 978 4854 novum
1010 4807 1153 4852 utres
1176 4807 1405 4861 veteres;
1435 4807 1502 4850 et.
1530 4801 1650 4850 Mm.

1760 4495 1986 4628 “lingat;
2013 4559 2056 4604 et
2081 4555 2200 4628 μζρι.
2218 4566 2342 4628 eum
2359 4551 3152 4628 “sabbatliishomjssoDominus:
3168 4621 3220 4628 __
3244 4609 3274 4628 η

1797 4678 1808 4688 .
1825 4615 1848 4647 ⁸
1863 4617 1991 4690 ραι.
2009 4615 2320 4690 qtiid‘faciunt
2342 4615 2568 4680 discipuli
2587 4609 2656 4667 tui
2676 4615 2944 4676 sabbathis,
2974 4627 3105 4678 quae
3126 4621 3221 4661 non
3244 4609 3363 4661 licet

1763 4678 1839 4727 eis
1862 4677 2063 4730 facere?
2090 4677 2166 4727 Et.
2467 4677 2479 4680 “
2996 4677 3006 4678 “

1761 4741 2094 4853 Ngmﬁt‘zltémait
2132 4741 2228 4792 illis
2252 4755 2263 4790 :
2290 4741 2536 4840 Numquid
2576 4741 2782 4806 legistis.
2809 4743 2928 4791 Mm.
2965 4741 3032 4791 ait
3056 4737 3150 4789 illis
3174 4736 3322 4787 Jesus
3347 4750 3361 4786 ;

1807 4817 2056 4868 umquam.
2441 4833 2450 4840 -

733 4911 1025 4954 LECTIONES
1049 4909 1252 4952 CODICIS
1278 4907 1692 4953 VINDEBONENSIS
1716 4912 1988 4953 ABEUNTES
2017 4913 2082 4952 ΑΒ
2112 4911 2361 4953 EDITIONE
2383 4910 2652 4953 γυιοΑτΑ.

57 4985 128 5037 22.
151 4987 487 5050 disrumpet...
516 4996 568 5039 et
591 4987 776 5043 vinum.
806 4991 857 5037 et
897 4994 1038 5037 utres
1061 4986 1311 5051 peribunt.
1335 4983 1470 5051 ijd.
1501 4987 1652 5051 deest,

59 5051 139 5098 sed
163 5053 327 5101 vinum
346 5049 530 5101 novum
556 5053 604 5100 in
635 5060 785 5114 utres
799 5063 946 5114 novos
969 5049 1091 5099 mitti
1115 5050 1286 5114 debet.
1350 5049 1428 5100 9.3.
1477 5049 1651 5114 Habet,

58 5125 158 5162 cum
182 5115 393 5164 sabbatis
417 5114 708 5163 ambularet.
736 5111 870 5164 Ibid.
895 5121 1170 5176 coeperunt
1195 5112 1382 5176 vellere
1416 5117 1591 5172 spicas.

59 5176 130 5225 2i.
167 5177 438 5240 dicebant:
468 5176 596 5240 Ecce
642 5177 757 5240 quid
800 5174 1250 5240 faciunt—discipuli
1298 5178 1368 5225 tul
1411 5177 1654 5236 sabbatis,

58 5239 198 5299 quod.
265 5239 345 5289 23.
371 5238 432 5289 Et
453 5241 522 5288 ait
546 5237 675 5289 illis}
705 5238 810 5288 Nec
831 5239 923 5288 hoc
948 5237 1197 5297 legistis...
1241 5250 1350 5286 cum
1389 5239 1660 5287 necessita-

61 5307 152 5350 tem
173 5303 360 5365 habuit,
385 5309 439 5352 et
459 5303 652 5361 esuriit,
675 5309 727 5352 et
764 5302 848 5366 qui
871 5313 980 5352 cum
1003 5299 1090 5351 illo
1116 5306 1274 5352 erant.
1339 5301 1418 5352 26.
1441 5303 1662 5351 introibit

1763 4988 1810 5036 in
1831 4989 2028 5037 domum
2054 4985 2164 5044 Dei,
2190 4995 2241 5037 et
2263 5001 2417 5051 panes
2449 4989 2794 5051 propositionis
2819 4987 3152 5047 manducavit,
3179 4992 3233 5051 _et
3271 4983 3362 5034 de-

1761 5051 1831 5099 dit
1857 5053 1930 5115 cis
1949 5091 1961 5110 ,
1990 5052 2071 5112 qui
2107 5064 2216 5115 cum
2243 5049 2325 5099 illo
2350 5049 2509 5115 erant,
2540 5049 2663 5115 ques
2705 5065 2799 5100 non
2833 5051 3024 5115 licebat
3047 5049 3360 5115 manducare,

1762 5115 1853 5181 nisi
1883 5110 2253 5181 Sacerdotibus.
2321 5115 2397 5164 28.
2416 5110 2545 5181 om
2559 5110 2745 5181 'autem
2766 5114 2934 5181 vobis,
2957 5114 3184 5181 qttoniam
3211 5110 3364 5181 Filius

1764 5175 1990 5239 hominis,
2005 5176 2252 5239 Dominus
2263 5184 2341 5239 est
2360 5177 2509 5225 etiam
2535 5178 2687 5239 ipsius
2709 5171 3131 5238 sabbati,réliquis
3151 5171 3359 5224 omissis.

1827 5237 1941 5287 Car.
1968 5237 2054 5288 Ill.
2082 5261 2144 5274 -ι
2163 5239 2208 5290 1.
2233 5237 2296 5290 Et
2320 5252 2429 5290 cum
2456 5237 2704 5289 intrbisset
2734 5240 2781 5288 in
2806 5237 3141 5304 Synagogam,
3171 5243 3292 5286 erat.

1404 5389 1774 5447 BLANCHINI
1801 5390 2036 5450 NOT/E.

123 5479 202 5550 (a)
243 5479 376 5535 Post
405 5481 584 5562 vinum
606 5480 807 5562 ,.d_eest
830 5480 1122 5562 effundatur
1147 5481 1240 5562 ,itn
1278 5481 1398 5562 cod.
1434 5482 1835 5562 quoque‘gant.
1864 5514 1938 5562 ‘—
1966 5483 2047 5557 (b)
2089 5483 2217 5562 Post
2251 5487 2490 5562 peribunt
2513 5530 2529 5556 ,
2547 5487 2714 5562 deest
2757 5489 2846 5543 sed
2866 5489 3038 5562 uinum
3080 5504 3264 5544 novum
3302 5489 3359 5546 in

60 5562 197 5634 utres
244 5569 397 5607 novos
439 5554 584 5634 ληξιξί
611 5553 774 5634 debet,
803 5559 1008 5624 pariter
1015 5554 1090 5634 in
1133 5554 1276 5634 cod.‘
1298 5552 1532 5634 Eattt._-
1553 5557 1622 5634 (c)
1664 5555 1838 5634 ‘Dee‘st
1868 5552 2050 5634 iterant
2077 5552 2262 5634 etiam:
2291 5560 2362 5634 in_
2388 5569 2495 5615 tex.
2516 5552 2630 5615 Ἐπ’.
2654 5591 2726 5600 -
2765 5562 2844 5630 (d)
2888 5561 3017 5616 Post
3055 5570 3374 5634 coeperunt,

57 5620 206 5704 deest
233 5626 502 5705 progredi,
551 5625 601 5705 in
625 5625 746 5679 cod.
767 5620 989 5705 quoque
1010 5625 1521 5705 Can‘ts—(‘eimldit
1545 5620 1789 5705 discipuli
1834 5631 1908 5705 tui
1930 5670 1943 5690 ,
1968 5631 2133 5705 etiam
2164 5631 2287 5705 cod.
2324 5630 2480 5705 Cant.
2531 5635 2576 5688 οἱ
2606 5620 2968 5705 μαθητῶσου.
3002 5665 3070 5674 ——-
3100 5620 3164 5705 (Ι)
3193 5620 3357 5689 Addit

58 5694 141 5774 eis,
167 5695 290 5749 cod.
314 5693 527 5768 quoque
546 5693 698 5774 Cant.
722 5693 1086 5770 αὐτοῖςῘ-(ιι)
1107 5699 1233 5774 Post
1255 5693 1374 5774 Dei,
1398 5697 1551 5774 deest
1572 5699 1664 5752 sub
1679 5693 1942 5774 :Abiathar
1968 5702 2202 5768 I’rincipe
2225 5703 2581 5768 Sacerdotem,
2605 5693 2806 5774 pariter
2827 5707 2877 5760 in
2898 5705 3018 5761 cod.
3037 5693 3189 5760 Cant.
3215 5705 3352 5761 Sunt

57 5767 139 5835 qui
174 5776 362 5848 putant
385 5769 722 5848 sacerdotem
750 5767 1024 5848 sumntum
1047 5770 1520 5848 ittisseitbitttelec,
1544 5786 1647 5848 non
1669 5773 1962 5848 Abh-that);
1983 5783 2110 5848 etea
2133 5767 2199 5848 de
2227 5767 2644 5848 cal‘lsthOliiCCIIl]
2674 5776 2959 5834 Gmbicum
2981 5785 3095 5848 pro,
3126 5778 3356 5845 principe

57 5840 388 5926 sacerdotum,
433 5841 632 5926 habere
660 5840 924 5898 sacerdota
949 5842 1288 5924 simpliciter.
1309 5841 1476 5919 —(h)
1501 5841 1654 5916 addit
1676 5846 1821 5919 solis,
1853 5846 2017 5926 etiam
2045 5844 2208 5922 Gotb.
2231 5861 2261 5910 e
2297 5846 2646 5907 Mattbazo.—
2673 5848 2737 5926 (ἱ)
2761 5848 2901 5909 Ante
2931 5840 3062 5926 non,
3083 5840 3256 5920 deest
3283 5840 3350 5908 ἐι,

61 5909 108 5968 in
141 5920 254 5967 tes.
293 5912 616 6010 quoqueGr.
