3934 6332
428 220 531 277 759
955 218 1230 279 EUSEBII
1270 219 1621 285 VERCELL.
1652 218 2106 279 EVANGELIUM
2141 219 2287 275 CUM
2327 216 2559 276 VARUS
2595 216 2753 274 COD.
2793 212 3194 272 COLLATUM.

824 332 1057 390 CODEX
1094 332 1633 391 VERCELLENSIS.

430 426 539 482 tria
567 441 687 495 sua,
720 436 775 483 et
801 426 856 483 in

431 500 702 571 cognatis,
738 507 798 556 et

434 572 494 627 in
525 571 690 626 domo
714 584 835 625 sua.

433 642 491 699 5.
535 644 553 676 ⁸
588 642 653 699 Et
683 641 859 697 noluit
885 640 959 698 ibi

433 715 641 771 nullam
674 713 821 770 face-

435 803 501 844 re
531 786 810 853 virtutem,

437 859 545 915 nisi
574 859 625 913 in
659 858 847 928 paucis

435 930 616 1002 aegris
642 929 801 1001 iupo-

436 1017 577 1057 nens
603 1017 850 1068 manum,

440 1076 497 1130 6.
536 1074 798 1140 curabat;
837 1084 892 1133 et

441 1144 766 1211 mirabatur,

441 1224 666 1288 propter
698 1218 780 1271 in-

443 1287 823 1345 credulitatem

444 1362 687 1416 illorum.
721 1360 791 1415 Et
816 1361 923 1416 cir-

446 1431 629 1489 cuibat
657 1447 756 1503 per

448 1503 767 1574 municipia,

448 1577 673 1633 docens.

451 1652 505 1703 7.
550 1649 616 1704 Et
635 1662 905 1704 convoca-

448 1721 522 1794 tis
548 1735 653 1794 xu.
670 1718 748 1792 (τι)
774 1722 922 1778 misit
944 1724 986 1794 1-

452 1792 580 1848 illos
605 1792 784 1856 binos,

454 1859 533 1936 (b)
558 1862 682 1918 data
712 1863 757 1937 -ιή
783 1866 862 1922 eis
901 1881 997 1937 po-

454 1944 655 1992 testate
675 1936 788 2007 spi-

451 2007 658 2063 rituum
688 2008 788 2064 im-

459 2079 817 2148 mundorum;

459 2151 514 2207 8.
559 2153 828 2224 praecipi-

458 2238 560 2278 ens
590 2224 716 2289 illis,
751 2239 818 2280 ne

461 2293 592 2365 quid
624 2296 782 2351 tolle-

463 2375 589 2422 rent
616 2368 671 2422 in
701 2367 812 2433 via,

462 2438 570 2493 nisi
601 2439 808 2510 virgam

464 2519 675 2565 tantum
692 2552 707 2575 ,
737 2527 831 2567 ne-

464 2597 572 2653 que
598 2597 806 2651 peram,

464 2668 644 2725 neque
684 2669 904 2724 panem,

464 2728 566 2782 sed
595 2740 696 2781 nec
722 2742 881 2782 num-

464 2812 585 2855 mos
611 2798 666 2854 in
697 2813 908 2867 zonam,

465 2868 522 2925 9.
564 2870 661 2927 sed
688 2871 950 2928 calciatos

466 2941 636 2998 soleis
662 2960 677 2996 :
710 2951 786 3008 et,
813 2957 911 2998 no-

1271 427 1360 483 tl.
1406 428 1474 483 tis
1504 428 1664 495 inde;
1694 438 1751 484 et

1268 500 1603 570 quicumque

1270 572 1292 613 ’
1318 588 1427 627 non
1456 586 1610 628 rece-

1272 644 1458 714 perint
1485 657 1602 710 vos,

1274 731 1378 772 nec
1398 715 1589 771 audie-
1677 754 1679 757 ι

1276 787 1389 842 rint
1417 802 1534 850 vos.
1569 802 1663 843 ex-

1278 866 1476 915 euntes
1507 860 1591 913 in-

1278 929 1375 995 de,
1410 932 1648 987 excutite

1278 1004 1561 1073 pulverem

1279 1073 1360 1147 (d)
1393 1075 1591 1147 pedum
1617 1088 1741 1131 ves-

1281 1146 1489 1219 trorum
1518 1146 1559 1219 -ι-
1592 1147 1647 1202 in

1279 1218 1593 1274 testimoni-

1283 1305 1371 1344 um
1411 1291 1514 1346 eis.
1547 1291 1723 1347 Amen

1283 1362 1410 1417 dico
1438 1363 1614 1429 vobis,

1282 1436 1571 1490 remissius

1285 1506 1392 1562 erit
1416 1505 1597 1562 Sodo-

1286 1576 1412 1641 mis,
1441 1589 1496 1634 et
1522 1577 1724 1636 Gomo-

1285 1648 1365 1723 ris
1382 1648 1445 1723 in
1477 1649 1566 1706 die
1586 1652 1676 1723 ju-

1287 1720 1438 1805 dicia
1468 1720 1629 1805 ‘1“.‘1'3'

1287 1793 1496 1849 civitati
1526 1795 1625 1850 illi.

1288 1864 1379 1920 12.
1422 1864 1525 1935 Et,
1555 1882 1680 1923 cum
1711 1866 1871 1925 exis-

1289 1946 1442 2004 sent,
1479 1940 1696 2007 praedi-

1291 2009 1511 2076 cahant,
1546 2021 1604 2066 ut

1295 2082 1624 2151 paenitenti-

1294 2167 1382 2207 am
1408 2165 1631 2223 agerent
1659 2170 1674 2209 :

1299 2224 1390 2280 15.
1431 2236 1487 2279 et
1513 2225 1738 2283 daemo—

1299 2296 1388 2351 nia
1418 2298 1590 2353 multa

1299 2367 1591 2433 eiciebant.

1299 2449 1354 2495 et
1381 2441 1658 2510 ungebam

1300 2513 1425 2567 oleo
1454 2514 1658 2568 multos

1301 2598 1496 2654 aegros
1509 2628 1524 2653 ,
1555 2595 1612 2641 et

1302 2655 1591 2711 sanabant.

1304 2728 1394 2785 14.
1437 2729 1505 2784 Et
1531 2728 1704 2786 audiit
1736 2729 1839 2786 He-

1305 2800 1469 2856 rodes
1498 2800 1617 2856 Rex

1305 2874 1510 2941 (palam
1536 2872 1737 2930 factum

1305 2954 1393 3000 est
1420 2945 1565 3000 enim
1594 2961 1692 3001 no-

2578 330 2814 390 CODEX
2852 327 3307 389 VERONENSIS.

2140 429 2316 502 patria
2342 443 2462 497 Sua,

2139 501 2195 560 et
2222 501 2277 557 in
2341 516 2546 573 genere

2140 591 2264 640 suo,
2292 585 2346 629 et
2372 575 2426 629 in

2141 645 2310 703 domo
2339 659 2462 700 sua.

2143 718 2197 774 5.
2244 718 2311 772 Et
2349 732 2456 772 non
2484 716 2564 774 fa-

2143 791 2328 846 ciebat
2368 790 2442 844 ibi

2144 862 2315 917 ullam
2339 860 2513 917 virtu-

2144 941 2255 989 tem
2277 948 2291 996 ;
2322 931 2425 987 nisi

2145 1004 2517 1076 paucosiuﬁro

2146 1072 2267 1131 iuos
2294 1072 2528 1142 'ruravit,

2146 1149 2203 1204 6.
2244 1147 2518 1218 inponens

2147 1221 2227 1276 eis
2268 1233 2465 1275 manus
2486 1261 2500 1284 ,

2152 1301 2375 1362 prottter
2403 1292 2454 1346 in
2470 1320 2488 1331 -

2147 1363 2526 1420 credulitatem

2150 1436 2388 1491 illorum.

2151 1507 2220 1562 Et
2247 1507 2510 1563 circuibat

2149 1579 2372 1635 castella
2406 1581 2457 1633 iu
2485 1580 2593 1635 cir-

2151 1652 2333 1716 cuitu,
2364 1649 2589 1707 docens.

2153 1724 2208 1779 7.
2252 1723 2317 1777 Et
2336 1739 2545 1778 convo-

2153 1797 2291 1850 catis
2331 1810 2427 1850 xu.
2460 1794 2573 1851 dis.

2155 1865 2375 1937 cipulis,

2156 1938 2233 2010 (a)
2264 1940 2412 1993 misit
2441 1939 2482 2010 +
2513 1939 2576 1994 il-

2157 2010 2244 2065 los
2274 2010 2455 2078 binos,

2159 2081 2239 2155 (b)
2269 2081 2395 2138 data
2425 2081 2465 2154 τ
2488 2082 2553 2138 il-

2162 2154 2230 2209 lis
2261 2164 2531 2224 potestate

2167 2226 2460 2294 spirituum

2166 2297 2569 2353 immundorum
2588 2316 2605 2364 ;

2166 2368 2221 2424 8.
2264 2370 2608 2440 praecipiens,

2168 2441 2304 2497 nihil
2335 2440 2547 2510 tollere,

2169 2514 2273 2568 nisi
2302 2512 2511 2583 virgam

2169 2594 2379 2640 tantum
2404 2602 2419 2653 ;
2456 2600 2564 2640 non

2169 2671 2381 2728 peram,
2412 2672 2520 2712 non

2170 2743 2388 2800 panem,
2418 2743 2513 2784 ue-

2170 2816 2275 2868 que
2305 2815 2399 2855 aes
2426 2801 2479 2854 iu

2174 2871 2231 2929 9.
2272 2872 2453 2938 acuis,
2482 2870 2577 2927 sed

2175 2945 2433 3000 calciatos
2459 2958 2584 2999 san-

2967 428 3193 485 domum
3214 469 3229 493 ,
3263 425 3337 482 ibi

2967 509 3188 556 manete
3208 538 3224 562 ,
3254 498 3355 554 do-

2968 583 3069 628 nec
3095 571 3304 626 exeatis

2968 645 3057 700 ll.
3101 643 3253 709 inde;
3282 650 3337 698 et

2967 716 3299 787 quicumque

2976 804 3083 843 non
3111 801 3266 843 rece-

2975 860 3155 931 perint
3175 871 3273 914 vos
3289 899 3305 925 ,

2981 946 3158 1001 neque
3182 945 3280 986 au-

2978 1003 3179 1058 dierint
3206 1016 3302 1056 vos
3326 1042 3342 1067 ,

2979 1083 3243 1131 exeuntes

2981 1145 3107 1202 inde
3129 1188 3145 1213 ,
3174 1159 3340 1202 excu-

2982 1217 3077 1273 tile
3107 1218 3299 1289 pulve-

2980 1305 3092 1345 rem
3110 1287 3198 1361 (ά)
3222 1302 3316 1360 pe-

2980 1361 3107 1417 dum
3138 1376 3232 1415 ve-

2983 1441 3222 1489 strorum
3238 1431 3280 1503 -ι-

2986 1507 3038 1559 ἰη
3068 1505 3313 1560 testimo-

2987 1577 3134 1633 nium
3165 1575 3298 1630 illis.

2986 1650 3075 1706 l2.
3118 1647 3188 1702 Et
3208 1655 3466 1703 exeuntes
3482 1687 3495 1713 ,

2987 1719 3406 1793 praedicabant,

2989 1792 3049 1849 ut
3076 1792 3357 1863 paeniten—

2993 1867 3122 1919 tiam
3149 1878 3276 1935 age-

2996 1937 3085 1993 l3.
3129 1931 3288 1990 rent:
3321 1943 3379 1992 et
3405 1931 3504 1989 ali-

2994 2009 3088 2079 qui
3114 2021 3183 2063 ex
3210 2007 3316 2079 illis

2996 2078 3166 2135 multa
3192 2078 3324 2135 dae-

2998 2152 3180 2208 monia
3203 2167 3297 2206 cx-

3000 2223 3276 2294 pellebant
3295 2265 3311 2289 ,

2998 2305 3054 2351 et
3082 2295 3151 2366 (ρ)
3183 2309 3430 2365 unguen-

3001 2365 3147 2439 ωεστ
3176 2367 3299 2423 oleo
3329 2366 3525 2423 multos

3001 2453 3195 2509 aegros
3212 2479 3228 2506 ,
3254 2454 3343 2495 sa-

3004 2520 3292 2567 uaverunt.

3006 2581 3095 2637 M.
3135 2581 3359 2638 Audivit
3386 2595 3481 2635 atl—

3007 2662 3115 2709 tem
3145 2654 3392 2712 Herodes

3008 2724 3123 2782 Rex
3164 2725 3380 2798 (uotum

3008 2798 3153 2853 enim
3176 2796 3388 2855 factum

3009 2878 3096 2925 est
3124 2884 3323 2926 nomen

3009 2940 3126 3015 ejus
3151 2940 3202 3015 :)
3230 2939 3433 3015 etA(sic)_
3456 2938 3534 2996 di-

464 3012 563 3069 lite
587 3012 738 3069 indui

1306 3031 1434 3072 men
1465 3016 1650 3075 illius:
1676 3021 1693 3088 )

467 3084 606 3142 duas
637 3087 783 3142 tuni-

1306 3095 1363 3172 εἰ
1389 3088 1510 3172 (εἰσ)
1537 3090 1790 3172 dicebant
1815 3108 1826 3143 :

471 3171 588 3213 cas.
1307 3158 1446 3227 Quia
1470 3158 1678 3216 Johan-

470 3229 574 3302 19.,
607 3229 674 3285 Et
701 3228 918 3286 dicebat
946 3229 1052 3286 illis
1081 3247 1092 3283 :
1312 3245 1409 3287 nes
1436 3231 1648 3302 Baptis-

471 3299 816 3372 Ubicumque
1313 3310 1366 3356 ta
1387 3299 1635 3360 resurre-

473 3373 768 3427 intraveri-
1315 3374 1394 3429 xit
1419 3389 1449 3429 a
1478 3390 1629 3431 mor.

472 3445 566 3513 tis,
600 3444 673 3500 ibi
697 3459 883 3501 mane—
1316 3446 1420 3502 tuis
1440 3462 1455 3512 ;
1488 3456 1543 3502 et
1569 3446 1694 3506 ideo

474 3527 550 3584 te,
582 3516 758 3573 donec
783 3530 949 3573 exea-
1313 3518 1541 3575 virtutes

2173 3016 2336 3073 daliis
2365 3033 2380 3071 :
2411 3024 2466 3071 et
2496 3029 2564 3070 ne
3012 3013 3209 3070 ceban't
3235 3031 3251 3069 :
3280 3013 3440 3083 Quod

2178 3088 2534 3145 induerentur
3012 3084 3291 3142 Iohannes

2175 3162 2314 3216 duas
3017 3157 3257 3227 Baptista
3286 3172 3407 3213 sur-

2177 3234 2408 3289 tunicas.
3015 3228 3157 3285 rexit
3183 3244 3213 3283 a
3242 3244 3392 3286 mor-

2176 3304 2265 3360 10.
2310 3303 2379 3359 Et
2409 3302 2480 3375 (ε)
2509 3303 2584 3360 ait
2605 3303 2646 3375 -ι-
3019 3298 3157 3367 tuis;
3186 3308 3244 3356 et

2176 3377 2289 3433 illis
2319 3393 2331 3430 :
2368 3375 2626 3432 Ubicum-
3018 3381 3309 3443 prapterea

2176 3463 2283 3519 que
2310 3448 2483 3503 intro-
3017 3452 3277 3519 operatur

2178 3515 2353 3577 teritis
2386 3522 2440 3576 in
3016 3515 3244 3573 virtutes
3272 3515 3326 3571 in

1797 3645 2031 3702 CODEX
2066 3644 2469 3703 BRIXIANUS.

471 3740 574 3795 tria
606 3756 724 3797 sua.
758 3755 815 3798 et
844 3744 897 3797 in
926 3742 1253 3814 cognatione
1282 3757 1397 3799 sua.
1452 3754 1508 3800 et
1565 3744 1618 3799 itt
1662 3744 1824 3801 domo
1849 3759 1966 3800 sua.
1999 3745 2070 3800 Et

470 3813 653 3886 noluit
675 3814 744 3869 ibi
773 3813 1026 3871 virtutem
1061 3814 1225 3869 ullam
1255 3814 1453 3871 facere.
1484 3815 1803 3886 nisipaucos
1825 3818 2069 3873 inlirmos

471 3885 717 3960 curavit.
766 3887 1031 3960 inponens
1068 3888 1150 3942 eis
1182 3888 1450 3943 manibus.
1496 3885 1877 3960 et_mirabatur
1906 3904 2071 3960 super

470 3956 854 4013 incredulitate
903 3959 1142 4013 illorum.
1172 3971 1228 4015 et
1265 3960 1531 4015 circuibat
1556 3958 1714 4015 Jesus
1743 3956 1990 4015 castella.
2022 3960 2073 4014 iu

471 4027 701 4083 circuitu
733 4029 953 4086 docens.
989 4030 1055 4085 Et
1081 4032 1398 4086 convocavit
1429 4031 1738 4086 duodecim.
1787 4041 1843 4087 et
1889 4031 2071 4100 coepit

473 4114 568 4172 eos
601 4101 815 4172 mittere
853 4101 1030 4156 binos.
1055 4112 1111 4157 et
1130 4102 1277 4158 dedit
1300 4103 1379 4159 eis
1410 4113 1751 4171 potestatem.
1781 4102 2069 4172 spirituum

472 4170 900 4254 immundorum.
926 4184 981 4228 et
1009 4173 1285 4243 prohibuit
1324 4170 1419 4229 eis
1446 4191 1512 4229 ne
1559 4175 1687 4245 quid
1719 4170 1971 4229 tollerent
2018 4177 2071 4229 in

473 4243 588 4295 via.
609 4243 722 4318 _nisi
743 4243 944 4313 virgam
980 4253 1209 4318 tantum.
1233 4259 1336 4318 non
1359 4243 1702 4318 peramfnon
1735 4262 1950 4318 panem.
1974 4262 2071 4302 ne-

472 4327 578 4385 quc
606 4312 661 4367 iu
702 4312 847 4368 zona
880 4330 992 4371 aes.
1034 4314 1130 4371 sed
1170 4312 1427 4372 calciatos
1466 4312 1751 4372 sandaliis:
1786 4327 1842 4374 et
1883 4332 1951 4373 ne
1993 4320 2075 4373 in-

468 4385 774 4442 duerentur
801 4386 1009 4445 duabus
1042 4388 1259 4443 tunicis.
1312 4388 1380 4443 Et
1425 4387 1640 4445 dicebat
1668 4390 1769 4445 eis.
1804 4390 2075 4457 Quocum-

2175 3760 2282 3814 que
2310 3742 2627 3800 introieritis
2653 3742 2706 3797 in
2729 3740 2950 3797 domum
2974 3739 3085 3795 illic
3114 3746 3352 3814 manete.
3376 3736 3549 3792 donec
3570 3731 3725 3814 exeant

2176 3804 2322 3872 inde.
2350 3824 2406 3871 et
2429 3816 2754 3886 quicumque
2782 3827 2885 3868 non
2916 3813 3220 3886 receperint
3251 3823 3366 3864 vos.
3398 3823 3499 3886 nec
3515 3804 3726 3886 audierint

2178 3902 2294 3944 vos.
2340 3875 2604 3943 exeuntes
2645 3875 2771 3941 inde
2808 3875 3056 3939 exeutite'
3099 3883 3377 3953 pulverem
3433 3881 3519 3953 de,
3550 3875 3726 3953 pedibus

2183 3959 2403 4015 vestris.
2436 3960 2490 4014 in
2523 3957 2891 4031 testimonium
2924 3954 3050 4031 i|_|is.
3088 3945 3257 4031 [tmen
3287 3952 3412 4031 dico
3440 3952 3603 4031 vobis.
3630 3945 3726 4031 tole-

2177 4031 2400 4087 rabilius
2415 4031 2519 4085 erit
2537 4028 2810 4084 Sodomis.
2827 4040 2916 4082 aut
2939 4026 3193 4084 Gomoris
3212 4025 3265 4080 in
3283 4023 3373 4079 die
3391 4022 3588 4092 iudicii.
3606 4028 3724 4089 quam

2181 4103 2257 4158 illi
2285 4104 2510 4157 civitati.
2553 4101 2621 4157 Et
2649 4110 2910 4156 exeuntes
2942 4097 3345 4169 praedicabant.
3378 4104 3435 4150 et
3474 4092 3723 4165 noscebant

2180 4177 2321 4230 oleo.
2357 4175 2552 4229 multos
2592 4188 2805 4243 aegros.
2838 4180 2894 4226 et
2913 4172 3279 4243 amabantur.
3673 4230 3684 4241 .

2254 4246 2323 4300 Et
2372 4245 2580 4301 audivit
2626 4239 2870 4300 [let-odos
2922 4242 3058 4298 Rex.
3110 4239 3459 4297 manifestum
3504 4245 3580 4293 est
3618 4239 3724 4289 enim

2182 4318 2383 4373 factum
2416 4331 2614 4373 nomen
2645 4331 2786 4384 eius.
2816 4324 2873 4370 et
2899 4314 3115 4370 dicebat
3156 4313 3289 4380 Quia
3321 4311 3589 4367 Iohannes
3623 4306 3725 4371 Bap-

2185 4392 2329 4445 tista.
2366 4387 2666 4445 resurrexit
2703 4402 2736 4444 a
2767 4386 3014 4443 mortuis.
3046 4397 3102 4443 et
3142 4391 3458 4456 propterea.
3486 4385 3728 4453 operantur

1763 4502 1995 4560 CODEX
2025 4500 2498 4560 CORBEIENSIS.

547 4625 601 4681 7.
643 4624 791 4699 misit
817 4624 943 4683 illos
968 4640 1071 4699 per
1099 4625 1257 4699 binos
1277 4668 1291 4693 ,
1320 4626 1460 4685 dans
1491 4626 1598 4683 illis
1628 4635 1953 4699 potestatem
1988 4626 2072 4683 fu-

473 4712 604 4769 gare
632 4697 922 4768 spirituum
964 4697 1391 4757 immundorum.

548 4770 601 4825 8.
646 4785 824 4842 neque
854 4785 1109 4827 nummos
1140 4773 1191 4828 iu
1223 4771 1397 4829 zonis.

2254 4629 2324 4712 9.‘
2347 4628 2442 4712 sed
2474 4627 2749 4685 calceatos
2777 4623 3098 4683 calliculas:
3130 4631 3186 4681 et
3213 4638 3281 4681 ne
3313 4621 3650 4680 induerentur
3671 4612 3730 4669 bi-

2180 4715 2279 4756 uas
2310 4708 2547 4756 tunicas.

2253 4773 2341 4829 14.
2374 4783 2430 4829 et
2458 4772 2582 4829 ideo
2609 4771 2840 4828 virtutes
2869 4770 2923 4827 in
2957 4768 3053 4825 illo
3084 4767 3419 4826 efﬁciuntur.

1720 4889 2116 4948 VARIANTES
2142 4889 2546 4947 LECTIONES.

542 5013 580 5074 ‘_
600 5011 724 5074 Mm.
747 5010 810 5061 Et
824 5011 942 5061 ideo
962 5024 1057 5062 non
1080 5017 1275 5074 poterat
1298 5010 1398 5061 illic
1416 5011 1617 5074 multam
1633 5011 1867 5061 virtutem
1891 5006 2074 5059 facere.

481 5071 631 5138 Vulg.
650 5072 713 5123 Et
730 5086 824 5124 nou
852 5080 1044 5136 poterat
1069 5071 1134 5124 ibi
1160 5077 1394 5125 virtutem
1414 5073 1561 5123 ullam
1582 5071 1769 5123 facere.

2247 5010 2268 5040 ³
2305 5008 2412 5059 θαι.
2438 5020 2535 5059 non
2559 5007 2849 5071 receperint
2871 5018 2973 5067 vos,
2993 5012 3260 5055 exeuntes.
3289 5000 3438 5068 Vulg.
3461 5012 3554 5051 non
3575 5004 3732 5057 recepe-

2186 5071 2288 5122 rint
2309 5085 2413 5134 vos,
2439 5083 2533 5121 nec
2556 5070 2803 5120 audierint
2829 5082 2934 5129 vos,
2959 5072 3225 5118 exeuntes.

1178 5174 1469 5216 LECTIONES
1495 5172 1698 5214 CODICIS
1726 5171 2139 5213 VINDEBONENSIS
2165 5171 2442 5211 ABEUNTES
2472 5172 2537 5212 AB
2568 5170 2815 5211 EDITIONE
2834 5168 3106 5210 VULGA'I‘A.

474 5254 528 5303 in
556 5253 851 5315 cognatione
876 5266 984 5315 sua.
1052 5254 1101 5302 5.
1126 5252 1190 5303 Et
1224 5253 1381 5302 uoluit
1414 5252 1481 5302 ibi
1507 5253 1734 5315 virtutem
1772 5248 1973 5301 multam
2008 5248 2080 5315 la-

472 5313 736 5377 cere,‘nisi
758 5314 886 5375 quod
915 5327 1112 5375 paucos,
1142 5325 1237 5365 etc.
1267 5317 1523 5377 imponens
1555 5314 1631 5363 eis
1669 5326 1842 5377 manus
1869 5313 2076 5377 curavit.

474 5378 523 5429 7.
574 5376 658 5439 Et,
692 5378 969 5426 convocatis
1016 5377 1275 5427 duodecim
1320 5376 1597 5439 discipulis,
1629 5376 1761 5425 misit
1783 5389 1870 5426 eos
1905 5376 2075 5433 binos,

471 5439 586 5489 data
612 5438 687 5487 eis
715 5444 976 5501 potestate.
1042 5440 1090 5488 8.
1119 5441 1429 5501 praecipiens
1458 5438 1668 5499 illis,’ue
1699 5439 1880 5500 quid...
1906 5450 2073 5501 neque

472 5503 525 5551 in
558 5514 727 5550 zonam
762 5511 866 5548 aes.
932 5500 980 5548 9.
1015 5500 1104 5550 sed
1136 5501 1367 5551 calciatos
1403 5502 1646 5565 sandalia;
1680 5507 1766 5561 et,
1797 5514 1862 5551 ne
1899 5500 2074 5549 indue-

2189 5255 2364 5298 rentur
2385 5248 2509 5297 duas
2533 5248 2737 5297 tunicas.
2806 5246 2880 5296 10.
2916 5244 3224 5295 introieritis.
3256 5240 3408 5294 tlh‘d.
3435 5241 3583 5302 deest,
3600 5241 3642 5288 in
3669 5234 3732 5284 do-

2187 5323 2339 5360 mum.
2414 5312 2489 5363 15.
2517 5318 2569 5360 et
2596 5316 2849 5369 tingentes
2871 5309 2984 5369 oleo
3023 5306 3203 5369 multos
3230 5318 3410 5369 aegros
3427 5343 3443 5366 ,
3468 5304 3727 5369 sumserunt.

2187 5324 2339 5360 mttm.
2414 5324 2489 5363 15.
2517 5324 2569 5360 et
2596 5324 2662 5359 un
2703 5324 2849 5359 entes
2871 5324 2984 5357 cleo
3023 5324 3203 5356 mllst
3230 5324 3410 5369 aegros
3427 5343 3443 5366 ,
3468 5324 3727 5355 sanaveruut.

2187 5373 2263 5423 14.
2326 5372 2385 5423 Et
2437 5373 2621 5424 audivit
2656 5324 2886 5435 ﬁerodes
2924 5368 3030 5420 Rex
3083 5367 3479 5433 (manifestatum
3513 5367 3630 5435 enim
3656 5367 3729 5435 erat

2182 5450 2363 5510 nomen
2397 5435 2625 5547 ejus
2660 5433 2800 5496 Quod
2833 5427 3116 5484 Joannes...
3141 5438 3194 5482 et
3219 5438 3486 5494 propterea
3507 5427 3726 5480 elﬁciuutur

2182 5507 2394 5547 Virtutes
2427 5513 2475 5547 ιη
2502 5514 2516 5547 ι
2556 5511 2603 5547 o.

2180 5500 2394 5550 virtutes
2427 5499 2475 5548 in
2502 5497 2603 5548 illo.

1807 5586 2177 5643 BLANCHINI
2213 5584 2446 5642 ΝΟΤᾸΕ.

526 5686 623 5754 (α)
650 5685 723 5740 Ita
754 5683 956 5756 etJeod.
986 5682 1628 5756 Ωιιηῐηάλτέστειλενμ-(ὺ)
1658 5682 1819 5756 Juxta
1846 5681 1981 5756 cod.
2002 5676 2470 5756 Qant..6ozi;.-—,_-(r)
2494 5678 2651 5756 [laet
2673 5676 2798 5756 coll.
2834 5675 2992 5732 Alex.
3021 5672 3164 5749 apud
3191 5669 3445 5743 Millium,
3472 5661 3719 5747 Itym—(4i

459 5748 537 5813 litt
556 5747 615 5813 'ct'
642 5757 764 5813 cod.
796 5747 951 5810 Cant.
982 5763 1082 5812 τῶν
1108 5747 1285 5812 «ista.»
1307 5758 1486 5829 ὑμῶν,
1512 5747 1635 5814 milii
1663 5753 1890 5810 Ᾱῖμιῑιιο-
1922 5747 1992 5826 (e)
2023 5752 2101 5829 lla
2130 5762 2187 5810 et
2209 5752 2333 5810 cod.
2357 5747 2515 5808 Cttttl.
2546 5749 2868 5821 ἀλείψαντες.
