  <div class='ocr_page' id='page_1' title='image "/cluster/home/n/w/nwhite01/storage/ocr_20150623/12/hvd.32044015471980/411.png"; bbox 0 0 3934 6332; ppageno 0'>
   <div class='ocr_carea' id='block_1_1' title="bbox 487 319 597 380">
    <p class='ocr_par' dir='ltr' id='par_1_1' title="bbox 487 319 597 380">
     <span class='ocr_line' id='line_1_1' title="bbox 487 319 597 380; baseline 0 -1"><span class='ocrx_word' id='word_1_1' title='bbox 487 319 597 380; x_wconf 80' lang='lat'><strong>799</strong></span> 
     </span>
    </p>
   </div>
   <div class='ocr_carea' id='block_1_2' title="bbox 883 430 1737 501">
    <p class='ocr_par' dir='ltr' id='par_1_2' title="bbox 883 430 1737 501">
     <span class='ocr_line' id='line_1_2' title="bbox 883 430 1737 501; baseline -0.013 -5"><span class='ocrx_word' id='word_1_2' title='bbox 883 433 1114 495; x_wconf 82' lang='lat' dir='ltr'><strong>CODEX</strong></span> <span class='ocrx_word' id='word_1_3' title='bbox 1151 430 1737 501; x_wconf 63' lang='lat' dir='ltr'><strong>VERCELLENSIS.S</strong></span> 
     </span>
    </p>
   </div>
   <div class='ocr_carea' id='block_1_3' title="bbox 1333 525 1754 583">
    <p class='ocr_par' dir='ltr' id='par_1_3' title="bbox 1333 525 1754 583">
     <span class='ocr_line' id='line_1_3' title="bbox 1333 525 1754 583; baseline -0.002 0"><span class='ocrx_word' id='word_1_4' title='bbox 1333 541 1396 583; x_wconf 92' lang='lat' dir='ltr'><strong>es</strong></span> <span class='ocrx_word' id='word_1_5' title='bbox 1427 543 1442 582; x_wconf 91' lang='lat'>:</span> <span class='ocrx_word' id='word_1_6' title='bbox 1468 525 1586 581; x_wconf 93' lang='lat' dir='ltr'><strong>Non</strong></span> <span class='ocrx_word' id='word_1_7' title='bbox 1609 525 1754 582; x_wconf 85' lang='lat' dir='ltr'><strong>fura-</strong></span> 
     </span>
    </p>
   </div>
   <div class='ocr_carea' id='block_1_4' title="bbox 1333 596 1674 653">
    <p class='ocr_par' dir='ltr' id='par_1_4' title="bbox 1333 596 1674 653">
     <span class='ocr_line' id='line_1_4' title="bbox 1333 596 1674 653; baseline 0.003 -1"><span class='ocrx_word' id='word_1_8' title='bbox 1333 598 1479 653; x_wconf 89' lang='lat' dir='ltr'><strong>veris</strong></span> <span class='ocrx_word' id='word_1_9' title='bbox 1510 615 1524 652; x_wconf 90' lang='lat'><strong>:</strong></span> <span class='ocrx_word' id='word_1_10' title='bbox 1556 596 1674 653; x_wconf 89' lang='lat' dir='ltr'><strong>Non</strong></span> 
     </span>
    </p>
   </div>
   <div class='ocr_carea' id='block_1_5' title="bbox 1333 670 1666 726">
    <p class='ocr_par' dir='ltr' id='par_1_5' title="bbox 1333 670 1666 726">
     <span class='ocr_line' id='line_1_5' title="bbox 1333 670 1666 726; baseline -0.003 0"><span class='ocrx_word' id='word_1_11' title='bbox 1333 670 1527 726; x_wconf 88' lang='lat' dir='ltr'><strong>falsum</strong></span> <span class='ocrx_word' id='word_1_12' title='bbox 1557 678 1666 725; x_wconf 86' lang='lat' dir='ltr'><strong>tes-</strong></span> 
     </span>
    </p>
   </div>
   <div class='ocr_carea' id='block_1_6' title="bbox 1335 742 1620 798">
    <p class='ocr_par' dir='ltr' id='par_1_6' title="bbox 1335 742 1620 798">
     <span class='ocr_line' id='line_1_6' title="bbox 1335 742 1620 798; baseline -0.007 -1"><span class='ocrx_word' id='word_1_13' title='bbox 1335 742 1620 798; x_wconf 88' lang='lat' dir='ltr'><strong>timonium</strong></span> 
     </span>
    </p>
   </div>
   <div class='ocr_carea' id='block_1_7' title="bbox 490 530 799 590">
    <p class='ocr_par' dir='ltr' id='par_1_7' title="bbox 490 530 799 590">
     <span class='ocr_line' id='line_1_7' title="bbox 490 530 799 590; baseline -0.006 0"><span class='ocrx_word' id='word_1_14' title='bbox 490 530 678 590; x_wconf 84' lang='lat' dir='ltr'><strong>fantes</strong></span> <span class='ocrx_word' id='word_1_15' title='bbox 702 545 799 589; x_wconf 84' lang='lat' dir='ltr'><strong>ve-</strong></span> 
     </span>
    </p>
   </div>
   <div class='ocr_carea' id='block_1_8' title="bbox 493 605 776 676">
    <p class='ocr_par' dir='ltr' id='par_1_8' title="bbox 493 605 776 676">
     <span class='ocr_line' id='line_1_8' title="bbox 493 605 776 676; baseline -0.014 -14"><span class='ocrx_word' id='word_1_16' title='bbox 493 605 618 662; x_wconf 88' lang='lat' dir='ltr'><strong>nire</strong></span> <span class='ocrx_word' id='word_1_17' title='bbox 643 609 776 676; x_wconf 98' lang='lat' dir='ltr'><strong>aput</strong></span> 
     </span>
    </p>
   </div>
   <div class='ocr_carea' id='block_1_9' title="bbox 493 674 887 744">
    <p class='ocr_par' dir='ltr' id='par_1_9' title="bbox 493 674 887 744">
     <span class='ocr_line' id='line_1_9' title="bbox 493 674 887 744; baseline -0.015 -9"><span class='ocrx_word' id='word_1_18' title='bbox 493 692 587 734; x_wconf 87' lang='lat' dir='ltr'><strong>me</strong></span> <span class='ocrx_word' id='word_1_19' title='bbox 608 692 624 744; x_wconf 89' lang='lat'><strong>;</strong></span> <span class='ocrx_word' id='word_1_20' title='bbox 657 674 713 730; x_wconf 82' lang='lat' dir='ltr'><strong>et</strong></span> <span class='ocrx_word' id='word_1_21' title='bbox 742 674 887 730; x_wconf 86' lang='lat' dir='ltr'><strong>noli-</strong></span> 
     </span>
    </p>
   </div>
   <div class='ocr_carea' id='block_1_10' title="bbox 499 746 837 816">
    <p class='ocr_par' dir='ltr' id='par_1_10' title="bbox 499 746 837 816">
     <span class='ocr_line' id='line_1_10' title="bbox 499 746 837 816; baseline -0.012 -10"><span class='ocrx_word' id='word_1_22' title='bbox 499 757 556 806; x_wconf 86' lang='lat' dir='ltr'><strong>te</strong></span> <span class='ocrx_word' id='word_1_23' title='bbox 585 746 837 816; x_wconf 83' lang='lat' dir='ltr'><strong>prohibe-</strong></span> 
     </span>
    </p>
   </div>
   <div class='ocr_carea' id='block_1_11' title="bbox 496 813 1524 878">
    <p class='ocr_par' dir='ltr' id='par_1_11' title="bbox 496 813 1524 878">
     <span class='ocr_line' id='line_1_11' title="bbox 496 813 1524 878; baseline -0.011 -1"><span class='ocrx_word' id='word_1_24' title='bbox 496 835 560 878; x_wconf 92' lang='lat' dir='ltr'><strong>re</strong></span> <span class='ocrx_word' id='word_1_25' title='bbox 581 813 679 876; x_wconf 83' lang='lat' dir='ltr'><strong>eos</strong></span> <span class='ocrx_word' id='word_1_26' title='bbox 709 837 723 873; x_wconf 89' lang='lat'><strong>:</strong></span> <span class='ocrx_word' id='word_1_27' title='bbox 756 817 943 874; x_wconf 87' lang='lat' dir='ltr'><strong>talium</strong></span> <span class='ocrx_word' id='word_1_28' title='bbox 1336 813 1524 870; x_wconf 89' lang='lat' dir='ltr'><strong>dices:</strong></span> 
     </span>
    </p>
   </div>
   <div class='ocr_carea' id='block_1_12' title="bbox 499 884 1720 956">
    <p class='ocr_par' dir='ltr' id='par_1_12' title="bbox 499 884 1720 956">
     <span class='ocr_line' id='line_1_12' title="bbox 499 884 1720 956; baseline -0.007 -7"><span class='ocrx_word' id='word_1_29' title='bbox 499 901 586 949; x_wconf 90' lang='lat' dir='ltr'><strong>est</strong></span> <span class='ocrx_word' id='word_1_30' title='bbox 613 891 760 946; x_wconf 91' lang='lat' dir='ltr'><strong>enim</strong></span> <span class='ocrx_word' id='word_1_31' title='bbox 1335 884 1453 941; x_wconf 89' lang='lat' dir='ltr'><strong>Non</strong></span> <span class='ocrx_word' id='word_1_32' title='bbox 1485 884 1720 956; x_wconf 87' lang='lat' dir='ltr'><strong>abnega-</strong></span> 
     </span>
    </p>
   </div>
   <div class='ocr_carea' id='block_1_13' title="bbox 501 956 1721 1034">
    <p class='ocr_par' dir='ltr' id='par_1_13' title="bbox 501 956 1721 1034">
     <span class='ocr_line' id='line_1_13' title="bbox 501 956 1721 1034; baseline -0.004 -15"><span class='ocrx_word' id='word_1_33' title='bbox 501 964 521 998; x_wconf 79' lang='grc'><strong><em>³</em></strong></span> <span class='ocrx_word' id='word_1_34' title='bbox 551 975 781 1034; x_wconf 78' lang='lat' dir='ltr'><strong>regnum</strong></span> <span class='ocrx_word' id='word_1_35' title='bbox 1337 957 1424 1014; x_wconf 92' lang='lat' dir='ltr'><strong>bis</strong></span> <span class='ocrx_word' id='word_1_36' title='bbox 1456 975 1470 1011; x_wconf 90' lang='lat'>:</span> <span class='ocrx_word' id='word_1_37' title='bbox 1503 956 1721 1014; x_wconf 84' lang='lat' dir='ltr'><strong>Honora</strong></span> 
     </span>
    </p>
   </div>
   <div class='ocr_carea' id='block_1_14' title="bbox 499 1035 1675 1100">
    <p class='ocr_par' dir='ltr' id='par_1_14' title="bbox 499 1035 1675 1100">
     <span class='ocr_line' id='line_1_14' title="bbox 499 1035 1675 1100; baseline -0.007 -10"><span class='ocrx_word' id='word_1_38' title='bbox 499 1035 623 1091; x_wconf 88' lang='lat' dir='ltr'><strong>Dei.</strong></span> <span class='ocrx_word' id='word_1_39' title='bbox 1339 1039 1550 1100; x_wconf 78' lang='lat' dir='ltr'><strong>patrem</strong></span> <span class='ocrx_word' id='word_1_40' title='bbox 1589 1038 1675 1083; x_wconf 91' lang='lat' dir='ltr'><strong>tu-</strong></span> 
     </span>
    </p>
   </div>
   <div class='ocr_carea' id='block_1_15' title="bbox 499 1103 1672 1163">
    <p class='ocr_par' dir='ltr' id='par_1_15' title="bbox 499 1103 1672 1163">
     <span class='ocr_line' id='line_1_15' title="bbox 499 1103 1672 1163; baseline -0.008 0"><span class='ocrx_word' id='word_1_41' title='bbox 499 1105 598 1163; x_wconf 85' lang='grc'>15.</span> <span class='ocrx_word' id='word_1_42' title='bbox 639 1105 813 1160; x_wconf 84' lang='lat' dir='ltr'><strong>Amen</strong></span> <span class='ocrx_word' id='word_1_43' title='bbox 846 1103 994 1161; x_wconf 89' lang='lat' dir='ltr'><strong>enim</strong></span> <span class='ocrx_word' id='word_1_44' title='bbox 1342 1117 1432 1156; x_wconf 89' lang='lat' dir='ltr'><strong>um</strong></span> <span class='ocrx_word' id='word_1_45' title='bbox 1473 1109 1526 1156; x_wconf 90' lang='lat' dir='ltr'><strong>et</strong></span> <span class='ocrx_word' id='word_1_46' title='bbox 1556 1115 1672 1156; x_wconf 88' lang='lat' dir='ltr'><strong>ma-</strong></span> 
     </span>
    </p>
   </div>
   <div class='ocr_carea' id='block_1_16' title="bbox 501 1172 1842 1256">
    <p class='ocr_par' dir='ltr' id='par_1_16' title="bbox 501 1172 1842 1256">
     <span class='ocr_line' id='line_1_16' title="bbox 501 1172 1842 1256; baseline -0.003 -23"><span class='ocrx_word' id='word_1_47' title='bbox 501 1177 628 1256; x_wconf 77' lang='lat' dir='ltr'><strong>dico</strong></span> <span class='ocrx_word' id='word_1_48' title='bbox 659 1176 816 1232; x_wconf 84' lang='lat' dir='ltr'><strong>vobis</strong></span> <span class='ocrx_word' id='word_1_49' title='bbox 849 1195 864 1233; x_wconf 89' lang='lat'><strong>:</strong></span> <span class='ocrx_word' id='word_1_50' title='bbox 1340 1172 1584 1256; x_wconf 45' lang='lat' dir='ltr'><strong>trnem’gd)</strong></span> <span class='ocrx_word' id='word_1_51' title='bbox 1609 1182 1755 1229; x_wconf 88' lang='lat' dir='ltr'><strong>tuam</strong></span> <span class='ocrx_word' id='word_1_52' title='bbox 1781 1173 1842 1246; x_wconf 72' lang='lat'><strong>1-.</strong></span> 
     </span>
    </p>
   </div>
   <div class='ocr_carea' id='block_1_17' title="bbox 503 1243 1834 1320">
    <p class='ocr_par' dir='ltr' id='par_1_17' title="bbox 503 1243 1834 1320">
     <span class='ocr_line' id='line_1_17' title="bbox 503 1243 1834 1320; baseline -0.002 -16"><span class='ocrx_word' id='word_1_53' title='bbox 503 1247 848 1320; x_wconf 83' lang='lat' dir='ltr'><strong>Quicumque</strong></span> <span class='ocrx_word' id='word_1_54' title='bbox 1340 1244 1433 1320; x_wconf 80' lang='grc'>20.</span> <span class='ocrx_word' id='word_1_55' title='bbox 1475 1243 1587 1320; x_wconf 70' lang='lat' dir='ltr'><strong>Qui</strong></span> <span class='ocrx_word' id='word_1_56' title='bbox 1610 1243 1834 1320; x_wconf 83' lang='lat' dir='ltr'><strong>respon-</strong></span> 
     </span>
    </p>
   </div>
   <div class='ocr_carea' id='block_1_18' title="bbox 501 1314 1670 1378">
    <p class='ocr_par' dir='ltr' id='par_1_18' title="bbox 501 1314 1670 1378">
     <span class='ocr_line' id='line_1_18' title="bbox 501 1314 1670 1378; baseline -0.008 0"><span class='ocrx_word' id='word_1_57' title='bbox 501 1314 613 1378; x_wconf 71' lang='lat' dir='ltr'><strong>non</strong></span> <span class='ocrx_word' id='word_1_58' title='bbox 637 1314 794 1376; x_wconf 68' lang='lat' dir='ltr'><strong>rece-</strong></span> <span class='ocrx_word' id='word_1_59' title='bbox 1341 1316 1499 1376; x_wconf 88' lang='lat' dir='ltr'><strong>deus.</strong></span> <span class='ocrx_word' id='word_1_60' title='bbox 1534 1314 1670 1370; x_wconf 75' lang='lat' dir='ltr'><strong>dixit</strong></span> 
     </span>
    </p>
   </div>
   <div class='ocr_carea' id='block_1_19' title="bbox 502 1385 1739 1465">
    <p class='ocr_par' dir='ltr' id='par_1_19' title="bbox 502 1385 1739 1465">
     <span class='ocr_line' id='line_1_19' title="bbox 502 1385 1739 1465; baseline -0.001 -18"><span class='ocrx_word' id='word_1_61' title='bbox 502 1393 649 1465; x_wconf 85' lang='lat' dir='ltr'><strong>perit</strong></span> <span class='ocrx_word' id='word_1_62' title='bbox 667 1407 796 1465; x_wconf 64' lang='grc' dir='ltr'><strong>[εει</strong></span> <span class='ocrx_word' id='word_1_63' title='bbox 1343 1387 1398 1465; x_wconf 85' lang='lat' dir='ltr'><strong>_ei</strong></span> <span class='ocrx_word' id='word_1_64' title='bbox 1420 1405 1432 1442; x_wconf 91' lang='lat'>:</span> <span class='ocrx_word' id='word_1_65' title='bbox 1467 1385 1739 1458; x_wconf 87' lang='lat' dir='ltr'><strong>Magister,</strong></span> 
     </span>
    </p>
   </div>
   <div class='ocr_carea' id='block_1_20' title="bbox 504 1459 1622 1528">
    <p class='ocr_par' dir='ltr' id='par_1_20' title="bbox 504 1459 1622 1528">
     <span class='ocr_line' id='line_1_20' title="bbox 504 1459 1622 1528; baseline -0.007 -8"><span class='ocrx_word' id='word_1_66' title='bbox 504 1459 640 1521; x_wconf 69' lang='lat' dir='ltr'><strong>ilum</strong></span> <span class='ocrx_word' id='word_1_67' title='bbox 666 1461 799 1528; x_wconf 91' lang='lat' dir='ltr'><strong>Dei,</strong></span> <span class='ocrx_word' id='word_1_68' title='bbox 832 1469 954 1517; x_wconf 92' lang='lat' dir='ltr'><strong>tan-</strong></span> <span class='ocrx_word' id='word_1_69' title='bbox 1343 1459 1480 1516; x_wconf 87' lang='lat' dir='ltr'><strong>haec</strong></span> <span class='ocrx_word' id='word_1_70' title='bbox 1505 1475 1622 1513; x_wconf 89' lang='lat' dir='ltr'><strong>om-</strong></span> 
     </span>
    </p>
   </div>
   <div class='ocr_carea' id='block_1_21' title="bbox 504 1531 1651 1608">
    <p class='ocr_par' dir='ltr' id='par_1_21' title="bbox 504 1531 1651 1608">
     <span class='ocr_line' id='line_1_21' title="bbox 504 1531 1651 1608; baseline -0.004 -18"><span class='ocrx_word' id='word_1_71' title='bbox 504 1549 669 1608; x_wconf 83' lang='lat' dir='ltr'><strong>quam</strong></span> <span class='ocrx_word' id='word_1_72' title='bbox 695 1533 875 1590; x_wconf 92' lang='lat' dir='ltr'><strong>infans</strong></span> <span class='ocrx_word' id='word_1_73' title='bbox 894 1574 910 1600; x_wconf 92' lang='lat'><strong>,</strong></span> <span class='ocrx_word' id='word_1_74' title='bbox 1345 1531 1432 1608; x_wconf 80' lang='lat' dir='ltr'><strong>nia</strong></span> <span class='ocrx_word' id='word_1_75' title='bbox 1453 1531 1651 1608; x_wconf 85' lang='lat' dir='ltr'><strong>_ob_ser-_</strong></span> 
     </span>
    </p>
   </div>
   <div class='ocr_carea' id='block_1_22' title="bbox 506 1601 1724 1664">
    <p class='ocr_par' dir='ltr' id='par_1_22' title="bbox 506 1601 1724 1664">
     <span class='ocr_line' id='line_1_22' title="bbox 506 1601 1724 1664; baseline -0.012 -1"><span class='ocrx_word' id='word_1_76' title='bbox 506 1601 618 1664; x_wconf 80' lang='lat' dir='ltr'><strong>rion</strong></span> <span class='ocrx_word' id='word_1_77' title='bbox 648 1606 816 1661; x_wconf 88' lang='lat' dir='ltr'><strong>lntra-</strong></span> <span class='ocrx_word' id='word_1_78' title='bbox 1344 1601 1466 1658; x_wconf 88' lang='lat' dir='ltr'><strong>vabi</strong></span> <span class='ocrx_word' id='word_1_79' title='bbox 1494 1602 1564 1657; x_wconf 90' lang='lat' dir='ltr'><strong>ab</strong></span> <span class='ocrx_word' id='word_1_80' title='bbox 1593 1603 1724 1660; x_wconf 91' lang='lat' dir='ltr'><strong>adu.</strong></span> 
     </span>
    </p>
   </div>
   <div class='ocr_carea' id='block_1_23' title="bbox 505 1674 1608 1736">
    <p class='ocr_par' dir='ltr' id='par_1_23' title="bbox 505 1674 1608 1736">
     <span class='ocr_line' id='line_1_23' title="bbox 505 1674 1608 1736; baseline -0.006 -1"><span class='ocrx_word' id='word_1_81' title='bbox 505 1679 589 1736; x_wconf 91' lang='lat' dir='ltr'><strong>bit</strong></span> <span class='ocrx_word' id='word_1_82' title='bbox 612 1680 665 1733; x_wconf 91' lang='lat' dir='ltr'><strong>in</strong></span> <span class='ocrx_word' id='word_1_83' title='bbox 707 1677 856 1733; x_wconf 90' lang='lat' dir='ltr'><strong>illut.</strong></span> <span class='ocrx_word' id='word_1_84' title='bbox 1345 1674 1608 1731; x_wconf 90' lang='lat' dir='ltr'><strong>lescentia</strong></span> 
     </span>
    </p>
   </div>
   <div class='ocr_carea' id='block_1_24' title="bbox 507 1745 1667 1818">
    <p class='ocr_par' dir='ltr' id='par_1_24' title="bbox 507 1745 1667 1818">
     <span class='ocr_line' id='line_1_24' title="bbox 507 1745 1667 1818; baseline -0.006 -11"><span class='ocrx_word' id='word_1_85' title='bbox 507 1750 600 1807; x_wconf 86' lang='grc'><strong>16.</strong></span> <span class='ocrx_word' id='word_1_86' title='bbox 643 1747 713 1805; x_wconf 86' lang='lat' dir='ltr'><strong>Et</strong></span> <span class='ocrx_word' id='word_1_87' title='bbox 740 1748 794 1804; x_wconf 94' lang='lat' dir='ltr'><strong>in</strong></span> <span class='ocrx_word' id='word_1_88' title='bbox 823 1747 947 1806; x_wconf 89' lang='lat' dir='ltr'><strong>sinu</strong></span> <span class='ocrx_word' id='word_1_89' title='bbox 976 1759 1078 1803; x_wconf 88' lang='lat' dir='ltr'><strong>suo</strong></span> <span class='ocrx_word' id='word_1_90' title='bbox 1345 1761 1464 1818; x_wconf 80' lang='lat' dir='ltr'><strong>mea</strong></span> <span class='ocrx_word' id='word_1_91' title='bbox 1499 1745 1667 1818; x_wconf 87' lang='lat' dir='ltr'><strong>:quid</strong></span> 
     </span>
    </p>
   </div>
   <div class='ocr_carea' id='block_1_25' title="bbox 506 1816 1681 1880">
    <p class='ocr_par' dir='ltr' id='par_1_25' title="bbox 506 1816 1681 1880">
     <span class='ocr_line' id='line_1_25' title="bbox 506 1816 1681 1880; baseline -0.005 -1"><span class='ocrx_word' id='word_1_92' title='bbox 506 1821 801 1880; x_wconf 87' lang='lat' dir='ltr'><strong>benedice-</strong></span> <span class='ocrx_word' id='word_1_93' title='bbox 1343 1816 1520 1873; x_wconf 91' lang='lat' dir='ltr'><strong>adhuc</strong></span> <span class='ocrx_word' id='word_1_94' title='bbox 1550 1816 1681 1874; x_wconf 83' lang='lat' dir='ltr'><strong>mihi</strong></span> 
     </span>
    </p>
   </div>
   <div class='ocr_carea' id='block_1_26' title="bbox 513 1890 1533 1949">
    <p class='ocr_par' dir='ltr' id='par_1_26' title="bbox 513 1890 1533 1949">
     <span class='ocr_line' id='line_1_26' title="bbox 513 1890 1533 1949; baseline -0.006 0"><span class='ocrx_word' id='word_1_95' title='bbox 513 1893 608 1949; x_wconf 87' lang='lat' dir='ltr'><strong>bat</strong></span> <span class='ocrx_word' id='word_1_96' title='bbox 635 1893 779 1948; x_wconf 89' lang='lat' dir='ltr'><strong>illos.</strong></span> <span class='ocrx_word' id='word_1_97' title='bbox 1343 1890 1533 1946; x_wconf 82' lang='lat' dir='ltr'><strong>deest?</strong></span> 
     </span>
    </p>
   </div>
   <div class='ocr_carea' id='block_1_27' title="bbox 508 1961 963 2034">
    <p class='ocr_par' dir='ltr' id='par_1_27' title="bbox 508 1961 963 2034">
     <span class='ocr_line' id='line_1_27' title="bbox 508 1961 963 2034; baseline -0.011 -13"><span class='ocrx_word' id='word_1_98' title='bbox 508 1966 602 2022; x_wconf 87' lang='grc'><strong>17.</strong></span> <span class='ocrx_word' id='word_1_99' title='bbox 642 1963 713 2020; x_wconf 87' lang='lat' dir='ltr'><strong>Et</strong></span> <span class='ocrx_word' id='word_1_100' title='bbox 743 1961 963 2034; x_wconf 82' lang='lat' dir='ltr'><strong>proﬁci-</strong></span> 
     </span>
    </p>
   </div>
   <div class='ocr_carea' id='block_1_28' title="bbox 507 2045 971 2107">
    <p class='ocr_par' dir='ltr' id='par_1_28' title="bbox 507 2045 971 2107">
     <span class='ocr_line' id='line_1_28' title="bbox 507 2045 971 2107; baseline -0.011 -13"><span class='ocrx_word' id='word_1_101' title='bbox 507 2045 696 2094; x_wconf 88' lang='lat' dir='ltr'><strong>scente</strong></span> <span class='ocrx_word' id='word_1_102' title='bbox 726 2050 815 2104; x_wconf 92' lang='lat' dir='ltr'><strong>eo,</strong></span> <span class='ocrx_word' id='word_1_103' title='bbox 846 2050 971 2107; x_wconf 88' lang='lat' dir='ltr'><strong>pro-</strong></span> 
     </span>
    </p>
   </div>
   <div class='ocr_carea' id='block_1_29' title="bbox 508 2122 738 2166">
    <p class='ocr_par' dir='ltr' id='par_1_29' title="bbox 508 2122 738 2166">
     <span class='ocr_line' id='line_1_29' title="bbox 508 2122 738 2166; baseline -0.009 0"><span class='ocrx_word' id='word_1_104' title='bbox 508 2122 738 2166; x_wconf 90' lang='lat' dir='ltr'><strong>currens</strong></span> 
     </span>
    </p>
   </div>
   <div class='ocr_carea' id='block_1_30' title="bbox 507 2177 879 2252">
    <p class='ocr_par' dir='ltr' id='par_1_30' title="bbox 507 2177 879 2252">
     <span class='ocr_line' id='line_1_30' title="bbox 507 2177 879 2252; baseline -0.013 -15"><span class='ocrx_word' id='word_1_105' title='bbox 507 2195 651 2237; x_wconf 87' lang='lat' dir='ltr'><strong>unus</strong></span> <span class='ocrx_word' id='word_1_106' title='bbox 673 2219 689 2247; x_wconf 93' lang='lat'><strong>,</strong></span> <span class='ocrx_word' id='word_1_107' title='bbox 721 2177 879 2252; x_wconf 86' lang='lat' dir='ltr'><strong>geni-</strong></span> 
     </span>
    </p>
   </div>
   <div class='ocr_carea' id='block_1_31' title="bbox 1341 1961 1938 2020">
    <p class='ocr_par' dir='ltr' id='par_1_31' title="bbox 1341 1961 1938 2020">
     <span class='ocr_line' id='line_1_31' title="bbox 1341 1961 1938 2020; baseline 0.007 -4"><span class='ocrx_word' id='word_1_108' title='bbox 1341 1961 1434 2016; x_wconf 89' lang='grc'><strong>21.</strong></span> <span class='ocrx_word' id='word_1_109' title='bbox 1465 1961 1623 2018; x_wconf 83' lang='lat' dir='ltr'><strong>Jesus</strong></span> <span class='ocrx_word' id='word_1_110' title='bbox 1650 1969 1832 2020; x_wconf 89' lang='lat' dir='ltr'><strong>autem</strong></span> <span class='ocrx_word' id='word_1_111' title='bbox 1855 1961 1938 2019; x_wconf 85' lang='lat' dir='ltr'><strong>iu-</strong></span> 
     </span>
    </p>
   </div>
   <div class='ocr_carea' id='block_1_32' title="bbox 1343 2034 1718 2102">
    <p class='ocr_par' dir='ltr' id='par_1_32' title="bbox 1343 2034 1718 2102">
     <span class='ocr_line' id='line_1_32' title="bbox 1343 2034 1718 2102; baseline 0.005 -15"><span class='ocrx_word' id='word_1_112' title='bbox 1343 2042 1500 2088; x_wconf 93' lang='lat' dir='ltr'><strong>tuens</strong></span> <span class='ocrx_word' id='word_1_113' title='bbox 1529 2034 1681 2089; x_wconf 89' lang='lat' dir='ltr'><strong>illum</strong></span> <span class='ocrx_word' id='word_1_114' title='bbox 1705 2076 1718 2102; x_wconf 92' lang='lat'><strong>,</strong></span> 
     </span>
    </p>
   </div>
   <div class='ocr_carea' id='block_1_33' title="bbox 1342 2104 1711 2174">
    <p class='ocr_par' dir='ltr' id='par_1_33' title="bbox 1342 2104 1711 2174">
     <span class='ocr_line' id='line_1_33' title="bbox 1342 2104 1711 2174; baseline 0.005 -16"><span class='ocrx_word' id='word_1_115' title='bbox 1342 2104 1535 2161; x_wconf 78' lang='lat' dir='ltr'><strong>dilexit</strong></span> <span class='ocrx_word' id='word_1_116' title='bbox 1559 2120 1679 2160; x_wconf 92' lang='lat' dir='ltr'><strong>eum</strong></span> <span class='ocrx_word' id='word_1_117' title='bbox 1695 2148 1711 2174; x_wconf 96' lang='lat'><strong>,</strong></span> 
     </span>
    </p>
   </div>
   <div class='ocr_carea' id='block_1_34' title="bbox 1344 2177 1640 2232">
    <p class='ocr_par' dir='ltr' id='par_1_34' title="bbox 1344 2177 1640 2232">
     <span class='ocr_line' id='line_1_34' title="bbox 1344 2177 1640 2232; baseline -0.007 0"><span class='ocrx_word' id='word_1_118' title='bbox 1344 2184 1403 2232; x_wconf 92' lang='lat' dir='ltr'><strong>et</strong></span> <span class='ocrx_word' id='word_1_119' title='bbox 1419 2181 1494 2231; x_wconf 86' lang='lat' dir='ltr'><strong>ait</strong></span> <span class='ocrx_word' id='word_1_120' title='bbox 1517 2177 1591 2232; x_wconf 87' lang='lat' dir='ltr'><strong>illi</strong></span> <span class='ocrx_word' id='word_1_121' title='bbox 1627 2194 1640 2230; x_wconf 90' lang='lat'>:</span> 
     </span>
    </p>
   </div>
   <div class='ocr_carea' id='block_1_35' title="bbox 507 2247 1656 2322">
    <p class='ocr_par' dir='ltr' id='par_1_35' title="bbox 507 2247 1656 2322">
     <span class='ocr_line' id='line_1_35' title="bbox 507 2247 1656 2322; baseline -0.005 -13"><span class='ocrx_word' id='word_1_122' title='bbox 507 2254 611 2310; x_wconf 90' lang='lat' dir='ltr'><strong>bus</strong></span> <span class='ocrx_word' id='word_1_123' title='bbox 636 2247 874 2322; x_wconf 74' lang='lat' dir='ltr'><strong>prostra-</strong></span> <span class='ocrx_word' id='word_1_124' title='bbox 1347 2248 1525 2322; x_wconf 80' lang='lat' dir='ltr'><strong>Unum</strong></span> <span class='ocrx_word' id='word_1_125' title='bbox 1559 2247 1656 2303; x_wconf 83' lang='lat' dir='ltr'><strong>tibi</strong></span> 
     </span>
    </p>
   </div>
   <div class='ocr_carea' id='block_1_36' title="bbox 513 2320 1750 2389">
    <p class='ocr_par' dir='ltr' id='par_1_36' title="bbox 513 2320 1750 2389">
     <span class='ocr_line' id='line_1_36' title="bbox 513 2320 1750 2389; baseline -0.003 -9"><span class='ocrx_word' id='word_1_126' title='bbox 513 2320 884 2389; x_wconf 41' lang='lat' dir='ltr'><strong>tum—rogabat</strong></span> <span class='ocrx_word' id='word_1_127' title='bbox 1345 2320 1501 2376; x_wconf 92' lang='lat' dir='ltr'><strong>deest</strong></span> <span class='ocrx_word' id='word_1_128' title='bbox 1535 2336 1551 2375; x_wconf 87' lang='lat'><strong>:</strong></span> <span class='ocrx_word' id='word_1_129' title='bbox 1579 2320 1715 2376; x_wconf 89' lang='lat' dir='ltr'><strong>vade</strong></span> <span class='ocrx_word' id='word_1_130' title='bbox 1735 2336 1750 2386; x_wconf 92' lang='lat'><strong>;</strong></span> 
     </span>
    </p>
   </div>
   <div class='ocr_carea' id='block_1_37' title="bbox 509 2390 1642 2465">
    <p class='ocr_par' dir='ltr' id='par_1_37' title="bbox 509 2390 1642 2465">
     <span class='ocr_line' id='line_1_37' title="bbox 509 2390 1642 2465; baseline -0.004 -14"><span class='ocrx_word' id='word_1_131' title='bbox 509 2409 636 2451; x_wconf 90' lang='lat' dir='ltr'><strong>eum</strong></span> <span class='ocrx_word' id='word_1_132' title='bbox 657 2436 672 2460; x_wconf 90' lang='lat'><strong>,</strong></span> <span class='ocrx_word' id='word_1_133' title='bbox 709 2390 782 2465; x_wconf 63' lang='lat' dir='ltr'><strong>(li)</strong></span> <span class='ocrx_word' id='word_1_134' title='bbox 812 2391 1002 2450; x_wconf 87' lang='lat' dir='ltr'><strong>dicens</strong></span> <span class='ocrx_word' id='word_1_135' title='bbox 1023 2390 1061 2461; x_wconf 71' lang='grc' dir='ltr'><strong>’ζ-</strong></span> <span class='ocrx_word' id='word_1_136' title='bbox 1088 2407 1101 2444; x_wconf 90' lang='lat'>:</span> <span class='ocrx_word' id='word_1_137' title='bbox 1347 2407 1642 2463; x_wconf 89' lang='lat' dir='ltr'><strong>quaecum-</strong></span> 
     </span>
    </p>
   </div>
   <div class='ocr_carea' id='block_1_38' title="bbox 514 2465 1689 2537">
    <p class='ocr_par' dir='ltr' id='par_1_38' title="bbox 514 2465 1689 2537">
     <span class='ocr_line' id='line_1_38' title="bbox 514 2465 1689 2537; baseline -0.002 -14"><span class='ocrx_word' id='word_1_138' title='bbox 514 2466 777 2537; x_wconf 86' lang='lat' dir='ltr'><strong>Magister</strong></span> <span class='ocrx_word' id='word_1_139' title='bbox 805 2535 814 2537; x_wconf 97' lang='lat'><em>_</em></span> <span class='ocrx_word' id='word_1_140' title='bbox 841 2535 851 2537; x_wconf 14' lang='grc' dir='ltr'>μ</span> <span class='ocrx_word' id='word_1_141' title='bbox 1347 2479 1453 2536; x_wconf 88' lang='lat' dir='ltr'><strong>que</strong></span> <span class='ocrx_word' id='word_1_142' title='bbox 1475 2465 1652 2537; x_wconf 88' lang='lat' dir='ltr'><strong>habes</strong></span> <span class='ocrx_word' id='word_1_143' title='bbox 1673 2505 1689 2537; x_wconf 84' lang='lat'><strong>,</strong></span> 
     </span>
    </p>
   </div>
   <div class='ocr_carea' id='block_1_39' title="bbox 510 2535 857 2609">
    <p class='ocr_par' dir='ltr' id='par_1_39' title="bbox 510 2535 857 2609">
     <span class='ocr_line' id='line_1_39' title="bbox 510 2535 857 2609; baseline -0.003 -16"><span class='ocrx_word' id='word_1_144' title='bbox 510 2535 658 2594; x_wconf 76' lang='lat' dir='ltr'><strong>bone</strong></span> <span class='ocrx_word' id='word_1_145' title='bbox 683 2579 700 2607; x_wconf 92' lang='lat'><strong>,</strong></span> <span class='ocrx_word' id='word_1_146' title='bbox 724 2535 857 2609; x_wconf 90' lang='lat' dir='ltr'><strong>quid</strong></span> 
     </span>
    </p>
   </div>
   <div class='ocr_carea' id='block_1_40' title="bbox 509 2610 832 2674">
    <p class='ocr_par' dir='ltr' id='par_1_40' title="bbox 509 2610 832 2674">
     <span class='ocr_line' id='line_1_40' title="bbox 509 2610 832 2674; baseline -0.012 -8"><span class='ocrx_word' id='word_1_147' title='bbox 509 2610 742 2674; x_wconf 85' lang='lat' dir='ltr'><strong>faciam,</strong></span> <span class='ocrx_word' id='word_1_148' title='bbox 770 2614 832 2662; x_wconf 94' lang='lat' dir='ltr'><strong>ut</strong></span> 
     </span>
    </p>
   </div>
   <div class='ocr_carea' id='block_1_41' title="bbox 513 2681 896 2738">
    <p class='ocr_par' dir='ltr' id='par_1_41' title="bbox 513 2681 896 2738">
     <span class='ocr_line' id='line_1_41' title="bbox 513 2681 896 2738; baseline -0.01 -1"><span class='ocrx_word' id='word_1_149' title='bbox 513 2681 682 2738; x_wconf 89' lang='lat' dir='ltr'><strong>vitam</strong></span> <span class='ocrx_word' id='word_1_150' title='bbox 721 2688 896 2736; x_wconf 82' lang='lat' dir='ltr'><strong>aeter-</strong></span> 
     </span>
    </p>
   </div>
   <div class='ocr_carea' id='block_1_42' title="bbox 512 2751 857 2882">
    <p class='ocr_par' dir='ltr' id='par_1_42' title="bbox 512 2751 857 2882">
     <span class='ocr_line' id='line_1_42' title="bbox 512 2751 857 2882; baseline -0.012 0"><span class='ocrx_word' id='word_1_151' title='bbox 512 2751 857 2882; x_wconf 40' lang='lat' dir='ltr'><strong>335W”</strong></span> 
     </span>
    </p>
   </div>
   <div class='ocr_carea' id='block_1_43' title="bbox 553 2840 674 2882">
    <p class='ocr_par' dir='ltr' id='par_1_43' title="bbox 553 2840 674 2882">
     <span class='ocr_line' id='line_1_43' title="bbox 553 2840 674 2882; baseline -0.017 -1"><span class='ocrx_word' id='word_1_152' title='bbox 553 2840 674 2882; x_wconf 90' lang='lat' dir='ltr'><strong>eam</strong></span> 
     </span>
    </p>
   </div>
   <div class='ocr_carea' id='block_1_44' title="bbox 513 2893 1136 2954">
    <p class='ocr_par' dir='ltr' id='par_1_44' title="bbox 513 2893 1136 2954">
     <span class='ocr_line' id='line_1_44' title="bbox 513 2893 1136 2954; baseline -0.006 0"><span class='ocrx_word' id='word_1_153' title='bbox 513 2897 604 2954; x_wconf 84' lang='grc'>18.</span> <span class='ocrx_word' id='word_1_154' title='bbox 648 2895 809 2952; x_wconf 80' lang='lat' dir='ltr'><strong>Jcsus</strong></span> <span class='ocrx_word' id='word_1_155' title='bbox 835 2903 1019 2952; x_wconf 89' lang='lat' dir='ltr'><strong>autem</strong></span> <span class='ocrx_word' id='word_1_156' title='bbox 1049 2893 1136 2950; x_wconf 88' lang='lat' dir='ltr'><strong>ln-</strong></span> 
     </span>
    </p>
   </div>
   <div class='ocr_carea' id='block_1_45' title="bbox 514 2969 873 3034">
    <p class='ocr_par' dir='ltr' id='par_1_45' title="bbox 514 2969 873 3034">
     <span class='ocr_line' id='line_1_45' title="bbox 514 2969 873 3034; baseline -0.014 -8"><span class='ocrx_word' id='word_1_157' title='bbox 514 2979 674 3026; x_wconf 90' lang='lat' dir='ltr'><strong>tuens</strong></span> <span class='ocrx_word' id='word_1_158' title='bbox 699 2969 873 3034; x_wconf 91' lang='lat' dir='ltr'><strong>illum,</strong></span> 
     </span>
    </p>
   </div>
   <div class='ocr_carea' id='block_1_46' title="bbox 515 3038 926 3108">
    <p class='ocr_par' dir='ltr' id='par_1_46' title="bbox 515 3038 926 3108">
     <span class='ocr_line' id='line_1_46' title="bbox 515 3038 926 3108; baseline -0.002 -14"><span class='ocrx_word' id='word_1_159' title='bbox 515 3041 590 3096; x_wconf 91' lang='lat' dir='ltr'><strong>ait</strong></span> <span class='ocrx_word' id='word_1_160' title='bbox 625 3039 702 3095; x_wconf 88' lang='lat' dir='ltr'><strong>illi</strong></span> <span class='ocrx_word' id='word_1_161' title='bbox 737 3057 750 3093; x_wconf 92' lang='lat'><strong>:</strong></span> <span class='ocrx_word' id='word_1_162' title='bbox 783 3038 926 3108; x_wconf 84' lang='lat' dir='ltr'><strong>Quid</strong></span> 
     </span>
    </p>
   </div>
   <div class='ocr_carea' id='block_1_47' title="bbox 516 3111 894 3168">
    <p class='ocr_par' dir='ltr' id='par_1_47' title="bbox 516 3111 894 3168">
     <span class='ocr_line' id='line_1_47' title="bbox 516 3111 894 3168; baseline -0.003 0"><span class='ocrx_word' id='word_1_163' title='bbox 516 3127 605 3168; x_wconf 88' lang='lat' dir='ltr'><strong>me</strong></span> <span class='ocrx_word' id='word_1_164' title='bbox 631 3111 770 3167; x_wconf 88' lang='lat' dir='ltr'><strong>dicis</strong></span> <span class='ocrx_word' id='word_1_165' title='bbox 793 3111 894 3167; x_wconf 84' lang='lat' dir='ltr'><strong>bo-</strong></span> 
     </span>
    </p>
   </div>
   <div class='ocr_carea' id='block_1_48' title="bbox 515 3181 887 3239">
    <p class='ocr_par' dir='ltr' id='par_1_48' title="bbox 515 3181 887 3239">
     <span class='ocr_line' id='line_1_48' title="bbox 515 3181 887 3239; baseline -0.008 0"><span class='ocrx_word' id='word_1_166' title='bbox 515 3182 685 3239; x_wconf 87' lang='lat' dir='ltr'><strong>num?</strong></span> <span class='ocrx_word' id='word_1_167' title='bbox 715 3181 887 3238; x_wconf 86' lang='lat' dir='ltr'><strong>Nemo</strong></span> 
     </span>
    </p>
   </div>
   <div class='ocr_carea' id='block_1_49' title="bbox 516 3253 915 3320">
    <p class='ocr_par' dir='ltr' id='par_1_49' title="bbox 516 3253 915 3320">
     <span class='ocr_line' id='line_1_49' title="bbox 516 3253 915 3320; baseline -0.01 -9"><span class='ocrx_word' id='word_1_168' title='bbox 516 3256 695 3311; x_wconf 89' lang='lat' dir='ltr'><strong>bonus</strong></span> <span class='ocrx_word' id='word_1_169' title='bbox 715 3296 730 3320; x_wconf 90' lang='lat'><strong>,</strong></span> <span class='ocrx_word' id='word_1_170' title='bbox 758 3255 780 3285; x_wconf 78' lang='grc'>⁸</span> <span class='ocrx_word' id='word_1_171' title='bbox 809 3253 915 3309; x_wconf 89' lang='lat' dir='ltr'><strong>nisi</strong></span> 
     </span>
    </p>
   </div>
   <div class='ocr_carea' id='block_1_50' title="bbox 521 3323 1170 3383">
    <p class='ocr_par' dir='ltr' id='par_1_50' title="bbox 521 3323 1170 3383">
     <span class='ocr_line' id='line_1_50' title="bbox 521 3323 1170 3383; baseline -0.003 -1"><span class='ocrx_word' id='word_1_172' title='bbox 521 3327 610 3383; x_wconf 87' lang='grc'><strong>19.</strong></span> <span class='ocrx_word' id='word_1_173' title='bbox 657 3341 795 3381; x_wconf 89' lang='lat' dir='ltr'><strong>unus</strong></span> <span class='ocrx_word' id='word_1_174' title='bbox 824 3324 989 3380; x_wconf 85' lang='lat' dir='ltr'><strong>Deus.</strong></span> <span class='ocrx_word' id='word_1_175' title='bbox 1021 3323 1170 3380; x_wconf 89' lang='lat' dir='ltr'><strong>Man-</strong></span> 
     </span>
    </p>
   </div>
   <div class='ocr_carea' id='block_1_51' title="bbox 1351 2535 1750 2603">
    <p class='ocr_par' dir='ltr' id='par_1_51' title="bbox 1351 2535 1750 2603">
     <span class='ocr_line' id='line_1_51' title="bbox 1351 2535 1750 2603; baseline 0.005 -12"><span class='ocrx_word' id='word_1_176' title='bbox 1351 2536 1521 2592; x_wconf 85' lang='lat' dir='ltr'><strong>vende</strong></span> <span class='ocrx_word' id='word_1_177' title='bbox 1536 2577 1552 2603; x_wconf 95' lang='lat'><strong>,</strong></span> <span class='ocrx_word' id='word_1_178' title='bbox 1581 2545 1638 2593; x_wconf 90' lang='lat' dir='ltr'><strong>et</strong></span> <span class='ocrx_word' id='word_1_179' title='bbox 1664 2535 1750 2593; x_wconf 85' lang='lat' dir='ltr'><strong>di-</strong></span> 
     </span>
    </p>
   </div>
   <div class='ocr_carea' id='block_1_52' title="bbox 1354 2607 1706 2680">
    <p class='ocr_par' dir='ltr' id='par_1_52' title="bbox 1354 2607 1706 2680">
     <span class='ocr_line' id='line_1_52' title="bbox 1354 2607 1706 2680; baseline 0.006 -19"><span class='ocrx_word' id='word_1_180' title='bbox 1354 2607 1478 2664; x_wconf 88' lang='lat' dir='ltr'><strong>vide</strong></span> <span class='ocrx_word' id='word_1_181' title='bbox 1503 2623 1706 2680; x_wconf 87' lang='lat' dir='ltr'><strong>paupe-</strong></span> 
     </span>
    </p>
   </div>
   <div class='ocr_carea' id='block_1_53' title="bbox 1355 2679 1740 2748">
    <p class='ocr_par' dir='ltr' id='par_1_53' title="bbox 1355 2679 1740 2748">
     <span class='ocr_line' id='line_1_53' title="bbox 1355 2679 1740 2748; baseline 0.003 -14"><span class='ocrx_word' id='word_1_182' title='bbox 1355 2679 1542 2748; x_wconf 84' lang='lat' dir='ltr'><strong>ribus;</strong></span> <span class='ocrx_word' id='word_1_183' title='bbox 1572 2689 1627 2736; x_wconf 91' lang='lat' dir='ltr'><strong>et</strong></span> <span class='ocrx_word' id='word_1_184' title='bbox 1651 2680 1740 2735; x_wconf 78' lang='lat' dir='ltr'><strong>lia-</strong></span> 
     </span>
    </p>
   </div>
   <div class='ocr_carea' id='block_1_54' title="bbox 1355 2753 1701 2810">
    <p class='ocr_par' dir='ltr' id='par_1_54' title="bbox 1355 2753 1701 2810">
     <span class='ocr_line' id='line_1_54' title="bbox 1355 2753 1701 2810; baseline -0.009 0"><span class='ocrx_word' id='word_1_185' title='bbox 1355 2753 1510 2810; x_wconf 87' lang='lat' dir='ltr'><strong>bebis</strong></span> <span class='ocrx_word' id='word_1_186' title='bbox 1543 2755 1701 2809; x_wconf 88' lang='lat' dir='ltr'><strong>then-</strong></span> 
     </span>
    </p>
   </div>
   <div class='ocr_carea' id='block_1_55' title="bbox 1356 2824 1688 2882">
    <p class='ocr_par' dir='ltr' id='par_1_55' title="bbox 1356 2824 1688 2882">
     <span class='ocr_line' id='line_1_55' title="bbox 1356 2824 1688 2882; baseline -0.015 0"><span class='ocrx_word' id='word_1_187' title='bbox 1356 2841 1576 2882; x_wconf 88' lang='lat' dir='ltr'><strong>saurum</strong></span> <span class='ocrx_word' id='word_1_188' title='bbox 1608 2824 1688 2879; x_wconf 88' lang='lat' dir='ltr'><strong>in-</strong></span> 
     </span>
    </p>
   </div>
   <div class='ocr_carea' id='block_1_56' title="bbox 1356 2898 1794 2963">
    <p class='ocr_par' dir='ltr' id='par_1_56' title="bbox 1356 2898 1794 2963">
     <span class='ocr_line' id='line_1_56' title="bbox 1356 2898 1794 2963; baseline -0.002 -11"><span class='ocrx_word' id='word_1_189' title='bbox 1356 2898 1548 2963; x_wconf 89' lang='lat' dir='ltr'><strong>caelo;</strong></span> <span class='ocrx_word' id='word_1_190' title='bbox 1583 2905 1634 2951; x_wconf 82' lang='lat' dir='ltr'><strong>et</strong></span> <span class='ocrx_word' id='word_1_191' title='bbox 1657 2937 1672 2962; x_wconf 94' lang='lat'><strong>,</strong></span> <span class='ocrx_word' id='word_1_192' title='bbox 1705 2910 1794 2952; x_wconf 91' lang='lat' dir='ltr'><strong>su-</strong></span> 
     </span>
    </p>
   </div>
   <div class='ocr_carea' id='block_1_57' title="bbox 1357 2969 1789 3040">
    <p class='ocr_par' dir='ltr' id='par_1_57' title="bbox 1357 2969 1789 3040">
     <span class='ocr_line' id='line_1_57' title="bbox 1357 2969 1789 3040; baseline -0.009 -15"><span class='ocrx_word' id='word_1_193' title='bbox 1357 2969 1500 3025; x_wconf 90' lang='lat' dir='ltr'><strong>blata</strong></span> <span class='ocrx_word' id='word_1_194' title='bbox 1528 2981 1691 3025; x_wconf 87' lang='lat' dir='ltr'><strong>cruce</strong></span> <span class='ocrx_word' id='word_1_195' title='bbox 1720 2977 1789 3040; x_wconf 47' lang='grc' dir='ltr'>,η</span> 
     </span>
    </p>
   </div>
   <div class='ocr_carea' id='block_1_58' title="bbox 1356 3041 1743 3110">
    <p class='ocr_par' dir='ltr' id='par_1_58' title="bbox 1356 3041 1743 3110">
     <span class='ocr_line' id='line_1_58' title="bbox 1356 3041 1743 3110; baseline 0 -14"><span class='ocrx_word' id='word_1_196' title='bbox 1356 3041 1512 3109; x_wconf 88' lang='lat' dir='ltr'><strong>veni,</strong></span> <span class='ocrx_word' id='word_1_197' title='bbox 1547 3054 1743 3110; x_wconf 83' lang='lat' dir='ltr'><strong>seque-</strong></span> 
     </span>
    </p>
   </div>
   <div class='ocr_carea' id='block_1_59' title="bbox 1353 3128 1548 3169">
    <p class='ocr_par' dir='ltr' id='par_1_59' title="bbox 1353 3128 1548 3169">
     <span class='ocr_line' id='line_1_59' title="bbox 1353 3128 1548 3169; baseline -0.01 -1"><span class='ocrx_word' id='word_1_198' title='bbox 1353 3128 1415 3168; x_wconf 85' lang='lat' dir='ltr'><strong>re</strong></span> <span class='ocrx_word' id='word_1_199' title='bbox 1440 3129 1548 3169; x_wconf 91' lang='lat' dir='ltr'><strong>me.</strong></span> 
     </span>
    </p>
   </div>
   <div class='ocr_carea' id='block_1_60' title="bbox 1352 3182 1946 3240">
    <p class='ocr_par' dir='ltr' id='par_1_60' title="bbox 1352 3182 1946 3240">
     <span class='ocr_line' id='line_1_60' title="bbox 1352 3182 1946 3240; baseline -0.007 0"><span class='ocrx_word' id='word_1_200' title='bbox 1352 3185 1444 3240; x_wconf 87' lang='grc'><strong>22.</strong></span> <span class='ocrx_word' id='word_1_201' title='bbox 1488 3183 1557 3239; x_wconf 86' lang='lat' dir='ltr'><strong>Et</strong></span> <span class='ocrx_word' id='word_1_202' title='bbox 1589 3185 1678 3239; x_wconf 93' lang='lat' dir='ltr'><strong>ille</strong></span> <span class='ocrx_word' id='word_1_203' title='bbox 1703 3182 1946 3237; x_wconf 87' lang='lat' dir='ltr'><strong>contris-</strong></span> 
     </span>
    </p>
   </div>
   <div class='ocr_carea' id='block_1_61' title="bbox 1352 3253 1876 3329">
    <p class='ocr_par' dir='ltr' id='par_1_61' title="bbox 1352 3253 1876 3329">
     <span class='ocr_line' id='line_1_61' title="bbox 1352 3253 1876 3329; baseline -0.004 -19"><span class='ocrx_word' id='word_1_204' title='bbox 1352 3265 1496 3329; x_wconf 82' lang='lat' dir='ltr'><strong>tatus</strong></span> <span class='ocrx_word' id='word_1_205' title='bbox 1524 3257 1578 3311; x_wconf 94' lang='lat' dir='ltr'><strong>in</strong></span> <span class='ocrx_word' id='word_1_206' title='bbox 1605 3255 1808 3329; x_wconf 81' lang='lat' dir='ltr'><strong>(e)_hoc</strong></span> <span class='ocrx_word' id='word_1_207' title='bbox 1835 3253 1876 3325; x_wconf 70' lang='lat'><strong>1-</strong></span> 
     </span>
    </p>
   </div>
   <div class='ocr_carea' id='block_1_62' title="bbox 1354 3327 1724 3395">
    <p class='ocr_par' dir='ltr' id='par_1_62' title="bbox 1354 3327 1724 3395">
     <span class='ocr_line' id='line_1_62' title="bbox 1354 3327 1724 3395; baseline -0.003 -13"><span class='ocrx_word' id='word_1_208' title='bbox 1354 3328 1525 3383; x_wconf 90' lang='lat' dir='ltr'><strong>verbo</strong></span> <span class='ocrx_word' id='word_1_209' title='bbox 1547 3369 1563 3395; x_wconf 93' lang='lat'><strong>,</strong></span> <span class='ocrx_word' id='word_1_210' title='bbox 1588 3327 1724 3383; x_wconf 87' lang='lat' dir='ltr'><strong>abiit</strong></span> 
     </span>
    </p>
   </div>
   <div class='ocr_carea' id='block_1_63' title="bbox 517 3396 1728 3454">
    <p class='ocr_par' dir='ltr' id='par_1_63' title="bbox 517 3396 1728 3454">
     <span class='ocr_line' id='line_1_63' title="bbox 517 3396 1728 3454; baseline 0.001 -2"><span class='ocrx_word' id='word_1_211' title='bbox 517 3398 643 3452; x_wconf 89' lang='lat' dir='ltr'><strong>data</strong></span> <span class='ocrx_word' id='word_1_212' title='bbox 677 3396 864 3452; x_wconf 81' lang='lat' dir='ltr'><strong>nosti?</strong></span> <span class='ocrx_word' id='word_1_213' title='bbox 1357 3399 1528 3454; x_wconf 86' lang='lat' dir='ltr'><strong>tristis</strong></span> <span class='ocrx_word' id='word_1_214' title='bbox 1559 3417 1573 3453; x_wconf 89' lang='lat'><strong>:</strong></span> <span class='ocrx_word' id='word_1_215' title='bbox 1607 3409 1728 3454; x_wconf 89' lang='lat' dir='ltr'><strong>erat</strong></span> 
     </span>
    </p>
   </div>
   <div class='ocr_carea' id='block_1_64' title="bbox 518 3465 1746 3536">
    <p class='ocr_par' dir='ltr' id='par_1_64' title="bbox 518 3465 1746 3536">
     <span class='ocr_line' id='line_1_64' title="bbox 518 3465 1746 3536; baseline 0 -10"><span class='ocrx_word' id='word_1_216' title='bbox 518 3469 611 3526; x_wconf 80' lang='lat' dir='ltr'><strong>Ait</strong></span> <span class='ocrx_word' id='word_1_217' title='bbox 637 3485 651 3522; x_wconf 90' lang='lat'>:</span> <span class='ocrx_word' id='word_1_218' title='bbox 682 3467 878 3536; x_wconf 75' lang='lat' dir='ltr'><strong>Quae?</strong></span> <span class='ocrx_word' id='word_1_219' title='bbox 903 3465 1022 3524; x_wconf 91' lang='lat' dir='ltr'><strong>Non</strong></span> <span class='ocrx_word' id='word_1_220' title='bbox 1355 3469 1503 3528; x_wconf 88' lang='lat' dir='ltr'><strong>enim</strong></span> <span class='ocrx_word' id='word_1_221' title='bbox 1535 3470 1746 3527; x_wconf 91' lang='lat' dir='ltr'><strong>habens</strong></span> 
     </span>
    </p>
   </div>
   <div class='ocr_carea' id='block_1_65' title="bbox 518 3539 846 3596">
    <p class='ocr_par' dir='ltr' id='par_1_65' title="bbox 518 3539 846 3596">
     <span class='ocr_line' id='line_1_65' title="bbox 518 3539 846 3596; baseline -0.006 -1"><span class='ocrx_word' id='word_1_222' title='bbox 518 3539 846 3596; x_wconf 90' lang='lat' dir='ltr'><strong>adulterium</strong></span> 
     </span>
    </p>
   </div>
   <div class='ocr_carea' id='block_1_66' title="bbox 1357 3557 1735 3614">
    <p class='ocr_par' dir='ltr' id='par_1_66' title="bbox 1357 3557 1735 3614">
     <span class='ocr_line' id='line_1_66' title="bbox 1357 3557 1735 3614; baseline 0.008 -18"><span class='ocrx_word' id='word_1_223' title='bbox 1357 3557 1608 3612; x_wconf 79' lang='lat' dir='ltr'><strong>magnam</strong></span> <span class='ocrx_word' id='word_1_224' title='bbox 1639 3557 1735 3614; x_wconf 82' lang='lat' dir='ltr'><strong>pe-</strong></span> 
     </span>
    </p>
   </div>
   <div class='ocr_carea' id='block_1_67' title="bbox 1359 3615 1598 3670">
    <p class='ocr_par' dir='ltr' id='par_1_67' title="bbox 1359 3615 1598 3670">
     <span class='ocr_line' id='line_1_67' title="bbox 1359 3615 1598 3670; baseline -0.004 0"><span class='ocrx_word' id='word_1_225' title='bbox 1359 3615 1598 3670; x_wconf 86' lang='lat' dir='ltr'><strong>cuniam.</strong></span> 
     </span>
    </p>
   </div>
   <div class='ocr_carea' id='block_1_68' title="bbox 1356 3684 1889 3754">
    <p class='ocr_par' dir='ltr' id='par_1_68' title="bbox 1356 3684 1889 3754">
     <span class='ocr_line' id='line_1_68' title="bbox 1356 3684 1889 3754; baseline 0.002 -15"><span class='ocrx_word' id='word_1_226' title='bbox 1356 3685 1448 3740; x_wconf 80' lang='grc'>25.</span> <span class='ocrx_word' id='word_1_227' title='bbox 1495 3686 1560 3740; x_wconf 85' lang='lat' dir='ltr'><strong>Et</strong></span> <span class='ocrx_word' id='word_1_228' title='bbox 1586 3684 1889 3754; x_wconf 86' lang='lat' dir='ltr'><strong>respiciens</strong></span> 
     </span>
    </p>
   </div>
   <div class='ocr_carea' id='block_1_69' title="bbox 1356 3756 1845 3826">
    <p class='ocr_par' dir='ltr' id='par_1_69' title="bbox 1356 3756 1845 3826">
     <span class='ocr_line' id='line_1_69' title="bbox 1356 3756 1845 3826; baseline -0.002 -14"><span class='ocrx_word' id='word_1_229' title='bbox 1356 3756 1537 3826; x_wconf 86' lang='lat' dir='ltr'><strong>Jesus,</strong></span> <span class='ocrx_word' id='word_1_230' title='bbox 1572 3757 1650 3813; x_wconf 90' lang='lat' dir='ltr'><strong>ait</strong></span> <span class='ocrx_word' id='word_1_231' title='bbox 1673 3756 1845 3814; x_wconf 85' lang='lat' dir='ltr'><strong>disci-</strong></span> 
     </span>
    </p>
   </div>
   <div class='ocr_carea' id='block_1_70' title="bbox 519 3612 876 3667">
    <p class='ocr_par' dir='ltr' id='par_1_70' title="bbox 519 3612 876 3667">
     <span class='ocr_line' id='line_1_70' title="bbox 519 3612 876 3667; baseline 0.003 -1"><span class='ocrx_word' id='word_1_232' title='bbox 519 3612 834 3667; x_wconf 89' lang='lat' dir='ltr'><strong>committes</strong></span> <span class='ocrx_word' id='word_1_233' title='bbox 863 3629 876 3667; x_wconf 89' lang='lat'><strong>:</strong></span> 
     </span>
    </p>
   </div>
   <div class='ocr_carea' id='block_1_71' title="bbox 520 3681 842 3738">
    <p class='ocr_par' dir='ltr' id='par_1_71' title="bbox 520 3681 842 3738">
     <span class='ocr_line' id='line_1_71' title="bbox 520 3681 842 3738; baseline -0.009 0"><span class='ocrx_word' id='word_1_234' title='bbox 520 3681 638 3738; x_wconf 86' lang='lat' dir='ltr'><strong>Non</strong></span> <span class='ocrx_word' id='word_1_235' title='bbox 667 3683 791 3738; x_wconf 90' lang='lat' dir='ltr'><strong>hom</strong></span> <span class='ocrx_word' id='word_1_236' title='bbox 801 3682 842 3736; x_wconf 85' lang='lat' dir='ltr'><strong>i-</strong></span> 
     </span>
    </p>
   </div>
   <div class='ocr_carea' id='block_1_72' title="bbox 519 3751 890 3812">
    <p class='ocr_par' dir='ltr' id='par_1_72' title="bbox 519 3751 890 3812">
     <span class='ocr_line' id='line_1_72' title="bbox 519 3751 890 3812; baseline -0.008 0"><span class='ocrx_word' id='word_1_237' title='bbox 519 3753 722 3812; x_wconf 91' lang='lat' dir='ltr'><strong>cidium</strong></span> <span class='ocrx_word' id='word_1_238' title='bbox 754 3751 890 3811; x_wconf 82' lang='lat' dir='ltr'><strong>faci-</strong></span> 
     </span>
    </p>
   </div>
   <div class='ocr_carea' id='block_1_73' title="bbox 1026 311 3223 376">
    <p class='ocr_par' dir='ltr' id='par_1_73' title="bbox 1026 311 3223 376">
     <span class='ocr_line' id='line_1_73' title="bbox 1026 311 3223 376; baseline -0.003 0"><span class='ocrx_word' id='word_1_239' title='bbox 1026 314 1298 376; x_wconf 83' lang='lat' dir='ltr'><strong>EUSEBII</strong></span> <span class='ocrx_word' id='word_1_240' title='bbox 1339 312 1679 373; x_wconf 83' lang='lat' dir='ltr'><strong>VERCELL.</strong></span> <span class='ocrx_word' id='word_1_241' title='bbox 1711 313 2161 374; x_wconf 79' lang='lat' dir='ltr'><strong>EVANGELIUM</strong></span> <span class='ocrx_word' id='word_1_242' title='bbox 2188 311 2331 373; x_wconf 88' lang='lat' dir='ltr'><strong>CUM</strong></span> <span class='ocrx_word' id='word_1_243' title='bbox 2363 311 2594 372; x_wconf 78' lang='lat' dir='ltr'><strong>VARUS</strong></span> <span class='ocrx_word' id='word_1_244' title='bbox 2626 311 2785 370; x_wconf 87' lang='lat' dir='ltr'><strong>COD.</strong></span> <span class='ocrx_word' id='word_1_245' title='bbox 2823 312 3223 373; x_wconf 73' lang='lat' dir='ltr'><strong>COLLATUM.</strong></span> 
     </span>
    </p>
   </div>
   <div class='ocr_carea' id='block_1_74' title="bbox 3671 307 3761 368">
    <p class='ocr_par' dir='ltr' id='par_1_74' title="bbox 3671 307 3761 368">
     <span class='ocr_line' id='line_1_74' title="bbox 3671 307 3761 368; baseline 0.011 -1"><span class='ocrx_word' id='word_1_246' title='bbox 3671 307 3761 368; x_wconf 85' lang='lat'><strong>800</strong></span> 
     </span>
    </p>
   </div>
   <div class='ocr_carea' id='block_1_75' title="bbox 2621 429 3346 490">
    <p class='ocr_par' dir='ltr' id='par_1_75' title="bbox 2621 429 3346 490">
     <span class='ocr_line' id='line_1_75' title="bbox 2621 429 3346 490; baseline 0.006 -4"><span class='ocrx_word' id='word_1_247' title='bbox 2621 429 2856 487; x_wconf 80' lang='lat' dir='ltr'><strong>CODEX</strong></span> <span class='ocrx_word' id='word_1_248' title='bbox 2893 429 3346 490; x_wconf 81' lang='lat' dir='ltr'><strong>VERONENSIS.</strong></span> 
     </span>
    </p>
   </div>
   <div class='ocr_carea' id='block_1_76' title="bbox 3036 526 3402 581">
    <p class='ocr_par' dir='ltr' id='par_1_76' title="bbox 3036 526 3402 581">
     <span class='ocr_line' id='line_1_76' title="bbox 3036 526 3402 581; baseline 0.003 -1"><span class='ocrx_word' id='word_1_249' title='bbox 3036 526 3402 581; x_wconf 89' lang='lat' dir='ltr'><strong>testimonium</strong></span> 
     </span>
    </p>
   </div>
   <div class='ocr_carea' id='block_1_77' title="bbox 3033 596 3409 654">
    <p class='ocr_par' dir='ltr' id='par_1_77' title="bbox 3033 596 3409 654">
     <span class='ocr_line' id='line_1_77' title="bbox 3033 596 3409 654; baseline 0.005 -2"><span class='ocrx_word' id='word_1_250' title='bbox 3033 597 3244 654; x_wconf 79' lang='lat' dir='ltr'><strong>dixeris</strong></span> <span class='ocrx_word' id='word_1_251' title='bbox 3279 613 3293 652; x_wconf 91' lang='lat'><strong>:</strong></span> <span class='ocrx_word' id='word_1_252' title='bbox 3329 596 3409 654; x_wconf 89' lang='lat' dir='ltr'><strong>Ne</strong></span> 
     </span>
    </p>
   </div>
   <div class='ocr_carea' id='block_1_78' title="bbox 3031 668 3401 726">
    <p class='ocr_par' dir='ltr' id='par_1_78' title="bbox 3031 668 3401 726">
     <span class='ocr_line' id='line_1_78' title="bbox 3031 668 3401 726; baseline 0.003 -2"><span class='ocrx_word' id='word_1_253' title='bbox 3031 668 3277 724; x_wconf 89' lang='lat' dir='ltr'><strong>fraudem</strong></span> <span class='ocrx_word' id='word_1_254' title='bbox 3317 668 3401 726; x_wconf 89' lang='lat' dir='ltr'><strong>fe-</strong></span> 
     </span>
    </p>
   </div>
   <div class='ocr_carea' id='block_1_79' title="bbox 3031 741 3363 798">
    <p class='ocr_par' dir='ltr' id='par_1_79' title="bbox 3031 741 3363 798">
     <span class='ocr_line' id='line_1_79' title="bbox 3031 741 3363 798; baseline 0.006 -2"><span class='ocrx_word' id='word_1_255' title='bbox 3031 741 3172 796; x_wconf 89' lang='lat' dir='ltr'><strong>ceris</strong></span> <span class='ocrx_word' id='word_1_256' title='bbox 3205 756 3222 795; x_wconf 92' lang='lat'><strong><em>:</em></strong></span> <span class='ocrx_word' id='word_1_257' title='bbox 3254 741 3363 798; x_wconf 81' lang='lat' dir='ltr'><strong>Ho-</strong></span> 
     </span>
    </p>
   </div>
   <div class='ocr_carea' id='block_1_80' title="bbox 3033 827 3292 883">
    <p class='ocr_par' dir='ltr' id='par_1_80' title="bbox 3033 827 3292 883">
     <span class='ocr_line' id='line_1_80' title="bbox 3033 827 3292 883; baseline 0.008 -16"><span class='ocrx_word' id='word_1_258' title='bbox 3033 827 3166 868; x_wconf 89' lang='lat' dir='ltr'><strong>nora</strong></span> <span class='ocrx_word' id='word_1_259' title='bbox 3192 828 3292 883; x_wconf 89' lang='lat' dir='ltr'><strong>pa-</strong></span> 
     </span>
    </p>
   </div>
   <div class='ocr_carea' id='block_1_81' title="bbox 2196 522 2507 579">
    <p class='ocr_par' dir='ltr' id='par_1_81' title="bbox 2196 522 2507 579">
     <span class='ocr_line' id='line_1_81' title="bbox 2196 522 2507 579; baseline 0 -1"><span class='ocrx_word' id='word_1_260' title='bbox 2196 537 2289 579; x_wconf 91' lang='lat' dir='ltr'><strong>ros</strong></span> <span class='ocrx_word' id='word_1_261' title='bbox 2318 522 2507 579; x_wconf 90' lang='lat' dir='ltr'><strong>venire</strong></span> 
     </span>
    </p>
   </div>
   <div class='ocr_carea' id='block_1_82' title="bbox 2198 594 2501 660">
    <p class='ocr_par' dir='ltr' id='par_1_82' title="bbox 2198 594 2501 660">
     <span class='ocr_line' id='line_1_82' title="bbox 2198 594 2501 660; baseline 0.007 -12"><span class='ocrx_word' id='word_1_262' title='bbox 2198 594 2266 650; x_wconf 91' lang='lat' dir='ltr'><strong>ad</strong></span> <span class='ocrx_word' id='word_1_263' title='bbox 2291 610 2411 660; x_wconf 88' lang='lat' dir='ltr'><strong>me;</strong></span> <span class='ocrx_word' id='word_1_264' title='bbox 2445 602 2501 650; x_wconf 90' lang='lat' dir='ltr'><strong>et</strong></span> 
     </span>
    </p>
   </div>
   <div class='ocr_carea' id='block_1_83' title="bbox 2197 665 2590 736">
    <p class='ocr_par' dir='ltr' id='par_1_83' title="bbox 2197 665 2590 736">
     <span class='ocr_line' id='line_1_83' title="bbox 2197 665 2590 736; baseline 0.005 -14"><span class='ocrx_word' id='word_1_265' title='bbox 2197 681 2269 722; x_wconf 90' lang='lat' dir='ltr'><strong>ne</strong></span> <span class='ocrx_word' id='word_1_266' title='bbox 2297 665 2590 736; x_wconf 85' lang='lat' dir='ltr'><strong>prohibue-</strong></span> 
     </span>
    </p>
   </div>
   <div class='ocr_carea' id='block_1_84' title="bbox 2199 738 2516 794">
    <p class='ocr_par' dir='ltr' id='par_1_84' title="bbox 2199 738 2516 794">
     <span class='ocr_line' id='line_1_84' title="bbox 2199 738 2516 794; baseline -0.006 0"><span class='ocrx_word' id='word_1_267' title='bbox 2199 739 2321 794; x_wconf 89' lang='lat' dir='ltr'><strong>ritis</strong></span> <span class='ocrx_word' id='word_1_268' title='bbox 2353 738 2476 793; x_wconf 92' lang='lat' dir='ltr'><strong>illos</strong></span> <span class='ocrx_word' id='word_1_269' title='bbox 2503 757 2516 792; x_wconf 89' lang='lat'><strong>:</strong></span> 
     </span>
    </p>
   </div>
   <div class='ocr_carea' id='block_1_85' title="bbox 2201 809 2564 865">
    <p class='ocr_par' dir='ltr' id='par_1_85' title="bbox 2201 809 2564 865">
     <span class='ocr_line' id='line_1_85' title="bbox 2201 809 2564 865; baseline 0.003 -1"><span class='ocrx_word' id='word_1_270' title='bbox 2201 811 2390 864; x_wconf 90' lang='lat' dir='ltr'><strong>talium</strong></span> <span class='ocrx_word' id='word_1_271' title='bbox 2417 809 2564 865; x_wconf 90' lang='lat' dir='ltr'><strong>enim</strong></span> 
     </span>
    </p>
   </div>
   <div class='ocr_carea' id='block_1_86' title="bbox 2201 889 3377 953">
    <p class='ocr_par' dir='ltr' id='par_1_86' title="bbox 2201 889 3377 953">
     <span class='ocr_line' id='line_1_86' title="bbox 2201 889 3377 953; baseline 0.003 -17"><span class='ocrx_word' id='word_1_272' title='bbox 2201 889 2287 937; x_wconf 90' lang='lat' dir='ltr'><strong>est</strong></span> <span class='ocrx_word' id='word_1_273' title='bbox 2317 897 2541 952; x_wconf 84' lang='lat' dir='ltr'><strong>regnum</strong></span> <span class='ocrx_word' id='word_1_274' title='bbox 3034 894 3170 940; x_wconf 91' lang='lat' dir='ltr'><strong>trem</strong></span> <span class='ocrx_word' id='word_1_275' title='bbox 3205 893 3377 953; x_wconf 90' lang='lat' dir='ltr'><strong>tuum,</strong></span> 
     </span>
    </p>
   </div>
   <div class='ocr_carea' id='block_1_87' title="bbox 2203 953 3348 1013">
    <p class='ocr_par' dir='ltr' id='par_1_87' title="bbox 2203 953 3348 1013">
     <span class='ocr_line' id='line_1_87' title="bbox 2203 953 3348 1013; baseline 0.004 -5"><span class='ocrx_word' id='word_1_276' title='bbox 2203 953 2324 1009; x_wconf 91' lang='lat' dir='ltr'><strong>Dei.</strong></span> <span class='ocrx_word' id='word_1_277' title='bbox 3036 965 3092 1012; x_wconf 94' lang='lat' dir='ltr'><strong>et</strong></span> <span class='ocrx_word' id='word_1_278' title='bbox 3117 966 3348 1013; x_wconf 90' lang='lat' dir='ltr'><strong>matrem</strong></span> 
     </span>
    </p>
   </div>
   <div class='ocr_carea' id='block_1_88' title="bbox 2206 1025 3377 1100">
    <p class='ocr_par' dir='ltr' id='par_1_88' title="bbox 2206 1025 3377 1100">
     <span class='ocr_line' id='line_1_88' title="bbox 2206 1025 3377 1100; baseline 0.003 -20"><span class='ocrx_word' id='word_1_279' title='bbox 2206 1026 2294 1100; x_wconf 68' lang='lat'><strong>15.</strong></span> <span class='ocrx_word' id='word_1_280' title='bbox 2317 1025 2659 1100; x_wconf 15' lang='lat' dir='ltr'><strong>rAmenAdico</strong></span> <span class='ocrx_word' id='word_1_281' title='bbox 3037 1027 3116 1100; x_wconf 83' lang='grc' dir='ltr'><strong>(ά)</strong></span> <span class='ocrx_word' id='word_1_282' title='bbox 3146 1038 3288 1100; x_wconf 86' lang='lat' dir='ltr'><strong>tuam</strong></span> <span class='ocrx_word' id='word_1_283' title='bbox 3313 1029 3377 1100; x_wconf 65' lang='grc' dir='ltr'>σι’.</span> 
     </span>
    </p>
   </div>
   <div class='ocr_carea' id='block_1_89' title="bbox 2203 1097 3363 1168">
    <p class='ocr_par' dir='ltr' id='par_1_89' title="bbox 2203 1097 3363 1168">
     <span class='ocr_line' id='line_1_89' title="bbox 2203 1097 3363 1168; baseline 0.004 -18"><span class='ocrx_word' id='word_1_284' title='bbox 2203 1097 2360 1152; x_wconf 89' lang='lat' dir='ltr'><strong>vobis</strong></span> <span class='ocrx_word' id='word_1_285' title='bbox 2394 1097 2671 1168; x_wconf 90' lang='lat' dir='ltr'><strong>:Quisque</strong></span> <span class='ocrx_word' id='word_1_286' title='bbox 3037 1097 3129 1155; x_wconf 88' lang='grc'>20.</span> <span class='ocrx_word' id='word_1_287' title='bbox 3171 1099 3236 1155; x_wconf 88' lang='lat' dir='ltr'><strong>Et</strong></span> <span class='ocrx_word' id='word_1_288' title='bbox 3267 1097 3363 1156; x_wconf 84' lang='lat' dir='ltr'><strong>ille</strong></span> 
     </span>
    </p>
   </div>
   <div class='ocr_carea' id='block_1_90' title="bbox 2204 1170 3401 1242">
    <p class='ocr_par' dir='ltr' id='par_1_90' title="bbox 2204 1170 3401 1242">
     <span class='ocr_line' id='line_1_90' title="bbox 2204 1170 3401 1242; baseline 0.003 -17"><span class='ocrx_word' id='word_1_289' title='bbox 2204 1184 2312 1225; x_wconf 88' lang='lat' dir='ltr'><strong>non</strong></span> <span class='ocrx_word' id='word_1_290' title='bbox 2337 1170 2610 1242; x_wconf 83' lang='lat' dir='ltr'><strong>receperit</strong></span> <span class='ocrx_word' id='word_1_291' title='bbox 3037 1172 3401 1242; x_wconf 88' lang='lat' dir='ltr'><strong>respondens,</strong></span> 
     </span>
    </p>
   </div>
   <div class='ocr_carea' id='block_1_91' title="bbox 2203 1241 3254 1309">
    <p class='ocr_par' dir='ltr' id='par_1_91' title="bbox 2203 1241 3254 1309">
     <span class='ocr_line' id='line_1_91' title="bbox 2203 1241 3254 1309; baseline 0.003 -13"><span class='ocrx_word' id='word_1_292' title='bbox 2203 1256 2429 1309; x_wconf 82' lang='lat' dir='ltr'><strong>regnum</strong></span> <span class='ocrx_word' id='word_1_293' title='bbox 2459 1241 2554 1299; x_wconf 88' lang='lat' dir='ltr'><strong>Dei</strong></span> <span class='ocrx_word' id='word_1_294' title='bbox 2576 1285 2590 1309; x_wconf 92' lang='lat'><strong>,</strong></span> <span class='ocrx_word' id='word_1_295' title='bbox 3036 1243 3112 1298; x_wconf 82' lang='lat' dir='ltr'><strong>ait</strong></span> <span class='ocrx_word' id='word_1_296' title='bbox 3136 1243 3214 1299; x_wconf 86' lang='lat' dir='ltr'><strong>illi</strong></span> <span class='ocrx_word' id='word_1_297' title='bbox 3237 1260 3254 1299; x_wconf 71' lang='grc' dir='ltr'>ε</span> 
     </span>
    </p>
   </div>
   <div class='ocr_carea' id='block_1_92' title="bbox 2204 1314 3316 1386">
    <p class='ocr_par' dir='ltr' id='par_1_92' title="bbox 2204 1314 3316 1386">
     <span class='ocr_line' id='line_1_92' title="bbox 2204 1314 3316 1386; baseline 0.004 -18"><span class='ocrx_word' id='word_1_298' title='bbox 2204 1314 2352 1368; x_wconf 74' lang='lat' dir='ltr'><strong>velut</strong></span> <span class='ocrx_word' id='word_1_299' title='bbox 2381 1330 2536 1382; x_wconf 90' lang='lat' dir='ltr'><strong>puer,</strong></span> <span class='ocrx_word' id='word_1_300' title='bbox 3038 1314 3316 1386; x_wconf 76' lang='lat' dir='ltr'><strong>Magister,</strong></span> 
     </span>
    </p>
   </div>
   <div class='ocr_carea' id='block_1_93' title="bbox 2207 1386 3383 1444">
    <p class='ocr_par' dir='ltr' id='par_1_93' title="bbox 2207 1386 3383 1444">
     <span class='ocr_line' id='line_1_93' title="bbox 2207 1386 3383 1444; baseline 0.005 -6"><span class='ocrx_word' id='word_1_301' title='bbox 2207 1400 2315 1439; x_wconf 88' lang='lat' dir='ltr'><strong>non</strong></span> <span class='ocrx_word' id='word_1_302' title='bbox 2351 1386 2572 1441; x_wconf 88' lang='lat' dir='ltr'><strong>intrabit</strong></span> <span class='ocrx_word' id='word_1_303' title='bbox 3041 1388 3221 1441; x_wconf 89' lang='lat' dir='ltr'><strong>omnia</strong></span> <span class='ocrx_word' id='word_1_304' title='bbox 3249 1388 3383 1444; x_wconf 88' lang='lat' dir='ltr'><strong>haec</strong></span> 
     </span>
    </p>
   </div>
   <div class='ocr_carea' id='block_1_94' title="bbox 2208 1456 3332 1514">
    <p class='ocr_par' dir='ltr' id='par_1_94' title="bbox 2208 1456 3332 1514">
     <span class='ocr_line' id='line_1_94' title="bbox 2208 1456 3332 1514; baseline 0.004 -4"><span class='ocrx_word' id='word_1_305' title='bbox 2208 1456 2298 1510; x_wconf 89' lang='grc'>16.</span> <span class='ocrx_word' id='word_1_306' title='bbox 2341 1457 2394 1512; x_wconf 95' lang='lat' dir='ltr'><strong>in</strong></span> <span class='ocrx_word' id='word_1_307' title='bbox 2420 1456 2556 1512; x_wconf 90' lang='lat' dir='ltr'><strong>illut.</strong></span> <span class='ocrx_word' id='word_1_308' title='bbox 2579 1456 2647 1513; x_wconf 87' lang='lat' dir='ltr'><strong>Et</strong></span> <span class='ocrx_word' id='word_1_309' title='bbox 3041 1459 3332 1514; x_wconf 86' lang='lat' dir='ltr'><strong>observabi</strong></span> 
     </span>
    </p>
   </div>
   <div class='ocr_carea' id='block_1_95' title="bbox 2209 1526 3293 1600">
    <p class='ocr_par' dir='ltr' id='par_1_95' title="bbox 2209 1526 3293 1600">
     <span class='ocr_line' id='line_1_95' title="bbox 2209 1526 3293 1600; baseline 0.005 -20"><span class='ocrx_word' id='word_1_310' title='bbox 2209 1526 2285 1599; x_wconf 91' lang='lat' dir='ltr'><strong>(a)</strong></span> <span class='ocrx_word' id='word_1_311' title='bbox 2323 1529 2609 1586; x_wconf 87' lang='lat' dir='ltr'><strong>convitans</strong></span> <span class='ocrx_word' id='word_1_312' title='bbox 3041 1545 3071 1584; x_wconf 92' lang='lat' dir='ltr'><strong>a</strong></span> <span class='ocrx_word' id='word_1_313' title='bbox 3094 1530 3263 1600; x_wconf 77' lang='lat' dir='ltr'><strong>juvcn</strong></span> <span class='ocrx_word' id='word_1_314' title='bbox 3278 1561 3293 1570; x_wconf 85' lang='lat'><strong>-</strong></span> 
     </span>
    </p>
   </div>
   <div class='ocr_carea' id='block_1_96' title="bbox 2207 1603 3330 1671">
    <p class='ocr_par' dir='ltr' id='par_1_96' title="bbox 2207 1603 3330 1671">
     <span class='ocr_line' id='line_1_96' title="bbox 2207 1603 3330 1671; baseline 0.004 -17"><span class='ocrx_word' id='word_1_315' title='bbox 2207 1615 2336 1664; x_wconf 89' lang='lat' dir='ltr'><strong>eos,</strong></span> <span class='ocrx_word' id='word_1_316' title='bbox 2365 1603 2538 1671; x_wconf 61' lang='lat' dir='ltr'><strong>impo-</strong></span> <span class='ocrx_word' id='word_1_317' title='bbox 3046 1610 3160 1657; x_wconf 90' lang='lat' dir='ltr'><strong>tute</strong></span> <span class='ocrx_word' id='word_1_318' title='bbox 3189 1617 3330 1658; x_wconf 91' lang='lat' dir='ltr'><strong>mea.</strong></span> 
     </span>
    </p>
   </div>
   <div class='ocr_carea' id='block_1_97' title="bbox 2209 1671 3456 1743">
    <p class='ocr_par' dir='ltr' id='par_1_97' title="bbox 2209 1671 3456 1743">
     <span class='ocr_line' id='line_1_97' title="bbox 2209 1671 3456 1743; baseline 0.003 -17"><span class='ocrx_word' id='word_1_319' title='bbox 2209 1672 2372 1727; x_wconf 87' lang='lat' dir='ltr'><strong>nebat</strong></span> <span class='ocrx_word' id='word_1_320' title='bbox 2393 1671 2432 1743; x_wconf 63' lang='grc' dir='ltr'><strong>αξ·</strong></span> <span class='ocrx_word' id='word_1_321' title='bbox 2456 1688 2570 1727; x_wconf 86' lang='lat' dir='ltr'><strong>ma-</strong></span> <span class='ocrx_word' id='word_1_322' title='bbox 3043 1674 3135 1728; x_wconf 91' lang='grc'><strong>21.</strong></span> <span class='ocrx_word' id='word_1_323' title='bbox 3175 1673 3334 1730; x_wconf 71' lang='lat' dir='ltr'><strong>Iesus</strong></span> <span class='ocrx_word' id='word_1_324' title='bbox 3360 1689 3456 1730; x_wconf 84' lang='lat' dir='ltr'><strong>au-</strong></span> 
     </span>
    </p>
   </div>
   <div class='ocr_carea' id='block_1_98' title="bbox 2217 1746 3403 1816">
    <p class='ocr_par' dir='ltr' id='par_1_98' title="bbox 2217 1746 3403 1816">
     <span class='ocr_line' id='line_1_98' title="bbox 2217 1746 3403 1816; baseline 0.004 -20"><span class='ocrx_word' id='word_1_325' title='bbox 2217 1760 2342 1816; x_wconf 84' lang='lat' dir='ltr'><strong>uum</strong></span> <span class='ocrx_word' id='word_1_326' title='bbox 2377 1760 2542 1816; x_wconf 91' lang='lat' dir='ltr'><strong>super</strong></span> <span class='ocrx_word' id='word_1_327' title='bbox 3045 1755 3154 1800; x_wconf 91' lang='lat' dir='ltr'><strong>tem</strong></span> <span class='ocrx_word' id='word_1_328' title='bbox 3187 1746 3403 1801; x_wconf 87' lang='lat' dir='ltr'><strong>intuens</strong></span> 
     </span>
    </p>
   </div>
   <div class='ocr_carea' id='block_1_99' title="bbox 2214 1815 3375 1885">
    <p class='ocr_par' dir='ltr' id='par_1_99' title="bbox 2214 1815 3375 1885">
     <span class='ocr_line' id='line_1_99' title="bbox 2214 1815 3375 1885; baseline 0.004 -17"><span class='ocrx_word' id='word_1_329' title='bbox 2214 1815 2360 1881; x_wconf 90' lang='lat' dir='ltr'><strong>illos,</strong></span> <span class='ocrx_word' id='word_1_330' title='bbox 2393 1815 2455 1870; x_wconf 87' lang='lat' dir='ltr'><strong>et</strong></span> <span class='ocrx_word' id='word_1_331' title='bbox 2481 1817 2573 1872; x_wconf 89' lang='lat' dir='ltr'><strong>hc-</strong></span> <span class='ocrx_word' id='word_1_332' title='bbox 3042 1833 3192 1885; x_wconf 90' lang='lat' dir='ltr'><strong>eum,</strong></span> <span class='ocrx_word' id='word_1_333' title='bbox 3215 1831 3375 1873; x_wconf 84' lang='lat' dir='ltr'><strong>oscu-</strong></span> 
     </span>
    </p>
   </div>
   <div class='ocr_carea' id='block_1_100' title="bbox 2213 1887 3296 1946">
    <p class='ocr_par' dir='ltr' id='par_1_100' title="bbox 2213 1887 3296 1946">
     <span class='ocr_line' id='line_1_100' title="bbox 2213 1887 3296 1946; baseline 0.006 -6"><span class='ocrx_word' id='word_1_334' title='bbox 2213 1887 2498 1942; x_wconf 87' lang='lat' dir='ltr'><strong>nedicebat</strong></span> <span class='ocrx_word' id='word_1_335' title='bbox 2526 1901 2642 1944; x_wconf 91' lang='lat' dir='ltr'><strong>eos.</strong></span> <span class='ocrx_word' id='word_1_336' title='bbox 3042 1889 3184 1945; x_wconf 87' lang='lat' dir='ltr'><strong>latus</strong></span> <span class='ocrx_word' id='word_1_337' title='bbox 3210 1899 3296 1946; x_wconf 89' lang='lat' dir='ltr'><strong>est</strong></span> 
     </span>
    </p>
   </div>
   <div class='ocr_carea' id='block_1_101' title="bbox 2212 1959 3276 2033">
    <p class='ocr_par' dir='ltr' id='par_1_101' title="bbox 2212 1959 3276 2033">
     <span class='ocr_line' id='line_1_101' title="bbox 2212 1959 3276 2033; baseline 0.004 -21"><span class='ocrx_word' id='word_1_338' title='bbox 2212 1959 2300 2014; x_wconf 89' lang='grc'>17.</span> <span class='ocrx_word' id='word_1_339' title='bbox 2344 1960 2408 2014; x_wconf 84' lang='grc' dir='ltr'><strong>Ει</strong></span> <span class='ocrx_word' id='word_1_340' title='bbox 2435 1974 2557 2033; x_wconf 85' lang='lat' dir='ltr'><strong>cum</strong></span> <span class='ocrx_word' id='word_1_341' title='bbox 2584 1961 2790 2033; x_wconf 81' lang='lat' dir='ltr'><strong>egressi</strong></span> <span class='ocrx_word' id='word_1_342' title='bbox 3042 1976 3187 2029; x_wconf 91' lang='lat' dir='ltr'><strong>eum,</strong></span> <span class='ocrx_word' id='word_1_343' title='bbox 3219 1970 3276 2033; x_wconf 90' lang='lat' dir='ltr'><strong>et</strong></span> 
     </span>
    </p>
   </div>
   <div class='ocr_carea' id='block_1_102' title="bbox 2208 2032 3326 2102">
    <p class='ocr_par' dir='ltr' id='par_1_102' title="bbox 2208 2032 3326 2102">
     <span class='ocr_line' id='line_1_102' title="bbox 2208 2032 3326 2102; baseline 0.003 -17"><span class='ocrx_word' id='word_1_344' title='bbox 2208 2041 2392 2086; x_wconf 89' lang='lat' dir='ltr'><strong>essent</strong></span> <span class='ocrx_word' id='word_1_345' title='bbox 2425 2033 2477 2086; x_wconf 93' lang='lat' dir='ltr'><strong>in</strong></span> <span class='ocrx_word' id='word_1_346' title='bbox 2503 2032 2587 2088; x_wconf 86' lang='lat' dir='ltr'><strong>via</strong></span> <span class='ocrx_word' id='word_1_347' title='bbox 2605 2032 2641 2102; x_wconf 33' lang='grc' dir='ltr'><strong>,ί</strong></span> <span class='ocrx_word' id='word_1_348' title='bbox 3042 2033 3180 2088; x_wconf 81' lang='lat' dir='ltr'><strong>dixit</strong></span> <span class='ocrx_word' id='word_1_349' title='bbox 3206 2032 3286 2088; x_wconf 93' lang='lat' dir='ltr'><strong>illi</strong></span> <span class='ocrx_word' id='word_1_350' title='bbox 3310 2049 3326 2088; x_wconf 87' lang='lat'><strong>:</strong></span> 
     </span>
    </p>
   </div>
   <div class='ocr_carea' id='block_1_103' title="bbox 2207 2103 3352 2172">
    <p class='ocr_par' dir='ltr' id='par_1_103' title="bbox 2207 2103 3352 2172">
     <span class='ocr_line' id='line_1_103' title="bbox 2207 2103 3352 2172; baseline 0.004 -16"><span class='ocrx_word' id='word_1_351' title='bbox 2207 2116 2570 2172; x_wconf 87' lang='lat' dir='ltr'><strong>praecurrens</strong></span> <span class='ocrx_word' id='word_1_352' title='bbox 3044 2103 3223 2161; x_wconf 88' lang='lat' dir='ltr'><strong>Unum</strong></span> <span class='ocrx_word' id='word_1_353' title='bbox 3254 2105 3352 2161; x_wconf 89' lang='lat' dir='ltr'><strong>tibi</strong></span> 
     </span>
    </p>
   </div>
   <div class='ocr_carea' id='block_1_104' title="bbox 2211 2174 3447 2248">
    <p class='ocr_par' dir='ltr' id='par_1_104' title="bbox 2211 2174 3447 2248">
     <span class='ocr_line' id='line_1_104' title="bbox 2211 2174 3447 2248; baseline 0.006 -21"><span class='ocrx_word' id='word_1_354' title='bbox 2211 2174 2431 2248; x_wconf 82' lang='lat' dir='ltr'><strong>quidam</strong></span> <span class='ocrx_word' id='word_1_355' title='bbox 2449 2216 2463 2241; x_wconf 92' lang='lat'><strong>,</strong></span> <span class='ocrx_word' id='word_1_356' title='bbox 2498 2175 2721 2248; x_wconf 87' lang='lat' dir='ltr'><strong>adgeni-</strong></span> <span class='ocrx_word' id='word_1_357' title='bbox 3047 2177 3203 2232; x_wconf 88' lang='lat' dir='ltr'><strong>deest</strong></span> <span class='ocrx_word' id='word_1_358' title='bbox 3234 2193 3249 2230; x_wconf 88' lang='lat'><strong>:</strong></span> <span class='ocrx_word' id='word_1_359' title='bbox 3273 2176 3410 2234; x_wconf 87' lang='lat' dir='ltr'><strong>vade</strong></span> <span class='ocrx_word' id='word_1_360' title='bbox 3429 2191 3447 2244; x_wconf 87' lang='lat'><strong>;</strong></span> 
     </span>
    </p>
   </div>
   <div class='ocr_carea' id='block_1_105' title="bbox 2211 2247 3345 2320">
    <p class='ocr_par' dir='ltr' id='par_1_105' title="bbox 2211 2247 3345 2320">
     <span class='ocr_line' id='line_1_105' title="bbox 2211 2247 3345 2320; baseline 0.001 -18"><span class='ocrx_word' id='word_1_361' title='bbox 2211 2247 2422 2313; x_wconf 82' lang='lat' dir='ltr'><strong>culaus,</strong></span> <span class='ocrx_word' id='word_1_362' title='bbox 2460 2247 2590 2320; x_wconf 14' lang='lat' dir='ltr'><strong>(sic),</strong></span> <span class='ocrx_word' id='word_1_363' title='bbox 2613 2264 2701 2305; x_wconf 90' lang='lat' dir='ltr'><strong>ro-</strong></span> <span class='ocrx_word' id='word_1_364' title='bbox 3047 2263 3345 2320; x_wconf 87' lang='lat' dir='ltr'><strong>quaecum-</strong></span> 
     </span>
    </p>
   </div>
   <div class='ocr_carea' id='block_1_106' title="bbox 2214 2319 3370 2391">
    <p class='ocr_par' dir='ltr' id='par_1_106' title="bbox 2214 2319 3370 2391">
     <span class='ocr_line' id='line_1_106' title="bbox 2214 2319 3370 2391; baseline 0.003 -19"><span class='ocrx_word' id='word_1_365' title='bbox 2214 2333 2348 2391; x_wconf 82' lang='lat' dir='ltr'><strong>gans</strong></span> <span class='ocrx_word' id='word_1_366' title='bbox 2375 2334 2522 2390; x_wconf 91' lang='lat' dir='ltr'><strong>eum,</strong></span> <span class='ocrx_word' id='word_1_367' title='bbox 2550 2319 2605 2376; x_wconf 80' lang='lat' dir='ltr'><strong>et</strong></span> <span class='ocrx_word' id='word_1_368' title='bbox 3051 2335 3155 2391; x_wconf 89' lang='lat' dir='ltr'><strong>que</strong></span> <span class='ocrx_word' id='word_1_369' title='bbox 3177 2319 3370 2390; x_wconf 88' lang='lat' dir='ltr'><strong>habes,</strong></span> 
     </span>
    </p>
   </div>
   <div class='ocr_carea' id='block_1_107' title="bbox 2215 2390 3329 2465">
    <p class='ocr_par' dir='ltr' id='par_1_107' title="bbox 2215 2390 3329 2465">
     <span class='ocr_line' id='line_1_107' title="bbox 2215 2390 3329 2465; baseline 0.001 -20"><span class='ocrx_word' id='word_1_370' title='bbox 2215 2390 2291 2462; x_wconf 86' lang='lat' dir='ltr'><strong>(b)</strong></span> <span class='ocrx_word' id='word_1_371' title='bbox 2319 2391 2506 2449; x_wconf 92' lang='lat' dir='ltr'><strong>dicens</strong></span> <span class='ocrx_word' id='word_1_372' title='bbox 2527 2391 2569 2465; x_wconf 75' lang='lat'><strong>1-</strong></span> <span class='ocrx_word' id='word_1_373' title='bbox 2595 2409 2608 2446; x_wconf 87' lang='lat'>:</span> <span class='ocrx_word' id='word_1_374' title='bbox 3051 2390 3250 2465; x_wconf 77' lang='lat' dir='ltr'><strong>vende,</strong></span> <span class='ocrx_word' id='word_1_375' title='bbox 3273 2401 3329 2448; x_wconf 93' lang='lat' dir='ltr'><strong>et</strong></span> 
     </span>
    </p>
   </div>
   <div class='ocr_carea' id='block_1_108' title="bbox 2220 2463 3352 2536">
    <p class='ocr_par' dir='ltr' id='par_1_108' title="bbox 2220 2463 3352 2536">
     <span class='ocr_line' id='line_1_108' title="bbox 2220 2463 3352 2536; baseline 0 -16"><span class='ocrx_word' id='word_1_376' title='bbox 2220 2467 2478 2536; x_wconf 83' lang='lat' dir='ltr'><strong>Magister</strong></span> <span class='ocrx_word' id='word_1_377' title='bbox 2543 2463 2552 2465; x_wconf 12' lang='grc' dir='ltr'><strong>ἡ</strong></span> <span class='ocrx_word' id='word_1_378' title='bbox 3051 2463 3119 2520; x_wconf 91' lang='lat' dir='ltr'><strong>da</strong></span> <span class='ocrx_word' id='word_1_379' title='bbox 3151 2477 3352 2536; x_wconf 88' lang='lat' dir='ltr'><strong>paupe-</strong></span> 
     </span>
    </p>
   </div>
   <div class='ocr_carea' id='block_1_109' title="bbox 2220 2535 3335 2608">
    <p class='ocr_par' dir='ltr' id='par_1_109' title="bbox 2220 2535 3335 2608">
     <span class='ocr_line' id='line_1_109' title="bbox 2220 2535 3335 2608; baseline -0.001 -16"><span class='ocrx_word' id='word_1_380' title='bbox 2220 2535 2382 2604; x_wconf 81' lang='lat' dir='ltr'><strong>bone,</strong></span> <span class='ocrx_word' id='word_1_381' title='bbox 2418 2535 2551 2608; x_wconf 89' lang='lat' dir='ltr'><strong>quid</strong></span> <span class='ocrx_word' id='word_1_382' title='bbox 3055 2535 3207 2593; x_wconf 82' lang='lat' dir='ltr'><strong>ribus</strong></span> <span class='ocrx_word' id='word_1_383' title='bbox 3234 2551 3250 2601; x_wconf 90' lang='lat'><strong>;</strong></span> <span class='ocrx_word' id='word_1_384' title='bbox 3280 2544 3335 2592; x_wconf 86' lang='lat' dir='ltr'><strong>et</strong></span> 
     </span>
    </p>
   </div>
   <div class='ocr_carea' id='block_1_110' title="bbox 2220 2609 3280 2674">
    <p class='ocr_par' dir='ltr' id='par_1_110' title="bbox 2220 2609 3280 2674">
     <span class='ocr_line' id='line_1_110' title="bbox 2220 2609 3280 2674; baseline 0 -10"><span class='ocrx_word' id='word_1_385' title='bbox 2220 2609 2438 2674; x_wconf 80' lang='lat' dir='ltr'><strong>faciam,</strong></span> <span class='ocrx_word' id='word_1_386' title='bbox 2471 2618 2531 2663; x_wconf 90' lang='lat' dir='ltr'><strong>ut</strong></span> <span class='ocrx_word' id='word_1_387' title='bbox 3055 2609 3280 2666; x_wconf 85' lang='lat' dir='ltr'><strong>habebis</strong></span> 
     </span>
    </p>
   </div>
   <div class='ocr_carea' id='block_1_111' title="bbox 2219 2680 3382 2737">
    <p class='ocr_par' dir='ltr' id='par_1_111' title="bbox 2219 2680 3382 2737">
     <span class='ocr_line' id='line_1_111' title="bbox 2219 2680 3382 2737; baseline 0 0"><span class='ocrx_word' id='word_1_388' title='bbox 2219 2681 2386 2737; x_wconf 90' lang='lat' dir='ltr'><strong>vitam</strong></span> <span class='ocrx_word' id='word_1_389' title='bbox 2415 2689 2592 2736; x_wconf 88' lang='lat' dir='ltr'><strong>aeter-</strong></span> <span class='ocrx_word' id='word_1_390' title='bbox 3056 2680 3382 2737; x_wconf 86' lang='lat' dir='ltr'><strong>thensauros</strong></span> 
     </span>
    </p>
   </div>
   <div class='ocr_carea' id='block_1_112' title="bbox 2222 2754 3331 2825">
    <p class='ocr_par' dir='ltr' id='par_1_112' title="bbox 2222 2754 3331 2825">
     <span class='ocr_line' id='line_1_112' title="bbox 2222 2754 3331 2825; baseline 0 -17"><span class='ocrx_word' id='word_1_391' title='bbox 2222 2769 2344 2809; x_wconf 89' lang='lat' dir='ltr'><strong>nam</strong></span> <span class='ocrx_word' id='word_1_392' title='bbox 2370 2769 2490 2825; x_wconf 85' lang='lat' dir='ltr'><strong>per-</strong></span> <span class='ocrx_word' id='word_1_393' title='bbox 3056 2754 3109 2810; x_wconf 93' lang='lat' dir='ltr'><strong>in</strong></span> <span class='ocrx_word' id='word_1_394' title='bbox 3140 2754 3331 2819; x_wconf 89' lang='lat' dir='ltr'><strong>caelo;</strong></span> 
     </span>
    </p>
   </div>
   <div class='ocr_carea' id='block_1_113' title="bbox 2222 2825 3402 2894">
    <p class='ocr_par' dir='ltr' id='par_1_113' title="bbox 2222 2825 3402 2894">
     <span class='ocr_line' id='line_1_113' title="bbox 2222 2825 3402 2894; baseline -0.001 -13"><span class='ocrx_word' id='word_1_395' title='bbox 2222 2826 2422 2894; x_wconf 90' lang='lat' dir='ltr'><strong>cipiam</strong></span> <span class='ocrx_word' id='word_1_396' title='bbox 2447 2827 2470 2880; x_wconf 83' lang='lat'><strong>?</strong></span> <span class='ocrx_word' id='word_1_397' title='bbox 3055 2836 3113 2882; x_wconf 91' lang='lat' dir='ltr'><strong>et</strong></span> <span class='ocrx_word' id='word_1_398' title='bbox 3139 2825 3286 2892; x_wconf 88' lang='lat' dir='ltr'><strong>veni,</strong></span> <span class='ocrx_word' id='word_1_399' title='bbox 3315 2837 3402 2880; x_wconf 80' lang='lat' dir='ltr'><strong>se-</strong></span> 
     </span>
    </p>
   </div>
   <div class='ocr_carea' id='block_1_114' title="bbox 2220 2895 3352 2967">
    <p class='ocr_par' dir='ltr' id='par_1_114' title="bbox 2220 2895 3352 2967">
     <span class='ocr_line' id='line_1_114' title="bbox 2220 2895 3352 2967; baseline -0.001 -14"><span class='ocrx_word' id='word_1_400' title='bbox 2220 2897 2309 2953; x_wconf 89' lang='grc'>18.</span> <span class='ocrx_word' id='word_1_401' title='bbox 2356 2899 2422 2952; x_wconf 85' lang='lat' dir='ltr'><strong>Et</strong></span> <span class='ocrx_word' id='word_1_402' title='bbox 2450 2897 2610 2954; x_wconf 74' lang='lat' dir='ltr'><strong>Iesus</strong></span> <span class='ocrx_word' id='word_1_403' title='bbox 2641 2895 2776 2952; x_wconf 80' lang='lat' dir='ltr'><strong>dixit</strong></span> <span class='ocrx_word' id='word_1_404' title='bbox 3055 2914 3224 2967; x_wconf 90' lang='lat' dir='ltr'><strong>quere</strong></span> <span class='ocrx_word' id='word_1_405' title='bbox 3245 2912 3352 2952; x_wconf 89' lang='lat' dir='ltr'><strong>me.</strong></span> 
     </span>
    </p>
   </div>
   <div class='ocr_carea' id='block_1_115' title="bbox 2219 2969 3380 3037">
    <p class='ocr_par' dir='ltr' id='par_1_115' title="bbox 2219 2969 3380 3037">
     <span class='ocr_line' id='line_1_115' title="bbox 2219 2969 3380 3037; baseline 0 -13"><span class='ocrx_word' id='word_1_406' title='bbox 2219 2969 2299 3025; x_wconf 87' lang='lat' dir='ltr'><strong>illi</strong></span> <span class='ocrx_word' id='word_1_407' title='bbox 2330 2987 2343 3023; x_wconf 89' lang='lat'><strong>:</strong></span> <span class='ocrx_word' id='word_1_408' title='bbox 2374 2969 2514 3037; x_wconf 86' lang='lat' dir='ltr'><strong>Quid</strong></span> <span class='ocrx_word' id='word_1_409' title='bbox 2547 2983 2634 3023; x_wconf 90' lang='lat' dir='ltr'><strong>me</strong></span> <span class='ocrx_word' id='word_1_410' title='bbox 3057 2970 3148 3025; x_wconf 72' lang='grc'><strong>22.</strong></span> <span class='ocrx_word' id='word_1_411' title='bbox 3193 2969 3259 3024; x_wconf 85' lang='grc' dir='ltr'><strong>Ει</strong></span> <span class='ocrx_word' id='word_1_412' title='bbox 3287 2969 3380 3025; x_wconf 90' lang='lat' dir='ltr'><strong>ille</strong></span> 
     </span>
    </p>
   </div>
   <div class='ocr_carea' id='block_1_116' title="bbox 2221 3037 3496 3098">
    <p class='ocr_par' dir='ltr' id='par_1_116' title="bbox 2221 3037 3496 3098">
     <span class='ocr_line' id='line_1_116' title="bbox 2221 3037 3496 3098; baseline -0.001 -4"><span class='ocrx_word' id='word_1_413' title='bbox 2221 3041 2360 3097; x_wconf 89' lang='lat' dir='ltr'><strong>dicis</strong></span> <span class='ocrx_word' id='word_1_414' title='bbox 2391 3041 2628 3098; x_wconf 80' lang='lat' dir='ltr'><strong>bonum?</strong></span> <span class='ocrx_word' id='word_1_415' title='bbox 3057 3042 3411 3098; x_wconf 86' lang='lat' dir='ltr'><strong>contristatus</strong></span> <span class='ocrx_word' id='word_1_416' title='bbox 3438 3037 3496 3094; x_wconf 89' lang='lat' dir='ltr'><strong>in</strong></span> 
     </span>
    </p>
   </div>
   <div class='ocr_carea' id='block_1_117' title="bbox 2222 3112 3334 3187">
    <p class='ocr_par' dir='ltr' id='par_1_117' title="bbox 2222 3112 3334 3187">
     <span class='ocr_line' id='line_1_117' title="bbox 2222 3112 3334 3187; baseline -0.001 -18"><span class='ocrx_word' id='word_1_417' title='bbox 2222 3112 2398 3187; x_wconf 83' lang='lat' dir='ltr'><strong>Nemo</strong></span> <span class='ocrx_word' id='word_1_418' title='bbox 2423 3116 2624 3179; x_wconf 91' lang='lat' dir='ltr'><strong>bonus,</strong></span> <span class='ocrx_word' id='word_1_419' title='bbox 3062 3113 3135 3187; x_wconf 77' lang='grc' dir='ltr'><strong>(ε)</strong></span> <span class='ocrx_word' id='word_1_420' title='bbox 3159 3114 3271 3187; x_wconf 89' lang='lat' dir='ltr'><strong>hoc</strong></span> <span class='ocrx_word' id='word_1_421' title='bbox 3287 3112 3334 3187; x_wconf 69' lang='lat' dir='ltr'><strong>_‘l‘_</strong></span> 
     </span>
    </p>
   </div>
   <div class='ocr_carea' id='block_1_118' title="bbox 2224 3185 2615 3258">
    <p class='ocr_par' dir='ltr' id='par_1_118' title="bbox 2224 3185 2615 3258">
     <span class='ocr_line' id='line_1_118' title="bbox 2224 3185 2615 3258; baseline 0.003 -17"><span class='ocrx_word' id='word_1_422' title='bbox 2224 3185 2327 3241; x_wconf 85' lang='lat' dir='ltr'><strong>nisi</strong></span> <span class='ocrx_word' id='word_1_423' title='bbox 2353 3185 2425 3258; x_wconf 87' lang='lat' dir='ltr'><strong>(c)</strong></span> <span class='ocrx_word' id='word_1_424' title='bbox 2457 3201 2615 3258; x_wconf 84' lang='lat' dir='ltr'><strong>unus,</strong></span> 
     </span>
    </p>
   </div>
   <div class='ocr_carea' id='block_1_119' title="bbox 2223 3257 2528 3329">
    <p class='ocr_par' dir='ltr' id='par_1_119' title="bbox 2223 3257 2528 3329">
     <span class='ocr_line' id='line_1_119' title="bbox 2223 3257 2528 3329; baseline 0.01 -18"><span class='ocrx_word' id='word_1_425' title='bbox 2223 3272 2288 3312; x_wconf 89' lang='lat' dir='ltr'><strong>ac</strong></span> <span class='ocrx_word' id='word_1_426' title='bbox 2317 3257 2466 3313; x_wconf 79' lang='lat' dir='ltr'><strong>salus</strong></span> <span class='ocrx_word' id='word_1_427' title='bbox 2487 3257 2528 3329; x_wconf 72' lang='grc' dir='ltr'><strong>’ζ-</strong></span> 
     </span>
    </p>
   </div>
   <div class='ocr_carea' id='block_1_120' title="bbox 2225 3329 2391 3385">
    <p class='ocr_par' dir='ltr' id='par_1_120' title="bbox 2225 3329 2391 3385">
     <span class='ocr_line' id='line_1_120' title="bbox 2225 3329 2391 3385; baseline 0 -2"><span class='ocrx_word' id='word_1_428' title='bbox 2225 3329 2391 3385; x_wconf 89' lang='lat' dir='ltr'><strong>Deus.</strong></span> 
     </span>
    </p>
   </div>
   <div class='ocr_carea' id='block_1_121' title="bbox 3057 3184 3428 3257">
    <p class='ocr_par' dir='ltr' id='par_1_121' title="bbox 3057 3184 3428 3257">
     <span class='ocr_line' id='line_1_121' title="bbox 3057 3184 3428 3257; baseline -0.013 -15"><span class='ocrx_word' id='word_1_429' title='bbox 3057 3184 3246 3252; x_wconf 81' lang='lat' dir='ltr'><strong>verbo,</strong></span> <span class='ocrx_word' id='word_1_430' title='bbox 3273 3184 3353 3257; x_wconf 10' lang='lat' dir='ltr'><strong>(ni</strong></span> <span class='ocrx_word' id='word_1_431' title='bbox 3373 3191 3428 3238; x_wconf 88' lang='lat' dir='ltr'><strong>et</strong></span> 
     </span>
    </p>
   </div>
   <div class='ocr_carea' id='block_1_122' title="bbox 3059 3256 3436 3315">
    <p class='ocr_par' dir='ltr' id='par_1_122' title="bbox 3059 3256 3436 3315">
     <span class='ocr_line' id='line_1_122' title="bbox 3059 3256 3436 3315; baseline -0.013 -2"><span class='ocrx_word' id='word_1_432' title='bbox 3059 3257 3192 3315; x_wconf 89' lang='lat' dir='ltr'><strong>abiit</strong></span> <span class='ocrx_word' id='word_1_433' title='bbox 3219 3256 3391 3312; x_wconf 87' lang='lat' dir='ltr'><strong>tristis</strong></span> <span class='ocrx_word' id='word_1_434' title='bbox 3423 3271 3436 3308; x_wconf 93' lang='lat'><strong>:</strong></span> 
     </span>
    </p>
   </div>
   <div class='ocr_carea' id='block_1_123' title="bbox 3059 3329 3351 3385">
    <p class='ocr_par' dir='ltr' id='par_1_123' title="bbox 3059 3329 3351 3385">
     <span class='ocr_line' id='line_1_123' title="bbox 3059 3329 3351 3385; baseline -0.003 -1"><span class='ocrx_word' id='word_1_435' title='bbox 3059 3338 3180 3385; x_wconf 89' lang='lat' dir='ltr'><strong>erat</strong></span> <span class='ocrx_word' id='word_1_436' title='bbox 3203 3329 3351 3385; x_wconf 91' lang='lat' dir='ltr'><strong>enim</strong></span> 
     </span>
    </p>
   </div>
   <div class='ocr_carea' id='block_1_124' title="bbox 3062 3401 3272 3457">
    <p class='ocr_par' dir='ltr' id='par_1_124' title="bbox 3062 3401 3272 3457">
     <span class='ocr_line' id='line_1_124' title="bbox 3062 3401 3272 3457; baseline -0.01 0"><span class='ocrx_word' id='word_1_437' title='bbox 3062 3401 3272 3457; x_wconf 88' lang='lat' dir='ltr'><strong>habens</strong></span> 
     </span>
    </p>
   </div>
   <div class='ocr_carea' id='block_1_125' title="bbox 3062 3470 3497 3544">
    <p class='ocr_par' dir='ltr' id='par_1_125' title="bbox 3062 3470 3497 3544">
     <span class='ocr_line' id='line_1_125' title="bbox 3062 3470 3497 3544; baseline -0.005 -16"><span class='ocrx_word' id='word_1_438' title='bbox 3062 3473 3261 3528; x_wconf 86' lang='lat' dir='ltr'><strong>multas</strong></span> <span class='ocrx_word' id='word_1_439' title='bbox 3287 3470 3369 3544; x_wconf 84' lang='lat' dir='ltr'><strong>(g)</strong></span> <span class='ocrx_word' id='word_1_440' title='bbox 3399 3483 3497 3540; x_wconf 84' lang='lat' dir='ltr'><strong>pe-</strong></span> 
     </span>
    </p>
   </div>
   <div class='ocr_carea' id='block_1_126' title="bbox 3063 3544 3420 3615">
    <p class='ocr_par' dir='ltr' id='par_1_126' title="bbox 3063 3544 3420 3615">
     <span class='ocr_line' id='line_1_126' title="bbox 3063 3544 3420 3615; baseline -0.006 -15"><span class='ocrx_word' id='word_1_441' title='bbox 3063 3544 3256 3600; x_wconf 88' lang='lat' dir='ltr'><strong>cunias</strong></span> <span class='ocrx_word' id='word_1_442' title='bbox 3273 3544 3335 3615; x_wconf 66' lang='grc' dir='ltr'><em>σι’,</em></span> <span class='ocrx_word' id='word_1_443' title='bbox 3367 3553 3420 3615; x_wconf 88' lang='lat' dir='ltr'><strong>et</strong></span> 
     </span>
    </p>
   </div>
   <div class='ocr_carea' id='block_1_127' title="bbox 3063 3611 3483 3686">
    <p class='ocr_par' dir='ltr' id='par_1_127' title="bbox 3063 3611 3483 3686">
     <span class='ocr_line' id='line_1_127' title="bbox 3063 3611 3483 3686; baseline -0.01 -16"><span class='ocrx_word' id='word_1_444' title='bbox 3063 3617 3156 3672; x_wconf 81' lang='grc'>25.</span> <span class='ocrx_word' id='word_1_445' title='bbox 3199 3611 3376 3686; x_wconf 73' lang='lat' dir='ltr'><strong>agros.</strong></span> <span class='ocrx_word' id='word_1_446' title='bbox 3397 3611 3483 3686; x_wconf 13' lang='lat' dir='ltr'><strong>‘Et</strong></span> 
     </span>
    </p>
   </div>
   <div class='ocr_carea' id='block_1_128' title="bbox 3067 3683 3518 3758">
    <p class='ocr_par' dir='ltr' id='par_1_128' title="bbox 3067 3683 3518 3758">
     <span class='ocr_line' id='line_1_128' title="bbox 3067 3683 3518 3758; baseline -0.009 -16"><span class='ocrx_word' id='word_1_447' title='bbox 3067 3683 3518 3758; x_wconf 82' lang='lat' dir='ltr'><strong>circumspiciens</strong></span> 
     </span>
    </p>
   </div>
   <div class='ocr_carea' id='block_1_129' title="bbox 3068 3757 3482 3828">
    <p class='ocr_par' dir='ltr' id='par_1_129' title="bbox 3068 3757 3482 3828">
     <span class='ocr_line' id='line_1_129' title="bbox 3068 3757 3482 3828; baseline -0.01 -12"><span class='ocrx_word' id='word_1_448' title='bbox 3068 3758 3250 3828; x_wconf 80' lang='lat' dir='ltr'><strong>Jesus,</strong></span> <span class='ocrx_word' id='word_1_449' title='bbox 3279 3757 3482 3814; x_wconf 82' lang='lat' dir='ltr'><strong>aitdis-</strong></span> 
     </span>
    </p>
   </div>
   <div class='ocr_carea' id='block_1_130' title="bbox 2228 3399 2662 3470">
    <p class='ocr_par' dir='ltr' id='par_1_130' title="bbox 2228 3399 2662 3470">
     <span class='ocr_line' id='line_1_130' title="bbox 2228 3399 2662 3470; baseline 0 -16"><span class='ocrx_word' id='word_1_450' title='bbox 2228 3399 2315 3456; x_wconf 88' lang='grc'>19.</span> <span class='ocrx_word' id='word_1_451' title='bbox 2359 3400 2662 3470; x_wconf 79' lang='lat' dir='ltr'><strong>Praecepta</strong></span> 
     </span>
    </p>
   </div>
   <div class='ocr_carea' id='block_1_131' title="bbox 2225 3471 2595 3528">
    <p class='ocr_par' dir='ltr' id='par_1_131' title="bbox 2225 3471 2595 3528">
     <span class='ocr_line' id='line_1_131' title="bbox 2225 3471 2595 3528; baseline 0 0"><span class='ocrx_word' id='word_1_452' title='bbox 2225 3473 2443 3528; x_wconf 90' lang='lat' dir='ltr'><strong>custodi</strong></span> <span class='ocrx_word' id='word_1_453' title='bbox 2472 3490 2483 3526; x_wconf 90' lang='lat'><strong><em>:</em></strong></span> <span class='ocrx_word' id='word_1_454' title='bbox 2515 3471 2595 3528; x_wconf 89' lang='lat' dir='ltr'><strong>Ne</strong></span> 
     </span>
    </p>
   </div>
   <div class='ocr_carea' id='block_1_132' title="bbox 2226 3543 2550 3600">
    <p class='ocr_par' dir='ltr' id='par_1_132' title="bbox 2226 3543 2550 3600">
     <span class='ocr_line' id='line_1_132' title="bbox 2226 3543 2550 3600; baseline 0.003 -3"><span class='ocrx_word' id='word_1_455' title='bbox 2226 3543 2502 3600; x_wconf 91' lang='lat' dir='ltr'><strong>adulteres</strong></span> <span class='ocrx_word' id='word_1_456' title='bbox 2535 3562 2550 3598; x_wconf 86' lang='lat'><strong>:</strong></span> 
     </span>
    </p>
   </div>
   <div class='ocr_carea' id='block_1_133' title="bbox 2227 3613 2606 3671">
    <p class='ocr_par' dir='ltr' id='par_1_133' title="bbox 2227 3613 2606 3671">
     <span class='ocr_line' id='line_1_133' title="bbox 2227 3613 2606 3671; baseline 0.005 -2"><span class='ocrx_word' id='word_1_457' title='bbox 2227 3613 2307 3670; x_wconf 92' lang='lat' dir='ltr'><strong>Ne</strong></span> <span class='ocrx_word' id='word_1_458' title='bbox 2337 3615 2558 3671; x_wconf 85' lang='lat' dir='ltr'><strong>occidas</strong></span> <span class='ocrx_word' id='word_1_459' title='bbox 2592 3633 2606 3671; x_wconf 92' lang='lat'><strong>:</strong></span> 
     </span>
    </p>
   </div>
   <div class='ocr_carea' id='block_1_134' title="bbox 2229 3685 2572 3742">
    <p class='ocr_par' dir='ltr' id='par_1_134' title="bbox 2229 3685 2572 3742">
     <span class='ocr_line' id='line_1_134' title="bbox 2229 3685 2572 3742; baseline 0.006 -2"><span class='ocrx_word' id='word_1_460' title='bbox 2229 3685 2304 3741; x_wconf 92' lang='lat' dir='ltr'><strong>Ne</strong></span> <span class='ocrx_word' id='word_1_461' title='bbox 2329 3687 2526 3742; x_wconf 89' lang='lat' dir='ltr'><strong>fureris</strong></span> <span class='ocrx_word' id='word_1_462' title='bbox 2559 3706 2572 3742; x_wconf 92' lang='lat'>:</span> 
     </span>
    </p>
   </div>
   <div class='ocr_carea' id='block_1_135' title="bbox 2228 3756 2524 3814">
    <p class='ocr_par' dir='ltr' id='par_1_135' title="bbox 2228 3756 2524 3814">
     <span class='ocr_line' id='line_1_135' title="bbox 2228 3756 2524 3814; baseline 0.007 -2"><span class='ocrx_word' id='word_1_463' title='bbox 2228 3756 2307 3813; x_wconf 88' lang='lat' dir='ltr'><strong>Ne</strong></span> <span class='ocrx_word' id='word_1_464' title='bbox 2329 3758 2524 3814; x_wconf 85' lang='lat' dir='ltr'><strong>falsum</strong></span> 
     </span>
    </p>
   </div>
   <div class='ocr_carea' id='block_1_136' title="bbox 1863 3868 2534 3929">
    <p class='ocr_par' dir='ltr' id='par_1_136' title="bbox 1863 3868 2534 3929">
     <span class='ocr_line' id='line_1_136' title="bbox 1863 3868 2534 3929; baseline 0 -3"><span class='ocrx_word' id='word_1_465' title='bbox 1863 3868 2096 3927; x_wconf 84' lang='lat' dir='ltr'><strong>CODEX</strong></span> <span class='ocrx_word' id='word_1_466' title='bbox 2136 3871 2534 3929; x_wconf 80' lang='lat' dir='ltr'><strong>BRIXIANUS.</strong></span> 
     </span>
    </p>
   </div>
   <div class='ocr_carea' id='block_1_137' title="bbox 517 3983 2115 4058">
    <p class='ocr_par' dir='ltr' id='par_1_137' title="bbox 517 3983 2115 4058">
     <span class='ocr_line' id='line_1_137' title="bbox 517 3983 2115 4058; baseline 0 -18"><span class='ocrx_word' id='word_1_467' title='bbox 517 3986 778 4058; x_wconf 83' lang='lat' dir='ltr'><strong>parvulos</strong></span> <span class='ocrx_word' id='word_1_468' title='bbox 807 3985 996 4041; x_wconf 91' lang='lat' dir='ltr'><strong>venire</strong></span> <span class='ocrx_word' id='word_1_469' title='bbox 1026 3983 1092 4038; x_wconf 86' lang='lat' dir='ltr'><strong>ad</strong></span> <span class='ocrx_word' id='word_1_470' title='bbox 1137 4001 1242 4040; x_wconf 83' lang='lat' dir='ltr'><strong>me.</strong></span> <span class='ocrx_word' id='word_1_471' title='bbox 1274 3994 1330 4040; x_wconf 93' lang='lat' dir='ltr'><strong>et</strong></span> <span class='ocrx_word' id='word_1_472' title='bbox 1360 3985 1528 4042; x_wconf 87' lang='lat' dir='ltr'><strong>nolite</strong></span> <span class='ocrx_word' id='word_1_473' title='bbox 1557 3985 1848 4056; x_wconf 87' lang='lat' dir='ltr'><strong>prohibere</strong></span> <span class='ocrx_word' id='word_1_474' title='bbox 1878 4001 1995 4058; x_wconf 89' lang='lat' dir='ltr'><strong>eos.</strong></span> <span class='ocrx_word' id='word_1_475' title='bbox 2031 3998 2115 4040; x_wconf 83' lang='lat' dir='ltr'><strong>ta-</strong></span> 
     </span>
    </p>
   </div>
   <div class='ocr_carea' id='block_1_138' title="bbox 513 4057 2117 4126">
    <p class='ocr_par' dir='ltr' id='par_1_138' title="bbox 513 4057 2117 4126">
     <span class='ocr_line' id='line_1_138' title="bbox 513 4057 2117 4126; baseline -0.001 -13"><span class='ocrx_word' id='word_1_476' title='bbox 513 4057 650 4114; x_wconf 89' lang='lat' dir='ltr'><strong>lium</strong></span> <span class='ocrx_word' id='word_1_477' title='bbox 681 4066 766 4112; x_wconf 91' lang='lat' dir='ltr'><strong>cst</strong></span> <span class='ocrx_word' id='word_1_478' title='bbox 795 4059 937 4113; x_wconf 91' lang='lat' dir='ltr'><strong>enim</strong></span> <span class='ocrx_word' id='word_1_479' title='bbox 970 4072 1196 4126; x_wconf 79' lang='lat' dir='ltr'><strong>regnum</strong></span> <span class='ocrx_word' id='word_1_480' title='bbox 1234 4058 1351 4112; x_wconf 89' lang='lat' dir='ltr'><strong>Dei.</strong></span> <span class='ocrx_word' id='word_1_481' title='bbox 1385 4059 1557 4112; x_wconf 83' lang='lat' dir='ltr'><strong>Amen</strong></span> <span class='ocrx_word' id='word_1_482' title='bbox 1605 4059 1728 4113; x_wconf 89' lang='lat' dir='ltr'><strong>dico</strong></span> <span class='ocrx_word' id='word_1_483' title='bbox 1777 4057 1955 4112; x_wconf 75' lang='lat' dir='ltr'><strong>vobis.</strong></span> <span class='ocrx_word' id='word_1_484' title='bbox 1987 4058 2117 4126; x_wconf 88' lang='lat' dir='ltr'><strong>Qui-</strong></span> 
     </span>
    </p>
   </div>
   <div class='ocr_carea' id='block_1_139' title="bbox 519 4129 2122 4200">
    <p class='ocr_par' dir='ltr' id='par_1_139' title="bbox 519 4129 2122 4200">
     <span class='ocr_line' id='line_1_139' title="bbox 519 4129 2122 4200; baseline 0.001 -17"><span class='ocrx_word' id='word_1_485' title='bbox 519 4145 753 4199; x_wconf 87' lang='lat' dir='ltr'><strong>cumque</strong></span> <span class='ocrx_word' id='word_1_486' title='bbox 785 4145 890 4184; x_wconf 89' lang='lat' dir='ltr'><strong>non</strong></span> <span class='ocrx_word' id='word_1_487' title='bbox 921 4130 1190 4200; x_wconf 80' lang='lat' dir='ltr'><strong>receperit</strong></span> <span class='ocrx_word' id='word_1_488' title='bbox 1230 4143 1457 4199; x_wconf 87' lang='lat' dir='ltr'><strong>regnum</strong></span> <span class='ocrx_word' id='word_1_489' title='bbox 1507 4129 1650 4184; x_wconf 78' lang='lat' dir='ltr'><strong>sicut</strong></span> <span class='ocrx_word' id='word_1_490' title='bbox 1699 4131 1977 4200; x_wconf 89' lang='lat' dir='ltr'><strong>parvulus.</strong></span> <span class='ocrx_word' id='word_1_491' title='bbox 2014 4145 2122 4184; x_wconf 88' lang='lat' dir='ltr'><strong>non</strong></span> 
     </span>
    </p>
   </div>
   <div class='ocr_carea' id='block_1_140' title="bbox 524 4199 2123 4271">
    <p class='ocr_par' dir='ltr' id='par_1_140' title="bbox 524 4199 2123 4271">
     <span class='ocr_line' id='line_1_140' title="bbox 524 4199 2123 4271; baseline 0.001 -17"><span class='ocrx_word' id='word_1_492' title='bbox 524 4201 748 4255; x_wconf 86' lang='lat' dir='ltr'><strong>intrabit</strong></span> <span class='ocrx_word' id='word_1_493' title='bbox 798 4201 850 4254; x_wconf 91' lang='lat' dir='ltr'><strong>in</strong></span> <span class='ocrx_word' id='word_1_494' title='bbox 874 4199 1046 4271; x_wconf 83' lang='lat' dir='ltr'><strong>illud.</strong></span> <span class='ocrx_word' id='word_1_495' title='bbox 1095 4201 1162 4254; x_wconf 82' lang='lat' dir='ltr'><strong>Et</strong></span> <span class='ocrx_word' id='word_1_496' title='bbox 1192 4215 1501 4254; x_wconf 89' lang='lat' dir='ltr'><strong>convocans</strong></span> <span class='ocrx_word' id='word_1_497' title='bbox 1530 4215 1646 4256; x_wconf 91' lang='lat' dir='ltr'><strong>eos.</strong></span> <span class='ocrx_word' id='word_1_498' title='bbox 1695 4199 1960 4271; x_wconf 87' lang='lat' dir='ltr'><strong>inponens</strong></span> <span class='ocrx_word' id='word_1_499' title='bbox 2003 4217 2123 4255; x_wconf 87' lang='lat' dir='ltr'><strong>ma-</strong></span> 
     </span>
    </p>
   </div>
   <div class='ocr_carea' id='block_1_141' title="bbox 523 4270 2123 4342">
    <p class='ocr_par' dir='ltr' id='par_1_141' title="bbox 523 4270 2123 4342">
     <span class='ocr_line' id='line_1_141' title="bbox 523 4270 2123 4342; baseline 0.002 -17"><span class='ocrx_word' id='word_1_500' title='bbox 523 4285 625 4326; x_wconf 84' lang='lat' dir='ltr'><strong>nus</strong></span> <span class='ocrx_word' id='word_1_501' title='bbox 667 4286 830 4340; x_wconf 86' lang='lat' dir='ltr'><strong>super</strong></span> <span class='ocrx_word' id='word_1_502' title='bbox 872 4270 995 4325; x_wconf 89' lang='lat' dir='ltr'><strong>illos</strong></span> <span class='ocrx_word' id='word_1_503' title='bbox 1037 4270 1390 4326; x_wconf 86' lang='lat' dir='ltr'><strong>benedicebat</strong></span> <span class='ocrx_word' id='word_1_504' title='bbox 1437 4286 1552 4327; x_wconf 91' lang='lat' dir='ltr'><strong>eos.</strong></span> <span class='ocrx_word' id='word_1_505' title='bbox 1599 4272 1662 4326; x_wconf 83' lang='lat' dir='ltr'><strong>Et</strong></span> <span class='ocrx_word' id='word_1_506' title='bbox 1706 4270 1828 4327; x_wconf 88' lang='lat' dir='ltr'><strong>cum</strong></span> <span class='ocrx_word' id='word_1_507' title='bbox 1869 4287 2123 4342; x_wconf 88' lang='lat' dir='ltr'><strong>egressus</strong></span> 
     </span>
    </p>
   </div>
   <div class='ocr_carea' id='block_1_142' title="bbox 522 4342 2122 4413">
    <p class='ocr_par' dir='ltr' id='par_1_142' title="bbox 522 4342 2122 4413">
     <span class='ocr_line' id='line_1_142' title="bbox 522 4342 2122 4413; baseline 0.002 -16"><span class='ocrx_word' id='word_1_508' title='bbox 522 4350 690 4398; x_wconf 86' lang='lat' dir='ltr'><strong>esset.</strong></span> <span class='ocrx_word' id='word_1_509' title='bbox 740 4343 790 4395; x_wconf 92' lang='lat' dir='ltr'><strong>in</strong></span> <span class='ocrx_word' id='word_1_510' title='bbox 841 4342 984 4396; x_wconf 88' lang='lat' dir='ltr'><strong>viam</strong></span> <span class='ocrx_word' id='word_1_511' title='bbox 1027 4357 1356 4410; x_wconf 88' lang='lat' dir='ltr'><strong>procurrens</strong></span> <span class='ocrx_word' id='word_1_512' title='bbox 1379 4342 1603 4413; x_wconf 87' lang='lat' dir='ltr'><strong>quidam</strong></span> <span class='ocrx_word' id='word_1_513' title='bbox 1653 4345 1965 4411; x_wconf 80' lang='lat' dir='ltr'><strong>genuflexo</strong></span> <span class='ocrx_word' id='word_1_514' title='bbox 1992 4355 2122 4401; x_wconf 88' lang='lat' dir='ltr'><strong>ante</strong></span> 
     </span>
    </p>
   </div>
   <div class='ocr_carea' id='block_1_143' title="bbox 525 4413 2123 4486">
    <p class='ocr_par' dir='ltr' id='par_1_143' title="bbox 525 4413 2123 4486">
     <span class='ocr_line' id='line_1_143' title="bbox 525 4413 2123 4486; baseline 0.003 -18"><span class='ocrx_word' id='word_1_515' title='bbox 525 4428 652 4486; x_wconf 87' lang='lat' dir='ltr'><strong>eum</strong></span> <span class='ocrx_word' id='word_1_516' title='bbox 701 4413 942 4486; x_wconf 76' lang='lat' dir='ltr'><strong>_rogabat</strong></span> <span class='ocrx_word' id='word_1_517' title='bbox 1007 4428 1132 4468; x_wconf 92' lang='lat' dir='ltr'><strong>eum</strong></span> <span class='ocrx_word' id='word_1_518' title='bbox 1181 4413 1256 4485; x_wconf 76' lang='grc' dir='ltr'><strong>(ὁ)</strong></span> <span class='ocrx_word' id='word_1_519' title='bbox 1303 4413 1496 4469; x_wconf 91' lang='lat' dir='ltr'><strong>dicens</strong></span> <span class='ocrx_word' id='word_1_520' title='bbox 1534 4413 1596 4486; x_wconf 67' lang='lat'><strong>1-.</strong></span> <span class='ocrx_word' id='word_1_521' title='bbox 1667 4415 1923 4486; x_wconf 84' lang='lat' dir='ltr'><strong>Magister</strong></span> <span class='ocrx_word' id='word_1_522' title='bbox 1978 4415 2123 4473; x_wconf 90' lang='lat' dir='ltr'><strong>boue</strong></span> 
     </span>
    </p>
   </div>
   <div class='ocr_carea' id='block_1_144' title="bbox 523 4484 2124 4556">
    <p class='ocr_par' dir='ltr' id='par_1_144' title="bbox 523 4484 2124 4556">
     <span class='ocr_line' id='line_1_144' title="bbox 523 4484 2124 4556; baseline 0.002 -16"><span class='ocrx_word' id='word_1_523' title='bbox 523 4485 652 4556; x_wconf 89' lang='lat' dir='ltr'><strong>quid</strong></span> <span class='ocrx_word' id='word_1_524' title='bbox 691 4484 910 4540; x_wconf 86' lang='lat' dir='ltr'><strong>faciam.</strong></span> <span class='ocrx_word' id='word_1_525' title='bbox 955 4491 1012 4556; x_wconf 90' lang='lat' dir='ltr'><strong>ut</strong></span> <span class='ocrx_word' id='word_1_526' title='bbox 1047 4484 1214 4556; x_wconf 84' lang='lat' dir='ltr'><strong>vitam</strong></span> <span class='ocrx_word' id='word_1_527' title='bbox 1239 4484 1558 4541; x_wconf 78' lang='lat' dir='ltr'><strong>aeternam</strong></span> <span class='ocrx_word' id='word_1_528' title='bbox 1592 4484 1926 4556; x_wconf 86' lang='lat' dir='ltr'><strong>possideam.</strong></span> <span class='ocrx_word' id='word_1_529' title='bbox 1965 4486 2124 4544; x_wconf 86' lang='lat' dir='ltr'><strong>Jesns</strong></span> 
     </span>
    </p>
   </div>
   <div class='ocr_carea' id='block_1_145' title="bbox 525 4555 2123 4623">
    <p class='ocr_par' dir='ltr' id='par_1_145' title="bbox 525 4555 2123 4623">
     <span class='ocr_line' id='line_1_145' title="bbox 525 4555 2123 4623; baseline 0.001 -11"><span class='ocrx_word' id='word_1_530' title='bbox 525 4555 706 4612; x_wconf 84' lang='lat' dir='ltr'><strong>autem</strong></span> <span class='ocrx_word' id='word_1_531' title='bbox 745 4556 886 4612; x_wconf 81' lang='lat' dir='ltr'><strong>dixit</strong></span> <span class='ocrx_word' id='word_1_532' title='bbox 922 4555 993 4612; x_wconf 89' lang='lat' dir='ltr'><strong>ei.</strong></span> <span class='ocrx_word' id='word_1_533' title='bbox 1033 4555 1174 4623; x_wconf 87' lang='lat' dir='ltr'><strong>Quid</strong></span> <span class='ocrx_word' id='word_1_534' title='bbox 1215 4571 1302 4612; x_wconf 92' lang='lat' dir='ltr'><strong>me</strong></span> <span class='ocrx_word' id='word_1_535' title='bbox 1339 4555 1477 4614; x_wconf 89' lang='lat' dir='ltr'><strong>dicis</strong></span> <span class='ocrx_word' id='word_1_536' title='bbox 1517 4555 1740 4613; x_wconf 84' lang='lat' dir='ltr'><strong>bonum.</strong></span> <span class='ocrx_word' id='word_1_537' title='bbox 1808 4557 1980 4614; x_wconf 86' lang='lat' dir='ltr'><strong>Nemo</strong></span> <span class='ocrx_word' id='word_1_538' title='bbox 2029 4558 2123 4613; x_wconf 88' lang='lat' dir='ltr'><strong>bo-</strong></span> 
     </span>
    </p>
   </div>
   <div class='ocr_carea' id='block_1_146' title="bbox 525 4627 2125 4701">
    <p class='ocr_par' dir='ltr' id='par_1_146' title="bbox 525 4627 2125 4701">
     <span class='ocr_line' id='line_1_146' title="bbox 525 4627 2125 4701; baseline -0.001 -15"><span class='ocrx_word' id='word_1_539' title='bbox 525 4644 649 4686; x_wconf 89' lang='lat' dir='ltr'><strong>nus.</strong></span> <span class='ocrx_word' id='word_1_540' title='bbox 701 4628 805 4686; x_wconf 85' lang='lat' dir='ltr'><strong>nisi</strong></span> <span class='ocrx_word' id='word_1_541' title='bbox 862 4642 1002 4686; x_wconf 87' lang='lat' dir='ltr'><strong>unus</strong></span> <span class='ocrx_word' id='word_1_542' title='bbox 1053 4629 1220 4686; x_wconf 90' lang='lat' dir='ltr'><strong>Deus.</strong></span> <span class='ocrx_word' id='word_1_543' title='bbox 1281 4627 1430 4686; x_wconf 83' lang='lat' dir='ltr'><strong>Haec</strong></span> <span class='ocrx_word' id='word_1_544' title='bbox 1467 4639 1761 4701; x_wconf 88' lang='lat' dir='ltr'><strong>praecepta</strong></span> <span class='ocrx_word' id='word_1_545' title='bbox 1801 4631 1965 4685; x_wconf 89' lang='lat' dir='ltr'><strong>nosti.</strong></span> <span class='ocrx_word' id='word_1_546' title='bbox 2007 4629 2125 4685; x_wconf 88' lang='lat' dir='ltr'><strong>Non</strong></span> 
     </span>
    </p>
   </div>
   <div class='ocr_carea' id='block_1_147' title="bbox 2227 3979 3807 4043">
    <p class='ocr_par' dir='ltr' id='par_1_147' title="bbox 2227 3979 3807 4043">
     <span class='ocr_line' id='line_1_147' title="bbox 2227 3979 3807 4043; baseline -0.005 -2"><span class='ocrx_word' id='word_1_547' title='bbox 2227 3986 2583 4042; x_wconf 87' lang='lat' dir='ltr'><strong>moecavcris.</strong></span> <span class='ocrx_word' id='word_1_548' title='bbox 2638 3985 2753 4043; x_wconf 86' lang='lat' dir='ltr'><strong>Non</strong></span> <span class='ocrx_word' id='word_1_549' title='bbox 2808 3985 3000 4042; x_wconf 83' lang='lat' dir='ltr'><strong>falsum</strong></span> <span class='ocrx_word' id='word_1_550' title='bbox 3055 3985 3430 4043; x_wconf 77' lang='lat' dir='ltr'><strong>tesdmouium</strong></span> <span class='ocrx_word' id='word_1_551' title='bbox 3483 3983 3662 4040; x_wconf 89' lang='lat' dir='ltr'><strong>dices.</strong></span> <span class='ocrx_word' id='word_1_552' title='bbox 3716 3979 3807 4036; x_wconf 71' lang='lat' dir='ltr'><strong>Non</strong></span> 
     </span>
    </p>
   </div>
   <div class='ocr_carea' id='block_1_148' title="bbox 2227 4058 3808 4127">
    <p class='ocr_par' dir='ltr' id='par_1_148' title="bbox 2227 4058 3808 4127">
     <span class='ocr_line' id='line_1_148' title="bbox 2227 4058 3808 4127; baseline -0.004 -14"><span class='ocrx_word' id='word_1_553' title='bbox 2227 4058 2472 4113; x_wconf 81' lang='lat' dir='ltr'><strong>fraudem</strong></span> <span class='ocrx_word' id='word_1_554' title='bbox 2527 4059 2715 4113; x_wconf 80' lang='lat' dir='ltr'><strong>facies.</strong></span> <span class='ocrx_word' id='word_1_555' title='bbox 2767 4058 2986 4114; x_wconf 88' lang='lat' dir='ltr'><strong>llonora</strong></span> <span class='ocrx_word' id='word_1_556' title='bbox 3036 4071 3242 4127; x_wconf 84' lang='lat' dir='ltr'><strong>patrem</strong></span> <span class='ocrx_word' id='word_1_557' title='bbox 3275 4069 3448 4112; x_wconf 87' lang='lat' dir='ltr'><strong>tuum.</strong></span> <span class='ocrx_word' id='word_1_558' title='bbox 3503 4065 3562 4112; x_wconf 86' lang='lat' dir='ltr'><strong>et</strong></span> <span class='ocrx_word' id='word_1_559' title='bbox 3612 4064 3808 4127; x_wconf 76' lang='lat' dir='ltr'><strong>matrem</strong></span> 
     </span>
    </p>
   </div>
   <div class='ocr_carea' id='block_1_149' title="bbox 2231 4125 3810 4205">
    <p class='ocr_par' dir='ltr' id='par_1_149' title="bbox 2231 4125 3810 4205">
     <span class='ocr_line' id='line_1_149' title="bbox 2231 4125 3810 4205; baseline -0.004 -21"><span class='ocrx_word' id='word_1_560' title='bbox 2231 4129 2308 4202; x_wconf 82' lang='grc' dir='ltr'><strong>(ά)</strong></span> <span class='ocrx_word' id='word_1_561' title='bbox 2344 4141 2500 4205; x_wconf 77' lang='lat' dir='ltr'><strong>tuam</strong></span> <span class='ocrx_word' id='word_1_562' title='bbox 2521 4129 2582 4200; x_wconf 61' lang='grc' dir='ltr'><strong>’ξπ</strong></span> <span class='ocrx_word' id='word_1_563' title='bbox 2610 4130 2682 4185; x_wconf 85' lang='lat' dir='ltr'><strong>At</strong></span> <span class='ocrx_word' id='word_1_564' title='bbox 2703 4131 2792 4205; x_wconf 84' lang='lat' dir='ltr'><strong>ille</strong></span> <span class='ocrx_word' id='word_1_565' title='bbox 2816 4125 3157 4205; x_wconf 84' lang='lat' dir='ltr'><strong>respondens</strong></span> <span class='ocrx_word' id='word_1_566' title='bbox 3185 4130 3261 4184; x_wconf 88' lang='lat' dir='ltr'><strong>ait</strong></span> <span class='ocrx_word' id='word_1_567' title='bbox 3283 4130 3382 4205; x_wconf 75' lang='lat' dir='ltr'><strong>illi.</strong></span> <span class='ocrx_word' id='word_1_568' title='bbox 3425 4127 3681 4198; x_wconf 82' lang='lat' dir='ltr'><strong>Magister</strong></span> <span class='ocrx_word' id='word_1_569' title='bbox 3702 4125 3810 4205; x_wconf 73' lang='lat' dir='ltr'><strong>haec</strong></span> 
     </span>
    </p>
   </div>
   <div class='ocr_carea' id='block_1_150' title="bbox 2227 4198 3811 4272">
    <p class='ocr_par' dir='ltr' id='par_1_150' title="bbox 2227 4198 3811 4272">
     <span class='ocr_line' id='line_1_150' title="bbox 2227 4198 3811 4272; baseline -0.005 -16"><span class='ocrx_word' id='word_1_570' title='bbox 2227 4198 2410 4256; x_wconf 82' lang='lat' dir='ltr'><strong>omnia</strong></span> <span class='ocrx_word' id='word_1_571' title='bbox 2449 4198 2738 4257; x_wconf 80' lang='lat' dir='ltr'><strong>observavi</strong></span> <span class='ocrx_word' id='word_1_572' title='bbox 2777 4218 2806 4255; x_wconf 93' lang='lat' dir='ltr'><strong>a</strong></span> <span class='ocrx_word' id='word_1_573' title='bbox 2844 4198 3128 4272; x_wconf 81' lang='lat' dir='ltr'><strong>juventute</strong></span> <span class='ocrx_word' id='word_1_574' title='bbox 3167 4216 3309 4257; x_wconf 87' lang='lat' dir='ltr'><strong>mea.</strong></span> <span class='ocrx_word' id='word_1_575' title='bbox 3343 4198 3509 4272; x_wconf 77' lang='lat' dir='ltr'><strong>Jesus</strong></span> <span class='ocrx_word' id='word_1_576' title='bbox 3542 4209 3719 4272; x_wconf 79' lang='lat' dir='ltr'><strong>autem</strong></span> <span class='ocrx_word' id='word_1_577' title='bbox 3743 4198 3811 4272; x_wconf 76' lang='lat' dir='ltr'><strong>in-</strong></span> 
     </span>
    </p>
   </div>
   <div class='ocr_carea' id='block_1_151' title="bbox 2229 4266 3810 4330">
    <p class='ocr_par' dir='ltr' id='par_1_151' title="bbox 2229 4266 3810 4330">
     <span class='ocr_line' id='line_1_151' title="bbox 2229 4266 3810 4330; baseline -0.004 -3"><span class='ocrx_word' id='word_1_578' title='bbox 2229 4273 2395 4327; x_wconf 85' lang='lat' dir='ltr'><strong>tuitus</strong></span> <span class='ocrx_word' id='word_1_579' title='bbox 2424 4288 2570 4327; x_wconf 90' lang='lat' dir='ltr'><strong>emn.</strong></span> <span class='ocrx_word' id='word_1_580' title='bbox 2603 4273 2795 4329; x_wconf 79' lang='lat' dir='ltr'><strong>dilexit</strong></span> <span class='ocrx_word' id='word_1_581' title='bbox 2823 4266 2966 4329; x_wconf 67' lang='lat' dir='ltr'><strong>eum.</strong></span> <span class='ocrx_word' id='word_1_582' title='bbox 3005 4285 3060 4330; x_wconf 89' lang='lat' dir='ltr'><strong>ct</strong></span> <span class='ocrx_word' id='word_1_583' title='bbox 3097 4273 3235 4328; x_wconf 82' lang='lat' dir='ltr'><strong>dixit</strong></span> <span class='ocrx_word' id='word_1_584' title='bbox 3262 4273 3361 4328; x_wconf 93' lang='lat' dir='ltr'><strong>illi.</strong></span> <span class='ocrx_word' id='word_1_585' title='bbox 3400 4270 3583 4328; x_wconf 89' lang='lat' dir='ltr'><strong>Unum</strong></span> <span class='ocrx_word' id='word_1_586' title='bbox 3617 4269 3705 4323; x_wconf 90' lang='lat' dir='ltr'><strong>tibi</strong></span> <span class='ocrx_word' id='word_1_587' title='bbox 3731 4266 3810 4320; x_wconf 83' lang='lat' dir='ltr'><strong>de-</strong></span> 
     </span>
    </p>
   </div>
   <div class='ocr_carea' id='block_1_152' title="bbox 2229 4336 3813 4414">
    <p class='ocr_par' dir='ltr' id='par_1_152' title="bbox 2229 4336 3813 4414">
     <span class='ocr_line' id='line_1_152' title="bbox 2229 4336 3813 4414; baseline -0.003 -16"><span class='ocrx_word' id='word_1_588' title='bbox 2229 4352 2332 4398; x_wconf 87' lang='lat' dir='ltr'><strong>est.</strong></span> <span class='ocrx_word' id='word_1_589' title='bbox 2369 4345 2502 4398; x_wconf 90' lang='lat' dir='ltr'><strong>vadc</strong></span> <span class='ocrx_word' id='word_1_590' title='bbox 2531 4346 2707 4400; x_wconf 86' lang='lat' dir='ltr'><strong>vende</strong></span> <span class='ocrx_word' id='word_1_591' title='bbox 2735 4345 2921 4400; x_wconf 85' lang='lat' dir='ltr'><strong>omnia</strong></span> <span class='ocrx_word' id='word_1_592' title='bbox 2955 4355 3063 4400; x_wconf 90' lang='lat' dir='ltr'><strong>tua.</strong></span> <span class='ocrx_word' id='word_1_593' title='bbox 3096 4356 3151 4400; x_wconf 92' lang='lat' dir='ltr'><strong>et</strong></span> <span class='ocrx_word' id='word_1_594' title='bbox 3177 4345 3244 4400; x_wconf 91' lang='lat' dir='ltr'><strong>da</strong></span> <span class='ocrx_word' id='word_1_595' title='bbox 3273 4343 3632 4414; x_wconf 86' lang='lat' dir='ltr'><strong>pauperibus.</strong></span> <span class='ocrx_word' id='word_1_596' title='bbox 3664 4346 3714 4394; x_wconf 90' lang='lat' dir='ltr'><strong>et</strong></span> <span class='ocrx_word' id='word_1_597' title='bbox 3736 4336 3813 4414; x_wconf 48' lang='lat' dir='ltr'><strong>ba:</strong></span> 
     </span>
    </p>
   </div>
   <div class='ocr_carea' id='block_1_153' title="bbox 2228 4408 3812 4484">
    <p class='ocr_par' dir='ltr' id='par_1_153' title="bbox 2228 4408 3812 4484">
     <span class='ocr_line' id='line_1_153' title="bbox 2228 4408 3812 4484; baseline -0.005 -15"><span class='ocrx_word' id='word_1_598' title='bbox 2228 4415 2382 4472; x_wconf 89' lang='lat' dir='ltr'><strong>bebis</strong></span> <span class='ocrx_word' id='word_1_599' title='bbox 2423 4415 2772 4472; x_wconf 87' lang='lat' dir='ltr'><strong>thensaurum</strong></span> <span class='ocrx_word' id='word_1_600' title='bbox 2805 4419 2856 4472; x_wconf 87' lang='lat' dir='ltr'><strong>iu</strong></span> <span class='ocrx_word' id='word_1_601' title='bbox 2887 4417 3062 4473; x_wconf 91' lang='lat' dir='ltr'><strong>caelo.</strong></span> <span class='ocrx_word' id='word_1_602' title='bbox 3094 4426 3149 4472; x_wconf 89' lang='lat' dir='ltr'><strong>et</strong></span> <span class='ocrx_word' id='word_1_603' title='bbox 3187 4408 3309 4470; x_wconf 85' lang='lat' dir='ltr'><strong>veni</strong></span> <span class='ocrx_word' id='word_1_604' title='bbox 3349 4408 3587 4484; x_wconf 78' lang='lat' dir='ltr'><strong>sequere</strong></span> <span class='ocrx_word' id='word_1_605' title='bbox 3617 4426 3718 4468; x_wconf 87' lang='lat' dir='ltr'><strong>me.</strong></span> <span class='ocrx_word' id='word_1_606' title='bbox 3747 4408 3812 4462; x_wconf 81' lang='lat' dir='ltr'><strong>Ad</strong></span> 
     </span>
    </p>
   </div>
   <div class='ocr_carea' id='block_1_154' title="bbox 2230 4485 3812 4561">
    <p class='ocr_par' dir='ltr' id='par_1_154' title="bbox 2230 4485 3812 4561">
     <span class='ocr_line' id='line_1_154' title="bbox 2230 4485 3812 4561; baseline -0.006 -19"><span class='ocrx_word' id='word_1_607' title='bbox 2230 4488 2322 4561; x_wconf 83' lang='lat' dir='ltr'><strong>ille</strong></span> <span class='ocrx_word' id='word_1_608' title='bbox 2348 4490 2707 4561; x_wconf 82' lang='lat' dir='ltr'><strong>contristatus</strong></span> <span class='ocrx_word' id='word_1_609' title='bbox 2733 4489 2790 4561; x_wconf 88' lang='lat' dir='ltr'><strong>iu</strong></span> <span class='ocrx_word' id='word_1_610' title='bbox 2817 4488 2887 4561; x_wconf 82' lang='grc' dir='ltr'><strong>(ε)</strong></span> <span class='ocrx_word' id='word_1_611' title='bbox 2915 4489 3018 4543; x_wconf 91' lang='lat' dir='ltr'><strong>hoc</strong></span> <span class='ocrx_word' id='word_1_612' title='bbox 3043 4487 3298 4561; x_wconf 17' lang='lat' dir='ltr'><strong>fiverbo.</strong></span> <span class='ocrx_word' id='word_1_613' title='bbox 3332 4486 3476 4561; x_wconf 81' lang='lat' dir='ltr'><strong>abiit</strong></span> <span class='ocrx_word' id='word_1_614' title='bbox 3495 4485 3693 4561; x_wconf 59' lang='lat' dir='ltr'><strong>tristis:</strong></span> <span class='ocrx_word' id='word_1_615' title='bbox 3719 4485 3812 4536; x_wconf 74' lang='lat' dir='ltr'><strong>erat</strong></span> 
     </span>
    </p>
   </div>
   <div class='ocr_carea' id='block_1_155' title="bbox 2235 4553 3810 4686">
    <p class='ocr_par' dir='ltr' id='par_1_155' title="bbox 2235 4553 3810 4686">
     <span class='ocr_line' id='line_1_155' title="bbox 2235 4553 3810 4686; baseline -0.004 -72"><span class='ocrx_word' id='word_1_616' title='bbox 2235 4557 2381 4686; x_wconf 49' lang='lat' dir='ltr'><strong>erlis]</strong></span> <span class='ocrx_word' id='word_1_617' title='bbox 2402 4559 2613 4617; x_wconf 84' lang='lat' dir='ltr'><strong>habens</strong></span> <span class='ocrx_word' id='word_1_618' title='bbox 2633 4553 3164 4618; x_wconf 77' lang='lat' dir='ltr'><strong>divitiasinultas.Et</strong></span> <span class='ocrx_word' id='word_1_619' title='bbox 3185 4558 3644 4630; x_wconf 89' lang='lat' dir='ltr'><strong>circumspiciens</strong></span> <span class='ocrx_word' id='word_1_620' title='bbox 3662 4553 3810 4611; x_wconf 69' lang='lat' dir='ltr'><strong>Iesus.</strong></span> 
     </span>
     <span class='ocr_line' id='line_1_156' title="bbox 2235 4645 2441 4686; baseline 0.01 -2"><span class='ocrx_word' id='word_1_621' title='bbox 2235 4645 2286 4685; x_wconf 74' lang='lat' dir='ltr'><strong>al</strong></span> <span class='ocrx_word' id='word_1_622' title='bbox 2369 4646 2441 4686; x_wconf 76' lang='lat' dir='ltr'><strong>IS-</strong></span> 
     </span>
    </p>
   </div>
   <div class='ocr_carea' id='block_1_156' title="bbox 2235 4645 2441 4687">
    <p class='ocr_par' dir='ltr' id='par_1_156' title="bbox 2235 4645 2441 4687">
     <span class='ocr_line' id='line_1_157' title="bbox 2235 4645 2441 4687; baseline 0.015 -3"><span class='ocrx_word' id='word_1_623' title='bbox 2235 4645 2310 4685; x_wconf 64' lang='grc' dir='ltr'><strong>ιλιι</strong></span> <span class='ocrx_word' id='word_1_624' title='bbox 2329 4645 2441 4687; x_wconf 69' lang='lat' dir='ltr'><strong>(IIS-</strong></span> 
     </span>
    </p>
   </div>
   <div class='ocr_carea' id='block_1_157' title="bbox 1806 4741 2553 4804">
    <p class='ocr_par' dir='ltr' id='par_1_157' title="bbox 1806 4741 2553 4804">
     <span class='ocr_line' id='line_1_158' title="bbox 1806 4741 2553 4804; baseline 0.004 -5"><span class='ocrx_word' id='word_1_625' title='bbox 1806 4741 2044 4801; x_wconf 78' lang='lat' dir='ltr'><strong>CODEX</strong></span> <span class='ocrx_word' id='word_1_626' title='bbox 2081 4743 2553 4804; x_wconf 79' lang='lat' dir='ltr'><strong>CORBEIENSIS.</strong></span> 
     </span>
    </p>
   </div>
   <div class='ocr_carea' id='block_1_158' title="bbox 526 4861 2126 4992">
    <p class='ocr_par' dir='ltr' id='par_1_158' title="bbox 526 4861 2126 4992">
     <span class='ocr_line' id='line_1_159' title="bbox 526 4861 2126 4992; baseline -0.002 -72"><span class='ocrx_word' id='word_1_627' title='bbox 526 4864 684 4992; x_wconf 78' lang='grc' dir='ltr'><strong>ῚΙ16.</strong></span> <span class='ocrx_word' id='word_1_628' title='bbox 727 4863 796 4920; x_wconf 82' lang='lat' dir='ltr'><strong>Et</strong></span> <span class='ocrx_word' id='word_1_629' title='bbox 833 4876 1139 4920; x_wconf 86' lang='lat' dir='ltr'><strong>convocans</strong></span> <span class='ocrx_word' id='word_1_630' title='bbox 1185 4877 1305 4933; x_wconf 87' lang='lat' dir='ltr'><strong>eos,</strong></span> <span class='ocrx_word' id='word_1_631' title='bbox 1359 4861 1676 4934; x_wconf 89' lang='lat' dir='ltr'><strong>imponebat</strong></span> <span class='ocrx_word' id='word_1_632' title='bbox 1720 4874 1916 4916; x_wconf 89' lang='lat' dir='ltr'><strong>manus</strong></span> <span class='ocrx_word' id='word_1_633' title='bbox 1961 4875 2126 4932; x_wconf 87' lang='lat' dir='ltr'><strong>super</strong></span> 
     </span>
     <span class='ocr_line' id='line_1_160' title="bbox 527 4944 808 4992; baseline -0.004 -1"><span class='ocrx_word' id='word_1_634' title='bbox 527 4954 540 4991; x_wconf 95' lang='lat' dir='ltr'><strong>I</strong></span> <span class='ocrx_word' id='word_1_635' title='bbox 587 4952 668 4992; x_wconf 88' lang='lat' dir='ltr'><strong>os.</strong></span> <span class='ocrx_word' id='word_1_636' title='bbox 698 4944 808 4992; x_wconf 80' lang='lat' dir='ltr'><strong>etc.</strong></span> 
     </span>
    </p>
   </div>
   <div class='ocr_carea' id='block_1_159' title="bbox 527 4944 808 5001">
    <p class='ocr_par' dir='ltr' id='par_1_159' title="bbox 527 4944 808 5001">
     <span class='ocr_line' id='line_1_161' title="bbox 527 4944 808 5001; baseline -0.004 -10"><span class='ocrx_word' id='word_1_637' title='bbox 527 4944 668 5001; x_wconf 88' lang='lat' dir='ltr'><strong>illos,</strong></span> <span class='ocrx_word' id='word_1_638' title='bbox 698 4944 808 4992; x_wconf 87' lang='lat' dir='ltr'><strong>etc.</strong></span> 
     </span>
    </p>
   </div>
   <div class='ocr_carea' id='block_1_160' title="bbox 597 5003 2122 5077">
    <p class='ocr_par' dir='ltr' id='par_1_160' title="bbox 597 5003 2122 5077">
     <span class='ocr_line' id='line_1_162' title="bbox 597 5003 2122 5077; baseline -0.003 -14"><span class='ocrx_word' id='word_1_639' title='bbox 597 5009 686 5065; x_wconf 90' lang='grc'><strong>17.</strong></span> <span class='ocrx_word' id='word_1_640' title='bbox 754 5021 1082 5077; x_wconf 90' lang='lat' dir='ltr'><strong>procurrens</strong></span> <span class='ocrx_word' id='word_1_641' title='bbox 1123 5005 1364 5077; x_wconf 86' lang='lat' dir='ltr'><strong>quidam,</strong></span> <span class='ocrx_word' id='word_1_642' title='bbox 1398 5003 1790 5077; x_wconf 87' lang='lat' dir='ltr'><strong>adgeniculans</strong></span> <span class='ocrx_word' id='word_1_643' title='bbox 1819 5011 1945 5060; x_wconf 89' lang='lat' dir='ltr'><strong>ante</strong></span> <span class='ocrx_word' id='word_1_644' title='bbox 1977 5018 2122 5059; x_wconf 92' lang='lat' dir='ltr'><strong>eum.</strong></span> 
     </span>
    </p>
   </div>
   <div class='ocr_carea' id='block_1_161' title="bbox 593 5075 2130 5141">
    <p class='ocr_par' dir='ltr' id='par_1_161' title="bbox 593 5075 2130 5141">
     <span class='ocr_line' id='line_1_163' title="bbox 593 5075 2130 5141; baseline -0.003 -7"><span class='ocrx_word' id='word_1_645' title='bbox 593 5079 685 5134; x_wconf 85' lang='grc'><strong>22.</strong></span> <span class='ocrx_word' id='word_1_646' title='bbox 729 5075 826 5135; x_wconf 85' lang='lat' dir='ltr'><strong>Ille</strong></span> <span class='ocrx_word' id='word_1_647' title='bbox 855 5087 1035 5134; x_wconf 87' lang='lat' dir='ltr'><strong>autem</strong></span> <span class='ocrx_word' id='word_1_648' title='bbox 1066 5075 1420 5134; x_wconf 85' lang='lat' dir='ltr'><strong>contristatus</strong></span> <span class='ocrx_word' id='word_1_649' title='bbox 1461 5085 1545 5132; x_wconf 88' lang='lat' dir='ltr'><strong>est</strong></span> <span class='ocrx_word' id='word_1_650' title='bbox 1594 5076 1648 5131; x_wconf 92' lang='lat' dir='ltr'><strong>in</strong></span> <span class='ocrx_word' id='word_1_651' title='bbox 1691 5075 1795 5131; x_wconf 89' lang='lat' dir='ltr'><strong>hoc</strong></span> <span class='ocrx_word' id='word_1_652' title='bbox 1822 5077 2026 5141; x_wconf 90' lang='lat' dir='ltr'><strong>verbo,</strong></span> <span class='ocrx_word' id='word_1_653' title='bbox 2073 5084 2130 5131; x_wconf 91' lang='lat' dir='ltr'><strong>et</strong></span> 
     </span>
    </p>
   </div>
   <div class='ocr_carea' id='block_1_162' title="bbox 530 5147 2128 5218">
    <p class='ocr_par' dir='ltr' id='par_1_162' title="bbox 530 5147 2128 5218">
     <span class='ocr_line' id='line_1_164' title="bbox 530 5147 2128 5218; baseline -0.002 -12"><span class='ocrx_word' id='word_1_654' title='bbox 530 5151 773 5218; x_wconf 89' lang='lat' dir='ltr'><strong>recessit,</strong></span> <span class='ocrx_word' id='word_1_655' title='bbox 813 5160 868 5208; x_wconf 93' lang='lat' dir='ltr'><strong>et</strong></span> <span class='ocrx_word' id='word_1_656' title='bbox 907 5151 1039 5207; x_wconf 88' lang='lat' dir='ltr'><strong>abiit</strong></span> <span class='ocrx_word' id='word_1_657' title='bbox 1075 5150 1288 5208; x_wconf 86' lang='lat' dir='ltr'><strong>tristis:</strong></span> <span class='ocrx_word' id='word_1_658' title='bbox 1321 5157 1441 5206; x_wconf 81' lang='lat' dir='ltr'><strong>erat</strong></span> <span class='ocrx_word' id='word_1_659' title='bbox 1483 5149 1630 5205; x_wconf 89' lang='lat' dir='ltr'><strong>enim</strong></span> <span class='ocrx_word' id='word_1_660' title='bbox 1679 5147 1886 5204; x_wconf 87' lang='lat' dir='ltr'><strong>habens</strong></span> <span class='ocrx_word' id='word_1_661' title='bbox 1933 5148 2128 5203; x_wconf 86' lang='lat' dir='ltr'><strong>multas</strong></span> 
     </span>
    </p>
   </div>
   <div class='ocr_carea' id='block_1_163' title="bbox 2235 4863 3020 4935">
    <p class='ocr_par' dir='ltr' id='par_1_163' title="bbox 2235 4863 3020 4935">
     <span class='ocr_line' id='line_1_165' title="bbox 2235 4863 3020 4935; baseline 0.001 -18"><span class='ocrx_word' id='word_1_662' title='bbox 2235 4864 2633 4935; x_wconf 87' lang='lat' dir='ltr'><strong>possessiones,</strong></span> <span class='ocrx_word' id='word_1_663' title='bbox 2657 4873 2711 4919; x_wconf 91' lang='lat' dir='ltr'><strong>et</strong></span> <span class='ocrx_word' id='word_1_664' title='bbox 2736 4863 3020 4935; x_wconf 86' lang='lat' dir='ltr'><strong>pecunias.</strong></span> 
     </span>
    </p>
   </div>
   <div class='ocr_carea' id='block_1_164' title="bbox 2305 4930 3813 5006">
    <p class='ocr_par' dir='ltr' id='par_1_164' title="bbox 2305 4930 3813 5006">
     <span class='ocr_line' id='line_1_166' title="bbox 2305 4930 3813 5006; baseline -0.006 -17"><span class='ocrx_word' id='word_1_665' title='bbox 2305 4934 2398 4991; x_wconf 74' lang='lat'><strong>23.</strong></span> <span class='ocrx_word' id='word_1_666' title='bbox 2441 4937 2494 4990; x_wconf 90' lang='lat' dir='ltr'><strong>in</strong></span> <span class='ocrx_word' id='word_1_667' title='bbox 2531 4930 2755 5006; x_wconf 83' lang='lat' dir='ltr'><strong>regnuni</strong></span> <span class='ocrx_word' id='word_1_668' title='bbox 2781 4935 2879 4991; x_wconf 90' lang='lat' dir='ltr'><strong>Dei</strong></span> <span class='ocrx_word' id='word_1_669' title='bbox 2916 4932 3245 4991; x_wconf 88' lang='lat' dir='ltr'><strong>iutroibuntl</strong></span> <span class='ocrx_word' id='word_1_670' title='bbox 3277 4930 3526 5006; x_wconf 80' lang='lat' dir='ltr'><strong>Facilius</strong></span> <span class='ocrx_word' id='word_1_671' title='bbox 3543 4939 3630 4987; x_wconf 87' lang='lat' dir='ltr'><strong>est</strong></span> <span class='ocrx_word' id='word_1_672' title='bbox 3656 4938 3813 5006; x_wconf 82' lang='lat' dir='ltr'><strong>came-</strong></span> 
     </span>
    </p>
   </div>
   <div class='ocr_carea' id='block_1_165' title="bbox 2237 5002 3817 5134">
    <p class='ocr_par' dir='ltr' id='par_1_165' title="bbox 2237 5002 3817 5134">
     <span class='ocr_line' id='line_1_167' title="bbox 2237 5002 3817 5134; baseline -0.006 -74"><span class='ocrx_word' id='word_1_673' title='bbox 2237 5006 2345 5061; x_wconf 90' lang='lat' dir='ltr'><strong>lum</strong></span> <span class='ocrx_word' id='word_1_674' title='bbox 2376 5021 2473 5134; x_wconf 61' lang='lat' dir='ltr'><strong>pel;</strong></span> <span class='ocrx_word' id='word_1_675' title='bbox 2507 5002 2750 5090; x_wconf 75' lang='lat' dir='ltr'><strong>foramen</strong></span> <span class='ocrx_word' id='word_1_676' title='bbox 2784 5021 2912 5066; x_wconf 87' lang='lat' dir='ltr'><strong>acus</strong></span> <span class='ocrx_word' id='word_1_677' title='bbox 2942 5007 3196 5074; x_wconf 87' lang='lat' dir='ltr'><strong>transire,</strong></span> <span class='ocrx_word' id='word_1_678' title='bbox 3225 5018 3388 5076; x_wconf 84' lang='lat' dir='ltr'><strong>quam</strong></span> <span class='ocrx_word' id='word_1_679' title='bbox 3420 5003 3644 5062; x_wconf 87' lang='lat' dir='ltr'><strong>divitem</strong></span> <span class='ocrx_word' id='word_1_680' title='bbox 3675 5002 3725 5056; x_wconf 91' lang='lat' dir='ltr'><strong>in</strong></span> <span class='ocrx_word' id='word_1_681' title='bbox 3747 5009 3817 5052; x_wconf 83' lang='lat' dir='ltr'><strong>re-</strong></span> 
     </span>
     <span class='ocr_line' id='line_1_168' title="bbox 2237 5092 2548 5134; baseline -0.006 0"><span class='ocrx_word' id='word_1_682' title='bbox 2237 5092 2401 5134; x_wconf 68' lang='lat' dir='ltr'><strong>gnum</strong></span> <span class='ocrx_word' id='word_1_683' title='bbox 2476 5094 2548 5134; x_wconf 77' lang='lat' dir='ltr'><strong>ei.</strong></span> 
     </span>
    </p>
   </div>
   <div class='ocr_carea' id='block_1_166' title="bbox 2235 5092 2548 5148">
    <p class='ocr_par' dir='ltr' id='par_1_166' title="bbox 2235 5092 2548 5148">
     <span class='ocr_line' id='line_1_169' title="bbox 2235 5092 2548 5148; baseline 0 -16"><span class='ocrx_word' id='word_1_684' title='bbox 2235 5092 2401 5148; x_wconf 88' lang='lat' dir='ltr'><strong>gnum</strong></span> <span class='ocrx_word' id='word_1_685' title='bbox 2429 5092 2548 5135; x_wconf 74' lang='lat' dir='ltr'><strong>uel.</strong></span> 
     </span>
    </p>
   </div>
   <div class='ocr_carea' id='block_1_167' title="bbox 1775 5260 2617 5320">
    <p class='ocr_par' dir='ltr' id='par_1_167' title="bbox 1775 5260 2617 5320">
     <span class='ocr_line' id='line_1_170' title="bbox 1775 5260 2617 5320; baseline 0.004 -5"><span class='ocrx_word' id='word_1_686' title='bbox 1775 5260 2171 5320; x_wconf 81' lang='lat' dir='ltr'><strong>VARIANTES</strong></span> <span class='ocrx_word' id='word_1_687' title='bbox 2211 5260 2617 5320; x_wconf 85' lang='lat' dir='ltr'><strong>LECTIONES.</strong></span> 
     </span>
    </p>
   </div>
   <div class='ocr_carea' id='block_1_168' title="bbox 594 5374 2136 5446">
    <p class='ocr_par' dir='ltr' id='par_1_168' title="bbox 594 5374 2136 5446">
     <span class='ocr_line' id='line_1_171' title="bbox 594 5374 2136 5446; baseline -0.003 -13"><span class='ocrx_word' id='word_1_688' title='bbox 594 5381 614 5414; x_wconf 84' lang='grc'>¹</span> <span class='ocrx_word' id='word_1_689' title='bbox 650 5380 756 5446; x_wconf 60' lang='lat' dir='ltr'><strong>Gut.</strong></span> <span class='ocrx_word' id='word_1_690' title='bbox 781 5393 992 5446; x_wconf 82' lang='lat' dir='ltr'><strong>regnum</strong></span> <span class='ocrx_word' id='word_1_691' title='bbox 1012 5379 1283 5435; x_wconf 80' lang='lat' dir='ltr'><strong>caelorum.</strong></span> <span class='ocrx_word' id='word_1_692' title='bbox 1317 5375 1499 5431; x_wconf 79' lang='lat' dir='ltr'><strong>recenti</strong></span> <span class='ocrx_word' id='word_1_693' title='bbox 1537 5388 1702 5438; x_wconf 76' lang='lat' dir='ltr'><strong>manu,</strong></span> <span class='ocrx_word' id='word_1_694' title='bbox 1727 5374 1839 5428; x_wconf 91' lang='lat' dir='ltr'><strong>Dei.</strong></span> <span class='ocrx_word' id='word_1_695' title='bbox 1874 5374 2024 5442; x_wconf 80' lang='lat' dir='ltr'><strong>Vulg.</strong></span> <span class='ocrx_word' id='word_1_696' title='bbox 2051 5389 2136 5428; x_wconf 86' lang='lat' dir='ltr'><strong>re-</strong></span> 
     </span>
    </p>
   </div>
   <div class='ocr_carea' id='block_1_169' title="bbox 534 5443 826 5511">
    <p class='ocr_par' dir='ltr' id='par_1_169' title="bbox 534 5443 826 5511">
     <span class='ocr_line' id='line_1_172' title="bbox 534 5443 826 5511; baseline 0.003 -16"><span class='ocrx_word' id='word_1_697' title='bbox 534 5456 688 5511; x_wconf 87' lang='lat' dir='ltr'><strong>gnum</strong></span> <span class='ocrx_word' id='word_1_698' title='bbox 708 5443 826 5496; x_wconf 90' lang='lat' dir='ltr'><strong>Dei.</strong></span> 
     </span>
    </p>
   </div>
   <div class='ocr_carea' id='block_1_170' title="bbox 2303 5372 3527 5440">
    <p class='ocr_par' dir='ltr' id='par_1_170' title="bbox 2303 5372 3527 5440">
     <span class='ocr_line' id='line_1_173' title="bbox 2303 5372 3527 5440; baseline -0.003 -12"><span class='ocrx_word' id='word_1_699' title='bbox 2303 5379 2324 5409; x_wconf 83' lang='grc'>²</span> <span class='ocrx_word' id='word_1_700' title='bbox 2361 5377 2469 5430; x_wconf 80' lang='lat' dir='ltr'><strong>Gal.</strong></span> <span class='ocrx_word' id='word_1_701' title='bbox 2486 5378 2580 5428; x_wconf 87' lang='lat' dir='ltr'><strong>nisi</strong></span> <span class='ocrx_word' id='word_1_702' title='bbox 2601 5375 2735 5428; x_wconf 86' lang='lat' dir='ltr'><strong>solus</strong></span> <span class='ocrx_word' id='word_1_703' title='bbox 2755 5374 2915 5440; x_wconf 85' lang='lat' dir='ltr'><strong>Deus,</strong></span> <span class='ocrx_word' id='word_1_704' title='bbox 2941 5373 3088 5440; x_wconf 68' lang='lat' dir='ltr'><strong>Vulg.</strong></span> <span class='ocrx_word' id='word_1_705' title='bbox 3113 5374 3208 5427; x_wconf 89' lang='lat' dir='ltr'><strong>nisi</strong></span> <span class='ocrx_word' id='word_1_706' title='bbox 3227 5385 3355 5426; x_wconf 84' lang='lat' dir='ltr'><strong>unus</strong></span> <span class='ocrx_word' id='word_1_707' title='bbox 3375 5372 3527 5427; x_wconf 87' lang='lat' dir='ltr'><strong>Deus.</strong></span> 
     </span>
    </p>
   </div>
   <div class='ocr_carea' id='block_1_171' title="bbox 1824 5546 2447 5606">
    <p class='ocr_par' dir='ltr' id='par_1_171' title="bbox 1824 5546 2447 5606">
     <span class='ocr_line' id='line_1_174' title="bbox 1824 5546 2447 5606; baseline 0.005 -5"><span class='ocrx_word' id='word_1_708' title='bbox 1824 5546 2192 5605; x_wconf 80' lang='lat' dir='ltr'><strong>BLANCHINI</strong></span> <span class='ocrx_word' id='word_1_709' title='bbox 2219 5546 2447 5606; x_wconf 61' lang='lat' dir='ltr'><strong>NOTAE.</strong></span> 
     </span>
    </p>
   </div>
   <div class='ocr_carea' id='block_1_172' title="bbox 611 5663 1979 5796">
    <p class='ocr_par' dir='ltr' id='par_1_172' title="bbox 611 5663 1979 5796">
     <span class='ocr_line' id='line_1_175' title="bbox 611 5663 1979 5745; baseline -0.006 -19"><span class='ocrx_word' id='word_1_710' title='bbox 611 5672 690 5744; x_wconf 79' lang='lat' dir='ltr'><strong>(a)</strong></span> <span class='ocrx_word' id='word_1_711' title='bbox 715 5671 791 5728; x_wconf 85' lang='lat' dir='ltr'><strong>Ita</strong></span> <span class='ocrx_word' id='word_1_712' title='bbox 812 5679 868 5727; x_wconf 88' lang='lat' dir='ltr'><strong>et</strong></span> <span class='ocrx_word' id='word_1_713' title='bbox 893 5668 1016 5726; x_wconf 91' lang='lat' dir='ltr'><strong>cod.</strong></span> <span class='ocrx_word' id='word_1_714' title='bbox 1041 5669 1198 5726; x_wconf 87' lang='lat' dir='ltr'><strong>Cant.</strong></span> <span class='ocrx_word' id='word_1_715' title='bbox 1227 5669 1562 5745; x_wconf 74' lang='grc' dir='ltr'><strong>προσκαλεσά</strong></span> <span class='ocrx_word' id='word_1_716' title='bbox 1603 5687 1712 5728; x_wconf 72' lang='lat' dir='ltr'><strong>tvo;</strong></span> <span class='ocrx_word' id='word_1_717' title='bbox 1731 5663 1979 5723; x_wconf 60' lang='lat' dir='ltr'><strong>tete...—</strong></span> 
     </span>
     <span class='ocr_line' id='line_1_176' title="bbox 629 5691 1979 5796; baseline -0.001 0"><span class='ocrx_word' id='word_1_718' title='bbox 629 5744 710 5796; x_wconf 80' lang='lat' dir='ltr'><strong>(dl</strong></span> <span class='ocrx_word' id='word_1_719' title='bbox 743 5743 901 5796; x_wconf 84' lang='lat' dir='ltr'><strong>Addit</strong></span> <span class='ocrx_word' id='word_1_720' title='bbox 931 5750 1103 5796; x_wconf 83' lang='lat' dir='ltr'><strong>tuam.</strong></span> <span class='ocrx_word' id='word_1_721' title='bbox 1155 5742 1317 5796; x_wconf 86' lang='lat' dir='ltr'><strong>etiam</strong></span> <span class='ocrx_word' id='word_1_722' title='bbox 1346 5741 1518 5796; x_wconf 77' lang='lat' dir='ltr'><strong>codex</strong></span> <span class='ocrx_word' id='word_1_723' title='bbox 1547 5691 1712 5796; x_wconf 55' lang='lat' dir='ltr'><strong>dum.</strong></span> <span class='ocrx_word' id='word_1_724' title='bbox 1761 5745 1881 5796; x_wconf 87' lang='grc' dir='ltr'><strong>σοῦ.</strong></span> <span class='ocrx_word' id='word_1_725' title='bbox 1914 5767 1979 5781; x_wconf 90' lang='grc'><strong><em>-</em></strong></span> 
     </span>
    </p>
   </div>
   <div class='ocr_carea' id='block_1_173' title="bbox 536 5741 1518 5824">
    <p class='ocr_par' dir='ltr' id='par_1_173' title="bbox 536 5741 1518 5824">
     <span class='ocr_line' id='line_1_177' title="bbox 536 5741 1518 5824; baseline -0.025 -5"><span class='ocrx_word' id='word_1_726' title='bbox 536 5741 710 5824; x_wconf 54' lang='grc' dir='ltr'><strong>-ὲ’(ά)</strong></span> <span class='ocrx_word' id='word_1_727' title='bbox 739 5743 901 5824; x_wconf 53' lang='lat' dir='ltr'><strong>Agidi}</strong></span> <span class='ocrx_word' id='word_1_728' title='bbox 931 5750 1121 5824; x_wconf 44' lang='lat' dir='ltr'><strong>(nam.</strong></span> <span class='ocrx_word' id='word_1_729' title='bbox 1150 5741 1317 5824; x_wconf 66' lang='lat' dir='ltr'><strong>eligin</strong></span> <span class='ocrx_word' id='word_1_730' title='bbox 1342 5741 1518 5824; x_wconf 77' lang='lat' dir='ltr'><strong>codex</strong></span> 
     </span>
    </p>
   </div>
   <div class='ocr_carea' id='block_1_174' title="bbox 1999 5647 3816 5743">
    <p class='ocr_par' dir='ltr' id='par_1_174' title="bbox 1999 5647 3816 5743">
     <span class='ocr_line' id='line_1_178' title="bbox 1999 5647 3816 5743; baseline -0.004 -20"><span class='ocrx_word' id='word_1_731' title='bbox 1999 5665 2079 5743; x_wconf 63' lang='grc' dir='ltr'><strong>(ρὶ</strong></span> <span class='ocrx_word' id='word_1_732' title='bbox 2107 5666 2176 5743; x_wconf 81' lang='lat' dir='ltr'><strong>Et</strong></span> <span class='ocrx_word' id='word_1_733' title='bbox 2203 5667 2275 5743; x_wconf 74' lang='lat' dir='ltr'><strong>ita</strong></span> <span class='ocrx_word' id='word_1_734' title='bbox 2301 5665 2425 5743; x_wconf 82' lang='lat' dir='ltr'><strong>cod.</strong></span> <span class='ocrx_word' id='word_1_735' title='bbox 2454 5663 2627 5743; x_wconf 33' lang='lat' dir='ltr'><strong>Cant.‘</strong></span> <span class='ocrx_word' id='word_1_736' title='bbox 2641 5664 2818 5743; x_wconf 76' lang='grc' dir='ltr'><strong>λέγων.</strong></span> <span class='ocrx_word' id='word_1_737' title='bbox 2838 5661 3012 5743; x_wconf 58' lang='grc' dir='ltr'><strong>ς-ςε)</strong></span> <span class='ocrx_word' id='word_1_738' title='bbox 3031 5660 3115 5743; x_wconf 65' lang='lat' dir='ltr'><strong>ita</strong></span> <span class='ocrx_word' id='word_1_739' title='bbox 3157 5669 3222 5743; x_wconf 84' lang='lat' dir='ltr'><strong>et_</strong></span> <span class='ocrx_word' id='word_1_740' title='bbox 3241 5659 3366 5717; x_wconf 91' lang='lat' dir='ltr'><strong>cod.</strong></span> <span class='ocrx_word' id='word_1_741' title='bbox 3391 5658 3546 5743; x_wconf 65' lang='lat' dir='ltr'><strong>Cant3</strong></span> <span class='ocrx_word' id='word_1_742' title='bbox 3743 5647 3816 5743; x_wconf 53' lang='grc' dir='ltr'><strong>εξξχ</strong></span> 
     </span>
    </p>
   </div>
   <div class='ocr_carea' id='block_1_175' title="bbox 1598 5735 2877 5811">
    <p class='ocr_par' dir='ltr' id='par_1_175' title="bbox 1598 5735 2877 5811">
     <span class='ocr_line' id='line_1_179' title="bbox 1598 5735 2877 5811; baseline 0 -19"><span class='ocrx_word' id='word_1_743' title='bbox 1598 5739 1712 5794; x_wconf 83' lang='lat' dir='ltr'><strong>ulh.</strong></span> <span class='ocrx_word' id='word_1_744' title='bbox 1761 5745 1881 5796; x_wconf 86' lang='grc' dir='ltr'><strong>σοῦ.</strong></span> <span class='ocrx_word' id='word_1_745' title='bbox 1914 5767 1985 5781; x_wconf 87' lang='lat'><strong>—-</strong></span> <span class='ocrx_word' id='word_1_746' title='bbox 2010 5735 2088 5811; x_wconf 67' lang='grc' dir='ltr'><strong>(ἐ)</strong></span> <span class='ocrx_word' id='word_1_747' title='bbox 2138 5737 2307 5811; x_wconf 75' lang='lat' dir='ltr'><strong>Addit</strong></span> <span class='ocrx_word' id='word_1_748' title='bbox 2343 5738 2470 5804; x_wconf 80' lang='lat' dir='ltr'><strong>hoc,</strong></span> <span class='ocrx_word' id='word_1_749' title='bbox 2514 5735 2716 5809; x_wconf 74' lang='lat' dir='ltr'><strong>pariter</strong></span> <span class='ocrx_word' id='word_1_750' title='bbox 2753 5735 2877 5794; x_wconf 90' lang='lat' dir='ltr'><strong>cod.</strong></span> 
     </span>
    </p>
   </div>
   <div class='ocr_carea' id='block_1_176' title="bbox 2969 5724 3818 5807">
    <p class='ocr_par' dir='ltr' id='par_1_176' title="bbox 2969 5724 3818 5807">
     <span class='ocr_line' id='line_1_180' title="bbox 2969 5724 3818 5807; baseline -0.022 -13"><span class='ocrx_word' id='word_1_751' title='bbox 2969 5724 3086 5794; x_wconf 66' lang='lat' dir='ltr'><strong>6th.</strong></span> <span class='ocrx_word' id='word_1_752' title='bbox 3130 5736 3326 5807; x_wconf 78' lang='grc' dir='ltr'>τούτῳ.</span> <span class='ocrx_word' id='word_1_753' title='bbox 3376 5731 3552 5806; x_wconf 79' lang='lat' dir='ltr'><strong>—-(f)</strong></span> <span class='ocrx_word' id='word_1_754' title='bbox 3577 5724 3818 5789; x_wconf 52' lang='lat' dir='ltr'><strong>&#39;Abundlt</strong></span> 
     </span>
    </p>
   </div>
   <div class='ocr_carea' id='block_1_177' title="bbox 538 5807 2470 5888">
    <p class='ocr_par' dir='ltr' id='par_1_177' title="bbox 538 5807 2470 5888">
     <span class='ocr_line' id='line_1_181' title="bbox 538 5807 2470 5888; baseline -0.004 -16"><span class='ocrx_word' id='word_1_755' title='bbox 538 5807 608 5872; x_wconf 72' lang='lat' dir='ltr'><strong>ci.</strong></span> <span class='ocrx_word' id='word_1_756' title='bbox 638 5807 810 5888; x_wconf 46' lang='grc' dir='ltr'><strong>ἔξω)</strong></span> <span class='ocrx_word' id='word_1_757' title='bbox 851 5815 920 5872; x_wconf 83' lang='lat' dir='ltr'><strong>Et</strong></span> <span class='ocrx_word' id='word_1_758' title='bbox 956 5815 1028 5871; x_wconf 87' lang='lat' dir='ltr'><strong>ita</strong></span> <span class='ocrx_word' id='word_1_759' title='bbox 1063 5807 1187 5870; x_wconf 76' lang='lat' dir='ltr'><strong>cdd.</strong></span> <span class='ocrx_word' id='word_1_760' title='bbox 1223 5812 1378 5869; x_wconf 82' lang='lat' dir='ltr'><strong>Cant.</strong></span> <span class='ocrx_word' id='word_1_761' title='bbox 1422 5815 1694 5888; x_wconf 74' lang='grc' dir='ltr'><strong>χρήματα,</strong></span> <span class='ocrx_word' id='word_1_762' title='bbox 1725 5807 2083 5872; x_wconf 78' lang='lat' dir='ltr'><strong>conformiter</strong></span> <span class='ocrx_word' id='word_1_763' title='bbox 2119 5810 2470 5869; x_wconf 81' lang='lat' dir='ltr'><strong>Vercelleusi.</strong></span> 
     </span>
    </p>
   </div>
  </div>
