3934 6332
120 329 205 385 80f

1160 319 1611 380 EVANGELIUM
1652 319 2027 380 SECUNDUM
2066 319 2380 384 MARCUM.

2226 439 2461 498 CODEX
2502 436 2955 499 VERONENSIS.

475 436 706 496 CODEX
737 436 1274 498 VERGELLENSIS.

120 535 241 606 pulis
267 533 374 589 suis
400 571 413 588 .
443 531 612 606 Quam

117 605 334 689 difficile,
366 605 458 677 qui

117 692 375 750 pecuniam

118 749 318 813 habent,
352 749 406 804 in

116 837 263 894 regno
285 821 376 876 Dei

116 890 370 950 intrabunt
389 890 406 946 ι

115 967 192 1024 25.
232 963 303 1037 (a)
329 962 610 1036 Faciliusj-
629 976 720 1021 ca-

117 1037 290 1094 mellus
310 1049 406 1106 per

116 1107 336 1166 foramen
361 1122 417 1162 a-

115 1195 196 1236 cus
224 1181 384 1236 intra-

116 1252 202 1318 bit,
225 1265 376 1322 quam
399 1249 486 1308 di-

115 1339 196 1381 ves
217 1324 267 1378 in
295 1338 414 1394 reg-

116 1410 224 1450 num
250 1395 360 1450 Dei.

115 1465 193 1520 24.
231 1465 495 1549 Discipuli
511 1481 609 1522 au-

118 1549 208 1594 tem
236 1537 306 1610 (b)
335 1537 451 1608 ejus
467 1537 510 1609 -ι-
532 1552 624 1610 pa-

119 1611 292 1666 rebant
315 1610 370 1664 in

118 1681 276 1737 verbis
301 1681 438 1752 ejus.

115 1752 250 1809 lcsus
274 1766 450 1809 autem
477 1769 597 1811 res-

120 1824 354 1894 pondens,
387 1827 487 1882 ite-

120 1912 218 1951 rum
240 1898 310 1952 ait
331 1896 459 1952 illis.

120 1967 292 2039 Filioli,
323 1982 482 2039 quam

119 2038 326 2105 difficile,
341 2038 439 2110 qui

121 2111 344 2180 pecunias
376 2111 472 2168 ha-

120 2183 246 2249 bent,
269 2184 352 2240 vel
382 2198 519 2240 con-

122 2254 319 2312 fidentes
346 2255 398 2310 in

122 2327 202 2410 eis,
229 2328 278 2410 in
303 2341 528 2412 regnum

125 2397 198 2452 Det
233 2407 416 2453 intror-

157 2413 198 2452 el
233 2413 416 2455 11111⁵01·-

123 2468 260 2526 bunt!

121 2540 196 2596 26.
232 2542 308 2598 Ad
334 2542 408 2599 illi
433 2552 592 2602 tanto
619 2558 730 2602 ma-

121 2611 188 2681 gis
213 2613 435 2671 admira-

123 2687 308 2752 bantur,
340 2687 530 2745 dicen-

123 2763 190 2812 tes
209 2757 340 2814 inter
366 2775 426 2817 se
457 2779 472 2815 :

123 2828 177 2882 Et
197 2830 306 2902 quis
327 2840 478 2902 pote-

122 2902 180 2955 rit
208 2901 375 2960 salvus

123 2972 218 3026 fleri
237 2972 258 3026 l

121 3041 194 3097 27.
227 3044 362 3112 Quos
384 3044 610 3104 intuens

121 3113 269 3190 iesus,
304 3117 434 3174 dixit
455 3136 470 3175 :
489 3117 638 3190 Aput

123 3183 338 3261 bomines
357 3190 476 3261 qui-

119 3256 220 3331 dem
240 3256 465 3331 inpossi-

116 3327 202 3402 bile
223 3327 336 3399 est;
363 3340 509 3402 aput

113 3399 249 3458 Deum
275 3399 470 3460 autem

139 3475 337 3532 ossibile
365 3482 485 3532 est.

167 3585 180 3599 .
215 3545 279 3619 Et
301 3546 496 3619 coepit
525 3547 628 3606 Pe-

111 3623 206 3695 trus
228 3617 406 3695 dicere

110 3686 168 3761 illi
193 3705 204 3741 :
235 3690 368 3749 Ecce
396 3705 531 3761 nos,

110 3759 278 3818 relictis
299 3779 412 3819 om-

108 3830 258 3902 nibus,
285 3836 301 3866 ί
327 3851 497 3894 secu-

920 531 963 588 ti
992 547 1182 588 sumus
1214 538 1285 589 te.

917 605 1010 662 29.
1053 601 1414 674 Respondens

916 675 1101 742 Iesus,
1129 675 1302 731 dixit:
1335 677 1510 731 Amen

916 748 1041 804 dico
1061 747 1220 804 vobis
1251 765 1266 802 :

917 819 1111 876 Nemo.
1155 860 1169 874 .
1221 860 1235 874 .

923 893 1013 964 qui
1037 891 1271 964 relique-

923 963 997 1020 rit
1025 963 1268 1030 domum,

923 1047 1016 1091 aut
1043 1035 1264 1103 fratres,

920 1116 1015 1163 aut
1035 1121 1275 1172 sorores,

920 1189 1015 1234 aut
1038 1189 1292 1244 matrem,

919 1260 1012 1306 aut
1040 1251 1204 1315 filios,
1234 1257 1329 1306 aut

920 1336 1082 1392 agros
1103 1336 1268 1377 causa

921 1395 1052 1460 mei,
1085 1403 1140 1449 et
1167 1408 1331 1450 causa

925 1465 1232 1534 Evangelii,

925 1537 1016 1593 50.
1058 1537 1148 1607 qui
1176 1550 1282 1592 non
1308 1551 1396 1595 ac-

924 1609 1091 1680 cipiet
1115 1610 1291 1664 centi-

921 1695 982 1736 es
1011 1690 1218 1736 tantum

924 1753 978 1806 in
1012 1764 1258 1822 tempore

922 1823 1026 1881 hoc
1060 1841 1073 1878 :
1109 1824 1187 1896 (ι’)
1215 1824 1306 1895 qui
1339 1840 1438 1881 au-

922 1905 1030 1951 tem
1060 1898 1294 1966 relique-

922 1968 994 2023 rit
1013 1967 1234 2039 domum
1262 1968 1325 2039 1-,

923 2047 980 2096 et
1007 2038 1226 2104 fratres,

923 2118 978 2166 et
1003 2125 1242 2176 sorores,

924 2190 981 2238 et
999 2191 1254 2249 matrem,

926 2263 982 2310 et
1008 2254 1172 2322 ﬁlios,
1206 2261 1264 2310 et

925 2339 1087 2397 agros
1111 2341 1235 2397 cum

926 2395 1266 2468 persecutio-

926 2469 1107 2526 nibus.
1155 2512 1168 2526 .
1213 2508 1228 2523 .
1262 2469 1316 2526 in

925 2542 1147 2597 saeculo
1173 2555 1304 2598 ven-

926 2622 1051 2669 turo
1072 2614 1238 2668 vitam

925 2694 1206 2741 aeternam

922 2757 1176 2828 accipiet,

924 2829 1076 2885 51..
1123 2871 1138 2884 .
1183 2871 1197 2884 .
1242 2869 1258 2884 .
1304 2837 1536 2887 .autem

925 2911 1086 2974 erunt
1111 2901 1292 2974 primi,

926 2972 1244 3039 novissimi;

925 3055 978 3101 et
1001 3044 1233 3102 novissi-

926 3117 1022 3186 mi,
1057 3115 1241 3187 primi.

923 3189 1017 3246 52.
1062 3189 1232 3244 Erant
1261 3195 1442 3245 autem

919 3261 974 3316 in
1003 3261 1088 3316 via
1115 3275 1313 3317 ascen-

918 3331 1114 3389 dentes
1149 3333 1276 3389 Ilie-

915 3404 1247 3474 rosolymis,;

914 3485 970 3547 et
997 3476 1290 3547 praecede-

918 3546 1011 3602 bat
1038 3563 1133 3604 eos
1155 3547 1337 3615 Jesus,

941 3618 995 3690 g)
1025 3628 1079 3675 et
1104 3619 1147 3690 -ζ-
1170 3621 1459 3690 pavebant.

966 3700 985 3744 t
1010 3690 1306 3748 adsumens

912 3761 1111 3817 iterum
1139 3763 1266 3818 duo-

911 3833 1110 3903 decim,
1138 3849 1255 3891 coe-

1785 532 1984 600 cipulis
2012 532 2160 588 suis:

1783 605 1954 672 Quam
1988 604 2134 660 diffi-

1781 677 1906 741 cile,
1933 677 2023 746 qui
2044 675 2151 747 ,‘pe-

1783 748 1974 803 cunias
2007 748 2105 802 ha-

1791 819 1942 887 bent,
1981 834 2068 875 re-

1791 906 1954 960 gnttm
1981 891 2078 946 Dei

1793 961 2096 1020 introibunt
2121 963 2134 1018 !

1788 1033 1881 1090 25.
1927 1033 2003 1105 (a)
2035 1034 2268 1093 Facilius
2293 1035 2334 1107 -ι-
2361 1044 2446 1093 est

1790 1107 2080 1162 camellum

1788 1192 1887 1249 per
1913 1176 2163 1235 foramen

1788 1263 1920 1305 acus
1945 1250 2179 1307 transire

1786 1336 1950 1392 quam
1989 1322 2212 1378 divitem

1788 1393 2015 1448 introire
2044 1395 2098 1448 in

1787 1479 2013 1536 regnum
2045 1464 2160 1520 Dei.

1785 1535 1878 1591 24.
1927 1536 2187 1607 Discipuli
2219 1550 2308 1592 au-

1790 1616 1897 1663 tem
1931 1605 2008 1679 (b)
2037 1605 2154 1678 ejus
2177 1607 2215 1680 οξ·

1787 1681 2058 1748 pavebant
2088 1681 2142 1735 in

1786 1750 1969 1806 verbis
1998 1752 2137 1820 ejus.

1787 1821 1870 1878 Ad
1896 1822 2057 1878 Jesus
2088 1837 2278 1878 rursus

1786 1895 1862 1949 ait
1887 1894 1994 1951 illis
2029 1912 2042 1948 :
2089 1894 2290 1958 Filioli,

1787 1981 1948 2035 quam
1971 1965 2198 2022 difficile

1787 2047 1890 2105 est,
1925 2037 2207 2094 confiden-

1791 2117 1872 2164 tes
1895 2109 1947 2164 in
1982 2109 2228 2180 pecuniis

1793 2180 1844 2253 in
1878 2196 2103 2253 regnum

1789 2251 1885 2308 Dei
1910 2251 2138 2310 introire
2164 2255 2178 2308 !

1788 2323 1880 2396 26.
1921 2323 2090 2396 Magis
2119 2336 2300 2384 autem

1789 2395 2223 2462 admirabantur,

1790 2467 2035 2524 dicentes
2062 2469 2130 2523 ad
2160 2484 2249 2526 se-

1791 2540 2054 2610 metipsos
2079 2557 2092 2594 :
2128 2541 2197 2597 Et

1790 2611 1912 2682 quis
1939 2612 2142 2681 poterit

1787 2684 1881 2739 27.
1922 2685 2104 2739 salvus
2131 2683 2298 2741 ﬁeri?
2330 2685 2400 2742 Et

1786 2757 2010 2811 intuens
2041 2755 2169 2812 illos

1786 2826 1968 2894 Jesus,
2001 2829 2080 2882 ait
2109 2845 2123 2882 :

1787 2900 1933 2972 Aput
1955 2899 2133 2972 homi-

1787 2969 1885 3028 nes
1913 2969 1983 3043 (c)
2015 2971 2170 3042 hoc-j‘

1788 3043 2128 3114 impossibile

1784 3124 1911 3182 est;
1942 3123 2074 3186 aput

1786 3187 1958 3244 Deum
1986 3198 2170 3243 autem

1784 3260 1964 3315 omnia
2000 3259 2231 3330 possibi-

1782 3330 1852 3386 lia
1887 3340 2039 3387 sunt.

1781 3403 1873 3458 28.
1915 3403 1982 3459 Et
2004 3394 2314 3475 coepitﬁ’e-

1785 3485 1902 3530 trus
1928 3476 1977 3530 ei
2001 3476 2184 3532 dicere
2219 3493 2232 3530 :

1784 3547 1927 3603 Ecce
1954 3563 2059 3603 nos
2086 3547 2215 3604 mis-

1781 3634 1902 3675 sum
1928 3619 2160 3675 fecimus

1781 3690 1967 3746 omnia
1991 3698 2198 3759 nostra,

1781 3771 1837 3818 et
1866 3764 2036 3818 secuti
2071 3777 2162 3817 su-

1782 3850 1910 3907 mus
1935 3843 2014 3907 te.
2045 3833 2124 3907 (ά)
2151 3833 2290 3901 Quid

2622 535 2777 588 nobis
2803 533 2909 590 erit
2931 533 2999 605 1'?

2617 608 2709 663 29.
2755 605 3116 674 ReSpondens

2613 677 2798 745 Jesus,
2831 679 2945 732 ait:
2974 678 3153 736 Amen

2621 750 2746 806 dico
2773 749 2929 805 vobis
2953 768 2968 804 :

2619 821 2799 894 Nemo
2818 829 2926 894 est,
2952 822 3061 894 quif

2622 891 2698 966 (e)
2729 891 3012 966 reliquerit
3039 893 3078 966 -ι-

2627 975 2862 1036 patrem,
2896 973 2991 1022 aut

2627 1045 2883 1106 matrem,
2912 1045 3005 1095 aut

2625 1107 2844 1174 fratres,
2869 1117 2962 1165 aut

2623 1194 2868 1249 sorores,
2898 1191 2991 1238 aut
3020 1182 3086 1237 ﬁ-

2623 1251 2726 1308 lios
2755 1261 2978 1322 propter
3001 1269 3114 1321 me,

2618 1333 2674 1378 et
2697 1336 2919 1395 propter

2621 1395 3001 1478 gyangelium,

2621 1466 2712 1523 30.
2754 1466 2843 1539 qui
2873 1483 2981 1524 non
3007 1470 3154 1527 acci-

2622 1539 2735 1609 piat
2764 1541 2970 1598 centies

2625 1619 2836 1666 tantum
2869 1629 3015 1668 nunc

2624 1681 2678 1755 in
2713 1691 2961 1755 tempore

2625 1753 2730 1809 hoc
2759 1772 2772 1808 :

2627 1824 2709 1896 (ί)
2739 1826 2830 1896 qui
2858 1835 3039 1885 autem

2625 1898 2906 1968 reliquerit
2931 1900 3032 1957 do-

2625 1983 2774 2023 mum
2803 1968 2867 2040 -j-,
2899 1981 2996 2027 aut

2623 2049 2878 2111 parentes
2895 2082 2910 2108 ,
2942 2052 2999 2099 et

2624 2125 2867 2180 sorores,
2899 2123 2956 2170 et

2624 2181 2845 2251 fratres,
2874 2195 2930 2242 et

2625 2265 2880 2323 matrem,
2903 2265 2960 2315 et

2625 2327 2788 2396 filios,
2819 2340 2876 2385 et

2624 2413 2786 2471 agros
2818 2401 2873 2454 in

2623 2472 2961 2542 persecutio-

2628 2543 2811 2611 nibus,
2841 2544 2895 2599 in
2925 2561 3066 2603 aevo

2624 2625 2858 2671 venturo
2888 2617 2968 2672 vi-

2626 2695 2734 2742 tam
2759 2695 3039 2745 aeternam

2623 2758 2880 2814 accipiet.

2623 2831 2714 2886 3i.
2755 2831 2906 2887 Multi
2929 2839 3112 2890 autem

2623 2910 2786 2973 erunt
2810 2903 3012 2973 primi,

2624 2971 2914 3030 novissimi
2933 2991 2949 3040 ;

2623 3053 2682 3102 et
2703 3046 3021 3113 novissimi,

2624 3118 2811 3185 primi.

2619 3190 2712 3245 '52.
2753 3189 2927 3246 Erant
2954 3197 3137 3249 autem

2617 3261 2674 3317 in
2701 3263 2788 3316 via
2811 3277 3008 3319 ascen-

2617 3332 2816 3390 dentes
2854 3334 2986 3390 Hie-

2619 3406 2895 3474 rosolyma
2918 3447 2933 3471 ,
2967 3416 3020 3462 et

2619 3478 2985 3548 praecedebat

2619 3565 2715 3605 eos
2737 3549 2923 3616 Jesus,

2616 3621 2692 3694 (9)
2718 3629 2774 3678 ει
2795 3621 2841 3694 t
2863 3636 3026 3692 pave-

2616 3693 2769 3748 bant.
2803 3693 2872 3748 Et

2616 3763 2911 3821 adsumens
2939 3765 3065 3824 illos

2618 3849 2712 3890 xu.
2746 3837 2928 3907 coepit

3281 321 3394 384 802

1378 3905 1614 3962 CODEX
1652 3904 2052 3962 BRIXIANUS.

106 3999 268 4076 cipulis
321 4006 464 4060 suis.
515 4004 687 4071 Quam
729 4003 950 4061 difficile
993 4005 1084 4076 qui
1147 4003 1404 4075 pecunias
1455 4003 1680 4060 habent.
1786 4018 1976 4060 sumus
2009 4012 2082 4076 te.
2119 4003 2330 4070 Quibus
2360 4003 2700 4076 respondens
2739 4004 2900 4061 Jesus
2940 4006 3036 4062 ait.
3065 4006 3239 4064 Amen
3269 4007 3396 4066 dico

106 4070 148 4147 in
175 4090 379 4145 regnum
410 4078 517 4132 Dei
542 4070 873 4133 introibunt.
921 4070 1178 4147 Discipuli
1218 4087 1398 4130 autem
1443 4076 1520 4147 (b)
1563 4081 1680 4144 ejus
1786 4077 1965 4131 vobis.
2000 4075 2172 4130 Nemo
2199 4085 2279 4130 est
2314 4076 2403 4145 qui
2447 4070 2720 4146 relinquat
2761 4077 3003 4133 domum.
3047 4091 3138 4134 aut
3174 4080 3391 4138 fratres.

106 4141 493 4220 fmir'abantur
520 4150 573 4203 in
604 4151 782 4203 verbis
821 4149 960 4220 ejus.
1001 4141 1082 4204 Δι’
1107 4149 1286 4204 Jesns.
1330 4141 1524 4203 iterum
1565 4141 1681 4220 res-
1787 4157 1878 4203 aut
1918 4163 2160 4220 sorores.
2204 4156 2299 4202 aut
2334 4141 2568 4220 matrem
2610 4141 2706 4202 aut
2736 4158 2967 4219 patrem.
3003 4161 3096 4207 aut
3135 4167 3388 4209 uxorem.

107 4217 338 4296 ponderis.
367 4219 612 4296 aituillis.
640 4220 819 4276 Filioli
845 4217 1007 4296 quam
1031 4220 1256 4296 difficile
1284 4229 1368 4296 est
1398 4219 1683 4296 confidcn-
1785 4227 1878 4296 aut
1908 4219 2068 4296 filios.
2104 4228 2198 4274 aut
2237 4219 2614 4296 possessiones
2657 4217 2881 4296 prepter
2923 4237 3028 4296 nte.
3076 4232 3130 4279 et
3174 4235 3395 4296 prepler

107 4294 170 4341 les
193 4289 248 4364 in
267 4292 620 4364 pecuniis.in
649 4288 876 4364 regnum
901 4292 999 4348 Dei
1029 4294 1275 4348 introire.
1306 4291 1546 4347 Facilius
1572 4300 1676 4348 est.
1784 4291 2161 4362 Evangelinm.
2211 4288 2305 4364 qui
2348 4306 2454 4344 non
2499 4288 2732 4364 accipiat
2764 4288 3095 4363 centuplum
3143 4288 3291 4353 nunc
3338 4296 3394 4353 in

105 4363 340 4436 camelum
382 4379 487 4434 per
532 4361 773 4420 foramen
805 4379 935 4420 acus
968 4364 1221 4420 transire.
1258 4379 1420 4436 quam
1450 4364 1676 4419 divitem
1785 4361 2032 4434 tempore
2071 4364 2198 4436 isto.
2232 4361 2438 4417 domos
2478 4373 2532 4418 et
2570 4361 2786 4419 fratres.
2830 4374 2885 4420 et
2916 4361 3157 4423 sorores.
3190 4377 3247 4422 et
3275 4382 3394 4423 ma-

103 4427 277 4508 intrare
306 4436 357 4490 in
383 4427 623 4508 regnum
653 4435 774 4493 Dei.
806 4436 888 4492 Ad
921 4436 1094 4508 illiieo
1122 4427 1357 4508 amplius
1399 4437 1678 4508 miraban-
1785 4427 1959 4508 trem.
1989 4444 2056 4508 et
2093 4434 2258 4489 filios.
2300 4443 2360 4508 et
2401 4449 2582 4506 agros.
2625 4450 2748 4491 eum
2799 4440 3287 4506 persecutionibus.
3337 4440 3393 4496 in

105 4507 200 4579 tur.
230 4503 484 4579 dicentes
513 4508 580 4563 ad
619 4508 967 4579 semetipsos.
1001 4507 1072 4562 Et
1101 4503 1231 4579 quis
1265 4517 1443 4576 potest
1489 4507 1673 4562 salvus
1783 4507 2004 4563 saeculo
2034 4505 2219 4562 futuro
2247 4503 2768 4579 Avilam'aeternam.
2799 4503 2968 4565 'Multi
3007 4521 3188 4568 autem
3229 4519 3395 4568 erunt

104 4571 219 4651 ﬁeri.
259 4576 324 4633 Et
363 4580 586 4636 intuens
625 4593 718 4635 eos
758 4571 938 4636 Iesus.
974 4571 1396 4651 Aput'honiines
1428 4579 1682 4649 impossi-
1783 4579 1944 4650 primi
1975 4577 2280 4651 novissimi.
2310 4580 2672 4651 etnmissimi
2703 4580 2882 4651 primi.

103 4643 237 4727 sibile
273 4651 568 4727 est.__apud
615 4651 780 4708 Deum
821 4659 1003 4727 autem
1025 4643 1309 4727 'possibile
1349 4660 1454 4706 est.
1486 4643 1677 4727 omnia
1785 4643 1800 4650 “
1854 4652 2024 4706 Erant
2044 4659 2225 4727 autem
2246 4649 2304 4727 in
2332 4649 2440 4727 via.
2469 4643 2910 4727 ascendentesin
2932 4651 3389 4727 Hierosolymam.

102 4716 224 4796 epim
249 4716 526 4796 possibilia
552 4735 676 4781 sunt
698 4725 839 4796 apud
870 4716 1062 4796 Deum:
1080 4723 1466 4793 Coepitautem
1486 4722 1678 4796 Petrus
1782 4722 2218 4796 etpraecedebat
2243 4721 2369 4778 illos
2389 4721 2664 4796 .l_esus._et
2689 4723 3046 4796 mirabantur.
3077 4734 3133 4782 et
3150 4716 3390 4796 sequen-

102 4783 267 4850 αἰθενὲ
298 4794 373 4852 ei.
418 4795 562 4854 Ecce
603 4809 705 4854 nos
733 4783 1052 4853 'dimisimus
1092 4783 1296 4853 omnia.
1327 4803 1381 4852 et
1421 4795 1673 4866 sequenti
1783 4783 1867 4851 tes
1913 4811 2040 4852 eum
2071 4793 2357 4851 timebant.
2407 4793 2478 4850 Et
2528 4793 2825 4852 adsumens
2864 4795 3061 4853 iterum
3099 4783 3391 4856 duodecim

1367 4887 1601 4946 CODEX
1630 4885 2103 4946 CORBEIENSIS.

1864 4982 1958 5039 28.
1989 4983 2129 5040 Ecce
2155 4997 2257 5040 nos
2284 4984 2510 5040 missum
2541 4981 2772 5041 fecimus
2797 4985 3004 5055 omnia,
3028 4996 3134 5044 etc.

1866 5057 2115 5112 50.nunc
2136 5055 2190 5110 in
2216 5055 2319 5113 hoc
2345 5067 2592 5130 tempore
2618 5074 2630 5110 :
2659 5059 2750 5128 qui
2777 5066 2956 5114 autem
2984 5058 3386 5130 reliqueritdo-

1793 5143 1966 5194 mum,
1995 5137 2049 5183 et
2075 5143 2318 5196 sorores,
2349 5138 2399 5184 et
2430 5129 2650 5194 fratres,
2680 5140 2733 5184 et
2754 5141 3006 5199 matrem,
3037 5129 3250 5187 etfilios
3264 5147 3390 5191 cum

1795 5201 2292 5275 persecutionibus,
2310 5200 2620 5275 inventum
2648 5199 2813 5257 vitam
2843 5211 3125 5259 aeternam
3140 5205 3389 5275 accipiet.

1861 5273 1967 5348 332;
1978 5272 2337 5348 praecedebat
2355 5272 2478 5330 illos
2500 5271 2529 5330 .l
2536 5287 2683 5342 esus,
2703 5283 2761 5330 et
2786 5275 3053 5346 pavebant
3075 5271 3390 5348 sequentes.

1330 5343 1731 5403 VARIANTES
1770 5344 2062 5401 LECTION
2072 5345 2171 5402 ES.

157 5425 170 5456 ¹
205 5427 303 5482 Gut.
327 5438 486 5488 secuti
507 5451 676 5490 sumus
696 5443 767 5491 te.
794 5437 924 5499 Quid
948 5450 1070 5503 ergo
1106 5440 1202 5490 erit
1247 5439 1424 5490 nobis?
1464 5439 1808 5505 ReSpondens.
1842 5437 1990 5506 Vulg.
2019 5439 2181 5491 secuti
2203 5451 2372 5491 sumus
2395 5447 2466 5493 te.
2492 5438 2836 5506 Respondeas.

1397 5521 1768 5579 BLANCHINI
1805 5521 2038 5579 NOTAE.

168 5607 239 5697 (a)
267 5611 420 5697 ilunc
444 5633 660 5697 versum
688 5618 845 5691 ponit
870 5628 998 5676 ante
1021 5617 1267 5697 vers._9_4_
1287 5619 1451 5675 etiam
1480 5618 1602 5697 eod.
1631 5616 1954 5697 ςὶξιημ-ςυν)Δ
1977 5620 2307 5697 Additeius,
2336 5620 2651 5697 etiamcod.
2676 5620 2834 5697 Cant.
2855 5623 3199 5697 _m‘mﬁ.—(c)
3227 5623 3392 5683 Addit

111 5673 334 5764 φρέιξοα.
360 5673 573 5762 φωτί...
603 5673 762 5764 ωδ..
791 5673 1539 5763 ..θύμωλαωῑήῃάηεά
1561 5691 1707 5746 ηοω.
1727 5673 2053 5747 συνοίει...
2071 5673 3388 5764 intemeratae:animum:assistam};

110 5754 469 5842 ξςξᾼΜηιιΙιεροίζ
486 5754 558 5805 '—
589 5764 665 5842 (e)
710 5763 840 5842 Ijost
882 5754 1174 5842 reliquerit,
1204 5754 1654 5842 deest'tlomum,
1703 5765 1908 5842 pariter
1934 5765 1986 5842 in
2016 5764 2138 5842 god.
2167 5763 2324 5842 Cant.
2354 5795 2426 5807 —-
2454 5754 2717 5842 (“Addit
2759 5769 2848 5839 qui
2887 5779 3057 5842 autem
3099 5754 3393 5842 reliquerit,

109 5828 409 5918 ffiantcod.
431 5828 772 5918 Caleﬁg‘dé
790 5828 1002 5918 ᾲφῇκεγξ
1033 5835 1168 5918 Ibid.
1203 5836 1363 5918 habet
1390 5828 1825 5918 domuumeiiam
1854 5836 1977 5918 cod.
2008 5835 2371 5918 Cantaolxiay.
2405 5828 2576 5918 οτῖίς)
2614 5837 2742 5896 Post
2771 5828 2862 5908 ἐι,
2904 5840 3059 5899 deest
3095 5828 3389 5918 stupebant;

110 5899 151 5945 οι
191 5912 462 5970 sequentes.
502 5907 638 5968 Cod.
667 5899 994 5982 Cant.'legit
1028 5910 1112 5967 καὶ
1138 5909 1531 5972 ἀκολουθοῦντες
1562 5899 1861 5986 ἐφοϐοῦντο,
1891 5917 1939 5965 et
1977 5917 2273 5981 sequentes,
2303 5899 2567 5968 timebariil

275 4978 536 5056 Discipuli
565 4998 700 5040 vero
727 4982 846 5056 ejus
874 4984 1168 5055 pavebant.

171 5045 306 5132 lien.
331 5045 1077 5132 2_.’§_.'_omittt‘lur,"aul'potius
1115 5067 1230 5128 post
1255 5071 1367 5113 vers
1393 5055 1485 5112 25.
1517 5064 1687 5112 (rans-

105 5123 307 5185 pom'tur.
353 5123 483 5182 Vide
511 5144 642 5184 vers.
675 5127 769 5184 25.

160 5191 244 5273 27.
273 5197 448 5273 Apud“
475 5199 725 5273 homines
775 5200 1118 5272 impossibile
1161 5209 1280 5269 est;
1324 5201 1464 5273 apud
1510 5202 1676 5258 Deum

103 5270 261 5320 autem
289 5270 561 5337 possibile.
