3934 6332
153 336 242 392 8l'.’

150 545 271 618 Quid
303 561 383 603 me
404 552 582 618 temp-

151 617 298 676 talis?
326 617 528 674 adferte

153 692 266 746 milii
290 690 493 746 denari-

152 779 248 830 um,
278 773 331 818 ut
360 761 508 816 vide-

153 829 241 890 16.
265 849 364 888 am.
396 829 584 904 Adjlli
611 829 690 904 (α)
719 838 799 886 at-

151 908 368 963 tulerunt
387 903 446 975 1-.
481 903 550 958 Et

147 979 208 1033 ait
235 977 334 1032 illis
364 994 377 1030 :
403 975 570 1048 Cujus

145 1059 216 1104 cst
241 1051 406 1120 imago
421 1088 437 1112 .

143 1131 190 1176 et
213 1120 432 1190 inscrip-

144 1193 245 1247 tio?
275 1193 530 1248 Dixerunt
561 1211 574 1246 :

145 1263 388 1319 (laesaris.

141 1337 217 1390 l7.
254 1335 604 1406 Respondens

141 1417 300 1462 autem
326 1407 486 1465 Jesus
511 1450 528 1476 ,

140 1479 258 1534 dixit
283 1478 387 1534 illis
425 1497 440 1534 :

139 1549 344 1606 Reddite
372 1549 472 1621 igi-

139 1633 230 1692 tur,
255 1637 387 1694 quae
416 1621 552 1680 Cae-

139 1699 256 1749 saris
279 1704 402 1751 sunt
418 1736 436 1763 ,

135 1767 347 1827 Caesari,
385 1780 442 1822 et
460 1809 476 1832 ,

135 1853 253 1906 quae
280 1839 368 1894 Dei
399 1849 560 1908 sunt,

139 1910 248 1964 Deo.
277 1910 342 1965 Et
371 1911 542 1967 mira-

136 1980 307 2036 bantur
332 1997 422 2037 su-

137 2053 209 2107 18.
246 2069 334 2124 per
361 2071 512 2111 eum.
545 2055 614 2112 Et

134 2135 376 2182 venerunt

135 2194 405 2254 Sadducaei

135 2271 188 2342 ad
217 2270 386 2338 illum;
419 2273 514 2342 qui

134 2339 315 2408 dicunt,
347 2339 452 2399 non

133 2425 234 2467 esse
267 2429 440 2470 1³68111⁵-

135 2488 400 2542 rectionem
435 2505 449 2543 :

134 2563 180 2609 et
204 2559 420 2614 interro-

134 2637 300 2694 gabant
329 2645 448 2686 cum
469 2671 488 2698 ,

135 2699 205 2755 19.
242 2703 475 2760 dicentes
511 2720 527 2758 :
557 2701 660 2758 Ma-

131 2773 294 2840 gister,
323 2773 468 2847 Moy-

133 2856 206 2916 ses
229 2847 435 2916 scripsit

133 2915 265 2971 nobis
283 2961 296 2982 ,
329 2915 416 2986 ut,
449 2917 502 2973 si

133 2988 262 3057 cujus
289 2989 385 3044 fra-

135 3067 202 3112 ter
224 3061 461 3118 decesse-

132 3129 222 3206 rit,
249 3133 321 3206 (ὁ)
349 3143 403 3188 et
431 3132 646 3206 habue-

133 3202 424 3277 rit‘uxo'rem
451 3205 526 3277 αι’,

132 3283 175 3325 et
201 3275 350 3332 lilium
378 3275 488 3332 ιιοιι

134 3345 380 3416 reliquerit
399 3394 414 3418 ,

133 3425 176 3492 ct
199 3420 412 3492 accipiat

133 3487 278 3546 frater
305 3487 410 3547 illi-

134 3573 184 3614 IIS
209 3577 419 3620 uxorem

131 3632 228 3698 ejus
246 3677 260 3700 ,
291 3646 344 3690 et
367 3651 459 3692 re-

131 3709 326 3761 suscitat
350 3724 436 3764 se-

130 3789 232 3830 ntcu
260 3778 406 3834 fratri

129 3857 230 3901 $th.

129 3917 205 3974 20.
231 3922 242 3952 ¹
271 3922 434 3980 Erant
465 3931 652 3980 autem

129 3989 190 4068 (ε)
215 4003 333 4062 aput
362 4013 460 4053 nos
482 3996 524 4068 -ί-
549 4011 644 4053 vn.

129 4059 297 4122 fratres
319 4085 334 4136 ;
364 4077 420 4124 et

191 4320 396 4397 Mutilus
443 4333 522 4379 est
565 4323 660 4379 hoc
692 4325 805 4380 loro
835 4325 1000 4380 cor/ea:
1037 4334 1310 4397 argenteus
1339 4326 1540 4397 integro
1573 4341 1703 4394 qua-

131 4395 334 4450 ternione
357 4413 375 4462 ;
401 4413 537 4468 quae
572 4398 708 4452 enim
737 4398 951 4469 legimus
989 4398 1042 4452 in
1079 4395 1320 4470 Vulgatis
1355 4416 1386 4451 α
1413 4395 1542 4467 top.
1578 4413 1659 4452 xn
1689 4439 1704 4465 ,

187 4651 270 4729 26.
299 4655 588 4729 {Fuerunt
616 4671 748 4728 ergo
775 4656 918 4728 apud
951 4672 1051 4712 nos
1073 4657 1119 4729 ἰ-
1145 4665 1355 4729 septem
1387 4655 1606 4712 fratres.

955 400 958 404 ’
1161 328 1608 389 EVANGELIUM
1650 329 2021 390 SECUNDUM
2061 331 2378 390 MARCUM.

508 446 740 506 conex
781 403 1332 508 VERCELLENSIS.

957 543 1123 614 prior,
1157 557 1349 614 accep-

955 613 1007 670 ta
1035 630 1225 677 uxore.
1253 613 1349 670 de-

954 688 1140 755 cessit,
1173 697 1227 741 et
1257 700 1363 742 non

957 759 1176 831 reliquit
1204 773 1290 831 se:

956 833 1052 886 2l.
1078 829 1240 886 'men.
1271 829 1339 885 Et
1366 843 1452 884 sc-

958 917 1132 974 quens
1161 917 1315 958 acce-

959 977 1037 1045 pit
1067 975 1237 1040 illam,
1270 982 1325 1030 et

957 1045 1192 1102 decessit
1216 1062 1230 1112 ;
1259 1055 1316 1101 et

958 1133 1059 1174 nec
1090 1119 1176 1174 hic
1205 1134 1294 1172 rc-

955 1190 1124 1262 liquid
1155 1203 1364 1246 semen.

954 1262 1024 1316 Et
1053 1264 1244 1318 tertius

953 1333 1046 1388 22.
1087 1333 1356 1389 similiter.
1391 1335 1496 1390 Ac-

953 1417 1216 1478 ceperunt

955 1493 1074 1532 eam
1108 1493 1201 1532 νιι.
1233 1487 1288 1534 8|.
1318 1492 1424 1533 non

954 1549 1292 1621 reliquerunt

953 1637 1163 1678 semen.
1198 1623 1351 1676 Post-

952 1709 1016 1748 ea
1049 1704 1104 1750 et
1131 1695 1330 1750 mulier

949 1765 1204 1821 defuncta

947 1838 1038 1892 25.
1082 1846 1186 1893 est.
1219 1837 1277 1893 ln
1313 1855 1590 1897 resurrec-

950 1912 1098 1966 tione
1125 1925 1286 1980 ergo,

947 1997 1070 2037 cum
1103 1997 1286 2038 resur-

947 2055 1182 2121 rexerit,
1215 2070 1308 2110 cu-

944 2126 1034 2196 jus
1062 2126 1276 2181 illorum

949 2199 1055 2253 erit
1082 2200 1262 2253 uxor?

950 2285 1044 2326 vn.
1075 2272 1218 2326 enim
1250 2270 1340 2328 ha-

948 2342 1187 2398 buerunt
1220 2343 1284 2397 il-

949 2415 1054 2468 lam
1086 2431 1333 2470 uxorem.

947 2485 1039 2540 24.
1091 2485 1444 2556 llespondens

947 2567 1129 2615 autem
1157 2559 1314 2614 Jesus
1335 2601 1350 2627 ,

946 2631 1084 2684 dixit
1112 2631 1192 2684 eis
1228 2647 1240 2685 :
1277 2631 1446 2702 Prop-

947 2712 1029 2758 ter
1058 2703 1164 2758 hoc
1194 2718 1282 2758 er-

945 2775 1098 2840 ratis,
1131 2776 1304 2830 nesci-

943 2855 1102 2902 entes
1135 2846 1318 2916 Scrip-

946 2927 1096 2972 turas
1113 2960 1128 2984 ,
1161 2933 1338 2989 neque

944 2991 1201 3044 virtutem

942 3061 1034 3116 25.
1079 3061 1198 3118 Dei.
1231 3061 1364 3119 Cum
1391 3061 1536 3118 enim

943 3149 970 3187 a
1006 3136 1237 3188 mortuis

943 3220 1260 3262 I'CSIII‘I'CXC-

945 3278 1056 3333 rint
1081 3320 1096 3344 ,
1123 3293 1223 3333 nec
1249 3295 1348 3334 nu-

945 3349 1113 3417 bunt,
1147 3365 1248 3406 nec

945 3422 1242 3488 nubuntttr,

946 3494 1043 3550 sed
1069 3494 1086 3524 ¹
1117 3503 1272 3555 sunt,
1308 3501 1424 3548 tan-

945 3581 1106 3634 quam
1139 3567 1316 3636 Ange-

943 3637 1036 3694 26.
1081 3637 1116 3691 li
1149 3639 1203 3692 in
1233 3636 1420 3693 caelis.
1457 3637 1533 3692 De

945 3711 1180 3765 mortuis
1205 3725 1301 3763 au-

946 3792 1078 3848 tem,
1107 3781 1236 3852 quia
1268 3796 1352 3836 re-

939 3863 1172 3924 surgunt
1191 3895 1208 3921 ,
1243 3868 1350 3908 non

941 3925 1151 3996 legistis
1183 3927 1234 3980 itt
1266 3926 1328 3978 li-

941 3997 1041 4051 ltro
1071 3997 1241 4069 Moysi
1265 4037 1280 4060 ,

940 4069 1008 4124 de
1039 4071 1175 4125 rubo
1199 4083 1334 4140 quo-

3328 332 3440 389 818

2261 451 2499 510 CODEX
2529 453 2983 512 VEBONENSIS.

1829 544 1968 615 Quid
1999 562 2088 602 me
2101 551 2108 558 ”
2121 555 2256 602 tem-

1829 619 2028 686 ptatis?
2057 619 2264 676 adferte

1830 690 1962 746 mihi
1992 689 2274 746 denarium
2293 735 2308 760 ,

1830 769 1888 814 ut
1917 762 2154 817 videam.

1833 833 1921 889 te.
1963 831 2042 888 Ad
2075 835 2150 907 illi
2183 833 2262 907 (α)
2297 833 2393 890 ad-

1829 907 2070 978 tulerunt
2097 905 2158 978 'j'.

1829 977 1921 1032 Ait
1948 978 2054 1033 illis
2091 977 2241 1032 τευ-

1823 1049 1914 1118 jus
1941 1059 2023 1105 cst
2050 1048 2167 1122 (sic)
2199 1050 2360 1119 ligula

1828 1122 1984 1186 ltaec,
2014 1131 2068 1178 et
2097 1122 2291 1178 inscri-

1827 1195 1985 1260 ptio?

1833 1265 2024 1320 Dicunt
2058 1265 2133 1320 illi
2159 1282 2176 1322 :

1825 1334 2093 1392 Caesaris.

1828 1409 1917 1464 17.
1960 1409 2318 1479 Respondeas

1823 1490 2002 1536 autem
2035 1481 2224 1550 Jesus,

1823 1551 1959 1607 dixit
1993 1553 2099 1608 illis
2133 1572 2146 1608 :

1821 1622 2052 1681 Reddite
2081 1625 2275 1698 igitur,

1821 1709 1962 1766 quae
1988 1709 2112 1751 sunt
2140 1702 2274 1754 Cac-

1821 1769 1982 1834 saris,
2012 1768 2234 1824 Caesari
2252 1813 2265 1834 .

1821 1849 1875 1893 et
1893 1883 1906 1904 ,
1941 1856 2082 1910 quae
2113 1853 2239 1896 sunt

1823 1912 1956 1980 Dei,
1991 1914 2120 1969 Deo.
2151 1915 2216 1968 Et

1820 1982 2157 2040 tnirabantur

1820 2054 2172 2112 vehementer

1821 2127 1874 2180 in
1908 2144 2229 2198 responsum

1819 2199 1960 2266 ejus.

1821 2271 1908 2325 18.
1955 2272 2020 2327 Ει
2049 2281 2319 2328 venerunt

1819 2345 1884 2395 atl
1916 2361 1980 2398 eu
1990 2362 2036 2398 ιιι
2069 2345 2202 2400 Sati-

1819 2415 1976 2470 tlttcei
1999 2433 2014 2480 ;
2045 2418 2136 2488 qui

1817 2488 2038 2554 dicunt,
2073 2505 2180 2543 nott

1818 2575 1940 2615 CSSO
1977 2575 2193 2616 resurre
2205 2595 2220 2604 -

1816 2635 2052 2687 ctionctn
2081 2651 2094 2686 :
2126 2641 2182 2686 et

1818 2704 2228 2774 interrogabant

1817 2791 1938 2828 cum
1961 2818 1976 2838 ,
2009 2777 2193 2830 dicen-

1819 2846 1905 2902 19.
1951 2857 2030 2902 tes
2061 2865 2074 2902 :
2106 2847 2357 2919 Magister
2379 2885 2393 2912 ,

1815 2919 2031 2974 Moeses
2057 2921 2218 2974 nobis

1814 2992 2038 3061 scripsit
2057 3035 2071 3058 ,
2107 3001 2166 3046 ut
2185 3033 2200 3057 ,
2231 2990 2276 3044 si

1815 3063 1972 3132 cujus
2001 3063 2168 3118 frater

1813 3135 2146 3200 decesserit,

1814 3207 1892 3278 (b)
1923 3217 1977 3262 et
2007 3207 2258 3262 habuerit

1817 3294 2039 3334 uxorem
2069 3279 2133 3350 δικ

1814 3360 1866 3406 ct
1907 3351 2047 3406 filios
2077 3366 2184 3406 non

1815 3423 2136 3494 reliquerit,

1814 3502 1870 3548 et
1896 3496 2128 3564 accipiat

1815 3565 1984 3622 frater
2011 3582 2240 3623 uxorem

1815 3638 1934 3707 ejus
1954 3681 1970 3704 ,
2001 3649 2055 3693 et
2087 3653 2232 3694 resu-

1814 3711 1977 3765 scitet
2004 3726 2191 3766 semen

1815 3779 1968 3836 fratri
2001 3797 2120 3836 suo.

1812 3853 1902 3905 20.
1947 3853 2192 3908 Fuerunt
2217 3867 2346 3923 ergo

1814 3925 1891 3996 (c)
1915 3935 2044 3994 aput
2075 3941 2176 3981 nos
2203 3925 2240 3996 ἰ’

1815 4007 2022 4066 septem
2053 3996 2159 4052 fra-

1817 4077 1958 4137 tres;
1993 4079 2048 4124 et
2077 4071 2187 4140 pri-

1419 4183 1654 4242 CODEX
1695 4185 2092 4243 BRIXIANUS.

2666 564 2787 604 mus
2816 549 3029 619 accepit

2664 636 2914 688 uxorem,
2955 631 3012 676 et

2665 705 2911 748 mortuus
2942 705 3024 748 est
3044 735 3060 762 ,

2669 779 2777 819 non
2811 766 3002 820 relicto
3029 780 3116 821 se-

2668 835 2758 890 2l.
2803 838 2970 891 mine.
3013 837 3080 892 Et

2668 909 2942 963 secundus

2667 981 2880 1050 accepit
2904 995 3046 1047 eam,

2666 1061 2722 1106 Cl.
2749 1063 2992 1107 mortuus

2665 1130 2752 1177 cst
2775 1140 2789 1189 ;
2815 1131 2869 1178 et
2892 1139 2997 1178 non

2665 1195 2898 1265 reliquid
2929 1209 3016 1252 se-

2665 1281 2811 1322 men.
2843 1267 2910 1322 Et

2667 1339 2885 1393 tertius.
2898 1378 2910 1393 .
2923 1379 2935 1393 .
2948 1379 2960 1392 .
2973 1375 2987 1392 .

2665 1410 2758 1463 22.
2945 1424 3143 1466 eam...

2864 1491 3114 1538 .veroet

2665 1555 2865 1609 mulier
2893 1553 2990 1609 de-

2665 1625 2846 1681 functa
2876 1635 2980 1682 est.

2663 1699 2754 1754 25.
2797 1698 2857 1753 ln
2890 1712 3070 1754 resur-

2665 1770 2910 1826 rectione

2669 1841 3310 1900 .........erit

2665 1914 2841 1967 uxor?
2869 1930 2955 1970 se-

2666 1996 2810 2054 ptem
2838 1988 2984 2044 enim

2663 2073 2852 2112 eorum
2878 2060 2943 2113 il-

2663 2129 2768 2182 lam
2803 2131 3007 2188 habue—

2663 2209 2789 2256 runt
2817 2217 2950 2256 uxo-

2659 2273 2752 2326 24.
2797 2289 2932 2328 rem.
2961 2275 3028 2330 Et

2659 2347 2998 2414 reSpondens

2657 2415 2841 2487 .lesus,
2873 2419 2950 2472 ait

2659 2487 2767 2542 illis
2802 2507 2816 2543 :
2846 2489 2992 2545 Νοιι-

2661 2574 2728 2613 ne
2758 2559 2886 2616 ideo

2657 2632 2878 2696 erratis,
2909 2648 3020 2688 non

2658 2701 3040 2774 intellegentes

2659 2773 2993 2844 Scripturas,

2659 2860 2835 2916 neque
2861 2849 2971 2901 vir-

2658 2925 2828 2973 tutem
2861 2920 2952 2974 Dei
2976 2919 3000 2973 ?

2655 3059 2748 3115 25.
2793 3063 3026 3128 nubunt,

2659 3147 2838 3204 neque

2661 3206 2873 3260 nubun-

2663 3287 2767 3342 tur,
2801 3279 2899 3332 sed

2657 3359 2816 3405 erunt
2848 3351 2988 3404 sicut

2659 3421 2854 3489 Angeli
2885 3421 2964 3494 (ιι)
2997 3420 3052 3475 ἱιι

2657 3495 2811 3548 caelo
2839 3496 2901 3565 οῖ’.

2657 3565 2748 3618 26.
2793 3562 2870 3620 De
2911 3562 3140 3619 mortuis

2657 3643 2863 3700 autem,
2898 3637 3044 3707 quod

2659 3717 2974 3778 resurgant,

2656 3794 2764 3832 non
2797 3779 3004 3848 legistis

2657 3851 2709 3904 in
2743 3851 2881 3906 libro

2660 3921 2852 3994 Moysi,
2886 3937 2977 3976 su-

2659 4009 2756 4064 per
2785 3994 2978 4048 rubum

2657 4065 2934 4135 quomodo

1812 4341 1946 4380 vers.
1979 4325 2035 4388 5,
2066 4339 2230 4394 usque
2255 4322 2323 4376 ad
2351 4337 2467 4386 xm,
2495 4337 2627 4376 vero.
2659 4319 2751 4394 52,
2791 4319 2877 4375 hic
2904 4319 3266 4374 desiderantur
3291 4333 3311 4372 :
3337 4318 3418 4372 in-

1819 4399 1964 4452 curia
1993 4414 2056 4452 ne
2079 4393 2444 4466 cohtpactoris,
2475 4410 2541 4447 an
2567 4393 2786 4448 alterius
2813 4394 3048 4464 piaculo,
3074 4394 3346 4446 incertum.

1413 4538 1652 4594 CODEX
1687 4535 2160 4596 CORBEIENSIS.

189 4723 270 4782 2i.
306 4727 527 4798 Omittit,
563 4723 838 4786 Ettertius
866 4723 1140 4786 similiter.

183 4983 198 5014 ¹
233 4984 336 5035 Cat.
371 4993 538 5048 erunt,
563 4989 812 5050 tanquam.
841 4982 989 5049 Vulg.
1009 4988 1142 5050 sunt,
1162 4985 1302 5036 sicut.

129 5233 592 5294 _rum...temptatis?
660 5232 739 5282 16.
774 5232 845 5280 Ad
885 5231 953 5280 illi
980 5231 1284 5280 adtulerunt.
1312 5230 1373 5280 Et
1396 5232 1524 5282 ait...
1562 5230 1717 5292 figura

129 5291 296 5357 haec...
329 5291 608 5345 Dic—untilli.
681 5297 754 5344 l7.
785 5295 1162 5357 Ιὶυίιιίὶιιιλιιιιειρ
1189 5303 1303 5342 sunt
1327 5295 1571 5357 Caesaris,
1591 5291 1714 5344 Cae-

129 5355 232 5422 sari,
261 5365 327 5422 et,
365 5373 494 5422 quae
533 5363 648 5422 sunt
683 5359 798 5422 Dei,
835 5357 963 5422 Deo‘.
1000 5355 1063 5406 Et
1094 5357 1411 5422 tniraliantun
1441 5355 1572 5422 eum.
1641 5357 1718 5422 19.

129 5417 366 5468 scribsit...
385 5417 476 5480 'ttt,
509 5423 550 5469 si
571 5417 708 5478 cujus
737 5419 892 5469 frater
923 5419 1222 5476 decesserit,
1253 5425 1306 5466 et
1339 5419 1564 5468 habuerit
1595 5421 1722 5467 uxo;

129 5489 280 5532 rem...
307 5481 582 5543 reliquerit,
605 5489 660 5530 ut
681 5483 945 5544 accipiat...
967 5494 1176 5531 uxorem
1205 5481 1328 5544 ejus.
1398 5483 1476 5530 20.
1501 5481 1724 5530 Fuerunt

133 5553 242 5604 ergo
265 5553 378 5607 aput
415 5559 503 5596 nos
538 5554 730 5608 septem
765 5546 974 5608 fratres;
1000 5554 1112 5596 et...
1151 5551 1372 5594 mortuus
1405 5552 1504 5607 est,
1540 5552 1592 5593 et
1629 5559 1722 5592 nott

1891 4656 1982 4712 2'5.
2011 4657 2098 4711 cui
2124 4669 2314 4711 eorum
2345 4652 2584 4709 manebit
2603 4652 2782 4707 uxor?

1890 4729 1983 4784 26.
2015 4729 2068 4782 iu
2099 4729 2239 4783 libro
2268 4726 2462 4797 Moysi,
2487 4727 2540 4780 in
2564 4725 2724 4792 rubo,
2754 4731 2862 4780 etc.

1353 4845 1757 4904 VARIANTES
1793 4843 2203 4903 LECTIONES.

1879 4985 1900 5015 ¹
1935 4985 2046 5036 Gut.
2070 4983 2223 5034 Erant
2245 4982 2372 5048 apud
2392 4995 2497 5034 nos.

795 5130 1087 5171 LECTIONES
1106 5129 1315 5170 CODICIS
1342 5127 1756 5171 VINDEBONENSIS
1788 5127 2064 5170 ABEUNTES
2091 5127 2156 5167 ΑΒ
2187 5125 2439 5166 ΕΒΙἸῚΟΝΕ
2466 5124 2738 5166 VULGA'I'A.

1819 5233 2027 5294 reliquit
2051 5244 2244 5296 semen.
2311 5233 2389 5283 22.
2429 5230 2677 5296 similiter.
2725 5233 3046 5296 Acceperunt
3086 5244 3194 5281 eam
3233 5239 3428 5296 septem

1824 5303 1876 5343 ct
1901 5309 1993 5343 non
2033 5294 2350 5357 reliquerunt
2372 5308 2563 5345 semen.
2605 5295 2783 5344 Postea
2811 5294 2874 5344 et
2892 5295 3076 5345 mulier
3105 5294 3306 5345 mortua
3331 5307 3423 5348 est.

1823 5357 1902 5404 23.
1935 5371 2045 5421 cum
2093 5371 2364 5421 resurgere
2410 5360 2687 5420 coeperint,
2728 5357 2867 5421 cujus
2891 5372 3060 5408 eorum
3087 5361 3186 5408 erit
3211 5360 3428 5412 uxori...

1829 5421 1957 5469 illam
1981 5420 2279 5485 habuerunt.
2345 5421 2425 5472 2i.
2445 5421 2569 5469 dixit
2596 5421 2687 5469 illis
2715 5435 2726 5468 :
2754 5420 2872 5470 Ideo
2892 5424 3091 5485 erratis,
3115 5435 3212 5470 non
3239 5421 3428 5471 intelli-

1829 5489 2011 5546 gentes
2051 5483 2348 5536 Scribtttras.
2415 5487 2495 5534 25.
2544 5497 2617 5546 ex,
2647 5485 2912 5534 mortuis...
2957 5483 3124 5545 neque
3176 5485 3425 5534 nttbunt...

1830 5545 1920 5596 sed
1947 5554 2113 5607 erunt,
2142 5548 2279 5599 velut.
2299 5547 2499 5610 Angeli.
2567 5545 2646 5596 26.
2672 5547 2750 5597 De
2773 5547 2980 5598 mortuis
3000 5556 3183 5610 autem,
3203 5550 3432 5610 quoniam

1467 5673 1842 5731 BLANCHlNl
1872 5675 2101 5735 NOTIE.

201 5809 274 5880 (it)
297 5809 426 5891 Post
454 5811 770 5891 adtulerunt,
801 5809 955 5891 deest
974 5810 1054 5891 ei,
1081 5810 1285 5891 pariter
1314 5810 1372 5891 in
1393 5818 1502 5866 tcx.
1535 5809 1942 5891 Cr.‘-—‘—_(lg)_lta
1969 5825 2024 5891 et
2055 5815 2176 5886 cod.
2211 5815 2368 5872 Cant.
2401 5821 2722 5891 καὶγυναῖκα
2759 5817 2882 5890 ἔχῃ.
2908 5849 2980 5860 -
3004 5815 3078 5890 (c)
3107 5815 3270 5875 Addit
3313 5809 3437 5882 opm

145 5875 438 5950 negotium
467 5884 586 5938 cod.
618 5882 777 5936 Cant.
806 5882 932 5957 παρ’
959 5875 1103 5952 ἡμῖν’,
1128 5900 1195 5940 ex
1225 5880 1500 5938 Μειιιιμεο.
1530 5903 1600 5924 ιω·-
1629 5881 1710 5957 (ίι)
1742 5875 2110 5941 ΕἱΜεέιιιιωοί
