3934 6332
495 310 599 368 825

891 425 1128 484 CODEX
1156 424 1702 484 VERCELLENSIS.

497 526 590 598 qui
619 539 726 580 non
749 525 877 598 des-

496 595 742 662 truatur;
777 595 854 669 (α)
885 603 940 652 et

495 679 626 742 post
647 669 819 742 tridu-

496 740 591 797 um
625 740 765 796 alius
799 754 884 795 re-

496 821 687 882 surget
709 813 828 867 sine

493 884 749 940 manibus
770 882 842 954 τ.

489 959 549 1017 5.
593 957 658 1012 Et
688 953 919 1012 sedente
941 971 1008 1012 eo

495 1029 564 1082 ad
597 1037 836 1082 monlem

492 1100 693 1156 Oliveti
717 1114 851 1154 eon-

490 1183 578 1225 tra
609 1171 893 1240 templum,

494 1243 803 1308 interroga-

493 1315 628 1369 bant
661 1315 814 1368 illum

493 1393 714 1442 secreto
736 1385 830 1440 Pe-

497 1468 640 1525 trus,
670 1466 724 1512 et
751 1456 914 1513 Jaco—

496 1531 623 1597 bus,
651 1538 708 1584 et
734 1528 932 1584 Johan-

496 1616 618 1665 nes.
651 1609 707 1655 et
733 1599 947 1657 Andre-

493 1674 551 1728 ὁ.
597 1687 657 1728 as
688 1690 700 1726 :
737 1674 832 1728 Dic
862 1675 1041 1739 nobis,

493 1745 718 1815 quando
747 1745 881 1799 haee

495 1817 696 1873 erunt?
724 1824 779 1870 et
808 1817 954 1885 quod

493 1890 733 1958 signum,
766 1903 889 1942 cum

497 1959 767 2015 incipient
796 1974 913 2014 om-

493 2033 584 2086 nia
616 2033 748 2085 haec
776 2046 910 2087 con-

493 2103 797 2158 summari?

491 2176 548 2230 5.
594 2175 660 2229 Et
685 2174 1042 2245 respondens,

495 2248 575 2302 ait
596 2246 707 2301 illis
737 2264 751 2300 :
789 2245 949 2303 Vide-

500 2328 577 2384 te,
611 2333 680 2373 ne
712 2319 835 2387 quis

496 2405 600 2445 vos
631 2389 897 2456 seducat;

500 2462 559 2518 6.
602 2462 755 2517 multi
785 2462 929 2517 enim

497 2534 722 2589 venient
751 2534 805 2587 iu

501 2606 726 2661 nomine
755 2619 880 2661 meo
898 2648 913 2670 ,

503 2678 751 2733 dicentes
786 2697 799 2732 :
833 2677 966 2747 Quia

506 2751 524 2781 ³
557 2764 658 2821 ego
688 2765 810 2804 sum
843 2768 855 2804 :
888 2758 945 2806 et

501 2824 710 2876 multos
731 2837 817 2878 se—

506 2896 561 2950 7.
604 2893 823 2950 ducent.
853 2893 992 2951 Cum

507 2973 692 3022 autem
724 2982 820 3021 au-

505 3039 722 3094 dieritis
750 3038 863 3094 bel-

507 3111 584 3175 la,
617 3120 670 3165 et
697 3111 912 3181 opinio-

509 3197 611 3238 nes
639 3183 871 3252 praelio-

512 3269 661 3319 rum,
695 3255 866 3310 nolite

511 3326 724 3380 turbari
745 3343 760 3388 ;
790 3341 957 3397 opor-

511 3405 593 3452 tet
621 3397 765 3452 enim
797 3398 893 3454 lie-

513 3471 560 3524 ri
580 3508 596 3533 ,
625 3468 721 3524 sed
751 3485 884 3524 non-

512 3539 643 3595 dum
673 3549 758 3594 est
790 3541 934 3598 ﬁnis.

515 3611 570 3695 8:
609 3611 876 3684 Exsurget
900 3630 959 3668 e-

513 3697 627 3738 nim
656 3698 796 3752 gens

517 3770 686 3826 super
715 3772 852 3827 gen-

516 3837 652 3892 tem,
683 3837 739 3882 et
767 3844 888 3900 reg-

518 3914 649 3954 num
674 3913 840 3972 super

514 3985 767 4041 regnum,
792 3982 847 4028 et

518 4051 682 4098 ειδιιιιι
706 4051 912 4100 terrae-

523 4123 705 4168 motus
731 4116 833 4168 eir-

521 4199 586 4239 ca
614 4184 767 4267 loca,
786 4197 857 4267 et
887 4186 964 4241 fa-

521 4269 642 4310 mes
677 4274 691 4310 :
725 4258 937 4312 initium

525 4326 778 4382 dolorum
798 4369 813 4395 ,
847 4345 966 4384 om-

619 4517 838 4575 Mutilus
865 4531 938 4576 est
965 4523 1063 4596 hoc
1101 4524 1214 4596 loco
1239 4523 1400 4578 codex
1419 4535 1686 4596 argenteus
1707 4526 1905 4596 integro
1931 4534 2140 4596 quater-

544 4591 696 4646 nione
722 4610 741 4658 ,°
769 4610 899 4663 quae
928 4594 1063 4648 enim
1091 4595 1306 4666 legimus
1336 4597 1387 4649 in
1426 4591 1657 4668 vulgatis
1686 4591 1847 4669 αεαρ.
1883 4591 1976 4663 xli,
1997 4614 2127 4652 vers.

1336 520 1390 575 9.
1434 521 1522 574 nia
1554 520 1709 576 haec.
1742 519 1843 577 De-

1336 591 1466 647 inde
1492 606 1592 647 vos
1620 593 1703 664 ip-

1333 679 1426 719 sos
1451 664 1669 720 tradent

1333 735 1388 791 in
1419 732 1564 791 Con-

1331 808 1475 863 ciliis
1503 824 1516 860 :
1543 816 1599 862 et
1628 806 1680 862 in
1712 805 1813 879 Sy-

1332 879 1558 949 nagogis
1588 893 1683 933 va-

1333 951 1628 1022 pulabitis;
1659 958 1715 1005 et

1331 1024 1398 1078 ad
1424 1022 1712 1078 Praesides
1730 1063 1744 1089 ,

1330 1103 1388 1151 et
1413 1094 1479 1148 ad
1515 1094 1693 1165 Reges

1330 1165 1566 1230 stabitis,
1600 1181 1728 1220 cau-

1331 1253 1393 1292 sa
1423 1239 1564 1300 mei,
1599 1238 1653 1292 in
1688 1248 1800 1293 tes-

1338 1309 1627 1363 timouium

1335 1381 1426 1437 10.
1470 1381 1596 1435 illis.
1632 1381 1697 1436 Et
1724 1379 1777 1436 in
1808 1395 1925 1437 om-

1334 1452 1496 1508 nibus
1523 1467 1655 1524 gen-

1335 1525 1480 1580 tibus
1508 1525 1559 1578 in
1592 1524 1701 1594 pri-

1334 1597 1436 1650 mis
1466 1605 1688 1664 oportet

1334 1667 1653 1738 praedicare

1335 1739 1623 1810 Evangeli-

1337 1813 1424 1866 ‘ll.
1467 1828 1577 1866 um.
1615 1812 1703 1877 Et,
1735 1827 1859 1867 cum

1334 1883 1610 1938 adducent

1334 1971 1456 2020 vos,
1492 1954 1712 2010 traden-

1335 2037 1454 2093 tes;
1486 2027 1659 2082 nolite

1335 2099 1553 2154 solliciti
1578 2115 1668 2154 es-

1339 2186 1420 2236 se,
1447 2185 1548 2226 nec
1571 2186 1728 2240 prae-

1341 2243 1632 2309 meditare,

1341 2315 1472 2384 quid
1505 2314 1688 2384 loqua-

1343 2387 1476 2443 mini
1510 2404 1523 2440 :
1553 2391 1674 2455 sed,

1343 2458 1648 2530 quodcum-

1343 2546 1450 2599 que
1477 2531 1663 2588 datum

1341 2602 1507 2658 fuerit
1532 2617 1630 2657 vo-

1344 2675 1428 2730 bis
1456 2676 1511 2730 in
1544 2675 1632 2731 illa
1663 2677 1764 2732 ho-

1341 2764 1423 2812 ra,
1457 2747 1560 2804 hoc
1588 2749 1763 2820 loqui-

1342 2822 1477 2876 mini
1504 2840 1518 2876 :
1555 2837 1666 2876 non

1341 2893 1489 2949 enim
1517 2907 1614 2947 vos
1641 2908 1735 2949 es-

1341 2965 1435 3030 tis,
1461 2966 1554 3036 qui
1575 2965 1755 3035 loqui-

1344 3039 1501 3103 mini,
1531 3037 1628 3092 sed
1652 3037 1889 3108 Spiritus

1345 3109 1600 3166 Sanctus.

1351 3181 1441 3238 1‘2.
1473 3183 1539 3236 Et
1569 3181 1749 3237 tradet
1779 3181 1891 3237 fra-

1351 3263 1434 3308 ter
1458 3253 1682 3308 fratrem

1349 3325 1416 3378 ad
1445 3333 1701 3391 mortem,

1351 3407 1407 3451 et
1441 3407 1596 3465 pater
1625 3398 1729 3452 lili-

1353 3483 1485 3534 um;
1519 3478 1576 3523 et
1605 3469 1785 3525 insur-

1350 3550 1482 3609 geut
1513 3542 1606 3596 lilii
1644 3543 1697 3597 in

1356 3622 1636 3681 parentes,
1669 3623 1725 3668 et

1357 3687 1520 3740 morti
1550 3686 1680 3740 adli-

1362 3758 1448 3812 15.
1477 3760 1625 3814 cient
1643 3773 1760 3814 eos.
1792 3757 1855 3812 Et

1354 3829 1510 3884 eritis
1540 3830 1666 3886 odio

1357 3902 1639 3968 omnibus,
1666 3917 1797 3956 cau-

1352 3987 1412 4027 sa
1441 3975 1678 4029 nominis

1355 4045 1485 4100 mei.
1517 4046 1619 4112 Qui
1645 4060 1743 4100 au.

1360 4125 1469 4171 tem
1501 4119 1522 4147 ²
1552 4131 1809 4188 perseve-

1363 4190 1570 4242 raverit
1597 4190 1648 4244 in

1365 4261 1549 4325 linem,
1581 4261 1669 4316 hic

1363 4332 1547 4388 salvus
1577 4332 1703 4388 erit.

2629 425 2866 487 CODEX
2903 428 3359 489 VERONENSIS.

2200 533 2309 575 non
2331 519 2678 588 destruatur;

2199 590 2279 719 θα)
2306 601 2361 648 et
2390 594 2443 647 in
2474 594 2567 647 tri-

2242 680 2310 717 uo
2340 663 2476 719 aliut
2496 680 2557 719 re

2242 680 2310 717 uo
2340 663 2476 721 aliut
2496 680 2584 720 re-

2198 736 2494 791 suscitetur
2521 737 2640 794 sine

2198 808 2452 862 manilius

2199 879 2255 934 5.
2300 879 2367 932 Et
2393 894 2516 935 cum
2548 880 2706 937 sede-

2199 959 2283 1006 ret
2312 951 2386 1022 (ὁ)
2413 952 2464 1006 in
2496 967 2657 1008 mon-

2204 1029 2312 1076 tem
2344 1021 2386 1094 ’ί-
2413 1023 2610 1080 Oliveti

2199 1103 2392 1149 contra
2427 1103 2567 1150 tem-

2201 1165 2372 1235 plum,
2407 1167 2574 1222 inter-

2200 1238 2466 1308 rogabant
2487 1254 2611 1295 eum

2199 1323 2448 1365 seorsum
2475 1310 2666 1369 Petrus
2689 1354 2704 1377 ,

2199 1390 2254 1436 et
2283 1381 2542 1448 Jacobus,

2199 1460 2256 1508 et
2279 1452 2581 1522 Johannes,

2199 1533 2256 1580 et
2283 1523 2552 1592 Andreas,

2200 1596 2447 1652 (licentes
2484 1615 2498 1652 :

2203 1667 2256 1721 4.
2303 1668 2399 1722 Dic
2428 1670 2609 1737 nobis,

2201 1739 2422 1807 quando
2446 1742 2547 1796 ista

2205 1811 2377 1866 ﬁent?
2405 1823 2460 1866 et
2482 1814 2627 1884 quod

2203 1885 2416 1953 signum
2447 1889 2574 1950 erit,
2604 1899 2728 1940 cum

2204 1955 2341 2010 haec
2375 1956 2555 2011 omnia
2585 1972 2717 2012 con-

2203 2027 2674 2083 summabuntur?

2207 2098 2259 2153 5.
2299 2098 2365 2152 Et
2394 2101 2735 2170 respondens

2208 2171 2391 2243 .lesus,
2418 2174 2602 2243 coepit

2209 2242 2394 2298 dicere
2426 2242 2571 2298 illis:

2210 2313 2428 2382 Videte,
2461 2331 2551 2380 ne,

2211 2386 2333 2451 quis
2360 2401 2459 2442 vos
2485 2402 2574 2443 se-

2212 2457 2267 2512 6.
2305 2457 2498 2523 ducat;
2531 2462 2686 2518 multi

2214 2530 2359 2584 enim
2392 2531 2615 2590 venient

2216 2601 2270 2656 in
2296 2603 2517 2658 nomine

2215 2688 2362 2738 meo,
2393 2675 2673 2734 dicentes:

2219 2744 2292 2818 (ε)
2321 2747 2434 2811 Εκο
2457 2746 2617 2804 Chri-

2219 2829 2336 2874 stus
2365 2818 2444 2890 τι
2477 2831 2532 2876 et
2559 2821 2698 2878 mul-

2223 2901 2308 2947 tos
2338 2892 2626 2948 sedueent.

2223 2963 2275 3018 7.
2301 2962 2436 3018 Cum
2469 2975 2649 3022 autem

2225 3036 2506 3092 audieritis
2532 3038 2645 3094 bel-

2223 3107 2295 3173 la,
2325 3117 2381 3162 et
2407 3110 2619 3178 Opinio-

2225 3195 2324 3236 nes
2353 3180 2640 3251 bellorum,

2227 3268 2295 3307 ne
2328 3253 2576 3308 timueri-

2228 3327 2297 3380 tis
2321 3341 2336 3390 ;
2365 3334 2582 3394 oportet

2227 3398 2372 3454 enim
2398 3400 2532 3452 haec

2227 3470 2411 3524 omnia
2439 3470 2582 3536 ﬁeri,

2229 3541 2324 3597 sed
2367 3541 2607 3598 nondum

2229 3623 2313 3668 est
2342 3614 2485 3668 linis.

2231 3685 2285 3740 8.
2323 3687 2590 3758 Exsurget
2615 3693 2797 3742 autem

2231 3771 2366 3827 gens
2395 3769 2586 3814 contra

2233 3839 2476 3900 gentem,
2505 3839 2562 3887 et

2235 3915 2461 3970 regnum
2484 3918 2612 3960 con-

2237 3979 2318 4027 tra
2344 3989 2594 4043 regnum.

2235 4053 2294 4100 ει
2319 4053 2480 4100 erunt
2512 4057 2619 4103 ter-

2237 4127 2479 4190 raemota
2512 4135 2612 4190 per

2239 4188 2383 4253 loca,
2413 4199 2468 4244 et
2491 4188 2570 4245 fa-

2240 4274 2357 4316 mes
2383 4279 2395 4315 :
2430 4263 2643 4318 initium

2242 4332 2492 4389 dolorum
2537 4378 2551 4392 .
2596 4375 2609 4390 .
2655 4377 2670 4392 .
2716 4377 2729 4391 .
2775 4378 2787 4390 .
2837 4380 2848 4392 .
2898 4376 2910 4388 .

1871 4427 2103 4486 CODEX
2140 4427 2536 4487 BRIXIANUS.

2248 4525 2282 4579 5
2307 4571 2322 4594 ,
2355 4544 2514 4593 usque
2538 4529 2604 4582 ad
2628 4544 2722 4584 xui
2744 4569 2759 4595 ,
2787 4544 2920 4584 vers.
2956 4528 3049 4595 32,
3083 4528 3166 4583 hic
3194 4527 3587 4582 desiderantur:
3628 4507 3774 4584 imm

2249 4615 2312 4652 ne
2331 4603 2694 4672 compacloris,
2728 4617 2794 4655 an
2820 4601 3037 4655 alterius
3059 4601 3288 4672 piaculo,
3312 4601 3578 4654 incertum.

1839 4689 2073 4747 CODEX
2102 4687 2580 4749 CURBEIENSIS.

615 4785 671 4840 '5.
699 4783 1170 4854 interrogaverunt
1196 4799 1319 4839 eum
1348 4794 1584 4841 secreto.

617 4854 674 4910 4.
708 4871 830 4910 cum
862 4857 994 4911 haec
1020 4858 1201 4910 omnia
1231 4857 1788 4912 eonsummaliuntur?

614 4928 668 4983 9.
707 4927 908 4984 Deinde
937 4929 1301 4999 vosmetipsos
1329 4929 1544 4985 tradent
1571 4931 1622 4984 in
1645 4928 1924 4984 Conciliis.

617 5092 635 5122 ¹
672 5092 780 5142 Gal.
800 5091 906 5154 Ego
923 5104 1032 5142 sum
1057 5090 1310 5142 Christus:
1339 5097 1410 5142 et.
1439 5091 1587 5155 Vulg.
1614 5091 1717 5155 Ego
1733 5104 1842 5140 sum
1867 5105 1880 5140 :
1904 5098 1978 5139 et.

1235 5192 1524 5232 LECTIONES
1548 5192 1751 5232 CODICIS
1783 5191 2141 5232 VINDEBONENS

2251 5188 2494 5229 BEUNTES
2523 5187 2585 5226 ΛΒ
2609 5185 2856 5226 ΕΒΙΊῚΟΝΕ
2889 5185 3160 5226 νυιϐΑτΑ.

544 5271 596 5318 tn
609 5268 822 5318 triduum
835 5269 963 5318 aliud
976 5270 1331 5331 resurgetsine
1350 5269 1590 5318 manibus.
1636 5270 1685 5318 3.
1701 5270 1748 5316 in
1761 5276 1977 5317 montem
1993 5267 2153 5318 0|ive~

543 5335 642 5380 ti...
667 5332 1037 5391 interrogabant
1055 5345 1170 5379 eum
1194 5345 1418 5380 seorsum
1436 5332 1637 5393 Petrus,
1660 5339 1754 5380 etc.
1823 5332 1868 5380 4.
1892 5345 2001 5380 cum
2029 5331 2154 5378 haec.

545 5395 710 5443 omnia
729 5395 1230 5443 consummabunlur?
1247 5397 1293 5444 6.
1309 5393 1446 5442 multi
1466 5393 1995 5443 venient...dicentes:
2019 5393 2156 5451 Quod

545 5469 646 5515 ego
669 5468 796 5502 sum.
863 5457 912 5505 7.
934 5455 1054 5505 Cum
1079 5465 1241 5504 autem
1267 5457 1588 5505 audieritis...
1610 5461 1809 5516 Oportet
1834 5459 1965 5504 enim
1985 5455 2156 5503 ﬁeri...

546 5519 597 5566 8.
666 5516 918 5579 Exsurget
952 5524 1118 5567 autem
1147 5531 1274 5579 gens
1307 5531 1458 5582 super
1477 5524 1910 5581 gentem...supra
1935 5530 2162 5580 regnum.

1035 305 1304 367 EUSEBII
1345 305 1680 364 VERCELL.
1725 306 2174 365 EVANGELIUM
2212 306 2360 364 CUM
2395 306 2622 367 VARIIS
2656 310 2818 370 COD.
2855 309 3252 370 COLLATUM.
3653 311 3728 368 εει

1035 425 1128 484 EX
1156 424 1702 484 VERCELLENSIS.
2629 425 2866 487 CODEX
2903 428 3359 489 VERONENSIS.

1336 520 1390 575 9.
1434 521 1522 574 nia
1554 520 1709 576 haec.
1742 519 1843 576 De-
2200 533 2309 575 non
2331 519 2678 576 destruatur:
3045 567 3060 576 .
3142 566 3156 576 .
3237 566 3250 576 .
3329 565 3342 576 .
3421 565 3433 576 .
3509 567 3520 576 .
3590 564 3603 576 .
3670 571 3676 576 .

2333 4787 2420 4841 Η.
2450 4786 2586 4843 Cum
2615 4795 2793 4842 autem
2824 4785 3181 4856 perduxerint
3220 4797 3317 4840 vos
3343 4800 3368 4856 ;7
3401 4779 3562 4856 nolite
3583 4771 3774 4843 603m".

2332 4859 2416 4914 13.
2446 4862 2534 4930 qui
2567 4869 2745 4915 autem
2773 4861 2794 4890 ¹
2820 4855 3137 4914 toleraverit
3158 4871 3328 4930 usque
3360 4855 3416 4910 in
3439 4855 3605 4908 linem.

1799 5017 2196 5075 VAllIANTES
2237 5013 2644 5072 LECTIONES.

2309 5090 2330 5119 ²
2365 5088 2472 5137 Gut.
2511 5085 2806 5135 sustinuerit
2831 5097 2989 5148 usque
3013 5083 3062 5132 in
3090 5081 3258 5132 linem.

2252 5267 2302 5316 9.
2316 5265 2510 5335 Deinde
2529 5277 2614 5335 vos
2632 5265 2765 5335 ipsos
2775 5263 2989 5335 tradent:
3014 5264 3088 5335 ιο.
3103 5267 3270 5335 autem
3291 5261 3515 5335 primum.

2256 5314 2371 5390 quid
2392 5314 2689 5390 loquamini:
2719 5327 2828 5383 sed,
2855 5327 2984 5386 quod
3009 5326 3173 5374 datum
3200 5314 3337 5390 vobis
3359 5323 3504 5390 fuerit
3528 5321 3571 5390 i_u
3594 5314 3778 5390 illalltoti.

2259 5379 2638 5454 liocloqtiimiui:
2660 5403 2755 5454 non
2781 5379 2912 5437 enim
2939 5390 3061 5436 estis
3086 5390 3284 5454 vos,qui
3303 5379 3777 5454 loquimini;

2262 5443 2580 5504 tusSanctus.
2651 5443 3234 5511 12.3urgent...etinorti
3260 5443 3504 5499 adiicient.
3542 5447 3606 5494 15.
3625 5443 3778 5499 utque”

1887 5601 2258 5673 BLANCHINI
2300 5599 2531 5673 noras.
2852 5669 2893 5673 __
3103 5669 3118 5673 _
3219 5668 3232 5673 _
3429 5668 3443 5673 _
3573 5661 3600 5673 ..

624 5668 700 5740 (a)
725 5670 788 5724 Et
811 5670 880 5725 ita
910 5671 1032 5726 cod.
1061 5671 1215 5727 Cant.
1245 5677 1333 5729 καὶ
1362 5673 1447 5730 διὰ
1471 5683 1626 5750 τριῶν
1653 5678 1853 5751 ἡμερῶν
1882 5655 2031 5735 ἄλλός
2081 5676 2428 5733 ἀναστήσεται
2466 5671 2582 5729 ἄνευ
2612 5680 2824 5748 χειρῶν.
2851 5669 2976 5724 llam
3008 5669 3170 5725 verba
3201 5668 3400 5723 desunt
3429 5668 3496 5749 in.
3527 5661 3639 5719 edit.
3675 5651 3776 5735 W8-

624 5742 841 5775 'elahnnl
885 5752 1063 5775 lnlnnn
1095 5744 1146 5775 ἰ..
1180 5744 1202 5775 1
1227 5748 1370 5775 ηιὶηι.
1403 5747 1696 5775 ..-ιη-..ιιηή
1737 5753 1769 5775 u
1802 5745 2053 5775 run-ann:
2111 5749 2198 5775 1...:
2231 5748 2355 5775 Ιηηῖι
2445 5754 2486 5775 ΔΙ
2532 5758 2643 5775 ..ιη’
2671 5745 2894 5775 uuln...“
2948 5742 3091 5775 ηΙεηιΙ
3119 5739 3426 5775 animisni-inn-
3458 5753 3556 5775 οηιι
3596 5726 3776 5775 "iambi"

549 5737 848 5796 ExSt'abant
885 5752 1065 5798 tamen
1095 5744 1148 5798 in
1180 5744 1372 5800 Latino
1401 5737 1700 5816 exeinplari
1737 5737 2078 5818 $.Cypriani,
2109 5749 2200 5815 qui
2230 5748 2386 5815 legit,
2441 5754 2486 5797 et
2531 5737 2653 5814 ροὲῖ
2667 5737 2897 5796 triduum
2945 5742 3091 5796 aliud
3118 5739 3426 5796 excitabitur
3453 5740 3556 5792 sine
3596 5737 3776 5784 mentm

548 5811 934 5886 Assumeutum
963 5830 1029 5870 ex
1059 5830 1179 5884 cap.
1211 5832 1321 5881 xw,
1370 5833 1510 5872 vers.
1549 5819 1630 5873 '58
1670 5817 1832 5886 hujus
1872 5816 2171 5886 Evangelii.
2201 5816 2379 5886 .—a'(b)
2420 5821 2492 5870 lla
2522 5825 2575 5868 et
2617 5824 2724 5870 tex.
2777 5815 2871 5870 Gr.
2914 5817 2984 5875 εἰς
3040 5816 3102 5871 τὸ
3151 5811 3288 5884 ὅρος.
3337 5842 3410 5853 -
3436 5809 3507 5880 (c)
3550 5805 3772 5866 Anlc'llo'

548 5832 934 5868 nssumcnlum
963 5832 1029 5870 ex
1059 5832 1179 5884 cap.
1211 5832 1321 5881 xiv,
1370 5833 1510 5872 vers.
1549 5832 1630 5873 ’ῦδ
1670 5832 1832 5890 niqus
1874 5832 2171 5886 evangelii.
2201 5832 2379 5886 μέίυ)
2420 5832 2492 5870 na
2522 5832 2575 5868 et
2617 5832 2724 5870 rex.
2777 5832 2871 5870 ur.
2914 5835 2984 5875 εις
3040 5837 3102 5871 το
3151 5833 3288 5884 ορος.

545 5882 700 5940 deest
727 5885 847 5949 quia
873 5926 888 5952 ,
925 5887 1088 5943 etiam
1125 5887 1179 5942 in
1209 5889 1334 5943 cod.
1365 5889 1521 5942 Cant.
1550 5887 1684 5943 Ibid.
1715 5890 1932 5945 additur
1960 5886 2216 5956 Christus,
2248 5904 2318 5944 ex
2359 5888 2631 5948 Manliano.
