1967 3166
94 173 142 202 8Ξῖ

281 226 398 256 CODEX
412 227 684 257 VERCELLENSIS.

93 275 134 303 14.
150 274 182 302 Εῑ
195 281 255 301 cum
271 274 345 303 vidc-
506 275 602 303 fuisset
615 275 670 303 sal-

92 311 159 343 ritis,
172 310 275 337 abomi-
506 319 538 339 va
555 311 609 339 ulla
621 318 667 339 ca-

92 347 222 384 nationem
237 346 281 374 de-
505 354 537 375 ro
552 356 558 373 :
575 347 623 384 sed
636 355 720 384 prop—

91 382 230 410 solationis
505 387 547 410 ter
560 382 673 416 electos,

91 423 170 449 stare.
187 418 232 445 ubi
248 425 302 446 non
393 436 398 441 ι
505 426 573 455 quos
587 419 681 455 elegit,

91 459 201 489 Oportet,
220 455 264 488 qui
505 454 596 483 brevia
618 475 625 482 .
636 454 655 482 ⁷.

92 491 161 525 legit,
177 491 254 516 intel-

92 527 167 561 legat,
182 526 260 560 quid-

90 562 148 595 quid
164 562 236 596 legit.

90 598 170 629 Tunc,
184 598 228 632 qui
243 597 300 625 fuc-

90 634 139 660 rint
153 634 178 660 in
195 633 241 660 .ln‘

504 527 549 553 21.
566 526 600 554 Et
615 531 695 557 tunc.
709 527 732 554 si
746 526 806 562 quis

504 562 582 590 vobis
595 562 697 590 dixerit
710 571 717 589 :

504 598 575 625 Ecce
591 598 634 625 hic
647 598 770 626 Christus
786 606 793 624 :

503 634 652 669 (b)ant1-:
667 634 739 662 Ecce
752 633 808 662 illic
824 641 831 661 :

503 670 587 697 nolite
600 670 693 697 crede-

503 705 548 732 22.
566 714 606 733 re.
623 706 743 741 Snrgcnt

501 742 574 769 enim
592 742 707 776 pseudo—

502 777 608 810 christi,
623 781 649 804 et
664 785 743 813 pseu-

502 813 673 848 doprophae-

504 854 545 876 tae
558 857 565 881 ;
579 853 606 876 et
621 849 720 876 facient

504 884 514 900 ³
529 885 616 920 signa,
632 889 658 912 et
674 892 738 920 pro-

503 920 586 955 digia,
602 921 635 948 ad
650 929 695 949 se-

502 956 667 990 ducendum,

502 992 524 1019 si
541 992 599 1019 ﬁeri
616 997 718 1025 posset,

500 1028 582 1055 etiam
597 1029 669 1055 elec-

501 1063 547 1091 25.
563 1069 615 1091 los.
632 1063 729 1092 Videte
744 1073 749 1090 :

503 1100 622 1133 praedixi
640 1107 687 1127 vo-

501 1135 542 1163 bis
557 1136 659 1164 omnia.

89 670 159 700 daea,
180 669 283 703 fugiant

88 705 111 731 in
126 706 279 735 montibus;

89 741 128 768 15.
141 746 175 772 et,
194 742 239 775 qui
255 748 338 776 super

88 781 181 803 tectum
198 778 256 803 lito-

86 812 128 843 rit,
146 820 197 839 non
213 813 275 839 des-

86 848 178 875 cendat
199 848 225 875 in
246 849 294 875 do-

85 891 136 917 mo,
152 883 200 911 sed
221 891 271 912 nec

85 920 161 947 intret
177 920 257 947 tolle-

84 963 112 983 re
124 956 226 990 aliquid

83 992 116 1019 de
128 991 208 1019 domo
222 999 269 1019 sua
282 1000 288 1018 :

84 1027 125 1054 16.
141 1032 179 1059 et,
193 1028 239 1062 qui
254 1028 281 1055 in
295 1035 361 1063 agro

81 1063 172 1095 fuerit.
190 1071 243 1091 non

79 1103 233 1127 revertatur

79 1135 175 1163 tollere
189 1142 251 1163 vcs-

79 1170 223 1199 timcntum
500 1172 544 1199 Ἠ.
560 1172 613 1200 Sed
627 1173 653 1199 in
669 1171 723 1199 illis
735 1171 794 1198 die-

78 1214 169 1243 suttm.
501 1208 562 1240 bus,
577 1213 638 1243 post
654 1208 725 1235 illam

81 1243 126 1271 I7.
143 1242 197 1271 Vae
212 1247 304 1271 autem
500 1251 685 1278 praessuram,

79 1286 230 1315 praegnan—
501 1280 541 1307 sol
557 1280 686 1308 obscura-

500 1315 582 1349 bitur,
595 1322 621 1344 ct
636 1317 676 1344 lu-

500 1359 533 1379 na
549 1360 602 1380 uon
619 1352 694 1380 dabit

498 1389 673 1422 splendorem

498 1424 546 1452 25.
561 1432 639 1452 suum
653 1433 660 1457 ;
677 1430 703 1453 et
717 1423 782 1450 stel-

500 1460 541 1487 lae
556 1465 636 1488 erunt
652 1461 685 1489 de

499 1496 576 1524 caelo
589 1497 687 1524 ωηιξη-

500 1537 551 1564 tes.
567 1538 594 1559 ct
610 1534 695 1560 virtu-

501 1573 542 1596 tes
552 1569 690 1596 caelorum

512 1604 561 1640 sic)
575 1611 726 1633 moventur.

519 1640 545 1667 6.
562 1640 595 1667 Et
610 1645 672 1668 tunc
687 1642 762 1669 vitle-

502 1677 566 1704 liunt
579 1676 676 1704 Filium

503 1712 636 1745 hominis,

501 1749 656 1776 venientem

501 1792 562 1812 eum
580 1785 707 1827 nubibus,

503 1828 564 1847 (ῚΙΙΙΙ
581 1827 666 1848 \‘ll‘lll-

504 1861 530 1883 le
544 1864 651 1892 magna,

503 1892 548 1919 ‘27.
565 1897 592 1919 et
607 1893 704 1927 gloria.
722 1893 754 1921 Et

506 1933 568 1954 tunc
583 1930 670 1955 mittet,

504 1964 634 1997 nuntios;
651 1970 678 1992 et

503 2000 667 2035 concolliget

503 2035 606 2063 electos
616 2037 651 2064 de

79 1315 161 1345 tibus.
174 1321 202 1343 et
213 1315 269 1343 lac-

80 1351 199 1378 tantibus
215 1352 241 1378 in

80 1387 132 1414 illis
146 1387 253 1415 diebus.

79 1422 123 1450 l8.
142 1422 175 1450 Et
188 1427 278 1457 orate,
293 1423 300 1438 ‘
317 1431 350 1450 ne

79 1458 169 1486 hieme
184 1459 250 1487 haec

79 1495 122 1521 19.
143 1495 209 1522 ﬁant
220 1504 226 1522 :
239 1499 319 1523 erunt

79 1530 151 1557 enim
168 1530 194 1558 in
208 1530 266 1558 die-

78 1566 131 1594 bus
147 1566 200 1594 illis
212 1567 223 1582 ²
237 1566 285 1594 tri-

79 1602 248 1636 lmlationes,

78 1638 175 1673 quales
192 1646 244 1665 non

79 1675 192 1701 fuerunt
206 1682 285 1702 num-

78 1718 161 1745 quam
176 1711 244 1738 tales

78 1746 113 1773 ab
132 1746 209 1773 initio
221 1754 284 1775 cre-

79 1788 188 1813 aturae.
204 1790 249 1810 US-

78 1825 134 1853 que
150 1818 247 1851 adhuc,

78 1854 129 1883 sed
149 1862 235 1889 neque
251 1854 282 1882 ﬁ-

78 1890 126 1917 20.
148 1894 203 1917 erit.
219 1890 253 1917 Et
268 1891 318 1918 nisi

81 1926 214 1953 Dominus
231 1927 349 1954 brevias-

79 1967 123 1989 set
141 1962 200 1989 dies
215 1962 254 1998 (η)
269 1970 349 1998 prop-

79 2004 122 2025 ter
136 1998 240 2025 elei-tos

80 2041 161 2067 suos,
175 2033 196 2069 ἰ-
211 2042 264 2061 non

605 170 831 201 EVANGELIUM
853 170 1040 200 SECUNDUM
1061 170 1216 199 MARCUM.

1686 169 1739 196 826

1161 227 1278 256 CODEX
1299 226 1526 256 VERONENSIS.

1359 279 1418 303 ctos
1428 282 1493 303 suos
1508 274 1540 311 1-,

1360 346 1438 375 ﬁeret
1454 346 1529 374 salva

1358 382 1414 410 ulla
1425 390 1490 410 caro
1503 392 1509 410 :
1526 383 1574 412 sed

1359 423 1471 454 propter
1481 419 1595 453 electos,

1359 462 1428 489 quos
1441 455 1533 490 elegit,

1359 490 1555 519 brebiabuntur

1359 526 1418 554 dies
1430 526 1480 554 illi.

1358 562 1404 589 2L
1426 563 1459 590 Et
1473 567 1548 595 tunc,
1560 562 1583 590 si
1601 561 1664 597 quis

1359 598 1435 626 Vobis
1448 599 1549 626 dixerit
1563 607 1570 625 :
1589 599 1639 625 Ec-

1358 641 1390 662 ce
1401 634 1445 661 liic
1455 639 1497 662 est
1508 633 1587 661 Chri-

1358 675 1416 696 stus
1431 679 1436 696 :
1453 670 1490 705 (ὁ)
1508 671 1547 696 vel
1561 670 1600 705 ’ἓξ

1360 706 1429 732 Ecce
1445 706 1498 732 illic
1515 714 1521 734 :
1538 714 1570 733 nc

1359 742 1539 769 credideritis.

1358 778 1403 804 2'3.
1431 777 1568 812 Exurgenl
1581 776 1654 805 enim

1360 813 1558 847 pscudorlnisti
1571 834 1578 846 ,

1358 855 1383 876 ct
1400 850 1621 884 pseudoprophe—

1359 890 1412 916 tau;
1429 890 1456 912 ct
1471 885 1573 912 dabunt

1359 922 1447 955 signa.
1463 926 1489 948 et
1500 926 1619 953 ostenta,

1358 958 1391 983 ad
1406 957 1575 984 scducendos

1359 993 1492 1025 homines,
1506 994 1526 1019 si
1544 992 1600 1019 licri

1359 1034 1457 1064 potest,
1472 1030 1553 1056 etiam
1570 1029 1625 1055 ele-

1358 1070 1427 1092 ctos.
1442 1065 1496 1091 Vos
1512 1072 1576 1099 ergo

1357 1102 1402 1128 23.
1425 1101 1528 1127 \'l(lt‘lCZ
1546 1107 1609 1127 ecce

1359 1137 1478 1170 praedixi
1492 1136 1571 1163 vobis

939 905 947 913 ο
988 905 995 912 ι
1037 906 1042 913 -
1085 906 1092 914 .
1133 907 1139 914 .
1180 906 1187 913 .
1228 907 1234 913 ι
1276 905 1283 913 ο

940 976 947 983 ι
987 977 994 983 .
1035 978 1042 985 α
1084 980 1090 986 .
1131 979 1137 985 ι
1179 977 1185 985 α
1227 978 1234 985 ο
1276 978 1282 984 .

940 1049 946 1056 ι
988 1050 994 1056 .
1035 1049 1043 1056 ο
1084 1052 1091 1059 .
1133 1051 1138 1057 .
1179 1051 1186 1058 .
1226 1050 1234 1057 ι
1274 1049 1281 1057 ο

1358 1174 1460 1200 munia.

1357 1209 1402 1235 24.
1427 1229 1432 1235 .
1457 1229 1462 1235 .
1486 1228 1493 1235 .
1517 1229 1523 1235 .
1548 1229 1554 1235 .
1576 1208 1631 1235 illis
1644 1206 1740 1235 diebus

1357 1250 1419 1279 post
1432 1245 1633 1273 tribulationem

939 1228 945 1234 η
987 1230 993 1236 .
1034 1229 1041 1237 ι
1083 1231 1089 1236 -
1131 1231 1137 1237 .
1178 1231 1184 1238 .
1226 1230 1233 1238 α
1274 1230 1281 1237 ι

937 1300 945 1308 η
987 1301 993 1308 ι
1035 1301 1041 1308 .
1082 1301 1089 1309 ο
1130 1302 1136 1309 ι
1178 1303 1186 1311 .
1227 1302 1232 1309 ι
1276 1302 1281 1309 ι

938 1371 945 1379 ι
986 1373 993 1380 ι
1034 1373 1040 1380 ι
1082 1374 1088 1380 ι
1130 1374 1137 1382 υ
1179 1375 1185 1382 ι
1226 1375 1233 1382 .
1276 1375 1281 1380 .
1359 1372 1364 1378 -
1406 1372 1413 1380 1
1455 1373 1461 1379 -
1503 1372 1509 1378 -
1551 1373 1557 1380 ι
1599 1370 1606 1379 ι
1648 1371 1654 1377 ι
1696 1370 1702 1376 -

938 1409 944 1416 ι
986 1410 992 1416 ι
1034 1409 1040 1416 .
1083 1409 1090 1417 ο
1129 1410 1136 1417 ι
1178 1411 1186 1418 ο
1226 1410 1232 1417 ι
1275 1410 1281 1417 ι
1360 1408 1365 1415 ι
1406 1409 1413 1416 υ
1454 1408 1461 1416 .
1503 1408 1509 1415 ι
1552 1408 1558 1415 ι
1600 1407 1607 1414 ι
1647 1405 1654 1414 ι
1697 1406 1704 1413 ι

936 1497 981 1525 19.
1002 1502 1081 1525 erunt
1095 1498 1167 1527 enim

935 1533 964 1561 in
978 1534 1074 1561 diebtts
1090 1534 1125 1561 il-

937 1569 969 1597 lis
986 1569 1139 1597 tribulatio-

937 1612 986 1633 nes
1001 1606 1079 1637 tales,

937 1642 1032 1676 quales
1048 1649 1101 1669 non

938 1678 1049 1705 fuerunt
1063 1677 1097 1704 ab

938 1713 1017 1741 initio
1027 1721 1106 1741 crea-

939 1754 1027 1782 turae,
1042 1757 1074 1777 ex
1088 1756 1143 1785 quo

939 1785 1030 1812 omnia
1042 1793 1108 1812 con-

939 1820 1007 1848 didit
1019 1821 1102 1854 Deus,

940 1864 1026 1891 usque
1041 1864 1124 1890 nunc,

941 1900 1028 1928 neque
1043 1898 1124 1921 erunt

940 1928 1254 1956 90.......

941 1964 975 1991 Et
987 1964 1037 1991 nisi
1051 1963 1203 1992 brebiasset

942 2000 1076 2027 Dominus
1090 2000 1149 2027 dies

943 2036 982 2072 (a)
997 2041 1108 2071 propter
1118 2035 1174 2063 elc-

1361 1516 1368 1523 .
1409 1515 1416 1523 ι
1457 1516 1463 1523 .
1505 1516 1512 1523 .
1554 1516 1559 1523 .
1601 1514 1608 1523 ς
1650 1515 1656 1522 -
1697 1513 1703 1520 -

1360 1696 1367 1703 ι
1409 1696 1415 1702 .
1456 1697 1464 1705 .
1507 1696 1514 1702 η
1554 1693 1561 1703 ι
1603 1695 1609 1702 υ
1651 1694 1658 1701 .
1699 1693 1705 1700 ι

1361 1839 1368 1846 υ
1410 1839 1417 1846 .
1458 1840 1465 1846 υ
1507 1839 1513 1846 ι
1554 1838 1561 1844 ι
1602 1837 1610 1844 .
1650 1837 1657 1844 ι
1698 1835 1705 1843 ο

1363 2054 1369 2061 .
1412 2054 1418 2061 ι
1460 2054 1465 2062 ι
1506 2054 1513 2061 ι
1556 2054 1562 2061 υ
1604 2053 1610 2059 ι
1653 2052 1658 2058 ι
1700 2051 1706 2057 ι

746 2095 863 2124 CODEX
883 2094 1083 2124 BRleANUS.

118 2152 232 2190 Mutilus
257 2158 295 2180 est
315 2153 363 2181 hoc
380 2154 437 2181 loco
460 2154 542 2181 codex
555 2159 690 2187 argenteus
702 2155 802 2190 integro
815 2163 880 2190 qua-

80 2189 219 2221 ternione;
232 2197 297 2224 quae
314 2190 381 2217 enim
399 2190 507 2226 legimus
522 2191 549 2216 in
568 2189 686 2226 l’ulgatis
709 2200 724 2218 (ι
745 2189 803 2226 cap.
821 2199 858 2218 xu
871 2212 879 2224 ,

934 2163 1000 2181 vers.
1009 2154 1037 2186 5,
1048 2161 1127 2188 usque
1139 2151 1174 2179 ad
1183 2159 1243 2184 χιιι,
1255 2159 1323 2178 verr.
1340 2150 1387 2183 3‘2,
1404 2150 1446 2188 hic
1457 2150 1656 2188 desiderantur:
1669 2149 1744 2176 incu-

933 2191 974 2217 ria
989 2198 1021 2217 ne
1032 2186 1205 2225 conipaclarts
1215 2208 1223 2221 ,
1235 2196 1269 2215 an
1281 2187 1390 2214 alterius
1403 2186 1517 2223 piaculo,
1535 2187 1670 2213 incertum.

730 2249 846 2277 CODEX
865 2247 1100 2277 CORBEIENSIS.

119 2308 166 2334 Η.
182 2311 298 2335 stantem
312 2328 320 2340 ,
343 2306 388 2334 ubi
411 2314 463 2334 non
476 2311 584 2342 oportet
602 2327 607 2333 .
628 2325 634 2333 .
652 2326 660 2334 .
674 2307 720 2342 qui
736 2307 763 2334 in
782 2307 883 2335 .ludaea

81 2348 160 2373 sunt.
171 2343 275 2378 fugiant
290 2344 317 2370 in
334 2343 484 2370 montibus.

119 2380 168 2406 15.
184 2386 221 2407 ct.
235 2380 279 2413 qui
296 2380 321 2406 in
333 2379 529 2414 superioribus,
547 2387 599 2407 non
616 2378 794 2406 descendant.

118 2416 167 2443 17.
188 2415 241 2442 Vac
253 2420 344 2443 autem
357 2416 578 2451 praegnantibus,
593 2420 620 2443 ct
635 2415 828 2442 nutrientibus.

977 2306 1021 2334 l9.
1034 2306 1128 2342 quales
1144 2314 1199 2333 non
1215 2306 1331 2342 luerunt
1342 2305 1376 2332 ab
1389 2304 1467 2332 initio
1480 2311 1494 2330 a
1508 2308 1644 2335 creatura,
1658 2310 1745 2338 usque

944 2340 1140 2377 modo,‘neqne
1155 2347 1236 2369 erunt
1252 2345 1313 2376 post
1326 2340 1403 2368 haec.

976 2374 1077 2406 20.7Et
1098 2374 1152 2405 'nisi
1178 2374 1329 2405 breviasset
1352 2377 1423 2404 Deus
1447 2375 1506 2403 dics
1533 2380 1646 2410 propter
1671 2374 1742 2403 clec-

944 2420 986 2441 lOS
999 2421 1074 2441 SUOS.

711 2475 907 2504 VARIANTES
927 2474 1133 2503 LECTIONES.

113 2532 123 2548 ¹
147 2531 201 2557 Gal.
216 2536 285 2556 utne
295 2531 336 2557 ﬂat
348 2531 405 2564 roga
417 2536 499 2557 vestra
511 2533 604 2564 hieme,
619 2533 659 2558 vel
671 2533 771 2558 sabbato
783 2539 789 2557 ε
802 2536 885 2558 erunt.

85 2563 164 2595 Vulg.
177 2567 203 2588 ut
215 2564 298 2589 hieme
308 2570 356 2588 non
368 2563 443 2589 fiant:
457 2569 539 2589 erttnt.

972 2533 982 2565 τ
1000 2533 1053 2565 Gal.
1067 2532 1231 2557 tribulationis
1242 2532 1315 2557 tales.
1331 2531 1591 2565 Vtilg.rtribulationes
1603 2530 1674 2556 tales.

974 2564 984 2580 ³
1002 2564 1055 2589 Gut.
1068 2565 1137 2595 signa
1149 2571 1245 2595 magna,
1256 2568 1292 2588 et.
1312 2563 1390 2596 Vulgi
1397 2564 1475 2594 signa,
1489 2566 1523 2588 et.

441 2634 586 2655 LECTIONES
602 2634 705 2655 CODlClS
716 2634 920 2655 VINDEBONENSIS
931 2635 1069 2656 ABEUNTES
1081 2636 1114 2655 AI
1129 2635 1255 2655 EDITIONE
1269 2636 1401 2656 VllLGATA.

83 2687 173 2712 linem.
208 2685 244 2709 ιι.
253 2684 313 2710 Cum
321 2688 404 2711 autem
413 2685 534 2717 videritis,
545 2686 775 2716 aspcrnationem...
786 2687 808 2710 in
819 2693 888 2711 mon-

84 2723 152 2744 tem.
188 2718 223 2742 l5.
238 2716 328 2741 tollere
344 2717 434 2749 aliquid
450 2717 482 2741 de
493 2717 566 2749 domo
577 2723 630 2740 sua.
643 2748 647 2749 ν
668 2717 703 2740 18.
717 2716 841 2749 EtAorate,
856 2724 888 2742 ne

84 2751 175 2775 hieme
187 2749 252 2773 liant.
288 2749 325 2773 l9.
335 2747 499 2773 tribulationis
509 2748 580 2776 tales,
591 2748 680 2779 quales
690 2755 737 2772 non
747 2747 848 2774 fuerunt
858 2749 889 2773 ab

85 2781 162 2806 initio
173 2784 314 2810 creaturae,
329 2786 407 2810 usque
426 2786 503 2809 nunc;
516 2779 559 2803 sed
580 2785 662 2810 neque
677 2779 745 2803 ﬁent.
779 2781 818 2806 20.
839 2780 889 2805 Sed

86 2813 136 2837 nisi
161 2812 279 2836 Dominus
298 2810 501 2843 breviassetdies
519 2814 627 2843 propter_
638 2810 732 2835 electos
750 2818 816 2843 suos,
841 2818 888 2836 non

86 2845 164 2869 ﬁeret
180 2843 247 2868 salva
258 2843 337 2868 omnis
350 2849 420 2873 caro;
433 2842 477 2867 sed
492 2846 591 2874 propter
605 2841 712 2873 electos,
727 2849 788 2873 quos
801 2841 889 2874 elegit,

942 2686 1131 2711 breviavitdics.
1139 2687 1176 2712 2|.
1186 2686 1249 2711 Ecce
1258 2687 1297 2711 lilc
1305 2686 1428 2716 Christus;
1438 2686 1475 2711 vel
1484 2693 1543 2710 ecce
1554 2686 1599 2711 .22.
1606 2686 1747 2717 Exsurgent

943 2718 1009 2741 enim
1019 2717 1286 2749 PseudOproplmtae...
1296 2719 1377 2749 signa,
1390 2722 1415 2742 et.
1425 2719 1534 2749 prodigia
1546 2719 1574 2742 ad
1583 2719 1747 2748 seducendos,

942 2750 962 2773 si
984 2752 1066 2780 potest
1086 2750 1139 2773 lteri
1160 2751 1234 2773 etiam
1255 2749 1359 2774 electos.
1374 2749 1474 2773 Videte.
1509 2751 1540 2774 ‘25
1559 2750 1590 2775 Et
1609 2750 1697 2774 stt-liae
1716 2750 1748 2775 de

943 2780 1013 2804 caelo
1034 2785 1108 2805 erunt
1125 2780 1257 2811 cadentes,
1276 2784 1301 2805 et
1314 2781 1417 2805 virtutes
1433 2780 1558 2805 caelorum
1576 2781 1747 2805 movebuntur.

943 2811 982 2835 26.
996 2818 1050 2836 cum
1065 2812 1179 2836 nubibus.
1212 2812 1252 2836 ‘27.
1275 2815 1301 2836 et
1325 2817 1382 2836 tunc
1400 2813 1482 2836 mittet.
1502 2813 1622 2843 Angelos,
1641 2816 1666 2837 et
1689 2819 1746 2837 mu-

943 2843 1059 2874 gregabit
1073 2843 1168 2868 electos
1180 2850 1193 2867 a
1210 2847 1326 2874 quattuor
1340 2844 1470 2869 t'enlis.....
1485 2844 1514 2868 ad
1531 2851 1651 2868 summum
1666 2844 1749 2868 caelo-

772 2896 956 2925 BLANClIlNl
969 2896 1084 2925 NOTAE.

131 2958 173 2993 (ιι)
186 2957 264 2986 Addit
280 2949 386 2994 propter
401 2952 495 2986 electo;
509 2957 577 2989 suos,
593 2955 674 2985 etiam
690 2955 750 2986 cod.
767 2945 845 2984 Cant.
914 2955 975 2986 toil:
989 2952 1117 2985 ἓκλεκτούς
1131 2954 1221 2984 αὐτὸς.
1233 2969 1268 2977 μα
1283 2955 1320 2991 (b)
1334 2955 1368 2986 Et
1380 2957 1414 2986 ila
1428 2960 1482 2986 tex.
1496 2954 1543 2987 Gr.
1559 2956 1584 2985 il.
