3934 6332
172 315 265 374 835

1165 297 1622 360 EVANGEIJUM
1663 295 2042 355 SECUNDUM
2082 295 2399 354 MARCUM.

529 421 760 480 CODEX
799 417 1348 480 VERCELLENSIS.

167 523 298 581 bant,
319 515 440 586 quid
472 529 586 571 res-

168 591 458 660 ponderent,

165 666 242 720 41.
275 660 338 716 ei.
371 661 436 715 Et
464 673 552 713 ve-

165 735 232 790 nit
261 735 430 796 tertio,
463 739 516 784 et

163 807 278 862 dicit
303 805 402 859 illis
433 825 448 862 :

165 875 526 947 liormitejam,

163 961 210 1006 et
235 951 468 1018 requies-

163 1024 272 1078 cite.
295 1019 552 1077 Consum-

163 1101 318 1148 matus
347 1103 428 1148 est
459 1092 517 1146 li-

163 1164 236 1218 nis
273 1181 284 1216 :
324 1163 542 1220 advenit

163 1237 280 1292 hora
310 1251 324 1300 ;
353 1247 406 1290 et
435 1251 527 1292 ec-

161 1324 214 1362 ce
243 1306 462 1362 traditur

163 1379 311 1435 Filius
334 1380 504 1434 homi-

163 1450 235 1506 nis
265 1453 312 1504 in
337 1451 506 1505 mani—

165 1525 248 1577 lius
271 1533 520 1592 peccato-

161 1593 239 1650 42.
277 1610 410 1648 rum.
442 1593 626 1664 Surgi-

164 1679 226 1732 te,
252 1681 434 1721 eamus
463 1682 476 1719 :
511 1681 602 1722 ec-

162 1753 214 1793 ce
236 1737 516 1808 adpropin-

159 1811 344 1878 quavit,
374 1811 464 1880 qui

161 1881 467 1936 metraditu—

161 1969 238 2006 rus
258 1962 354 2008 est.

160 2023 238 2078 45.
263 2023 448 2098 Adhuc
471 2039 545 2082 co
567 2024 796 2098 loquen-

164 2105 226 2160 te,
248 2098 382 2151 venit
407 2097 508 2153 Ju-

160 2167 242 2222 das
273 2169 287 2199 ι
311 2167 562 2226 Scarioth

162 2255 281 2294 unus
307 2255 371 2295 ex
395 2257 492 2296 XII.

161 2321 333 2366 etcum
363 2313 454 2368 illo

163 2383 296 2436 turba
310 2399 428 2438 cum

160 2454 347 2523 gladiis,
371 2463 425 2510 et
453 2453 566 2510 fus-

163 2525 302 2588 tibus.
324 2541 352 2580 a
376 2527 512 2583 Sum
527 2557 544 2567 -

161 2597 250 2652 niis
275 2597 548 2655 Sacerdo-

162 2670 302 2734 tibus,
324 2681 376 2726 et
402 2670 558 2725 Scri-

163 2739 250 2807 bis,
275 2751 326 2796 et
349 2741 548 2798 Senio-

161 2813 311 2870 ribus.

159 2885 234 2938 4-1.
264 2885 414 2941 Dedit
440 2893 652 2952 autem,

160 2957 236 3022 qui
257 2972 372 3012 eum
403 2969 518 3014 tra-

159 3027 318 3095 debat,
340 3029 584 3099 signum,

160 3099 324 3155 dicens
353 3119 366 3154 :
399 3100 610 3168 Quem-

159 3185 366 3242 Cumque
387 3189 468 3228 os-

981 524 1038 568 et
1067 513 1088 544 ¹
1120 511 1304 568 ducite
1333 527 1460 568 eum

980 583 1293 655 diligenter.

981 657 1074 712 45.
1106 657 1170 710 Et
1186 655 1416 711 accessit
1433 697 1448 722 ,
1477 664 1532 712 et

982 729 1057 782 ait
1087 727 1200 782 illi:
1233 727 1382 782 Habe

985 799 1154 856 ltabbi
1187 817 1200 853 :
1225 807 1282 855 et
1309 814 1460 855 oscu-

985 872 1126 926 latus
1151 881 1236 926 est
1257 887 1402 926 eum.

983 943 1074 998 46.
1107 943 1258 998 Tunc
1283 944 1358 997 illi
1389 942 1528 1014 inje—

982 1025 1174 1070 cerunt
1194 1015 1241 1070 ei
1275 1029 1385 1069 ma-

983 1103 1106 1152 nus,
1135 1095 1191 1142 et
1213 1095 1404 1143 tenue-

981 1167 1104 1212 runt
1128 1173 1273 1214 eum.

977 1229 1070 1284 47.
1099 1229 1249 1286 Unus
1275 1238 1454 1284 autem

977 1301 1199 1372 quidam
1229 1302 1361 1356 edu.

977 1373 1055 1428 xit
1079 1372 1341 1442 gladium,

975 1453 1030 1500 et
1053 1446 1324 1516 percussit

975 1515 1192 1571 servum
1216 1515 1236 1546 ³
1265 1517 1424 1572 Sum-

979 1589 1052 1642 mi
1083 1587 1348 1643 Sacerdo-

977 1661 1068 1724 tis,
1093 1667 1148 1714 ct
1193 1675 1383 1728 ampu-

980 1732 1122 1786 tavit
1151 1731 1228 1785 illi
1251 1747 1350 1786 au—

981 1803 1231 1858 riculam.

977 1875 1066 1932 48.
1103 1874 1259 1930 Jesus
1301 1881 1482 1931 autem
1513 1874 1596 1930 di-

981 1948 1060 2001 xit
1089 1947 1168 2002 eis
1201 1963 1213 1998 :
1245 1947 1385 2002 'l‘an-

975 2035 1137 2088 quam
1168 2017 1234 2072 ad
1257 2018 1334 2072 la—

979 2100 1192 2146 tronem
1223 2105 1308 2145 V8-

978 2163 1138 2217 nistis
1163 2177 1286 2216 cum

975 2233 1192 2303 gladiis,
1225 2239 1282 2288 et
1305 2231 1431 2292 lus-

979 2307 1144 2369 tibus,
1169 2321 1400 2375 conpre-

978 2377 1222 2432 hendere
1255 2378 1387 2432 me?

977 2448 1068 2506 49.
1097 2447 1334 2504 Cottidie
1359 2463 1507 2505 eram

977 2521 1278 2584 vobiscum,
1305 2521 1358 2576 in

983 2593 1186 2663 templo
1213 2591 1313 2648 d0-

979 2680 1132 2730 cens,
1165 2673 1220 2718 et
1247 2680 1356 2719 non

979 2735 1291 2792 detinuistis

979 2823 1088 2863 me.
1113 2807 1244 2872 Sed,
1271 2816 1330 2862 ut
1355 2807 1438 2862 in-

978 2881 1230 2950 pleantur

976 2951 1312 3018 Scripturae.

980 3024 1070 3080 50.
1095 3023 1182 3090 Ει,
1211 3023 1402 3081 relicto
1428 3040 1516 3091 eo,

978 3110 1172 3151 omnes
1203 3093 1358 3164 fuge-

978 3167 1070 3224 51.
1103 3175 1250 3222 runt.
1281 3167 1346 3223 Et
1369 3167 1526 3238 juve-

2242 410 2474 470 CODEX
2519 407 3058 467 VERCELLENSIS.

2356 522 2569 564 DEFICIT
2597 521 2939 562 VERONENSIS.

1851 591 1936 636 tus
1967 581 2250 637 sindonem

1847 667 2009 723 supra
2033 655 2236 709 nudutn

1849 741 2045 797 corpus
2078 744 2090 780 :
2119 735 2172 780 et
2189 725 2278 780 de-

1849 799 2127 852 tinuerunt

1848 869 1938 925 52.
1971 885 2117 926 eum.
2145 867 2229 926 Ad
2255 869 2368 934 ille,

1849 941 2166 1011 relinquens

1847 1015 2156 1078 sindonem,

1848 1085 2024 1141 nudus
2053 1085 2186 1156 fugit

1847 1157 1915 1210 ab
1944 1159 2044 1212 eis.

1846 1229 1936 1282 55.
1959 1231 2022 1284 Ει
2047 1229 2318 1286 duxerunt

1845 1299 2028 1356 Jesum
2058 1301 2124 1356 ad
2155 1303 2308 1358 Sum-

1849 1389 1992 1426 mum
2013 1375 2208 1428 Sacer-

1848 1445 2028 1498 dotem
2059 1459 2073 1508 ;
2105 1455 2158 1498 ct
2195 1459 2326 1500 con-

1849 1517 2072 1570 veniunt
2101 1533 2216 1570 0m-

1849 1602 1947 1642 Iics
1987 1588 2207 1642 Pontili-

1846 1673 1959 1724 ees,
1993 1669 2046 1714 et
2071 1659 2320 1726 Scribae,

1846 1743 1902 1784 et
1929 1731 2208 1787 Seuiorcs.

1847 1801 1940 1858 54.
1973 1803 2040 1857 Et
2077 1803 2272 1858 Petrus
2299 1817 2386 1860 se-

1847 1883 2007 1928 cutus
2045 1886 2128 1930 est
2158 1891 2280 1930 eum

1849 1945 1872 1976 δ
1903 1962 2074 2018 usque
2103 1948 2156 2002 in
2197 1947 2320 2003 atri-

1851 2033 1938 2072 um
1964 2019 2177 2074 Summi

1851 2089 2159 2146 Sacerdotis
2183 2109 2196 2144 :

1846 2173 1898 2216 et
1917 2173 2034 2217 erat
2057 2163 2254 2219 sedens

1843 2248 1968 2288 cum
2001 2235 2194 2288 minis-

1846 2307 1966 2372 tris,
1981 2306 2184 2360 callici-

1842 2392 1944 2433 ens
1973 2393 2034 2433 se
2061 2378 2128 2433 ad
2163 2379 2230 2448 ig-

1845 2465 1993 2504 nem.

1961 2521 2237 2592 Principes
2267 2536 2362 2577 au-

1847 2603 1953 2648 tem
1981 2593 2248 2650 Sacerdo-

1845 2675 1978 2730 tum,
2008 2675 2061 2720 et
2089 2663 2292 2738 Conci:

1845 2738 1974 2792 lium
2007 2745 2179 2792 totum

1844 2809 2182 2880 quaerebant

1845 2879 2108 2937 adversus
2131 2879 2320 2936 Jesum

1847 2951 2247 3020 testimonium,

1845 3036 1904 3080 ut
1933 3024 2096 3079 morti
2114 3039 2239 3080 eum

1844 3098 1910 3153 ad
1919 3097 2140 3152 ﬁcerent
2155 3113 2170 3151 :

1845 3181 1899 3224 et
1932 3185 2038 3224 non
2073 3169 2227 3225 inve-

2683 579 2751 634 de
2781 595 2882 644 eo;
2910 587 2964 633 et
2995 593 3101 634 non

2684 659 2841 706 erant
2871 665 2967 720 aeq
2977 666 3064 705 na-

2687 721 2756 776 lia
2787 723 3029 777 testimo-

2667 793 2770 848 ‘nia
2801 809 3015 850 eorum.

2685 866 2775 922 57.
2805 865 2978 939 Etalii
3008 881 3230 939 surgen-

2685 949 2787 1004 tes,
2815 937 3017 993 dabant

2681 1009 2875 1065 falsum
2908 1009 3050 1066 testi-

2681 1082 2925 1137 monium

2682 1154 2953 1210 adversus
2975 1170 3122 1220 ettm,

2682 1225 2774 1282 58.
2799 1225 3226 1297 dicenteszQui-

2686 1313 2714 1350 a
2749 1313 2847 1352 nos
2873 1298 3083 1352 audivi-

2687 1385 2808 1424 mus
2829 1385 2952 1424 eum
2977 1369 3052 1423 di-

2685 1453 2896 1496 centem
2931 1459 2942 1495 :
2984 1441 3129 1510 Quo-

2687 1515 2830 1566 niam
2859 1527 2960 1583 ego
2987 1515 3109 1569 des—

2685 1593 2860 1640 truam
2895 1595 3032 1640 tem-

2681 1657 2831 1726 plum
2868 1655 2972 1712 hoc
3000 1672 3112 1710 ma-

2681 1729 2844 1782 nibus
2865 1728 3054 1783 aedili-

2679 1810 2881 1864 catum,
2915 1809 2969 1854 et
2995 1801 3016 1831 ⁵
3051 1809 3174 1870 post

2683 1872 2900 1926 tertium
2938 1871 3087 1928 diem

2684 1943 2828 1998 aliud
2861 1945 3038 1998 susci-

2688 2016 2812 2071 tabo
2839 2031 2947 2070 non
2977 2029 3094 2070 ma-

2685 2087 2987 2143 nulactum.

2683 2159 2776 2216 59.
2809 2160 2876 2214 Et
2899 2174 2998 2215 nec
3027 2157 3109 2216 sic
3147 2169 3306 2216 erant

2684 2231 3020 2316 convenien-

2685 2313 2759 2360 tia
2786 2313 3034 2360 testimo-

2683 2378 2774 2432 nia
2807 2377 3048 2432 illorum.

2685 2450 2776 2504 60.
2807 2448 2874 2503 Et
2901 2461 3132 2518 surgens
3151 2445 3308 2502 Prin-

2683 2536 2812 2590 ceps
2833 2521 3100 2577 Sacerdo-

2687 2603 2797 2647 tum
2833 2593 2884 2646 in
2932 2608 3046 2647 me-

2681 2664 2793 2728 dio,
2821 2664 2844 2694 ⁶
2875 2664 3107 2718 interro-

2719 2736 2828 2791 avit
2855 2735 3040 2790 Jesum
3069 2753 3082 2788 :

2731 2808 2825 2862 ihil
2868 2821 3090 2876 respon-

2680 2879 2778 2936 des
2803 2879 2868 2934 ad
2889 2879 3046 2944 haec,

2679 2967 2820 3022 quae
2847 2950 2937 3006 isti
2961 2950 3056 3006 ad-

2685 3037 2876 3080 versus
2901 3031 2955 3078 te
2984 3037 3118 3078 C0!)-

2685 3103 2953 3150 testantur
2980 3095 3000 3148 1

3341 293 3450 352 851

2683 3167 2774 3224 61.
2811 3168 2873 3221 Et
2897 3165 2972 3220 ait
3003 3165 3076 3220 illi
3111 3181 3123 3220 :
3158 3164 3341 3232 Ttt,cs

2683 3239 2934 3294 Christus
2977 3238 3146 3294 Filius
3173 3238 3270 3294 be-

2686 3311 2884 3367 nedicti
2904 3311 2928 3365 ?

2683 3384 2774 3440 62.
2793 3381 2952 3440 Jesus
2975 3390 3156 3438 autem
3187 3397 3305 3440 res-

1843 3241 1934 3298 56.
1971 3249 2188 3296 nerunt.
2225 3239 2354 3296 Mul-

1847 3317 1885 3369 ti
1909 3313 2054 3370 enim
2080 3313 2216 3368 falso

1844 3387 2190 3443 testabantur

1461 3519 1694 3578 CODEX
1735 3520 2130 3578 BRIXIANUS.
2151 3529 2188 3580 ἐζ

157 3653 202 3698 et
227 3643 544 3714 ignorabant
586 3643 716 3714 quid
743 3643 792 3699 ei
825 3639 1238 3714 responderent.
1275 3640 1339 3714 Et
1369 3639 1526 3714 venit
1565 3641 1724 3698 tertio
1851 3642 1961 3698 dio.
2006 3641 2826 3714 percussitiscrvumPrincipis
2849 3642 3226 3700 Sacerdotum.
3255 3651 3310 3698 et
3336 3657 3450 3698 am—

157 3723 204 3768 et
225 3711 292 3770 ait
327 3716 452 3772 illis.
485 3711 734 3772 Dorinite
774 3711 928 3782 jam.
963 3725 1018 3768 et
1065 3713 1410 3784 requiescite.
1448 3711 1616 3784 Adest
1669 3715 1735 3766 li-
1851 3713 2056 3784 putavit
2081 3713 2158 3766 illi
2183 3713 2479 3768 auriculam
2517 3711 2784 3768 dextram.
2825 3715 2892 3769 Et
2921 3714 3256 3784 respondens
3291 3715 3452 3772 Jesus

157 3788 247 3852 nis,
271 3790 416 3844 venit
449 3790 610 3843 liora.
665 3787 804 3842 Ecce
832 3785 1062 3840 traditur
1091 3783 1234 3838 ﬁLus
1269 3782 1506 3858 hominis
1534 3783 1586 3858 in
1622 3799 1740 3838 ma-
1848 3782 2077 3858 aitiillis.
2105 3784 2496 3858 Tamquam_ad
2527 3785 2792 3858 latronem
2832 3782 3054 3842 venistis
3090 3801 3216 3842 cum
3252 3785 3452 3858 gladiis

159 3873 246 3930 nus
281 3871 654 3930 peccatorum.
682 3859 902 3930 Surgite
928 3871 1138 3914 eamus.
1177 3869 1306 3912 cccc
1331 3855 1740 3927 adpropinqua-
1847 3865 1904 3913 et
1929 3857 2166 3930 fustibus
2195 3855 2646 3927 conprehendere
2675 3873 2782 3930 me.

158 3929 224 3984 vit
247 3928 330 4001 qui
359 3948 445 3987 me
473 3931 678 3986 tradet.
803 3928 814 3930 ἡ
1353 3999 1364 4001 _
1431 3998 1446 4001 _
1509 3999 1520 4001 _
1619 3999 1642 4001 _
1920 3928 2154 3984 Cottidie
2189 3943 2338 4001 eram
2363 3937 2500 4001 aput
2531 3943 2647 3982 vos.
2678 3929 2880 3984 docens
2919 3930 2972 3984 iu
3003 3931 3226 4000 templo.
3257 3937 3314 3986 et
3341 3943 3448 3986 non

219 3998 276 4056 Et
309 4001 602 4060 confestim
641 4001 818 4057 adhuc
844 4017 910 4058 eo
937 4001 1215 4071 loquente.
1243 3999 1391 4054 venit
1421 3998 1587 4054 Judas
1611 3999 1742 4054 Sca-
1851 4017 1938 4056 me
1967 4001 2237 4055 tenuistis.
2268 3999 2376 4054 Sed
2408 4011 2464 4054 ut
2491 4000 2802 4068 inpleantur
2826 3998 3162 4058 Scribturae.

157 4073 302 4128 riuth.
325 4092 462 4131 unus
488 4091 560 4131 ex
588 4073 895 4129 duodecim.
923 4085 975 4127 et
1003 4087 1127 4128 cum
1159 4073 1250 4126 illo
1281 4071 1586 4144 multitudo.
1613 4085 1736 4144 cum
1925 4073 1988 4127 Et
2017 4073 2386 4144 relinquentes
2413 4088 2535 4126 eum
2564 4088 2754 4128 omnes
2798 4075 3066 4144 fugerunt.
3109 4073 3448 4130 Adulescens

154 4145 328 4212 gladiis
365 4156 420 4203 et
463 4145 716 4202 fustibus.
759 4161 788 4199 a
833 4147 1074 4202 Summis
1115 4143 1520 4199 Sacerdotibus.
1573 4151 1629 4214 ct
1671 4143 1740 4199 ab
1847 4153 2028 4200 autem
2075 4143 2292 4214 quidam
2333 4144 2666 4214 sequebatur
2705 4143 2880 4200 illum.
2923 4145 3156 4200 amictus
3197 4146 3446 4201 sindone.

157 4217 358 4274 Scribis.
388 4231 442 4274 et
469 4235 498 4272 a
531 4217 872 4272 Senioribus.
911 4215 1148 4271 Dederat
1182 4225 1361 4270 autem
1402 4218 1480 4269 cis
1511 4213 1740 4270 traditur
1845 4217 1991 4271 sicut
2017 4213 2136 4272 erat
2175 4217 2370 4270 nudus.
2403 4213 2458 4270 et
2497 4225 2788 4272 tenuerunt
2813 4233 2958 4272 eum.
3004 4217 3082 4272 Ad
3126 4217 3217 4273 ille
3260 4219 3448 4274 relicta

156 4287 260 4356 ejus
288 4291 494 4361 signum
527 4289 740 4361 dicens.
780 4289 951 4361 Quem
988 4288 1266 4361 osculatus
1297 4285 1450 4342 fuero
1479 4287 1596 4361 ipse
1633 4297 1738 4342 est.
1846 4289 2094 4344 sindone.
2126 4287 2300 4342 nudus
2329 4287 2462 4361 fugit
2487 4289 2556 4342 ab
2583 4290 2682 4344 eis.
2715 4290 2781 4344 Et
2807 4289 3142 4344 adduxerunt
3173 4290 3356 4346 Jesum
3381 4289 3448 4343 ad

157 4365 318 4417 tenete
338 4359 488 4418 eum.
532 4371 588 4416 et
621 4359 804 4416 ducite
845 4359 1174 4431 ﬁrmissime.
1217 4361 1278 4414 Et
1317 4373 1440 4424 cum
1477 4359 1738 4414 venisset.
1847 4361 2154 4431 Principem
2183 4359 2562 4416 Sacerdotum.
2591 4371 2643 4416 ct
2671 4377 2914 4417 convcne
2941 4401 2953 4414 .
2985 4400 2996 4414 .
3026 4400 3040 4414 .
3070 4401 3084 4416 .
3112 4399 3127 4414 .
3158 4401 3171 4416 .
3202 4401 3216 4417 .
3246 4401 3258 4415 .
3289 4403 3304 4417 .

157 4433 618 4507 statimaccedens
644 4431 712 4487 ad
739 4447 887 4507 eum.
919 4433 1014 4485 ait.
1045 4429 1238 4507 Rabbi.
1268 4439 1322 4485 et
1357 4431 1632 4486 osculatus
1661 4441 1744 4486 est
1913 4429 2240 4507 Mutilus‘e‘st
2263 4431 2428 4486 codex
2453 4433 2644 4505 pagina
2674 4433 2898 4507 integra,
2927 4433 3122 4489 scilicet
3151 4452 3182 4489 α
3212 4450 3356 4490 versu
3383 4434 3480 4490 55-

157 4517 288 4558 cmn.
315 4505 382 4561 At
411 4507 512 4561 illi.
546 4519 740 4560 manus
765 4503 1074 4571 iniecerunt
1099 4503 1152 4556 iu
1180 4517 1325 4557 eum.
1355 4511 1413 4558 et
1453 4511 1744 4558 tenuerunt
1850 4521 2009 4574 usque
2037 4505 2106 4560 ad
2133 4504 2226 4559 62.

155 4587 286 4632 eum.
316 4577 463 4636 Unus
491 4585 678 4633 autem
701 4575 770 4632 de
797 4575 1299 4632 circumstantibus.
1325 4575 1612 4646 evaginato
1633 4574 1744 4646 gla-
1922 4577 2081 4633 Jesus
2095 4577 2439 4648 autem:dixit
2464 4577 2562 4634 illi.

1440 4689 1673 4746 CODEX
1711 4690 2192 4751 (IORBEIENSIS.
2206 4695 2220 4720 ‘

216 4785 299 4840 41.
336 4784 579 4842 Dnrmite
605 4787 742 4856 jam.
773 4793 828 4840 et
857 4785 1206 4856 requiescite.
1241 4783 1413 4840 Adest
1439 4783 1584 4840 enim
1619 4797 1746 4841 con-
1919 4787 2010 4842 48.
2041 4801 2164 4842 cum
2189 4785 2406 4856 gladiis,
2437 4795 2494 4842 et
2527 4785 2786 4844 fustibus.

157 4859 432 4930 summatio
459 4877 472 4912 :
505 4857 733 4930 etvenit
761 4857 917 4930 hora.
1917 4860 2008 4930 51.
2041 4857 2272 4914 amictus
2303 4857 2532 4914 sindone
2559 4874 2724 4928 supra
2757 4857 2960 4915 nudum
2991 4875 3210 4930 corpus.

215 4927 302 5000 42.
339 4945 472 4986 ecce
507 4929 780 5000 proximat
807 4929 1036 5000 traditor
1073 4945 1249 4986 meus.
1917 4929 2010 4985 56.
2045 4939 2100 4986 et
2127 4945 2234 4986 non
2263 4939 2420 4986 erant
2450 4927 2830 4987 convenientia
2864 4927 3195 4988 testimonia.

331 5017 454 5085 cum
498 4999 692 5085 gladiis
721 5011 778 5057 et
805 4999 1061 5068 fustibus,
1095 5019 1124 5057 a
1179 5000 1526 5072 Principibus
1554 5001 1742 5059 Sacer.
2040 5003 2110 5085 ξι
2137 5001 2232 5085 alii
2256 5011 2605 5085 esurgentes.

157 5069 332 5148 dolum
364 5069 544 5128 missi.
811 5145 824 5148 _
902 5145 912 5148 _
1368 5069 1384 5072 ⁷
1917 5075 2008 5128 58.
2051 5075 2165 5148 Ego
2194 5069 2468 5148 destruam
2501 5073 2762 5148 templum
2804 5073 2900 5130 Dei
2943 5073 3312 5148 maunfactum
3341 5121 3358 5148 ,
3399 5089 3455 5137 ct

218 5143 306 5216 44.
332 5155 516 5201 tenete
538 5159 684 5208 eum,
710 5155 764 5200 et
793 5145 972 5200 ducite
1003 5145 1312 5216 diligenter.
1847 5155 1968 5216 post
1999 5143 2234 5201 triddum
2266 5145 2409 5200 aliud
2441 5143 2717 5202 suscitabo
2749 5161 2855 5201 non
2887 5147 3275 5206 manufactum.

217 5212 308 5289 45.
332 5218 406 5289 ait
435 5217 514 5271 illi
541 5232 554 5269 :
593 5217 782 5289 llabbi,
813 5227 870 5272 et
897 5212 1172 5272 osculatus
1205 5227 1287 5272 est
1319 5232 1464 5272 cum.
1571 5288 1578 5289 ί
1641 5287 1671 5289 __
1847 5212 1861 5215 ⁷
1915 5215 2005 5289 59.
2037 5217 2104 5289 Et
2132 5231 2240 5272 non
2268 5227 2426 5272 erant
2453 5218 2696 5289 aequalia
2725 5218 3036 5274 testimonia
3063 5220 3303 5278 illorum.

219 5283 304 5340 47.
333 5287 400 5362 Et
440 5303 582 5343 unus
607 5287 677 5344 de
716 5289 1196 5346 circumstantibus
1224 5301 1478 5360 exempto
1528 5287 1734 5360 gladio,
1882 5287 2144 5362 A6l._llle
2182 5299 2362 5346 autem
2405 5283 2596 5362 tacuit,
2643 5297 2698 5346 et
2738 5289 2870 5344 nihil
2911 5291 3212 5362 respondit.
3255 5295 3454 5354 iterato

158 5360 414 5426 percussit
439 5375 682 5417 servum.
1391 5359 1397 5360 “
1536 5359 1552 5360 ί
1845 5359 1954 5416 ait:
1986 5359 2068 5416 Tu
2087 5403 2104 5430 ,
2135 5377 2195 5418 es
2219 5362 2472 5420 Christus
2501 5360 2672 5419 Filius
2699 5363 2793 5419 Dei
2819 5359 3134 5420 benedicti?

1367 5473 1768 5534 VARIANTES
1807 5474 2216 5534 LECTIONES.

157 5587 374 5701 Sutilis:
393 5591 681 5644 Scarioth...
709 5593 840 5644 missi
865 5592 1147 5644 aSummis.
1193 5589 1340 5658 Vulg.
1369 5591 1692 5644 Iscariotes...
1719 5607 1748 5644 a
1856 5590 2207 5707 giggéeusque
2249 5594 2379 5646 intro
2419 5597 2466 5646 in
2506 5596 2746 5648 atrium...
2787 5595 2845 5646 ad
2881 5597 3066 5660 ignem,
3105 5605 3158 5652 et
3196 5601 3446 5656 calefacie-

157 5669 379 5704 DUIIIIHIS.
2045 5693 2057 5705 .

216 5715 236 5806 ξ
268 5715 374 5806 ἔξω.
398 5716 583 5792 (Ιιιίιίιεξε
617 5713 764 5791 Vulg.
790 5717 974 5791 ducite.
1255 5783 1265 5794 .
1535 5783 1545 5794 '
1856 5669 1942 5753 Da:
1972 5669 2078 5772 (siit.
2103 5727 2213 5794 post
2235 5719 2468 5773 triduum.
2497 5720 2646 5788 Vulg.
2671 5735 2762 5786 per
2784 5723 3016 5774 triduum.

289 5783 355 5806 ,ηΙ
401 5777 584 5806 Ωιι-ιι...-
617 5781 860 5806 οωηιηηη.
909 5780 1041 5806 and-
1084 5783 1266 5806 cuum...
1293 5781 1574 5806 eum—.1...”
1917 5783 1938 5806 tt
1975 5783 2063 5806 tv...
2111 5785 2444 5806 ......_........r....
2570 5787 2824 5806 -_-:__-.-_..
2879 5784 3010 5806 πηι..

219 5777 240 5869 ξ
400 5777 880 5869 .SIE’IIIII'mi-i’op'tiﬁcis.
909 5780 1059 5869 Vulg.
1084 5781 1597 5869 Supiniilsacerdotlis.
1709 5857 1723 5869 ἱ
1917 5783 2081 5869 f‘Gat.
2105 5777 2528 5846 interrogabat....
2567 5777 2846 5850 quidquam.
2879 5784 3027 5854 Vulg.
3051 5787 3452 5855 interrogavit....

272 5841 379 5890 Gal.
400 5853 560 5903 usque
583 5845 637 5895 in
661 5845 898 5894 atrium...
944 5841 1359 5898 et'calei'aciebat
1394 5858 1450 5895 se
1473 5845 1532 5896 ad
1557 5845 1742 5908 ignem.
1857 5845 2134 5908 quidquam.

979 3240 1062 3294 nis
1091 3239 1308 3310 quidam

977 3309 1311 3394 sequebatur

979 3398 1130 3450 eum,
1163 3397 1334 3440 amic-

158 3243 344 3326 culatus
376 3245 502 3300 fue-

159 3329 228 3380 ro,
256 3323 364 3384 ipse
390 3325 476 3373 est
499 3333 516 3371 :
537 3323 616 3373 tc-

159 3395 267 3444 nctc
287 3387 456 3456 illum,
