3934 6332
139 299 226 364 837
1121 299 1580 360 EVANGELIUM
1619 301 1995 360 SECUNDUM
2037 299 2352 360 MARCUM.
3305 299 3409 358 833

487 414 720 472 CODEX
761 414 1298 474 VERCELLENSIS.
2197 417 2431 474 CODEX
2471 415 3023 476 VERCELLENSIS.

139 513 452 572 clamabant:
933 527 1076 578 mor,
1101 521 1156 566 et
1189 527 1390 582 pavor:
1425 519 1480 566 et
1503 528 1598 568 ne-
2305 528 2515 570 νει-ιονι-
2550 527 2896 568 vsuosmsm.

133 587 372 658 Cruciﬁge
933 585 1065 640 mini
1093 582 1382 658 quicquam
1416 583 1498 640 di-
1805 599 1903 658 nec
1934 583 2061 658 illis
2081 584 2448 641 crediderunt.
2633 585 2754 652 guis
2781 585 3072 655 loquentur
3097 584 3254 658 novis
3283 597 3298 636 :

136 659 288 716 illum.
315 655 333 658 “
933 667 1162 720 xerunt;
1195 657 1456 728 timebant
1800 655 1889 728 7M.
1933 656 2256 728 Novissime,
2289 674 2500 714 recum-
2639 657 2723 712 18.
2767 667 3050 728 serpentes
3069 657 3400 728 tollentzet,

139 731 211 786 15.
251 731 442 786 Pilatus
467 735 642 784 autem
932 727 986 783 9.
1022 728 1186 781 enim.
1212 727 1491 797 ’Surgeus
1513 737 1691 784 autem
1801 727 2056 783 bentibus
2083 727 2188 784 illis
2211 729 2460 784 undecim
2635 729 2680 783 si
2714 727 3048 784 mortiferum
3089 727 3216 798 quid

139 843 149 856 .
221 843 231 854 .
305 845 318 856 .
393 840 406 854 .
485 841 498 854 .
579 839 590 852 .
675 839 688 852 .
771 838 782 850 .
931 815 1122 865 mane,
1159 801 1330 868 prima
1361 799 1553 854 sabba-
1798 800 2168 868 apparuit;et
2209 801 2562 866 cxiirobravit
2639 799 3070 866 biberintﬂnon
3100 800 3180 856 eis
3213 813 3312 852 no-

140 913 152 928 .
225 913 235 926 .
309 913 322 926 .
401 914 412 927 .
492 913 504 925 .
579 911 592 924 .
675 909 688 924 .
754 910 782 942 7.
933 873 991 934 ti,
1027 871 1276 940 apparuit
1307 871 1482 940 primo
1800 871 2239 928 incredulitatem
2273 873 2510 941 illorum,
2637 874 3020 942 cebitzsuper
3047 885 3242 942 aegros

197 943 311 1018 (Hic
333 945 382 998 in
399 943 630 1018 interiori
653 941 856 1018 Codicis
933 943 1135 1018 Mariae
1159 943 1428 1018 Magdalev
1799 953 1850 998 et
1877 943 2132 1018 duritiam
2159 946 2338 1018 cordis
2365 962 2378 998 :
2639 961 2834 1018 manus
2859 941 3158 1018 inpetrent,

134 1013 412 1088 autographi
457 1015 685 1086 margine
730 1015 857 1068 Iaci—
935 1029 1054 1088 nae,
1079 1013 1148 1068 de
1176 1013 1546 1088 quaejecerat
1801 1015 1922 1084 quia
1958 1017 2071 1080 his,
2103 1018 2192 1088 qui
2223 1017 2466 1072 viderant
2635 1027 2690 1072 et
2715 1017 2852 1072 bene
2878 1013 3175 1072 habebunt.

133 1084 369 1142 niw'sunt
411 1084 688 1142 recisurum
731 1103 858 1156 qua-
935 1086 1020 1141 l0.
1048 1084 1252 1156 septem
1274 1084 1696 1140 daemoniaJlla
1801 1101 1924 1140 eum
1954 1084 2343 1152 resurrexisse,
2637 1089 2724 1144 19.
2771 1089 2834 1142 Ει
2884 1089 3144 1142 Dominus
3179 1085 3400 1156 quidem

134 1158 655 1230 tuorfotiorum.)7_
934 1156 1158 1230 vadens,
1189 1159 1454 1230 nuntiavit
1805 1159 1890 1230 15.
1935 1175 2041 1212 non
2074 1159 2445 1214 crediderunt.
2498 1158 2564 1214 Et
2636 1161 2822 1225 Jesus,
2869 1171 3154 1230 postquam
3191 1161 3404 1214 locutus

279 1230 496 1286 CAPUT
520 1227 676 1284 XVI.
936 1229 1043 1294 his,
1075 1231 1164 1300 qui
1189 1245 1310 1284 cum
1332 1245 1398 1301 eo
1423 1228 1658 1301 fuerant,
1799 1229 1940 1284 dixit
1969 1231 2048 1286 eis
2077 1251 2090 1287 :
2125 1233 2334 1288 Euntes
2355 1231 2375 1262 ³
2403 1233 2456 1288 in
2637 1239 2722 1288 est
2747 1231 2847 1294 eis,
2871 1227 3190 1301 assumptus

185 1301 344 1428 ί311(ῑέ
365 1317 472 1372 qua:
499 1311 780 1366 sequuntur
805 1301 860 1354 in
935 1299 1266 1370 lugentibus,
1295 1311 1348 1356 et
1374 1299 1554 1356 ﬂenti-
1803 1303 2060 1356 mundum
2079 1305 2570 1376 universum,prae-
2640 1315 2724 1358 est
2748 1306 2798 1358 in
2823 1299 3147 1368 cnelumpet
3173 1316 3260 1358 se-

220 1417 228 1428 .
279 1373 611 1428 Vercellensi.
665 1374 860 1428 scripta
935 1373 1024 1426 11.
1059 1373 1178 1426 bus.
1201 1373 1363 1427 Etilli
1389 1373 1694 1428 audientes.
1802 1374 1981 1427 dicate
2013 1375 2368 1428 Evanuelium
2640 1375 2998 1428 ditadextris
3027 1374 3144 1428 Dei.

133 1373 228 1430 cod.
279 1373 611 1446 Vercellensi,
665 1374 860 1446 scripta
935 1373 1024 1446 H7.
1059 1373 1178 1446 bus.
1201 1373 1363 1427 Etilli
1389 1373 1694 1446 audientes,
1802 1374 1981 1446 dicate
2013 1375 2368 1446 Evangelinm
2422 1373 2431 1376 ⁷
2640 1375 2998 1430 ditadextris
3027 1374 3144 1430 Dei.

133 1457 230 1500 sunt
256 1445 479 1500 secundis
501 1446 640 1498 curis
667 1447 728 1498 ab
749 1445 856 1500 alio
933 1445 1054 1514 quia
1089 1444 1320 1510 viveret,
1353 1453 1408 1498 et
1443 1445 1522 1498 vi-
1805 1444 1892 1500 16.
1935 1447 2081 1500 outni
2123 1444 2429 1502 creaturae.
2463 1446 2564 1514 Qui
2639 1447 2732 1502 ΞΟ.
2775 1447 2850 1502 llli
2883 1457 3064 1501 autem
3099 1445 3347 1516 proiecti,

133 1517 407 1590 Antiquario
454 1519 637 1590 juxta
666 1517 852 1590 editio-
933 1531 1027 1570 sus
1046 1527 1198 1590 esset
1219 1518 1288 1572 ab
1317 1531 1404 1584 ea,
1439 1531 1546 1572 non
1803 1517 2122 1590 crediderit,
2153 1531 2204 1574 et
2235 1518 2474 1588 baptiza-
2643 1519 3100 1590 praedicaverunt

133 1585 309 1664 uentis.
329 1585 688 1664 Hieronymi.)
930 1587 1300 1664 cl:edi_deru_nt.
1588 1660 1599 1664 _
1804 1597 1891 1664 tus
1925 1588 2116 1658 fuerit,
2147 1585 2332 1646 salvus
2357 1593 2454 1664 erit
2477 1607 2515 1664 ;7
2645 1585 2866 1664 ubique,
2891 1590 3120 1646 Domino
3148 1603 3348 1662 coope-

134 1661 178 1715 7.
212 1661 525 1732 Galilaeam;
563 1659 632 1732 ibi
661 1675 784 1714 eum
933 1659 1022 1732 12.
1069 1660 1196 1714 Post
1219 1659 1696 1732 haecautemdno-
1803 1661 1892 1732 qui
1926 1677 2056 1715 vero
2103 1677 2210 1716 non
2248 1663 2566 1730 crediderit,
2644 1659 2822 1728 rapte,
2853 1673 2908 1716 et
2934 1676 3146 1716 sermo-

133 1731 384 1796 videbitis,
415 1733 557 1786 sicut
583 1731 690 1786 dixi
935 1731 1035 1786 bus
1063 1747 1126 1786 ex
1159 1733 1240 1787 eis
1269 1731 1556 1786 ambulan-
1804 1733 2279 1788 condetnnabitnr.
2645 1750 2766 1790 nem
2793 1735 3157 1788 coniirmante

133 1805 178 1858 8.
215 1805 373 1877 vobis.
406 1805 474 1860 At
499 1803 626 1877 illae
657 1819 864 1860 exeun-
935 1804 1079 1877 tibus
1115 1813 1366 1860 ostensus
1400 1814 1486 1858 est
1519 1805 1570 1862 in
1604 1803 1704 1877 ali-
1807 1805 1896 1858 17.
1939 1806 2099 1875 Signa
2125 1815 2306 1860 autem
2333 1819 2450 1870 eos,
2476 1805 2566 1874 qui
2643 1806 2666 1838 ³
2693 1805 3050 1877 sequentibus
3077 1803 3270 1876 signis.

135 1883 220 1936 tes,
249 1875 488 1944 fugerunt
520 1873 590 1929 de
619 1891 731 1930 mo-
935 1889 966 1948 a
998 1875 1196 1946 effigie,
1229 1877 1484 1948 euntibus
1515 1877 1566 1928 in
1605 1875 1702 1930 vil-
1805 1873 2160 1944 crediderint,
2181 1881 2312 1932 haec
2337 1873 2568 1948 sequen-

135 1957 395 2012 numento;
429 1948 644 2000 invase-
939 1947 1028 2002 15.
1073 1947 1197 2001 lam.
1231 1947 1297 2002 Et
1327 1947 1404 2001 illi
1441 1953 1663 2014 euntes,
1809 1955 1896 2002 tnr
1927 1965 1940 2002 :
1974 1949 2028 2004 ln
2057 1951 2278 2004 nomine
2307 1947 2431 2004 meo
2683 1964 2994 2006 exmcsm'
3035 1963 3379 2006 svsucsuuu

136 2027 204 2073 rat
227 2021 359 2074 enim
387 2033 480 2076 eas
509 2019 526 2050 ⁸
559 2025 666 2074 tre-
939 2019 1573 2086 nuntiaveruntceteris;
1807 2019 2092 2076 daemonia
2125 2022 2360 2078 eicient:
2397 2021 2498 2076 lin-
2744 2035 3028 2078 secuzvouu
3067 2033 3308 2078 mancum.

1375 2156 1614 2212 CODEX
1652 2155 2130 2218 CORBEIENSIS.

200 2299 274 2356 l5.
307 2298 509 2354 Pilatus
535 2305 718 2353 autem
747 2297 954 2354 dimisit
983 2295 1090 2354 illis
1123 2295 1446 2353 Barabbam.
1477 2295 1703 2363 Omittit,
1883 2295 1974 2352 59.
2003 2295 2138 2352 Cum
2170 2307 2352 2353 autem
2383 2298 2600 2354 videret
2629 2295 2924 2362 Centurio,
2956 2296 3046 2367 qui
3075 2295 3256 2350 stabat
3286 2309 3417 2350 con-

141 2371 308 2426 volens
335 2371 534 2442 populo
567 2369 905 2442 satisfacere.
1813 2381 2082 2442 traeum,
2117 2371 2262 2440 quod
2287 2413 2300 2436 ,
2333 2371 2412 2425 sic
2443 2373 2688 2426 clamans
2713 2411 2728 2436 ,
2757 2369 2944 2442 emisit
2975 2367 3254 2442 spiritum.

195 2443 270 2497 17.
303 2439 680 2510 impOSnerunt
709 2441 760 2497 ei
795 2443 990 2496 factam
1023 2441 1268 2512 Spineam
1307 2457 1594 2498 coronam.
1834 2511 1839 2512 7
1883 2440 1974 2498 ιη.
2005 2443 2066 2496 Et
2090 2439 2364 2498 advocans
2386 2443 2798 2508 Centurionem,
2825 2439 3207 2512 interregavit,
3233 2439 3278 2494 si
3303 2439 3416 2510 jam

195 2516 272 2569 19.
303 2514 364 2568 Ει
394 2516 774 2584 percutiebant
803 2529 926 2568 eum
961 2513 1028 2566 de
1059 2511 1326 2584 arundine
1357 2515 1408 2568 in
1441 2521 1628 2584 caput.
1812 2511 2124 2570 defunctus.

193 2585 272 2640 21.
305 2587 368 2642 Et
391 2583 814 2656 angariaverunt
835 2585 1114 2640 Simonem
1135 2583 1708 2656 Cyrenaeuin,7trans-
1884 2583 1976 2640 47.
2011 2595 2340 2640 notaverunt
2371 2587 2586 2650 locum,
2621 2587 2712 2642 ubi
2745 2584 3073 2656 ponebatur.

138 2669 324 2784 αιιιέυιέι
357 2699 372 2714 .
407 2697 418 2714 .
455 2699 469 2714 .
500 2665 713 2730 patrem
743 2657 1080 2724 Alexandri,
1117 2655 1442 2714 attolleret.
1477 2655 1706 2722 Omittit,
1819 2729 1832 2784 Ι
1885 2657 2196 2784 ΟΑΡῚΧἽ.
2221 2689 2291 2698 --
2313 2657 2372 2713 4.
2405 2668 2458 2713 et
2487 2655 2789 2726 venerunt,
2821 2666 2877 2714 et
2904 2657 3232 2710 invenerunt
3263 2668 3420 2709 revo-

141 2739 184 2784 ει
249 2749 274 2782 ιι
321 2771 332 2784 .
1841 2741 1992 2784 ulum
2043 2747 2148 2784 ann
2173 2745 2281 2784 em.

141 2739 184 2784 et
207 2731 332 2784 Ruﬁ.
1819 2731 1992 2786 lutum
2022 2731 2281 2796 lapidem.

196 2801 278 2856 23.
307 2811 605 2856 murralum
635 2801 841 2856 vinum.
1889 2801 1943 2858 5.
1979 2801 2232 2856 viderunt
2270 2801 2680 2858 adolescentem
2709 2801 2970 2864 amictum
3003 2799 3198 2856 stolam
3231 2797 3420 2856 candi-

195 2871 275 2928 ει.
303 2873 580 2930 mittentes
605 2881 832 2928 sortem.
865 2872 1080 2940 antisse,
1107 2887 1276 2944 super
1305 2873 1408 2939 eis,
1433 2873 1554 2944 quis
1581 2870 1712 2943 quid
1819 2874 1944 2928 dam
1967 2915 1982 2940 ,
2015 2881 2070 2928 et
2097 2883 2455 2944 expaverunt.
3020 2943 3025 2944 7
3435 2888 3452 2900 ·

143 2943 347 3017 tolleret.
689 3016 700 3017 7
879 3015 886 3017 7
953 3015 962 3017 _
1184 2943 1191 2944 “
1452 2943 1462 2944 “
1515 3015 1540 3017 __
1589 3015 1596 3017 _
1889 2945 1944 3000 6.
1977 2945 2157 3001 videte
2175 2943 2193 3010 ⁷,
2227 2961 2356 3002 ecce
2388 2947 2568 3002 locum
2599 2949 2716 3017 ejus
2737 2989 2750 3011 ,
2785 2945 2878 3002 ubi
2913 2943 3124 3016 positus
3151 2951 3294 2999 erat.

197 3017 276 3072 25.
305 3015 430 3072 Erat
457 3027 644 3072 autem
689 3016 820 3072 liora
859 3015 968 3074 dici
1010 3017 1199 3082 tertia,
1239 3025 1292 3074 et
1333 3015 1714 3072 custodiebant
1892 3019 1946 3072 7.
1979 3018 2120 3074 sicut
2151 3017 2262 3074 dixi
2295 3019 2472 3075 vobis.

142 3102 263 3162 eum;
308 3159 344 3162 _
800 3161 809 3162 7
884 3161 890 3162 7
1025 3161 1029 3162 7
1102 3160 1109 3162 7
1160 3161 1167 3162 7
1494 3159 1517 3162 77
1644 3159 1657 3162 _
1893 3087 1951 3162 8.7
1995 3089 2360 3162 Etexeuutes
2397 3091 2562 3156 illae,
2593 3090 2955 3162 profugerunt
2983 3105 3012 3144 a
3042 3095 3422 3162 monumento.

197 3159 274 3215 ‘36.
306 3159 372 3216 Et
393 3173 508 3218 erat
531 3161 934 3232 superscriptio
957 3160 1204 3216 criminis
1226 3163 1426 3232 scripta
1459 3159 1604 3216 :ch
1634 3159 1720 3214 Ju-
1897 3160 1984 3234 l9.
2025 3161 2118 3216 lilu
2151 3171 2334 3217 autem
2371 3159 2736 3234 praecurrens
2759 3159 2780 3228 ζ
2805 3161 3102 3216 nuntiavit.

143 3229 395 3305 daeorum.
583 3229 622 3305 ί
822 3229 837 3232 ’
1341 3229 1352 3232 “
1895 3231 2024 3304 (Hic
2055 3234 2244 3288 desunt
2273 3229 2470 3305 aliquot
2499 3251 2676 3290 uersus
2705 3235 2760 3288 in
2791 3241 2915 3304 ms.)

199 3301 279 3380 ἕξ.
311 3303 727 3380 lamasapthani.
888 3377 918 3380 77
970 3377 977 3380 7
1149 3375 1162 3380 7
1208 3377 1217 3380 _
1511 3375 1522 3380 _
1676 3377 1685 3380 _
1893 3301 1999 3380 178.7
2023 3321 2190 3380 super
2231 3301 2555 3380 languentes
2593 3321 2788 3362 manus
2827 3301 3149 3377 imponent,
3194 3311 3248 3358 et
3285 3301 3426 3358 bene

199 3375 276 3448 56.
305 3375 698 3448 circumposuit
727 3377 1012 3442 arundini,
1048 3385 1102 3432 et
1131 3375 1296 3433 dabat
1331 3415 1344 3430 .
1382 3418 1392 3429 .
1431 3417 1442 3429 .
1479 3375 1526 3432 si
1565 3377 1716 3434 venit
1819 3391 1882 3434 se
1915 3377 2216 3434 habebunt.

145 3444 332 3516 llclias,
363 3457 416 3506 et
444 3444 675 3520 deponit
704 3464 852 3506 eum.
1892 3449 1979 3504 19.
2018 3461 2274 3522 receptus
2305 3457 2389 3506 est
2419 3449 2470 3508 in
2502 3449 2742 3506 coelum.

1325 3583 1724 3644 VARIANTES
1761 3585 2166 3646 LECTIONES.

197 3697 210 3760 ξ
241 3697 338 3760 Gai.
359 3703 542 3760 terror,
571 3707 626 3750 et
643 3709 808 3760 pavor.
1899 3701 1921 3734 δ
1953 3702 2060 3752 Gat.
2087 3715 2184 3752 non
2209 3715 2294 3754 eos
2317 3703 2534 3754 nocebit.

193 3759 214 3830 ξ
243 3759 337 3830 gat.
359 3761 474 3830 {iam
497 3759 651 3830 Jesus
673 3773 866 3830 mane.__
938 3829 941 3830 7
1895 3764 1916 3797 ³
1949 3765 2058 3816 Gat.
2085 3768 2502 3830 prosequentibus
2519 3767 2696 3830 signis.
2720 3767 2906 3818 Anien.

199 3821 216 3853 ³
245 3823 344 3875 Gai.
367 3826 419 3875 in
439 3827 676 3875 mundum
699 3821 1001 3886 praedicate.

1049 3943 1344 3988 EXPLICIT
1391 3945 1805 3991 EVANGELIUM
1849 3945 2194 3991 SECUNDUM
2239 3944 2535 3990 MARCUM.

1284 4198 2295 4343 APPENDIX

490 4448 654 4530 AD
729 4441 1524 4529 EVANGELIUM
1601 4441 2062 4528 EUSEBII
2137 4437 3040 4530 VERCELLENSIS.

149 4060 3438 4101 mm

1213 4715 1726 4790 MONITUM
1779 4713 2318 4788 EDITOBIS.

213 4856 442 4923 Quamvis
465 4862 520 4915 in
553 4861 650 4913 hac
679 4857 966 4930 appendice
1013 4851 1266 4909 nonnulla
1303 4851 1534 4922 reperire
1559 4851 1626 4904 sit
1676 4859 2007 4904 monumenta
2033 4865 2148 4919 qua:
2176 4849 2244 4902 ad
2273 4848 2617 4921 Evangelium
2647 4849 2894 4920 Eusebii,
2933 4857 3086 4927 cujus
3143 4851 3314 4926 Opera
3362 4855 3444 4910 hic

151 4952 326 5008 edenda
347 4955 668 5027 suscepimus
687 4995 702 5021 ,
737 4969 840 5006 non
866 4951 1096 5006 strictam
1125 4947 1342 5002 habeant
1367 4945 1704 5010 relationem,
1737 4943 1802 4999 iis
1825 4954 1996 4998 tamen
2025 4943 2262 4998 lectorem
2288 4961 2348 4998 eo
2379 4945 2548 4999 minus
2573 4945 2928 5018 fraudandum
2957 4949 3280 5012 censuimus,
3307 4947 3446 5022 quod

152 5045 218 5098 vel
241 5049 466 5103 notiones
495 5045 902 5120 ptilegraphitz
941 5042 1346 5114 pretiosissimas
1380 5039 1652 5094 exhibeant
1671 5081 1684 5104 ,
1713 5037 1792 5092 vel
1820 5037 2078 5092 codicibus
2101 5037 2353 5093 versionis
2381 5037 2534 5093 ltalte
2557 5039 2860 5108 quibuscum
2893 5049 3060 5096 textus
3087 5039 3304 5098 Eusebii
3325 5059 3448 5098 nos-

154 5137 208 5188 tri
233 5139 440 5195 collatus
462 5149 538 5195 est
565 5137 896 5194 illustrandis
923 5135 1224 5191 inserviant.

1093 5262 1664 5348 EPISTOLA
1736 5259 2116 5344 BLANC
2131 5261 2410 5345 HINI.

747 5405 1212 5484 Comparantur
1235 5400 1556 5462 variantes
1580 5395 1856 5478 qucedam
1889 5397 2186 5460 lectiones
2219 5399 2784 5479 Evangelistarum

159 5527 581 5586 Eininentissimo
607 5539 662 5586 et
685 5526 1148 5585 reverendissimo
1167 5521 1396 5594 principi
1423 5537 1486 5577 ac
1518 5521 1739 5576 domino
1919 5521 2245 5577 Biancltinns
2273 5523 2606 5584 Veronensis
2628 5569 2642 5592 ,
2699 5531 2985 5604 presbyter
3013 5536 3452 5608 congregationis

224 5622 280 5676 Ι).
311 5623 468 5681 Nerio
499 5625 560 5682 S.
613 5625 675 5678 R.
713 5624 774 5678 E.
830 5615 1389 5682 cardinaliCorsino,
1439 5629 1732 5685 regnarunt
1845 5613 2082 5670 Oratorii
2107 5615 2373 5684 Romani,
2411 5619 2750 5678 felicitatem.

223 5714 553 5790 Portugalliae
591 5714 886 5788 protectori
917 5709 1500 5776 benemerentissimo,
1530 5706 1733 5778 Joseph
1912 5707 2180 5776 Quoniam
2214 5718 2238 5746 λ
2291 5710 2490 5768 nudius
2543 5715 2734 5770 tertius
2783 5717 3164 5780 sanctissimus
3193 5721 3452 5782 dominus

225 5863 244 5890 ει
275 5855 471 5930 Nempe
499 5857 588 5915 die
609 5857 672 5914 2|
710 5859 914 5929 Aprilis
933 5855 1094 5928 hujus
1115 5855 1244 5912 anni
1279 5851 1438 5910 1749.
