  <div class='ocr_page' id='page_1' title='image "/cluster/home/n/w/nwhite01/storage/ocr_20150623/12/hvd.32044015471980/431.png"; bbox 0 0 3934 6332; ppageno 0'>
   <div class='ocr_carea' id='block_1_1' title="bbox 513 287 620 346">
    <p class='ocr_par' dir='ltr' id='par_1_1' title="bbox 513 287 620 346">
     <span class='ocr_line' id='line_1_1' title="bbox 513 287 620 346; baseline 0.019 -2"><span class='ocrx_word' id='word_1_1' title='bbox 513 287 620 346; x_wconf 73' lang='lat'><strong>85‘.)</strong></span> 
     </span>
    </p>
   </div>
   <div class='ocr_carea' id='block_1_2' title="bbox 1224 271 2990 344">
    <p class='ocr_par' dir='ltr' id='par_1_2' title="bbox 1224 271 2990 344">
     <span class='ocr_line' id='line_1_2' title="bbox 1224 271 2990 344; baseline -0.01 0"><span class='ocrx_word' id='word_1_2' title='bbox 1224 286 1318 344; x_wconf 80' lang='lat' dir='ltr'><strong>AD</strong></span> <span class='ocrx_word' id='word_1_3' title='bbox 1356 277 1923 342; x_wconf 80' lang='lat' dir='ltr'><strong>EVANGELIARIUM</strong></span> <span class='ocrx_word' id='word_1_4' title='bbox 1965 272 2238 331; x_wconf 84' lang='lat' dir='ltr'><strong>EUSEBII</strong></span> <span class='ocrx_word' id='word_1_5' title='bbox 2282 272 2580 330; x_wconf 63' lang='lat' dir='ltr'><strong>VERCEL.</strong></span> <span class='ocrx_word' id='word_1_6' title='bbox 2622 271 2990 330; x_wconf 79' lang='lat' dir='ltr'><strong>APPENDIX.</strong></span> 
     </span>
    </p>
   </div>
   <div class='ocr_carea' id='block_1_3' title="bbox 3653 266 3731 323">
    <p class='ocr_par' dir='ltr' id='par_1_3' title="bbox 3653 266 3731 323">
     <span class='ocr_line' id='line_1_3' title="bbox 3653 266 3731 323; baseline -0.051 0"><span class='ocrx_word' id='word_1_7' title='bbox 3653 266 3731 323; x_wconf 84' lang='lat' dir='ltr'><strong>8i0</strong></span> 
     </span>
    </p>
   </div>
   <div class='ocr_carea' id='block_1_4' title="bbox 514 385 3733 469">
    <p class='ocr_par' dir='ltr' id='par_1_4' title="bbox 514 385 3733 469">
     <span class='ocr_line' id='line_1_4' title="bbox 514 385 3733 469; baseline -0.005 -11"><span class='ocrx_word' id='word_1_8' title='bbox 514 411 703 458; x_wconf 89' lang='lat' dir='ltr'><strong>noster</strong></span> <span class='ocrx_word' id='word_1_9' title='bbox 724 399 1053 458; x_wconf 82' lang='lat' dir='ltr'><strong>Benedictus</strong></span> <span class='ocrx_word' id='word_1_10' title='bbox 1085 398 1226 468; x_wconf 78' lang='lat' dir='ltr'><strong>XlV’,</strong></span> <span class='ocrx_word' id='word_1_11' title='bbox 1251 400 1413 455; x_wconf 89' lang='lat' dir='ltr'><strong>Pont.</strong></span> <span class='ocrx_word' id='word_1_12' title='bbox 1441 397 1572 469; x_wconf 88' lang='lat' dir='ltr'><strong>Opt.</strong></span> <span class='ocrx_word' id='word_1_13' title='bbox 1597 396 1765 462; x_wconf 54' lang='grc' dir='ltr'><strong>Μαι,</strong></span> <span class='ocrx_word' id='word_1_14' title='bbox 1801 395 1856 449; x_wconf 93' lang='lat' dir='ltr'><strong>in</strong></span> <span class='ocrx_word' id='word_1_15' title='bbox 1884 390 2110 448; x_wconf 91' lang='lat' dir='ltr'><strong>miriﬁca</strong></span> <span class='ocrx_word' id='word_1_16' title='bbox 2138 389 2185 448; x_wconf 80' lang='grc' dir='ltr'>Α</span> <span class='ocrx_word' id='word_1_17' title='bbox 2217 389 2473 462; x_wconf 86' lang='lat' dir='ltr'><strong>quidquid</strong></span> <span class='ocrx_word' id='word_1_18' title='bbox 2501 388 2570 446; x_wconf 91' lang='lat' dir='ltr'><strong>ad</strong></span> <span class='ocrx_word' id='word_1_19' title='bbox 2593 404 2715 446; x_wconf 92' lang='lat' dir='ltr'><strong>eam</strong></span> <span class='ocrx_word' id='word_1_20' title='bbox 2743 388 3003 459; x_wconf 93' lang='lat' dir='ltr'><strong>pertinet,</strong></span> <span class='ocrx_word' id='word_1_21' title='bbox 3029 385 3201 456; x_wconf 84' lang='lat' dir='ltr'><strong>magis</strong></span> <span class='ocrx_word' id='word_1_22' title='bbox 3236 385 3496 457; x_wconf 79' lang='lat' dir='ltr'><strong>magisque</strong></span> <span class='ocrx_word' id='word_1_23' title='bbox 3523 385 3569 440; x_wconf 92' lang='lat' dir='ltr'><strong>in</strong></span> <span class='ocrx_word' id='word_1_24' title='bbox 3595 396 3733 456; x_wconf 87' lang='lat' dir='ltr'><strong>postc-</strong></span> 
     </span>
    </p>
   </div>
   <div class='ocr_carea' id='block_1_5' title="bbox 513 488 2111 564">
    <p class='ocr_par' dir='ltr' id='par_1_5' title="bbox 513 488 2111 564">
     <span class='ocr_line' id='line_1_5' title="bbox 513 488 2111 564; baseline -0.008 -14"><span class='ocrx_word' id='word_1_25' title='bbox 513 495 605 550; x_wconf 90' lang='lat' dir='ltr'><strong>illa</strong></span> <span class='ocrx_word' id='word_1_26' title='bbox 632 494 963 549; x_wconf 74' lang='lat' dir='ltr'><strong>allocutione</strong></span> <span class='ocrx_word' id='word_1_27' title='bbox 986 509 1145 564; x_wconf 88' lang='lat' dir='ltr'><strong>quam</strong></span> <span class='ocrx_word' id='word_1_28' title='bbox 1192 491 1382 548; x_wconf 91' lang='lat' dir='ltr'><strong>habuit</strong></span> <span class='ocrx_word' id='word_1_29' title='bbox 1413 491 1467 546; x_wconf 92' lang='lat' dir='ltr'><strong>in</strong></span> <span class='ocrx_word' id='word_1_30' title='bbox 1499 488 1832 547; x_wconf 80' lang='lat' dir='ltr'><strong>consistorio</strong></span> <span class='ocrx_word' id='word_1_31' title='bbox 1860 493 2072 542; x_wconf 90' lang='lat' dir='ltr'><strong>secreto</strong></span> <span class='ocrx_word' id='word_1_32' title='bbox 2097 524 2111 549; x_wconf 93' lang='lat'><strong>,</strong></span> 
     </span>
    </p>
   </div>
   <div class='ocr_carea' id='block_1_6' title="bbox 516 579 2113 662">
    <p class='ocr_par' dir='ltr' id='par_1_6' title="bbox 516 579 2113 662">
     <span class='ocr_line' id='line_1_6' title="bbox 516 579 2113 662; baseline -0.007 -17"><span class='ocrx_word' id='word_1_33' title='bbox 516 590 811 662; x_wconf 90' lang='lat' dir='ltr'><strong>plaudente</strong></span> <span class='ocrx_word' id='word_1_34' title='bbox 846 589 1103 644; x_wconf 87' lang='lat' dir='ltr'><strong>universo</strong></span> <span class='ocrx_word' id='word_1_35' title='bbox 1122 585 1691 644; x_wconf 89' lang='lat' dir='ltr'><strong>eminentissimorum</strong></span> <span class='ocrx_word' id='word_1_36' title='bbox 1725 583 1783 637; x_wconf 84' lang='lat' dir='ltr'><strong>S.</strong></span> <span class='ocrx_word' id='word_1_37' title='bbox 1810 581 1875 635; x_wconf 87' lang='lat' dir='ltr'><strong>R.</strong></span> <span class='ocrx_word' id='word_1_38' title='bbox 1911 579 2113 635; x_wconf 87' lang='lat' dir='ltr'><strong>E.car-</strong></span> 
     </span>
    </p>
   </div>
   <div class='ocr_carea' id='block_1_7' title="bbox 515 672 2114 748">
    <p class='ocr_par' dir='ltr' id='par_1_7' title="bbox 515 672 2114 748">
     <span class='ocr_line' id='line_1_7' title="bbox 515 672 2114 748; baseline -0.009 -9"><span class='ocrx_word' id='word_1_39' title='bbox 515 682 776 739; x_wconf 84' lang='lat' dir='ltr'><strong>dinaliuut</strong></span> <span class='ocrx_word' id='word_1_40' title='bbox 805 695 964 737; x_wconf 91' lang='lat' dir='ltr'><strong>sacro</strong></span> <span class='ocrx_word' id='word_1_41' title='bbox 986 689 1199 748; x_wconf 82' lang='lat' dir='ltr'><strong>senatu,</strong></span> <span class='ocrx_word' id='word_1_42' title='bbox 1249 677 1582 745; x_wconf 91' lang='lat' dir='ltr'><strong>declaravit,</strong></span> <span class='ocrx_word' id='word_1_43' title='bbox 1627 690 1686 731; x_wconf 82' lang='lat' dir='ltr'><strong>se</strong></span> <span class='ocrx_word' id='word_1_44' title='bbox 1717 681 1866 730; x_wconf 92' lang='lat' dir='ltr'><strong>motu</strong></span> <span class='ocrx_word' id='word_1_45' title='bbox 1897 672 2114 742; x_wconf 88' lang='lat' dir='ltr'><strong>proprio</strong></span> 
     </span>
    </p>
   </div>
   <div class='ocr_carea' id='block_1_8' title="bbox 517 765 2117 846">
    <p class='ocr_par' dir='ltr' id='par_1_8' title="bbox 517 765 2117 846">
     <span class='ocr_line' id='line_1_8' title="bbox 517 765 2117 846; baseline -0.008 -15"><span class='ocrx_word' id='word_1_46' title='bbox 517 774 816 831; x_wconf 85' lang='lat' dir='ltr'><strong>contulisse</strong></span> <span class='ocrx_word' id='word_1_47' title='bbox 845 788 941 846; x_wconf 92' lang='lat' dir='ltr'><strong>per</strong></span> <span class='ocrx_word' id='word_1_48' title='bbox 961 771 1324 829; x_wconf 90' lang='lat' dir='ltr'><strong>honoriﬁcum</strong></span> <span class='ocrx_word' id='word_1_49' title='bbox 1351 771 1566 825; x_wconf 87' lang='lat' dir='ltr'><strong>titulum</strong></span> <span class='ocrx_word' id='word_1_50' title='bbox 1591 781 1911 824; x_wconf 77' lang='lat' dir='ltr'><strong>l-‘lDELlSSIIll</strong></span> <span class='ocrx_word' id='word_1_51' title='bbox 1936 765 2117 820; x_wconf 71' lang='lat' dir='ltr'><strong>Sacra:</strong></span> 
     </span>
    </p>
   </div>
   <div class='ocr_carea' id='block_1_9' title="bbox 516 859 2118 941">
    <p class='ocr_par' dir='ltr' id='par_1_9' title="bbox 516 859 2118 941">
     <span class='ocr_line' id='line_1_9' title="bbox 516 859 2118 941; baseline -0.007 -16"><span class='ocrx_word' id='word_1_52' title='bbox 516 868 780 941; x_wconf 81' lang='lat' dir='ltr'><strong>Majestati</strong></span> <span class='ocrx_word' id='word_1_53' title='bbox 811 867 1040 925; x_wconf 80' lang='lat' dir='ltr'><strong>Joannis</strong></span> <span class='ocrx_word' id='word_1_54' title='bbox 1064 866 1135 936; x_wconf 72' lang='grc' dir='ltr'><strong>ν,</strong></span> <span class='ocrx_word' id='word_1_55' title='bbox 1163 863 1512 938; x_wconf 67' lang='grc' dir='ltr'><strong>Ροηυεηιιίίε</strong></span> <span class='ocrx_word' id='word_1_56' title='bbox 1538 876 1593 920; x_wconf 92' lang='lat' dir='ltr'><strong>et</strong></span> <span class='ocrx_word' id='word_1_57' title='bbox 1619 859 2001 934; x_wconf 83' lang='lat' dir='ltr'><strong>Algarbiorum</strong></span> <span class='ocrx_word' id='word_1_58' title='bbox 2031 872 2118 914; x_wconf 85' lang='lat' dir='ltr'><strong>re-</strong></span> 
     </span>
    </p>
   </div>
   <div class='ocr_carea' id='block_1_10' title="bbox 513 951 2119 1036">
    <p class='ocr_par' dir='ltr' id='par_1_10' title="bbox 513 951 2119 1036">
     <span class='ocr_line' id='line_1_10' title="bbox 513 951 2119 1036; baseline -0.009 -18"><span class='ocrx_word' id='word_1_59' title='bbox 513 963 620 1036; x_wconf 91' lang='lat' dir='ltr'><strong>gis,</strong></span> <span class='ocrx_word' id='word_1_60' title='bbox 665 962 894 1035; x_wconf 79' lang='lat' dir='ltr'><strong>ejusque</strong></span> <span class='ocrx_word' id='word_1_61' title='bbox 918 960 1330 1018; x_wconf 86' lang='lat' dir='ltr'><strong>successoribus</strong></span> <span class='ocrx_word' id='word_1_62' title='bbox 1376 958 1618 1029; x_wconf 85' lang='lat' dir='ltr'><strong>regibus,</strong></span> <span class='ocrx_word' id='word_1_63' title='bbox 1649 956 1719 1011; x_wconf 89' lang='lat' dir='ltr'><strong>ob</strong></span> <span class='ocrx_word' id='word_1_64' title='bbox 1748 953 2010 1026; x_wconf 77' lang='lat' dir='ltr'><strong>prmclara</strong></span> <span class='ocrx_word' id='word_1_65' title='bbox 2040 951 2119 1020; x_wconf 88' lang='lat' dir='ltr'><strong>ip-</strong></span> 
     </span>
    </p>
   </div>
   <div class='ocr_carea' id='block_1_11' title="bbox 514 1046 2119 1129">
    <p class='ocr_par' dir='ltr' id='par_1_11' title="bbox 514 1046 2119 1129">
     <span class='ocr_line' id='line_1_11' title="bbox 514 1046 2119 1129; baseline -0.009 -15"><span class='ocrx_word' id='word_1_66' title='bbox 514 1058 630 1114; x_wconf 86' lang='lat' dir='ltr'><strong>sius</strong></span> <span class='ocrx_word' id='word_1_67' title='bbox 651 1058 796 1129; x_wconf 90' lang='lat' dir='ltr'><strong>regis</strong></span> <span class='ocrx_word' id='word_1_68' title='bbox 824 1065 880 1114; x_wconf 89' lang='lat' dir='ltr'><strong>et</strong></span> <span class='ocrx_word' id='word_1_69' title='bbox 907 1057 1174 1128; x_wconf 83' lang='lat' dir='ltr'><strong>majorum</strong></span> <span class='ocrx_word' id='word_1_70' title='bbox 1215 1069 1438 1111; x_wconf 89' lang='lat' dir='ltr'><strong>suorum</strong></span> <span class='ocrx_word' id='word_1_71' title='bbox 1464 1067 1651 1124; x_wconf 89' lang='lat' dir='ltr'><strong>regum</strong></span> <span class='ocrx_word' id='word_1_72' title='bbox 1695 1049 1766 1106; x_wconf 91' lang='lat' dir='ltr'><strong>de</strong></span> <span class='ocrx_word' id='word_1_73' title='bbox 1797 1048 1902 1104; x_wconf 90' lang='lat' dir='ltr'><strong>ﬁde</strong></span> <span class='ocrx_word' id='word_1_74' title='bbox 1936 1046 2119 1102; x_wconf 90' lang='lat' dir='ltr'><strong>catho-</strong></span> 
     </span>
    </p>
   </div>
   <div class='ocr_carea' id='block_1_12' title="bbox 516 1145 2116 1223">
    <p class='ocr_par' dir='ltr' id='par_1_12' title="bbox 516 1145 2116 1223">
     <span class='ocr_line' id='line_1_12' title="bbox 516 1145 2116 1223; baseline -0.009 -13"><span class='ocrx_word' id='word_1_75' title='bbox 516 1153 641 1223; x_wconf 89' lang='lat' dir='ltr'><strong>lica,</strong></span> <span class='ocrx_word' id='word_1_76' title='bbox 693 1161 750 1209; x_wconf 89' lang='lat' dir='ltr'><strong>et</strong></span> <span class='ocrx_word' id='word_1_77' title='bbox 777 1152 908 1209; x_wconf 92' lang='lat' dir='ltr'><strong>sede</strong></span> <span class='ocrx_word' id='word_1_78' title='bbox 957 1151 1260 1223; x_wconf 88' lang='lat' dir='ltr'><strong>apostolica</strong></span> <span class='ocrx_word' id='word_1_79' title='bbox 1305 1147 1513 1220; x_wconf 89' lang='lat' dir='ltr'><strong>optime</strong></span> <span class='ocrx_word' id='word_1_80' title='bbox 1561 1145 1876 1201; x_wconf 91' lang='lat' dir='ltr'><strong>meritorum</strong></span> <span class='ocrx_word' id='word_1_81' title='bbox 1925 1148 2116 1212; x_wconf 89' lang='lat' dir='ltr'><strong>gesta;</strong></span> 
     </span>
    </p>
   </div>
   <div class='ocr_carea' id='block_1_13' title="bbox 517 1236 2119 1314">
    <p class='ocr_par' dir='ltr' id='par_1_13' title="bbox 517 1236 2119 1314">
     <span class='ocr_line' id='line_1_13' title="bbox 517 1236 2119 1314; baseline -0.008 -11"><span class='ocrx_word' id='word_1_82' title='bbox 517 1247 680 1305; x_wconf 91' lang='lat' dir='ltr'><strong>liceat</strong></span> <span class='ocrx_word' id='word_1_83' title='bbox 709 1245 842 1301; x_wconf 91' lang='lat' dir='ltr'><strong>mihi</strong></span> <span class='ocrx_word' id='word_1_84' title='bbox 866 1287 882 1314; x_wconf 94' lang='lat'><strong>,</strong></span> <span class='ocrx_word' id='word_1_85' title='bbox 913 1243 1345 1302; x_wconf 86' lang='lat' dir='ltr'><strong>eminentissime</strong></span> <span class='ocrx_word' id='word_1_86' title='bbox 1371 1242 1646 1313; x_wconf 87' lang='lat' dir='ltr'><strong>princeps,</strong></span> <span class='ocrx_word' id='word_1_87' title='bbox 1675 1237 1742 1293; x_wconf 90' lang='lat' dir='ltr'><strong>ad</strong></span> <span class='ocrx_word' id='word_1_88' title='bbox 1771 1247 1822 1292; x_wconf 93' lang='lat' dir='ltr'><strong>te</strong></span> <span class='ocrx_word' id='word_1_89' title='bbox 1863 1236 2119 1292; x_wconf 88' lang='lat' dir='ltr'><strong>bcncme—</strong></span> 
     </span>
    </p>
   </div>
   <div class='ocr_carea' id='block_1_14' title="bbox 517 1333 2120 1409">
    <p class='ocr_par' dir='ltr' id='par_1_14' title="bbox 517 1333 2120 1409">
     <span class='ocr_line' id='line_1_14' title="bbox 517 1333 2120 1409; baseline -0.01 -13"><span class='ocrx_word' id='word_1_90' title='bbox 517 1339 889 1396; x_wconf 87' lang='lat' dir='ltr'><strong>rentissimum</strong></span> <span class='ocrx_word' id='word_1_91' title='bbox 912 1351 1204 1409; x_wconf 89' lang='lat' dir='ltr'><strong>regnorum</strong></span> <span class='ocrx_word' id='word_1_92' title='bbox 1238 1333 1584 1405; x_wconf 76' lang='lat' dir='ltr'><strong>Portugallia:</strong></span> <span class='ocrx_word' id='word_1_93' title='bbox 1617 1337 1985 1402; x_wconf 85' lang='lat' dir='ltr'><strong>protectorem</strong></span> <span class='ocrx_word' id='word_1_94' title='bbox 2024 1340 2120 1396; x_wconf 89' lang='lat' dir='ltr'><strong>per</strong></span> 
     </span>
    </p>
   </div>
   <div class='ocr_carea' id='block_1_15' title="bbox 519 1418 2122 1504">
    <p class='ocr_par' dir='ltr' id='par_1_15' title="bbox 519 1418 2122 1504">
     <span class='ocr_line' id='line_1_15' title="bbox 519 1418 2122 1504; baseline -0.012 -13"><span class='ocrx_word' id='word_1_95' title='bbox 519 1433 662 1490; x_wconf 91' lang='lat' dir='ltr'><strong>hanc</strong></span> <span class='ocrx_word' id='word_1_96' title='bbox 691 1432 978 1504; x_wconf 87' lang='lat' dir='ltr'><strong>epistolam</strong></span> <span class='ocrx_word' id='word_1_97' title='bbox 1007 1427 1376 1487; x_wconf 72' lang='lat' dir='ltr'><strong>lmtabnndum</strong></span> <span class='ocrx_word' id='word_1_98' title='bbox 1403 1426 1687 1483; x_wconf 88' lang='lat' dir='ltr'><strong>accedere.</strong></span> <span class='ocrx_word' id='word_1_99' title='bbox 1734 1421 1986 1478; x_wconf 89' lang='lat' dir='ltr'><strong>Ofﬁcium</strong></span> <span class='ocrx_word' id='word_1_100' title='bbox 2017 1418 2122 1474; x_wconf 93' lang='lat' dir='ltr'><strong>hoc</strong></span> 
     </span>
    </p>
   </div>
   <div class='ocr_carea' id='block_1_16' title="bbox 521 1511 2124 1593">
    <p class='ocr_par' dir='ltr' id='par_1_16' title="bbox 521 1511 2124 1593">
     <span class='ocr_line' id='line_1_16' title="bbox 521 1511 2124 1593; baseline -0.01 -9"><span class='ocrx_word' id='word_1_101' title='bbox 521 1528 653 1584; x_wconf 90' lang='lat' dir='ltr'><strong>mihi</strong></span> <span class='ocrx_word' id='word_1_102' title='bbox 682 1526 878 1583; x_wconf 89' lang='lat' dir='ltr'><strong>devoto</strong></span> <span class='ocrx_word' id='word_1_103' title='bbox 929 1524 1184 1590; x_wconf 82' lang='lat' dir='ltr'><strong>Nemini,</strong></span> <span class='ocrx_word' id='word_1_104' title='bbox 1233 1520 1612 1593; x_wconf 78' lang='lat' dir='ltr'><strong>Majestatique</strong></span> <span class='ocrx_word' id='word_1_105' title='bbox 1640 1516 1757 1589; x_wconf 85' lang='lat' dir='ltr'><strong>ejus</strong></span> <span class='ocrx_word' id='word_1_106' title='bbox 1799 1511 2124 1586; x_wconf 82' lang='lat' dir='ltr'><strong>praetermit-</strong></span> 
     </span>
    </p>
   </div>
   <div class='ocr_carea' id='block_1_17' title="bbox 522 1609 2123 1687">
    <p class='ocr_par' dir='ltr' id='par_1_17' title="bbox 522 1609 2123 1687">
     <span class='ocr_line' id='line_1_17' title="bbox 522 1609 2123 1687; baseline -0.011 -11"><span class='ocrx_word' id='word_1_107' title='bbox 522 1619 744 1677; x_wconf 86' lang='lat' dir='ltr'><strong>tendum</strong></span> <span class='ocrx_word' id='word_1_108' title='bbox 790 1633 900 1674; x_wconf 87' lang='lat' dir='ltr'><strong>non</strong></span> <span class='ocrx_word' id='word_1_109' title='bbox 928 1627 1073 1686; x_wconf 85' lang='lat' dir='ltr'><strong>erat;</strong></span> <span class='ocrx_word' id='word_1_110' title='bbox 1097 1631 1219 1672; x_wconf 91' lang='lat' dir='ltr'><strong>cum</strong></span> <span class='ocrx_word' id='word_1_111' title='bbox 1252 1628 1495 1687; x_wconf 77' lang='lat' dir='ltr'><strong>praesens</strong></span> <span class='ocrx_word' id='word_1_112' title='bbox 1545 1609 1969 1684; x_wconf 79' lang='lat' dir='ltr'><strong>Evangeliarium</strong></span> <span class='ocrx_word' id='word_1_113' title='bbox 1993 1622 2123 1678; x_wconf 88' lang='lat' dir='ltr'><strong>qua-</strong></span> 
     </span>
    </p>
   </div>
   <div class='ocr_carea' id='block_1_18' title="bbox 521 1699 2123 1785">
    <p class='ocr_par' dir='ltr' id='par_1_18' title="bbox 521 1699 2123 1785">
     <span class='ocr_line' id='line_1_18' title="bbox 521 1699 2123 1785; baseline -0.009 -17"><span class='ocrx_word' id='word_1_114' title='bbox 521 1712 747 1785; x_wconf 73' lang='lat' dir='ltr'><strong>druplex</strong></span> <span class='ocrx_word' id='word_1_115' title='bbox 773 1711 1000 1783; x_wconf 79' lang='lat' dir='ltr'><strong>antiqua:</strong></span> <span class='ocrx_word' id='word_1_116' title='bbox 1029 1709 1205 1764; x_wconf 70' lang='lat' dir='ltr'><strong>latina:</strong></span> <span class='ocrx_word' id='word_1_117' title='bbox 1242 1707 1493 1762; x_wconf 76' lang='lat' dir='ltr'><strong>versionis</strong></span> <span class='ocrx_word' id='word_1_118' title='bbox 1548 1702 1785 1770; x_wconf 78' lang='lat' dir='ltr'><strong>Italicw,</strong></span> <span class='ocrx_word' id='word_1_119' title='bbox 1839 1701 1950 1773; x_wconf 90' lang='lat' dir='ltr'><strong>jam</strong></span> <span class='ocrx_word' id='word_1_120' title='bbox 2005 1699 2123 1755; x_wconf 83' lang='lat' dir='ltr'><strong>fere</strong></span> 
     </span>
    </p>
   </div>
   <div class='ocr_carea' id='block_1_19' title="bbox 2220 478 3733 551">
    <p class='ocr_par' dir='ltr' id='par_1_19' title="bbox 2220 478 3733 551">
     <span class='ocr_line' id='line_1_19' title="bbox 2220 478 3733 551; baseline -0.003 -12"><span class='ocrx_word' id='word_1_121' title='bbox 2220 500 2340 540; x_wconf 90' lang='lat' dir='ltr'><strong>rum</strong></span> <span class='ocrx_word' id='word_1_122' title='bbox 2370 483 2695 539; x_wconf 89' lang='lat' dir='ltr'><strong>auctoritate</strong></span> <span class='ocrx_word' id='word_1_123' title='bbox 2724 490 2779 538; x_wconf 90' lang='lat' dir='ltr'><strong>et</strong></span> <span class='ocrx_word' id='word_1_124' title='bbox 2825 479 3128 551; x_wconf 86' lang='lat' dir='ltr'><strong>patrocinio</strong></span> <span class='ocrx_word' id='word_1_125' title='bbox 3177 478 3313 536; x_wconf 90' lang='lat' dir='ltr'><strong>tueri</strong></span> <span class='ocrx_word' id='word_1_126' title='bbox 3354 479 3507 545; x_wconf 85' lang='lat' dir='ltr'><strong>velit;</strong></span> <span class='ocrx_word' id='word_1_127' title='bbox 3535 479 3733 550; x_wconf 87' lang='lat' dir='ltr'><strong>quoniam</strong></span> 
     </span>
    </p>
   </div>
   <div class='ocr_carea' id='block_1_20' title="bbox 2219 570 3734 645">
    <p class='ocr_par' dir='ltr' id='par_1_20' title="bbox 2219 570 3734 645">
     <span class='ocr_line' id='line_1_20' title="bbox 2219 570 3734 645; baseline -0.003 -13"><span class='ocrx_word' id='word_1_128' title='bbox 2219 593 2326 634; x_wconf 91' lang='lat' dir='ltr'><strong>non</strong></span> <span class='ocrx_word' id='word_1_129' title='bbox 2356 577 2526 633; x_wconf 90' lang='lat' dir='ltr'><strong>veleri</strong></span> <span class='ocrx_word' id='word_1_130' title='bbox 2560 585 2767 632; x_wconf 90' lang='lat' dir='ltr'><strong>tantum</strong></span> <span class='ocrx_word' id='word_1_131' title='bbox 2800 575 2893 630; x_wconf 91' lang='lat' dir='ltr'><strong>illo</strong></span> <span class='ocrx_word' id='word_1_132' title='bbox 2917 573 3082 645; x_wconf 92' lang='lat' dir='ltr'><strong>Regis</strong></span> <span class='ocrx_word' id='word_1_133' title='bbox 3107 572 3266 628; x_wconf 89' lang='lat' dir='ltr'><strong>titulo</strong></span> <span class='ocrx_word' id='word_1_134' title='bbox 3287 614 3301 639; x_wconf 95' lang='lat'><strong>,</strong></span> <span class='ocrx_word' id='word_1_135' title='bbox 3344 570 3438 627; x_wconf 88' lang='lat' dir='ltr'><strong>sed</strong></span> <span class='ocrx_word' id='word_1_136' title='bbox 3464 587 3588 626; x_wconf 90' lang='lat' dir='ltr'><strong>novo</strong></span> <span class='ocrx_word' id='word_1_137' title='bbox 3613 571 3734 627; x_wconf 88' lang='lat' dir='ltr'><strong>etiam</strong></span> 
     </span>
    </p>
   </div>
   <div class='ocr_carea' id='block_1_21' title="bbox 2219 664 3735 739">
    <p class='ocr_par' dir='ltr' id='par_1_21' title="bbox 2219 664 3735 739">
     <span class='ocr_line' id='line_1_21' title="bbox 2219 664 3735 739; baseline -0.005 -13"><span class='ocrx_word' id='word_1_138' title='bbox 2219 671 2322 728; x_wconf 91' lang='lat' dir='ltr'><strong>isto</strong></span> <span class='ocrx_word' id='word_1_139' title='bbox 2369 672 2698 727; x_wconf 75' lang='lat' dir='ltr'><strong>FIDELISSIII</strong></span> <span class='ocrx_word' id='word_1_140' title='bbox 2747 683 2895 724; x_wconf 90' lang='lat' dir='ltr'><strong>nunc</strong></span> <span class='ocrx_word' id='word_1_141' title='bbox 2941 666 3232 739; x_wconf 79' lang='lat' dir='ltr'><strong>gloriatur,</strong></span> <span class='ocrx_word' id='word_1_142' title='bbox 3264 675 3318 722; x_wconf 89' lang='lat' dir='ltr'><strong>et</strong></span> <span class='ocrx_word' id='word_1_143' title='bbox 3362 664 3562 736; x_wconf 82' lang='lat' dir='ltr'><strong>gaudet.</strong></span> <span class='ocrx_word' id='word_1_144' title='bbox 3604 666 3735 720; x_wconf 85' lang='lat' dir='ltr'><strong>Audio</strong></span> 
     </span>
    </p>
   </div>
   <div class='ocr_carea' id='block_1_22' title="bbox 2219 759 3737 838">
    <p class='ocr_par' dir='ltr' id='par_1_22' title="bbox 2219 759 3737 838">
     <span class='ocr_line' id='line_1_22' title="bbox 2219 759 3737 838; baseline -0.003 -16"><span class='ocrx_word' id='word_1_145' title='bbox 2219 764 2437 838; x_wconf 90' lang='lat' dir='ltr'><strong>probari</strong></span> <span class='ocrx_word' id='word_1_146' title='bbox 2465 765 2560 820; x_wconf 91' lang='lat' dir='ltr'><strong>abs</strong></span> <span class='ocrx_word' id='word_1_147' title='bbox 2597 763 2674 819; x_wconf 87' lang='lat' dir='ltr'><strong>Te</strong></span> <span class='ocrx_word' id='word_1_148' title='bbox 2697 805 2712 831; x_wconf 94' lang='lat'><strong>,</strong></span> <span class='ocrx_word' id='word_1_149' title='bbox 2741 773 2906 835; x_wconf 90' lang='lat' dir='ltr'><strong>atque</strong></span> <span class='ocrx_word' id='word_1_150' title='bbox 2931 763 3094 818; x_wconf 90' lang='lat' dir='ltr'><strong>etiam</strong></span> <span class='ocrx_word' id='word_1_151' title='bbox 3141 759 3386 828; x_wconf 88' lang='lat' dir='ltr'><strong>laudari,</strong></span> <span class='ocrx_word' id='word_1_152' title='bbox 3423 768 3660 830; x_wconf 88' lang='lat' dir='ltr'><strong>protector</strong></span> <span class='ocrx_word' id='word_1_153' title='bbox 3677 777 3737 818; x_wconf 86' lang='lat' dir='ltr'><strong>re-</strong></span> 
     </span>
    </p>
   </div>
   <div class='ocr_carea' id='block_1_23' title="bbox 2217 855 3734 933">
    <p class='ocr_par' dir='ltr' id='par_1_23' title="bbox 2217 855 3734 933">
     <span class='ocr_line' id='line_1_23' title="bbox 2217 855 3734 933; baseline -0.004 -17"><span class='ocrx_word' id='word_1_154' title='bbox 2217 875 2450 933; x_wconf 88' lang='lat' dir='ltr'><strong>gnorum</strong></span> <span class='ocrx_word' id='word_1_155' title='bbox 2498 858 2845 929; x_wconf 76' lang='lat' dir='ltr'><strong>Portugallia:</strong></span> <span class='ocrx_word' id='word_1_156' title='bbox 2894 855 3464 922; x_wconf 87' lang='lat' dir='ltr'><strong>benemerentissime,</strong></span> <span class='ocrx_word' id='word_1_157' title='bbox 3511 855 3734 910; x_wconf 89' lang='lat' dir='ltr'><strong>consilium</strong></span> 
     </span>
    </p>
   </div>
   <div class='ocr_carea' id='block_1_24' title="bbox 2220 948 3735 1023">
    <p class='ocr_par' dir='ltr' id='par_1_24' title="bbox 2220 948 3735 1023">
     <span class='ocr_line' id='line_1_24' title="bbox 2220 948 3735 1023; baseline -0.003 -13"><span class='ocrx_word' id='word_1_158' title='bbox 2220 970 2402 1012; x_wconf 90' lang='lat' dir='ltr'><strong>meum</strong></span> <span class='ocrx_word' id='word_1_159' title='bbox 2432 953 2500 1010; x_wconf 91' lang='lat' dir='ltr'><strong>de</strong></span> <span class='ocrx_word' id='word_1_160' title='bbox 2522 953 2727 1009; x_wconf 81' lang='lat' dir='ltr'><strong>edenda</strong></span> <span class='ocrx_word' id='word_1_161' title='bbox 2757 951 3020 1023; x_wconf 85' lang='lat' dir='ltr'><strong>particula</strong></span> <span class='ocrx_word' id='word_1_162' title='bbox 3045 950 3192 1006; x_wconf 76' lang='lat' dir='ltr'><strong>illitis</strong></span> <span class='ocrx_word' id='word_1_163' title='bbox 3217 965 3395 1005; x_wconf 66' lang='lat' dir='ltr'><strong>aureae</strong></span> <span class='ocrx_word' id='word_1_164' title='bbox 3423 948 3735 1016; x_wconf 87' lang='lat' dir='ltr'><strong>allocutionis,</strong></span> 
     </span>
    </p>
   </div>
   <div class='ocr_carea' id='block_1_25' title="bbox 2219 1041 3737 1121">
    <p class='ocr_par' dir='ltr' id='par_1_25' title="bbox 2219 1041 3737 1121">
     <span class='ocr_line' id='line_1_25' title="bbox 2219 1041 3737 1121; baseline -0.004 -18"><span class='ocrx_word' id='word_1_165' title='bbox 2219 1064 2381 1121; x_wconf 82' lang='lat' dir='ltr'><strong>quain</strong></span> <span class='ocrx_word' id='word_1_166' title='bbox 2401 1048 2660 1104; x_wconf 91' lang='lat' dir='ltr'><strong>Summus</strong></span> <span class='ocrx_word' id='word_1_167' title='bbox 2683 1045 2933 1101; x_wconf 83' lang='lat' dir='ltr'><strong>Pontifex</strong></span> <span class='ocrx_word' id='word_1_168' title='bbox 2959 1043 3150 1100; x_wconf 87' lang='lat' dir='ltr'><strong>habuit</strong></span> <span class='ocrx_word' id='word_1_169' title='bbox 3174 1044 3226 1098; x_wconf 93' lang='lat' dir='ltr'><strong>in</strong></span> <span class='ocrx_word' id='word_1_170' title='bbox 3257 1041 3566 1099; x_wconf 91' lang='lat' dir='ltr'><strong>consistorio</strong></span> <span class='ocrx_word' id='word_1_171' title='bbox 3589 1041 3644 1096; x_wconf 91' lang='lat' dir='ltr'><strong>ad</strong></span> <span class='ocrx_word' id='word_1_172' title='bbox 3661 1057 3737 1097; x_wconf 67' lang='lat' dir='ltr'><strong>cm-</strong></span> 
     </span>
    </p>
   </div>
   <div class='ocr_carea' id='block_1_26' title="bbox 2223 1137 3740 1209">
    <p class='ocr_par' dir='ltr' id='par_1_26' title="bbox 2223 1137 3740 1209">
     <span class='ocr_line' id='line_1_26' title="bbox 2223 1137 3740 1209; baseline -0.004 -11"><span class='ocrx_word' id='word_1_173' title='bbox 2223 1153 2334 1198; x_wconf 93' lang='lat' dir='ltr'><strong>tnm</strong></span> <span class='ocrx_word' id='word_1_174' title='bbox 2383 1142 2942 1198; x_wconf 88' lang='lat' dir='ltr'><strong>eminentissimorum</strong></span> <span class='ocrx_word' id='word_1_175' title='bbox 2987 1140 3213 1195; x_wconf 83' lang='lat' dir='ltr'><strong>fratrum</strong></span> <span class='ocrx_word' id='word_1_176' title='bbox 3267 1146 3644 1209; x_wconf 83' lang='lat' dir='ltr'><strong>purpuratorum</strong></span> <span class='ocrx_word' id='word_1_177' title='bbox 3679 1137 3740 1192; x_wconf 81' lang='lat' dir='ltr'><strong>die</strong></span> 
     </span>
    </p>
   </div>
   <div class='ocr_carea' id='block_1_27' title="bbox 2219 1230 3736 1307">
    <p class='ocr_par' dir='ltr' id='par_1_27' title="bbox 2219 1230 3736 1307">
     <span class='ocr_line' id='line_1_27' title="bbox 2219 1230 3736 1307; baseline -0.004 -17"><span class='ocrx_word' id='word_1_178' title='bbox 2219 1235 2286 1291; x_wconf 78' lang='grc'><strong>21</strong></span> <span class='ocrx_word' id='word_1_179' title='bbox 2323 1234 2484 1307; x_wconf 90' lang='lat' dir='ltr'><strong>hujus</strong></span> <span class='ocrx_word' id='word_1_180' title='bbox 2527 1237 2732 1290; x_wconf 85' lang='lat' dir='ltr'><strong>mensis</strong></span> <span class='ocrx_word' id='word_1_181' title='bbox 2765 1235 2988 1306; x_wconf 84' lang='lat' dir='ltr'><strong>Aprilis.</strong></span> <span class='ocrx_word' id='word_1_182' title='bbox 3023 1231 3155 1288; x_wconf 89' lang='lat' dir='ltr'><strong>Eam</strong></span> <span class='ocrx_word' id='word_1_183' title='bbox 3190 1232 3320 1288; x_wconf 90' lang='lat' dir='ltr'><strong>dum</strong></span> <span class='ocrx_word' id='word_1_184' title='bbox 3371 1230 3624 1295; x_wconf 76' lang='lat' dir='ltr'><strong>cxscribo,</strong></span> <span class='ocrx_word' id='word_1_185' title='bbox 3656 1231 3736 1300; x_wconf 85' lang='lat' dir='ltr'><strong>qui-</strong></span> 
     </span>
    </p>
   </div>
   <div class='ocr_carea' id='block_1_28' title="bbox 2223 1327 3736 1403">
    <p class='ocr_par' dir='ltr' id='par_1_28' title="bbox 2223 1327 3736 1403">
     <span class='ocr_line' id='line_1_28' title="bbox 2223 1327 3736 1403; baseline -0.004 -16"><span class='ocrx_word' id='word_1_186' title='bbox 2223 1330 2451 1387; x_wconf 90' lang='lat' dir='ltr'><strong>busdam</strong></span> <span class='ocrx_word' id='word_1_187' title='bbox 2496 1333 2746 1403; x_wconf 90' lang='lat' dir='ltr'><strong>igniculis</strong></span> <span class='ocrx_word' id='word_1_188' title='bbox 2772 1332 3084 1388; x_wconf 78' lang='lat' dir='ltr'><strong>christiana:</strong></span> <span class='ocrx_word' id='word_1_189' title='bbox 3133 1327 3736 1395; x_wconf 81' lang='lat' dir='ltr'><strong>exsultationisineendor,</strong></span> 
     </span>
    </p>
   </div>
   <div class='ocr_carea' id='block_1_29' title="bbox 2224 1423 3739 1499">
    <p class='ocr_par' dir='ltr' id='par_1_29' title="bbox 2224 1423 3739 1499">
     <span class='ocr_line' id='line_1_29' title="bbox 2224 1423 3739 1499; baseline -0.001 -19"><span class='ocrx_word' id='word_1_190' title='bbox 2224 1435 2387 1496; x_wconf 89' lang='lat' dir='ltr'><strong>atque</strong></span> <span class='ocrx_word' id='word_1_191' title='bbox 2418 1427 2715 1499; x_wconf 89' lang='lat' dir='ltr'><strong>triumpho,</strong></span> <span class='ocrx_word' id='word_1_192' title='bbox 2748 1438 2803 1484; x_wconf 92' lang='lat' dir='ltr'><strong>et</strong></span> <span class='ocrx_word' id='word_1_193' title='bbox 2829 1428 3074 1499; x_wconf 84' lang='lat' dir='ltr'><strong>gaudeo;</strong></span> <span class='ocrx_word' id='word_1_194' title='bbox 3124 1426 3381 1498; x_wconf 89' lang='lat' dir='ltr'><strong>quoniam</strong></span> <span class='ocrx_word' id='word_1_195' title='bbox 3428 1424 3654 1480; x_wconf 84' lang='lat' dir='ltr'><strong>Joannem</strong></span> <span class='ocrx_word' id='word_1_196' title='bbox 3694 1423 3739 1488; x_wconf 73' lang='grc' dir='ltr'><strong>ν,</strong></span> 
     </span>
    </p>
   </div>
   <div class='ocr_carea' id='block_1_30' title="bbox 2227 1517 3741 1590">
    <p class='ocr_par' dir='ltr' id='par_1_30' title="bbox 2227 1517 3741 1590">
     <span class='ocr_line' id='line_1_30' title="bbox 2227 1517 3741 1590; baseline -0.003 -18"><span class='ocrx_word' id='word_1_197' title='bbox 2227 1535 2335 1574; x_wconf 90' lang='lat' dir='ltr'><strong>non</strong></span> <span class='ocrx_word' id='word_1_198' title='bbox 2367 1528 2473 1574; x_wconf 89' lang='lat' dir='ltr'><strong>tam</strong></span> <span class='ocrx_word' id='word_1_199' title='bbox 2505 1520 2618 1590; x_wconf 92' lang='lat' dir='ltr'><strong>ipsa</strong></span> <span class='ocrx_word' id='word_1_200' title='bbox 2658 1520 2796 1587; x_wconf 86' lang='lat' dir='ltr'><strong>laus,</strong></span> <span class='ocrx_word' id='word_1_201' title='bbox 2821 1536 2982 1590; x_wconf 90' lang='lat' dir='ltr'><strong>quam</strong></span> <span class='ocrx_word' id='word_1_202' title='bbox 3014 1522 3234 1577; x_wconf 91' lang='lat' dir='ltr'><strong>Summa</strong></span> <span class='ocrx_word' id='word_1_203' title='bbox 3259 1518 3542 1574; x_wconf 88' lang='lat' dir='ltr'><strong>Laudantis</strong></span> <span class='ocrx_word' id='word_1_204' title='bbox 3563 1517 3741 1572; x_wconf 77' lang='lat' dir='ltr'><strong>auctori-</strong></span> 
     </span>
    </p>
   </div>
   <div class='ocr_carea' id='block_1_31' title="bbox 2225 1611 3743 1681">
    <p class='ocr_par' dir='ltr' id='par_1_31' title="bbox 2225 1611 3743 1681">
     <span class='ocr_line' id='line_1_31' title="bbox 2225 1611 3743 1681; baseline -0.002 -15"><span class='ocrx_word' id='word_1_205' title='bbox 2225 1620 2308 1666; x_wconf 88' lang='lat' dir='ltr'><strong>tas</strong></span> <span class='ocrx_word' id='word_1_206' title='bbox 2335 1611 2557 1681; x_wconf 87' lang='lat' dir='ltr'><strong>evehit,</strong></span> <span class='ocrx_word' id='word_1_207' title='bbox 2589 1627 2652 1668; x_wconf 90' lang='lat' dir='ltr'><strong>ac</strong></span> <span class='ocrx_word' id='word_1_208' title='bbox 2682 1613 2773 1667; x_wconf 92' lang='lat' dir='ltr'><strong>illo</strong></span> <span class='ocrx_word' id='word_1_209' title='bbox 2795 1612 2958 1668; x_wconf 88' lang='lat' dir='ltr'><strong>donat</strong></span> <span class='ocrx_word' id='word_1_210' title='bbox 2990 1612 3148 1668; x_wconf 91' lang='lat' dir='ltr'><strong>titulo</strong></span> <span class='ocrx_word' id='word_1_211' title='bbox 3169 1611 3513 1676; x_wconf 77' lang='lat' dir='ltr'><strong>FIDELISSIIII,</strong></span> <span class='ocrx_word' id='word_1_212' title='bbox 3537 1626 3626 1680; x_wconf 89' lang='lat' dir='ltr'><strong>quo</strong></span> <span class='ocrx_word' id='word_1_213' title='bbox 3642 1624 3743 1664; x_wconf 88' lang='lat' dir='ltr'><strong>sem-</strong></span> 
     </span>
    </p>
   </div>
   <div class='ocr_carea' id='block_1_32' title="bbox 2228 1703 3742 1776">
    <p class='ocr_par' dir='ltr' id='par_1_32' title="bbox 2228 1703 3742 1776">
     <span class='ocr_line' id='line_1_32' title="bbox 2228 1703 3742 1776; baseline -0.003 -16"><span class='ocrx_word' id='word_1_214' title='bbox 2228 1719 2325 1774; x_wconf 92' lang='lat' dir='ltr'><strong>per</strong></span> <span class='ocrx_word' id='word_1_215' title='bbox 2351 1706 2501 1761; x_wconf 86' lang='lat' dir='ltr'><strong>stetit</strong></span> <span class='ocrx_word' id='word_1_216' title='bbox 2525 1747 2539 1772; x_wconf 94' lang='lat'><strong>,</strong></span> <span class='ocrx_word' id='word_1_217' title='bbox 2589 1706 2858 1776; x_wconf 84' lang='lat' dir='ltr'><strong>stabitque</strong></span> <span class='ocrx_word' id='word_1_218' title='bbox 2905 1704 3186 1760; x_wconf 88' lang='lat' dir='ltr'><strong>Catholica</strong></span> <span class='ocrx_word' id='word_1_219' title='bbox 3226 1704 3465 1760; x_wconf 86' lang='lat' dir='ltr'><strong>Romana</strong></span> <span class='ocrx_word' id='word_1_220' title='bbox 3491 1703 3665 1774; x_wconf 87' lang='lat' dir='ltr'><strong>religio.</strong></span> <span class='ocrx_word' id='word_1_221' title='bbox 3688 1703 3742 1757; x_wconf 86' lang='lat' dir='ltr'><strong>En</strong></span> 
     </span>
    </p>
   </div>
   <div class='ocr_carea' id='block_1_33' title="bbox 523 1792 3745 1876">
    <p class='ocr_par' dir='ltr' id='par_1_33' title="bbox 523 1792 3745 1876">
     <span class='ocr_line' id='line_1_33' title="bbox 523 1792 3745 1876; baseline -0.003 -17"><span class='ocrx_word' id='word_1_222' title='bbox 523 1816 697 1863; x_wconf 91' lang='lat' dir='ltr'><strong>totum</strong></span> <span class='ocrx_word' id='word_1_223' title='bbox 739 1805 1066 1876; x_wconf 90' lang='lat' dir='ltr'><strong>impressum</strong></span> <span class='ocrx_word' id='word_1_224' title='bbox 1107 1801 1444 1874; x_wconf 82' lang='lat' dir='ltr'><strong>sumptibus,</strong></span> <span class='ocrx_word' id='word_1_225' title='bbox 1475 1808 1531 1856; x_wconf 91' lang='lat' dir='ltr'><strong>et</strong></span> <span class='ocrx_word' id='word_1_226' title='bbox 1574 1796 1832 1868; x_wconf 76' lang='lat' dir='ltr'><strong>auspiciis</strong></span> <span class='ocrx_word' id='word_1_227' title='bbox 1859 1793 1980 1864; x_wconf 81' lang='lat' dir='ltr'><strong>ejus</strong></span> <span class='ocrx_word' id='word_1_228' title='bbox 1999 1833 2015 1859; x_wconf 65' lang='grc' dir='ltr'><strong>ν</strong></span> <span class='ocrx_word' id='word_1_229' title='bbox 2047 1792 2118 1848; x_wconf 71' lang='lat' dir='ltr'><strong>Sil</strong></span> <span class='ocrx_word' id='word_1_230' title='bbox 2145 1793 2196 1856; x_wconf 88' lang='lat' dir='ltr'><strong>B</strong></span> <span class='ocrx_word' id='word_1_231' title='bbox 2222 1813 2374 1871; x_wconf 87' lang='lat' dir='ltr'><strong>ergo,</strong></span> <span class='ocrx_word' id='word_1_232' title='bbox 2407 1815 2529 1871; x_wconf 73' lang='lat' dir='ltr'><strong>qua:</strong></span> <span class='ocrx_word' id='word_1_233' title='bbox 2559 1799 2670 1868; x_wconf 90' lang='lat' dir='ltr'><strong>ille,</strong></span> <span class='ocrx_word' id='word_1_234' title='bbox 2691 1801 2781 1872; x_wconf 92' lang='lat' dir='ltr'><strong>qui</strong></span> <span class='ocrx_word' id='word_1_235' title='bbox 2806 1801 2858 1856; x_wconf 89' lang='lat' dir='ltr'><strong>in</strong></span> <span class='ocrx_word' id='word_1_236' title='bbox 2890 1801 3049 1856; x_wconf 82' lang='lat' dir='ltr'><strong>terris</strong></span> <span class='ocrx_word' id='word_1_237' title='bbox 3073 1813 3155 1856; x_wconf 84' lang='lat' dir='ltr'><strong>eSt</strong></span> <span class='ocrx_word' id='word_1_238' title='bbox 3183 1801 3450 1856; x_wconf 80' lang='lat' dir='ltr'><strong>maximus</strong></span> <span class='ocrx_word' id='word_1_239' title='bbox 3471 1841 3486 1865; x_wconf 93' lang='lat'><strong>,</strong></span> <span class='ocrx_word' id='word_1_240' title='bbox 3512 1814 3566 1855; x_wconf 90' lang='lat' dir='ltr'><strong>ac</strong></span> <span class='ocrx_word' id='word_1_241' title='bbox 3588 1797 3745 1867; x_wconf 71' lang='lat' dir='ltr'><strong>sapien-</strong></span> 
     </span>
    </p>
   </div>
   <div class='ocr_carea' id='block_1_34' title="bbox 520 1891 2123 1972">
    <p class='ocr_par' dir='ltr' id='par_1_34' title="bbox 520 1891 2123 1972">
     <span class='ocr_line' id='line_1_34' title="bbox 520 1891 2123 1972; baseline -0.008 -17"><span class='ocrx_word' id='word_1_242' title='bbox 520 1899 919 1972; x_wconf 89' lang='lat' dir='ltr'><strong>quamprimum</strong></span> <span class='ocrx_word' id='word_1_243' title='bbox 941 1897 996 1953; x_wconf 92' lang='lat' dir='ltr'><strong>in</strong></span> <span class='ocrx_word' id='word_1_244' title='bbox 1024 1897 1199 1954; x_wconf 90' lang='lat' dir='ltr'><strong>lucem</strong></span> <span class='ocrx_word' id='word_1_245' title='bbox 1223 1895 1588 1968; x_wconf 90' lang='lat' dir='ltr'><strong>proditurum.</strong></span> <span class='ocrx_word' id='word_1_246' title='bbox 1630 1891 1870 1958; x_wconf 89' lang='lat' dir='ltr'><strong>Etenim,</strong></span> <span class='ocrx_word' id='word_1_247' title='bbox 1903 1895 2123 1960; x_wconf 90' lang='lat' dir='ltr'><strong>protec-</strong></span> 
     </span>
    </p>
   </div>
   <div class='ocr_carea' id='block_1_35' title="bbox 521 1979 2126 2060">
    <p class='ocr_par' dir='ltr' id='par_1_35' title="bbox 521 1979 2126 2060">
     <span class='ocr_line' id='line_1_35' title="bbox 521 1979 2126 2060; baseline -0.007 -12"><span class='ocrx_word' id='word_1_248' title='bbox 521 2001 610 2050; x_wconf 85' lang='lat' dir='ltr'><strong>tor</strong></span> <span class='ocrx_word' id='word_1_249' title='bbox 656 1991 1112 2060; x_wconf 87' lang='lat' dir='ltr'><strong>eminentissime,</strong></span> <span class='ocrx_word' id='word_1_250' title='bbox 1161 2005 1285 2046; x_wconf 92' lang='lat' dir='ltr'><strong>cum</strong></span> <span class='ocrx_word' id='word_1_251' title='bbox 1316 1988 1423 2044; x_wconf 90' lang='lat' dir='ltr'><strong>isto</strong></span> <span class='ocrx_word' id='word_1_252' title='bbox 1466 1985 1650 2058; x_wconf 82' lang='lat' dir='ltr'><strong>regiae</strong></span> <span class='ocrx_word' id='word_1_253' title='bbox 1700 1979 2126 2054; x_wconf 90' lang='lat' dir='ltr'><strong>nuncupationis</strong></span> 
     </span>
    </p>
   </div>
   <div class='ocr_carea' id='block_1_36' title="bbox 524 2075 2126 2158">
    <p class='ocr_par' dir='ltr' id='par_1_36' title="bbox 524 2075 2126 2158">
     <span class='ocr_line' id='line_1_36' title="bbox 524 2075 2126 2158; baseline -0.008 -15"><span class='ocrx_word' id='word_1_254' title='bbox 524 2089 732 2144; x_wconf 87' lang='lat' dir='ltr'><strong>honore</strong></span> <span class='ocrx_word' id='word_1_255' title='bbox 757 2085 848 2158; x_wconf 91' lang='lat' dir='ltr'><strong>(de</strong></span> <span class='ocrx_word' id='word_1_256' title='bbox 876 2101 984 2158; x_wconf 92' lang='lat' dir='ltr'><strong>quo</strong></span> <span class='ocrx_word' id='word_1_257' title='bbox 1011 2084 1109 2140; x_wconf 91' lang='lat' dir='ltr'><strong>tibi</strong></span> <span class='ocrx_word' id='word_1_258' title='bbox 1135 2085 1300 2141; x_wconf 90' lang='lat' dir='ltr'><strong>etiam</strong></span> <span class='ocrx_word' id='word_1_259' title='bbox 1332 2082 1571 2139; x_wconf 83' lang='lat' dir='ltr'><strong>maxime</strong></span> <span class='ocrx_word' id='word_1_260' title='bbox 1598 2077 1871 2153; x_wconf 86' lang='lat' dir='ltr'><strong>gratulor)</strong></span> <span class='ocrx_word' id='word_1_261' title='bbox 1901 2091 2002 2148; x_wconf 91' lang='lat' dir='ltr'><strong>ego</strong></span> <span class='ocrx_word' id='word_1_262' title='bbox 2026 2075 2126 2147; x_wconf 85' lang='lat' dir='ltr'><strong>pri-</strong></span> 
     </span>
    </p>
   </div>
   <div class='ocr_carea' id='block_1_37' title="bbox 527 2170 2126 2249">
    <p class='ocr_par' dir='ltr' id='par_1_37' title="bbox 527 2170 2126 2249">
     <span class='ocr_line' id='line_1_37' title="bbox 527 2170 2126 2249; baseline -0.008 -13"><span class='ocrx_word' id='word_1_263' title='bbox 527 2195 649 2236; x_wconf 91' lang='lat' dir='ltr'><strong>mus</strong></span> <span class='ocrx_word' id='word_1_264' title='bbox 675 2179 919 2236; x_wconf 89' lang='lat' dir='ltr'><strong>omnium</strong></span> <span class='ocrx_word' id='word_1_265' title='bbox 948 2178 1097 2247; x_wconf 90' lang='lat' dir='ltr'><strong>Opus</strong></span> <span class='ocrx_word' id='word_1_266' title='bbox 1123 2177 1424 2249; x_wconf 88' lang='lat' dir='ltr'><strong>evulgabo,</strong></span> <span class='ocrx_word' id='word_1_267' title='bbox 1454 2175 1508 2231; x_wconf 90' lang='lat' dir='ltr'><strong>in</strong></span> <span class='ocrx_word' id='word_1_268' title='bbox 1555 2189 1664 2246; x_wconf 92' lang='lat' dir='ltr'><strong>quo</strong></span> <span class='ocrx_word' id='word_1_269' title='bbox 1685 2171 1866 2229; x_wconf 89' lang='lat' dir='ltr'><strong>collati</strong></span> <span class='ocrx_word' id='word_1_270' title='bbox 1906 2170 2126 2226; x_wconf 86' lang='lat' dir='ltr'><strong>honori-</strong></span> 
     </span>
    </p>
   </div>
   <div class='ocr_carea' id='block_1_38' title="bbox 526 2260 2126 2339">
    <p class='ocr_par' dir='ltr' id='par_1_38' title="bbox 526 2260 2126 2339">
     <span class='ocr_line' id='line_1_38' title="bbox 526 2260 2126 2339; baseline -0.008 -11"><span class='ocrx_word' id='word_1_271' title='bbox 526 2271 867 2328; x_wconf 89' lang='lat' dir='ltr'><strong>ﬁcentissimi</strong></span> <span class='ocrx_word' id='word_1_272' title='bbox 896 2269 1039 2326; x_wconf 86' lang='lat' dir='ltr'><strong>tituli</strong></span> <span class='ocrx_word' id='word_1_273' title='bbox 1071 2278 1244 2326; x_wconf 90' lang='lat' dir='ltr'><strong>totum</strong></span> <span class='ocrx_word' id='word_1_274' title='bbox 1270 2277 1356 2325; x_wconf 89' lang='lat' dir='ltr'><strong>est</strong></span> <span class='ocrx_word' id='word_1_275' title='bbox 1377 2266 1611 2339; x_wconf 90' lang='lat' dir='ltr'><strong>pondus,</strong></span> <span class='ocrx_word' id='word_1_276' title='bbox 1636 2274 1691 2322; x_wconf 93' lang='lat' dir='ltr'><strong>et</strong></span> <span class='ocrx_word' id='word_1_277' title='bbox 1719 2263 1910 2320; x_wconf 89' lang='lat' dir='ltr'><strong>decus.</strong></span> <span class='ocrx_word' id='word_1_278' title='bbox 1937 2260 2126 2318; x_wconf 86' lang='lat' dir='ltr'><strong>Nullus</strong></span> 
     </span>
    </p>
   </div>
   <div class='ocr_carea' id='block_1_39' title="bbox 524 2355 2128 2436">
    <p class='ocr_par' dir='ltr' id='par_1_39' title="bbox 524 2355 2128 2436">
     <span class='ocr_line' id='line_1_39' title="bbox 524 2355 2128 2436; baseline -0.008 -12"><span class='ocrx_word' id='word_1_279' title='bbox 524 2374 610 2424; x_wconf 88' lang='lat' dir='ltr'><strong>est</strong></span> <span class='ocrx_word' id='word_1_280' title='bbox 657 2365 816 2436; x_wconf 86' lang='lat' dir='ltr'><strong>liber,</strong></span> <span class='ocrx_word' id='word_1_281' title='bbox 851 2373 910 2421; x_wconf 93' lang='lat' dir='ltr'><strong>ut</strong></span> <span class='ocrx_word' id='word_1_282' title='bbox 939 2363 1118 2433; x_wconf 90' lang='lat' dir='ltr'><strong>nosti,</strong></span> <span class='ocrx_word' id='word_1_283' title='bbox 1161 2365 1252 2435; x_wconf 92' lang='lat' dir='ltr'><strong>qui</strong></span> <span class='ocrx_word' id='word_1_284' title='bbox 1294 2361 1595 2433; x_wconf 88' lang='lat' dir='ltr'><strong>sapientius</strong></span> <span class='ocrx_word' id='word_1_285' title='bbox 1636 2358 1859 2431; x_wconf 88' lang='lat' dir='ltr'><strong>regibus</strong></span> <span class='ocrx_word' id='word_1_286' title='bbox 1895 2355 2128 2414; x_wconf 90' lang='lat' dir='ltr'><strong>suadere</strong></span> 
     </span>
    </p>
   </div>
   <div class='ocr_carea' id='block_1_40' title="bbox 523 2451 2123 2530">
    <p class='ocr_par' dir='ltr' id='par_1_40' title="bbox 523 2451 2123 2530">
     <span class='ocr_line' id='line_1_40' title="bbox 523 2451 2123 2530; baseline -0.009 -14"><span class='ocrx_word' id='word_1_287' title='bbox 523 2457 699 2530; x_wconf 91' lang='lat' dir='ltr'><strong>possit</strong></span> <span class='ocrx_word' id='word_1_288' title='bbox 727 2457 1080 2514; x_wconf 91' lang='lat' dir='ltr'><strong>ﬁdelissimos</strong></span> <span class='ocrx_word' id='word_1_289' title='bbox 1121 2470 1334 2522; x_wconf 90' lang='lat' dir='ltr'><strong>mores,</strong></span> <span class='ocrx_word' id='word_1_290' title='bbox 1365 2451 1700 2523; x_wconf 81' lang='lat' dir='ltr'><strong>Evangelia:</strong></span> <span class='ocrx_word' id='word_1_291' title='bbox 1733 2459 1791 2507; x_wconf 91' lang='lat' dir='ltr'><strong>et</strong></span> <span class='ocrx_word' id='word_1_292' title='bbox 1830 2462 2123 2520; x_wconf 91' lang='lat' dir='ltr'><strong>numquam</strong></span> 
     </span>
    </p>
   </div>
   <div class='ocr_carea' id='block_1_41' title="bbox 523 2543 2129 2622">
    <p class='ocr_par' dir='ltr' id='par_1_41' title="bbox 523 2543 2129 2622">
     <span class='ocr_line' id='line_1_41' title="bbox 523 2543 2129 2622; baseline -0.005 -16"><span class='ocrx_word' id='word_1_293' title='bbox 523 2551 781 2607; x_wconf 91' lang='lat' dir='ltr'><strong>labuntur</strong></span> <span class='ocrx_word' id='word_1_294' title='bbox 829 2564 994 2622; x_wconf 88' lang='lat' dir='ltr'><strong>regna</strong></span> <span class='ocrx_word' id='word_1_295' title='bbox 1019 2589 1035 2616; x_wconf 89' lang='lat'><strong>,</strong></span> <span class='ocrx_word' id='word_1_296' title='bbox 1089 2563 1229 2621; x_wconf 86' lang='lat' dir='ltr'><strong>quae</strong></span> <span class='ocrx_word' id='word_1_297' title='bbox 1271 2547 1450 2620; x_wconf 90' lang='lat' dir='ltr'><strong>ipsum</strong></span> <span class='ocrx_word' id='word_1_298' title='bbox 1491 2545 1738 2602; x_wconf 90' lang='lat' dir='ltr'><strong>audiunt.</strong></span> <span class='ocrx_word' id='word_1_299' title='bbox 1785 2543 1898 2600; x_wconf 86' lang='lat' dir='ltr'><strong>Hoc</strong></span> <span class='ocrx_word' id='word_1_300' title='bbox 1926 2556 2129 2614; x_wconf 87' lang='lat' dir='ltr'><strong>genere</strong></span> 
     </span>
    </p>
   </div>
   <div class='ocr_carea' id='block_1_42' title="bbox 525 2635 2130 2718">
    <p class='ocr_par' dir='ltr' id='par_1_42' title="bbox 525 2635 2130 2718">
     <span class='ocr_line' id='line_1_42' title="bbox 525 2635 2130 2718; baseline -0.006 -17"><span class='ocrx_word' id='word_1_301' title='bbox 525 2644 825 2718; x_wconf 85' lang='lat' dir='ltr'><strong>magisterii</strong></span> <span class='ocrx_word' id='word_1_302' title='bbox 869 2643 1078 2700; x_wconf 89' lang='lat' dir='ltr'><strong>nullum</strong></span> <span class='ocrx_word' id='word_1_303' title='bbox 1116 2652 1203 2701; x_wconf 91' lang='lat' dir='ltr'><strong>est</strong></span> <span class='ocrx_word' id='word_1_304' title='bbox 1239 2643 1452 2715; x_wconf 87' lang='lat' dir='ltr'><strong>majus,</strong></span> <span class='ocrx_word' id='word_1_305' title='bbox 1504 2641 1715 2697; x_wconf 87' lang='lat' dir='ltr'><strong>nullum</strong></span> <span class='ocrx_word' id='word_1_306' title='bbox 1749 2638 1978 2710; x_wconf 85' lang='lat' dir='ltr'><strong>publicae</strong></span> <span class='ocrx_word' id='word_1_307' title='bbox 2027 2635 2130 2692; x_wconf 88' lang='lat' dir='ltr'><strong>Rei</strong></span> 
     </span>
    </p>
   </div>
   <div class='ocr_carea' id='block_1_43' title="bbox 525 2729 2128 2810">
    <p class='ocr_par' dir='ltr' id='par_1_43' title="bbox 525 2729 2128 2810">
     <span class='ocr_line' id='line_1_43' title="bbox 525 2729 2128 2810; baseline -0.007 -14"><span class='ocrx_word' id='word_1_308' title='bbox 525 2738 737 2807; x_wconf 87' lang='lat' dir='ltr'><strong>utilius,</strong></span> <span class='ocrx_word' id='word_1_309' title='bbox 765 2739 1081 2810; x_wconf 89' lang='lat' dir='ltr'><strong>nullumque</strong></span> <span class='ocrx_word' id='word_1_310' title='bbox 1100 2736 1368 2795; x_wconf 90' lang='lat' dir='ltr'><strong>Divinius.</strong></span> <span class='ocrx_word' id='word_1_311' title='bbox 1397 2736 1500 2805; x_wconf 80' lang='lat' dir='ltr'><strong>Qui</strong></span> <span class='ocrx_word' id='word_1_312' title='bbox 1523 2733 1644 2807; x_wconf 92' lang='lat' dir='ltr'><strong>ejus</strong></span> <span class='ocrx_word' id='word_1_313' title='bbox 1674 2733 1880 2790; x_wconf 90' lang='lat' dir='ltr'><strong>monita</strong></span> <span class='ocrx_word' id='word_1_314' title='bbox 1905 2729 2128 2786; x_wconf 85' lang='lat' dir='ltr'><strong>auribus</strong></span> 
     </span>
    </p>
   </div>
   <div class='ocr_carea' id='block_1_44' title="bbox 523 2824 2129 2905">
    <p class='ocr_par' dir='ltr' id='par_1_44' title="bbox 523 2824 2129 2905">
     <span class='ocr_line' id='line_1_44' title="bbox 523 2824 2129 2905; baseline -0.007 -17"><span class='ocrx_word' id='word_1_315' title='bbox 523 2834 747 2890; x_wconf 88' lang='lat' dir='ltr'><strong>attentis</strong></span> <span class='ocrx_word' id='word_1_316' title='bbox 770 2834 1084 2905; x_wconf 79' lang='lat' dir='ltr'><strong>excipiunt,</strong></span> <span class='ocrx_word' id='word_1_317' title='bbox 1116 2847 1248 2889; x_wconf 85' lang='lat' dir='ltr'><strong>vere</strong></span> <span class='ocrx_word' id='word_1_318' title='bbox 1269 2831 1460 2888; x_wconf 87' lang='lat' dir='ltr'><strong>felices</strong></span> <span class='ocrx_word' id='word_1_319' title='bbox 1481 2870 1497 2898; x_wconf 94' lang='lat'><strong>,</strong></span> <span class='ocrx_word' id='word_1_320' title='bbox 1531 2829 1730 2893; x_wconf 89' lang='lat' dir='ltr'><strong>fausti,</strong></span> <span class='ocrx_word' id='word_1_321' title='bbox 1757 2824 2129 2894; x_wconf 89' lang='lat' dir='ltr'><strong>fortunatique</strong></span> 
     </span>
    </p>
   </div>
   <div class='ocr_carea' id='block_1_45' title="bbox 526 2916 2129 2997">
    <p class='ocr_par' dir='ltr' id='par_1_45' title="bbox 526 2916 2129 2997">
     <span class='ocr_line' id='line_1_45' title="bbox 526 2916 2129 2997; baseline -0.007 -14"><span class='ocrx_word' id='word_1_322' title='bbox 526 2926 742 2983; x_wconf 89' lang='lat' dir='ltr'><strong>dicendi</strong></span> <span class='ocrx_word' id='word_1_323' title='bbox 769 2938 932 2993; x_wconf 92' lang='lat' dir='ltr'><strong>sunt,</strong></span> <span class='ocrx_word' id='word_1_324' title='bbox 973 2935 1031 2983; x_wconf 92' lang='lat' dir='ltr'><strong>et</strong></span> <span class='ocrx_word' id='word_1_325' title='bbox 1076 2927 1280 2984; x_wconf 86' lang='lat' dir='ltr'><strong>habent</strong></span> <span class='ocrx_word' id='word_1_326' title='bbox 1305 2926 1467 2997; x_wconf 88' lang='lat' dir='ltr'><strong>longe</strong></span> <span class='ocrx_word' id='word_1_327' title='bbox 1511 2922 1779 2995; x_wconf 88' lang='lat' dir='ltr'><strong>optimum</strong></span> <span class='ocrx_word' id='word_1_328' title='bbox 1807 2920 1862 2976; x_wconf 92' lang='lat' dir='ltr'><strong>in</strong></span> <span class='ocrx_word' id='word_1_329' title='bbox 1909 2916 2129 2990; x_wconf 87' lang='lat' dir='ltr'><strong>populis</strong></span> 
     </span>
    </p>
   </div>
   <div class='ocr_carea' id='block_1_46' title="bbox 525 3012 2130 3094">
    <p class='ocr_par' dir='ltr' id='par_1_46' title="bbox 525 3012 2130 3094">
     <span class='ocr_line' id='line_1_46' title="bbox 525 3012 2130 3094; baseline -0.008 -15"><span class='ocrx_word' id='word_1_330' title='bbox 525 3021 783 3094; x_wconf 89' lang='lat' dir='ltr'><strong>regendis</strong></span> <span class='ocrx_word' id='word_1_331' title='bbox 832 3021 1156 3093; x_wconf 88' lang='lat' dir='ltr'><strong>adjutorem.</strong></span> <span class='ocrx_word' id='word_1_332' title='bbox 1220 3020 1398 3092; x_wconf 87' lang='lat' dir='ltr'><strong>Magni</strong></span> <span class='ocrx_word' id='word_1_333' title='bbox 1455 3032 1649 3090; x_wconf 88' lang='lat' dir='ltr'><strong>reges,</strong></span> <span class='ocrx_word' id='word_1_334' title='bbox 1695 3012 2130 3073; x_wconf 90' lang='lat' dir='ltr'><strong>eminentissime</strong></span> 
     </span>
    </p>
   </div>
   <div class='ocr_carea' id='block_1_47' title="bbox 529 3104 2128 3189">
    <p class='ocr_par' dir='ltr' id='par_1_47' title="bbox 529 3104 2128 3189">
     <span class='ocr_line' id='line_1_47' title="bbox 529 3104 2128 3189; baseline -0.01 -15"><span class='ocrx_word' id='word_1_335' title='bbox 529 3119 814 3189; x_wconf 88' lang='lat' dir='ltr'><strong>princeps,</strong></span> <span class='ocrx_word' id='word_1_336' title='bbox 852 3117 905 3172; x_wconf 92' lang='lat' dir='ltr'><strong>in</strong></span> <span class='ocrx_word' id='word_1_337' title='bbox 936 3130 1153 3174; x_wconf 90' lang='lat' dir='ltr'><strong>summo</strong></span> <span class='ocrx_word' id='word_1_338' title='bbox 1176 3130 1363 3172; x_wconf 89' lang='lat' dir='ltr'><strong>rerum</strong></span> <span class='ocrx_word' id='word_1_339' title='bbox 1392 3112 1610 3184; x_wconf 89' lang='lat' dir='ltr'><strong>fastigio</strong></span> <span class='ocrx_word' id='word_1_340' title='bbox 1631 3109 1916 3175; x_wconf 90' lang='lat' dir='ltr'><strong>collocati,</strong></span> <span class='ocrx_word' id='word_1_341' title='bbox 1949 3104 2128 3178; x_wconf 88' lang='lat' dir='ltr'><strong>publi-</strong></span> 
     </span>
    </p>
   </div>
   <div class='ocr_carea' id='block_1_48' title="bbox 2231 1889 3745 1965">
    <p class='ocr_par' dir='ltr' id='par_1_48' title="bbox 2231 1889 3745 1965">
     <span class='ocr_line' id='line_1_48' title="bbox 2231 1889 3745 1965; baseline -0.003 -16"><span class='ocrx_word' id='word_1_342' title='bbox 2231 1893 2498 1960; x_wconf 90' lang='lat' dir='ltr'><strong>tissimus,</strong></span> <span class='ocrx_word' id='word_1_343' title='bbox 2529 1893 2597 1950; x_wconf 90' lang='lat' dir='ltr'><strong>de</strong></span> <span class='ocrx_word' id='word_1_344' title='bbox 2626 1903 2777 1948; x_wconf 92' lang='lat' dir='ltr'><strong>tanto</strong></span> <span class='ocrx_word' id='word_1_345' title='bbox 2799 1909 2925 1965; x_wconf 86' lang='lat' dir='ltr'><strong>rege</strong></span> <span class='ocrx_word' id='word_1_346' title='bbox 2951 1893 3091 1949; x_wconf 80' lang='lat' dir='ltr'><strong>dixit</strong></span> <span class='ocrx_word' id='word_1_347' title='bbox 3114 1894 3178 1949; x_wconf 90' lang='lat' dir='ltr'><strong>ad</strong></span> <span class='ocrx_word' id='word_1_348' title='bbox 3209 1892 3454 1965; x_wconf 84' lang='lat' dir='ltr'><strong>ejusdem</strong></span> <span class='ocrx_word' id='word_1_349' title='bbox 3476 1889 3745 1948; x_wconf 74' lang='lat' dir='ltr'><strong>commenda-</strong></span> 
     </span>
    </p>
   </div>
   <div class='ocr_carea' id='block_1_49' title="bbox 2230 1985 3744 2058">
    <p class='ocr_par' dir='ltr' id='par_1_49' title="bbox 2230 1985 3744 2058">
     <span class='ocr_line' id='line_1_49' title="bbox 2230 1985 3744 2058; baseline -0.001 -18"><span class='ocrx_word' id='word_1_350' title='bbox 2230 1985 2467 2054; x_wconf 90' lang='lat' dir='ltr'><strong>tionem,</strong></span> <span class='ocrx_word' id='word_1_351' title='bbox 2494 1987 2796 2058; x_wconf 86' lang='lat' dir='ltr'><strong>etgloriam</strong></span> <span class='ocrx_word' id='word_1_352' title='bbox 2837 1988 3249 2057; x_wconf 88' lang='lat' dir='ltr'><strong>sempiternam.</strong></span> <span class='ocrx_word' id='word_1_353' title='bbox 3292 2005 3310 2040; x_wconf 76' lang='grc' dir='ltr'>ι</span> <span class='ocrx_word' id='word_1_354' title='bbox 3349 1985 3744 2043; x_wconf 77' lang='lat' dir='ltr'><strong>Venerabilcslra-</strong></span> 
     </span>
    </p>
   </div>
   <div class='ocr_carea' id='block_1_50' title="bbox 2231 2079 3743 2152">
    <p class='ocr_par' dir='ltr' id='par_1_50' title="bbox 2231 2079 3743 2152">
     <span class='ocr_line' id='line_1_50' title="bbox 2231 2079 3743 2152; baseline -0.003 -17"><span class='ocrx_word' id='word_1_355' title='bbox 2231 2089 2343 2136; x_wconf 90' lang='lat' dir='ltr'><strong>tres</strong></span> <span class='ocrx_word' id='word_1_356' title='bbox 2367 2122 2383 2149; x_wconf 96' lang='lat'><strong>,</strong></span> <span class='ocrx_word' id='word_1_357' title='bbox 2433 2092 2864 2137; x_wconf 88' lang='lat' dir='ltr'><strong>consentaneum</strong></span> <span class='ocrx_word' id='word_1_358' title='bbox 2916 2081 3112 2152; x_wconf 89' lang='lat' dir='ltr'><strong>plane,</strong></span> <span class='ocrx_word' id='word_1_359' title='bbox 3156 2080 3326 2137; x_wconf 84' lang='lat' dir='ltr'><strong>inuno</strong></span> <span class='ocrx_word' id='word_1_360' title='bbox 3366 2089 3421 2138; x_wconf 88' lang='lat' dir='ltr'><strong>et</strong></span> <span class='ocrx_word' id='word_1_361' title='bbox 3459 2079 3743 2138; x_wconf 82' lang='lat' dir='ltr'><strong>necessarium</strong></span> 
     </span>
    </p>
   </div>
   <div class='ocr_carea' id='block_1_51' title="bbox 2230 2173 3740 2246">
    <p class='ocr_par' dir='ltr' id='par_1_51' title="bbox 2230 2173 3740 2246">
     <span class='ocr_line' id='line_1_51' title="bbox 2230 2173 3740 2246; baseline 0 -18"><span class='ocrx_word' id='word_1_362' title='bbox 2230 2173 2560 2230; x_wconf 89' lang='lat' dir='ltr'><strong>arbitramur</strong></span> <span class='ocrx_word' id='word_1_363' title='bbox 2586 2173 2867 2232; x_wconf 88' lang='lat' dir='ltr'><strong>declarare</strong></span> <span class='ocrx_word' id='word_1_364' title='bbox 2886 2175 3045 2230; x_wconf 91' lang='lat' dir='ltr'><strong>vobis</strong></span> <span class='ocrx_word' id='word_1_365' title='bbox 3070 2217 3085 2242; x_wconf 96' lang='lat'><strong>,</strong></span> <span class='ocrx_word' id='word_1_366' title='bbox 3115 2175 3559 2246; x_wconf 89' lang='lat' dir='ltr'><strong>quemadmodum</strong></span> <span class='ocrx_word' id='word_1_367' title='bbox 3581 2175 3622 2229; x_wconf 90' lang='lat' dir='ltr'><strong>in</strong></span> <span class='ocrx_word' id='word_1_368' title='bbox 3646 2187 3740 2243; x_wconf 72' lang='lat' dir='ltr'><strong>pra:-</strong></span> 
     </span>
    </p>
   </div>
   <div class='ocr_carea' id='block_1_52' title="bbox 2229 2268 3745 2335">
    <p class='ocr_par' dir='ltr' id='par_1_52' title="bbox 2229 2268 3745 2335">
     <span class='ocr_line' id='line_1_52' title="bbox 2229 2268 3745 2335; baseline -0.002 -11"><span class='ocrx_word' id='word_1_369' title='bbox 2229 2268 2406 2324; x_wconf 89' lang='lat' dir='ltr'><strong>seutia</strong></span> <span class='ocrx_word' id='word_1_370' title='bbox 2441 2268 2786 2325; x_wconf 87' lang='lat' dir='ltr'><strong>declaramus</strong></span> <span class='ocrx_word' id='word_1_371' title='bbox 2807 2312 2821 2335; x_wconf 88' lang='lat'><strong>,</strong></span> <span class='ocrx_word' id='word_1_372' title='bbox 2854 2269 3182 2325; x_wconf 90' lang='lat' dir='ltr'><strong>charissimo</strong></span> <span class='ocrx_word' id='word_1_373' title='bbox 3212 2271 3270 2325; x_wconf 93' lang='lat' dir='ltr'><strong>in</strong></span> <span class='ocrx_word' id='word_1_374' title='bbox 3297 2269 3509 2327; x_wconf 86' lang='lat' dir='ltr'><strong>Christo</strong></span> <span class='ocrx_word' id='word_1_375' title='bbox 3541 2268 3631 2323; x_wconf 89' lang='lat' dir='ltr'><strong>ﬁlio</strong></span> <span class='ocrx_word' id='word_1_376' title='bbox 3660 2280 3745 2322; x_wconf 45' lang='lat' dir='ltr'><strong>nos.</strong></span> 
     </span>
    </p>
   </div>
   <div class='ocr_carea' id='block_1_53' title="bbox 2231 2362 3745 2437">
    <p class='ocr_par' dir='ltr' id='par_1_53' title="bbox 2231 2362 3745 2437">
     <span class='ocr_line' id='line_1_53' title="bbox 2231 2362 3745 2437; baseline -0.001 -20"><span class='ocrx_word' id='word_1_377' title='bbox 2231 2371 2316 2420; x_wconf 90' lang='lat' dir='ltr'><strong>tro</strong></span> <span class='ocrx_word' id='word_1_378' title='bbox 2342 2362 2540 2419; x_wconf 89' lang='lat' dir='ltr'><strong>Joanni</strong></span> <span class='ocrx_word' id='word_1_379' title='bbox 2562 2363 2933 2437; x_wconf 88' lang='lat' dir='ltr'><strong>Portugalliae</strong></span> <span class='ocrx_word' id='word_1_380' title='bbox 2963 2375 3016 2422; x_wconf 89' lang='lat' dir='ltr'><strong>et</strong></span> <span class='ocrx_word' id='word_1_381' title='bbox 3037 2364 3425 2436; x_wconf 85' lang='lat' dir='ltr'><strong>Algarbiorum</strong></span> <span class='ocrx_word' id='word_1_382' title='bbox 3443 2364 3745 2436; x_wconf 83' lang='lat' dir='ltr'><strong>regi,ejusque</strong></span> 
     </span>
    </p>
   </div>
   <div class='ocr_carea' id='block_1_54' title="bbox 2230 2456 3746 2532">
    <p class='ocr_par' dir='ltr' id='par_1_54' title="bbox 2230 2456 3746 2532">
     <span class='ocr_line' id='line_1_54' title="bbox 2230 2456 3746 2532; baseline -0.001 -20"><span class='ocrx_word' id='word_1_383' title='bbox 2230 2456 2646 2514; x_wconf 90' lang='lat' dir='ltr'><strong>successoribus</strong></span> <span class='ocrx_word' id='word_1_384' title='bbox 2667 2501 2682 2526; x_wconf 91' lang='lat'><strong>,</strong></span> <span class='ocrx_word' id='word_1_385' title='bbox 2711 2459 2969 2514; x_wconf 90' lang='lat' dir='ltr'><strong>collatum</strong></span> <span class='ocrx_word' id='word_1_386' title='bbox 3002 2475 3032 2514; x_wconf 92' lang='lat' dir='ltr'><strong>a</strong></span> <span class='ocrx_word' id='word_1_387' title='bbox 3079 2459 3238 2515; x_wconf 91' lang='lat' dir='ltr'><strong>nobis</strong></span> <span class='ocrx_word' id='word_1_388' title='bbox 3269 2459 3440 2516; x_wconf 89' lang='lat' dir='ltr'><strong>fuisse</strong></span> <span class='ocrx_word' id='word_1_389' title='bbox 3467 2457 3746 2532; x_wconf 82' lang='lat' dir='ltr'><strong>perhonoriﬁ-</strong></span> 
     </span>
    </p>
   </div>
   <div class='ocr_carea' id='block_1_55' title="bbox 2229 2550 3745 2625">
    <p class='ocr_par' dir='ltr' id='par_1_55' title="bbox 2229 2550 3745 2625">
     <span class='ocr_line' id='line_1_55' title="bbox 2229 2550 3745 2625; baseline -0.003 -19"><span class='ocrx_word' id='word_1_390' title='bbox 2229 2565 2352 2606; x_wconf 91' lang='lat' dir='ltr'><strong>cum</strong></span> <span class='ocrx_word' id='word_1_391' title='bbox 2398 2551 2725 2609; x_wconf 75' lang='lat' dir='ltr'><strong>FIDBLISSIII</strong></span> <span class='ocrx_word' id='word_1_392' title='bbox 2769 2554 2985 2610; x_wconf 89' lang='lat' dir='ltr'><strong>titulum</strong></span> <span class='ocrx_word' id='word_1_393' title='bbox 3009 2595 3023 2619; x_wconf 94' lang='lat'><strong>,</strong></span> <span class='ocrx_word' id='word_1_394' title='bbox 3082 2553 3177 2624; x_wconf 90' lang='lat' dir='ltr'><strong>qui</strong></span> <span class='ocrx_word' id='word_1_395' title='bbox 3207 2554 3407 2610; x_wconf 89' lang='lat' dir='ltr'><strong>merito</strong></span> <span class='ocrx_word' id='word_1_396' title='bbox 3447 2553 3636 2625; x_wconf 90' lang='lat' dir='ltr'><strong>quidem</strong></span> <span class='ocrx_word' id='word_1_397' title='bbox 3677 2550 3745 2618; x_wconf 82' lang='lat' dir='ltr'><strong>ipsi</strong></span> 
     </span>
    </p>
   </div>
   <div class='ocr_carea' id='block_1_56' title="bbox 2233 2647 3747 2706">
    <p class='ocr_par' dir='ltr' id='par_1_56' title="bbox 2233 2647 3747 2706">
     <span class='ocr_line' id='line_1_56' title="bbox 2233 2647 3747 2706; baseline -0.002 -4"><span class='ocrx_word' id='word_1_398' title='bbox 2233 2647 2555 2704; x_wconf 85' lang='lat' dir='ltr'><strong>tribuendus</strong></span> <span class='ocrx_word' id='word_1_399' title='bbox 2581 2647 2890 2705; x_wconf 85' lang='lat' dir='ltr'><strong>videbatur.</strong></span> <span class='ocrx_word' id='word_1_400' title='bbox 2924 2649 3143 2706; x_wconf 89' lang='lat' dir='ltr'><strong>Etenim</strong></span> <span class='ocrx_word' id='word_1_401' title='bbox 3187 2657 3311 2705; x_wconf 91' lang='lat' dir='ltr'><strong>toto</strong></span> <span class='ocrx_word' id='word_1_402' title='bbox 3359 2649 3480 2706; x_wconf 74' lang='lat' dir='ltr'><strong>vitae</strong></span> <span class='ocrx_word' id='word_1_403' title='bbox 3521 2663 3617 2704; x_wconf 76' lang='lat' dir='ltr'><strong>sua:</strong></span> <span class='ocrx_word' id='word_1_404' title='bbox 3635 2661 3747 2702; x_wconf 79' lang='lat' dir='ltr'><strong>cursu</strong></span> 
     </span>
    </p>
   </div>
   <div class='ocr_carea' id='block_1_57' title="bbox 2231 2740 3744 2814">
    <p class='ocr_par' dir='ltr' id='par_1_57' title="bbox 2231 2740 3744 2814">
     <span class='ocr_line' id='line_1_57' title="bbox 2231 2740 3744 2814; baseline 0.003 -21"><span class='ocrx_word' id='word_1_405' title='bbox 2231 2741 2648 2812; x_wconf 66' lang='lat' dir='ltr'><strong>praeclarissima</strong></span> <span class='ocrx_word' id='word_1_406' title='bbox 2673 2743 2872 2814; x_wconf 86' lang='lat' dir='ltr'><strong>gessit,</strong></span> <span class='ocrx_word' id='word_1_407' title='bbox 2902 2751 2962 2799; x_wconf 88' lang='lat' dir='ltr'><strong>ut</strong></span> <span class='ocrx_word' id='word_1_408' title='bbox 2985 2741 3274 2800; x_wconf 71' lang='lat' dir='ltr'><strong>catholica:</strong></span> <span class='ocrx_word' id='word_1_409' title='bbox 3315 2742 3578 2814; x_wconf 89' lang='lat' dir='ltr'><strong>religionis</strong></span> <span class='ocrx_word' id='word_1_410' title='bbox 3594 2740 3744 2812; x_wconf 78' lang='lat' dir='ltr'><strong>gloria.</strong></span> 
     </span>
    </p>
   </div>
   <div class='ocr_carea' id='block_1_58' title="bbox 2229 2833 3747 2910">
    <p class='ocr_par' dir='ltr' id='par_1_58' title="bbox 2229 2833 3747 2910">
     <span class='ocr_line' id='line_1_58' title="bbox 2229 2833 3747 2910; baseline -0.001 -21"><span class='ocrx_word' id='word_1_411' title='bbox 2229 2841 2286 2890; x_wconf 88' lang='lat' dir='ltr'><strong>et</strong></span> <span class='ocrx_word' id='word_1_412' title='bbox 2315 2833 2476 2904; x_wconf 90' lang='lat' dir='ltr'><strong>hujus</strong></span> <span class='ocrx_word' id='word_1_413' title='bbox 2529 2843 2732 2892; x_wconf 75' lang='lat' dir='ltr'><strong>sancta:</strong></span> <span class='ocrx_word' id='word_1_414' title='bbox 2761 2836 2910 2893; x_wconf 89' lang='lat' dir='ltr'><strong>sedis</strong></span> <span class='ocrx_word' id='word_1_415' title='bbox 2954 2835 3192 2909; x_wconf 87' lang='lat' dir='ltr'><strong>dignitas</strong></span> <span class='ocrx_word' id='word_1_416' title='bbox 3241 2837 3418 2910; x_wconf 88' lang='lat' dir='ltr'><strong>magis</strong></span> <span class='ocrx_word' id='word_1_417' title='bbox 3466 2835 3747 2908; x_wconf 79' lang='lat' dir='ltr'><strong>ampliﬁcare-</strong></span> 
     </span>
    </p>
   </div>
   <div class='ocr_carea' id='block_1_59' title="bbox 2232 2934 2480 2994">
    <p class='ocr_par' dir='ltr' id='par_1_59' title="bbox 2232 2934 2480 2994">
     <span class='ocr_line' id='line_1_59' title="bbox 2232 2934 2480 2994; baseline 0.004 -14"><span class='ocrx_word' id='word_1_418' title='bbox 2232 2934 2343 2994; x_wconf 88' lang='lat' dir='ltr'><strong>tur,</strong></span> <span class='ocrx_word' id='word_1_419' title='bbox 2373 2935 2480 2982; x_wconf 89' lang='lat' dir='ltr'><strong>etc.</strong></span> 
     </span>
    </p>
   </div>
   <div class='ocr_carea' id='block_1_60' title="bbox 2309 3019 3751 3097">
    <p class='ocr_par' dir='ltr' id='par_1_60' title="bbox 2309 3019 3751 3097">
     <span class='ocr_line' id='line_1_60' title="bbox 2309 3019 3751 3097; baseline 0.003 -26"><span class='ocrx_word' id='word_1_420' title='bbox 2309 3037 2328 3071; x_wconf 84' lang='grc'><strong>‹</strong></span> <span class='ocrx_word' id='word_1_421' title='bbox 2373 3019 2571 3088; x_wconf 89' lang='lat' dir='ltr'><strong>Porro,</strong></span> <span class='ocrx_word' id='word_1_422' title='bbox 2603 3037 2763 3093; x_wconf 88' lang='lat' dir='ltr'><strong>quam</strong></span> <span class='ocrx_word' id='word_1_423' title='bbox 2794 3023 3057 3094; x_wconf 60' lang='lat' dir='ltr'><strong>praeclara</strong></span> <span class='ocrx_word' id='word_1_424' title='bbox 3084 3023 3197 3081; x_wconf 90' lang='lat' dir='ltr'><strong>sint</strong></span> <span class='ocrx_word' id='word_1_425' title='bbox 3217 3023 3383 3097; x_wconf 88' lang='lat' dir='ltr'><strong>hujus</strong></span> <span class='ocrx_word' id='word_1_426' title='bbox 3409 3024 3541 3096; x_wconf 85' lang='lat' dir='ltr'><strong>regis</strong></span> <span class='ocrx_word' id='word_1_427' title='bbox 3565 3024 3609 3080; x_wconf 92' lang='lat' dir='ltr'><strong>in</strong></span> <span class='ocrx_word' id='word_1_428' title='bbox 3629 3022 3751 3078; x_wconf 81' lang='lat' dir='ltr'><strong>chris-</strong></span> 
     </span>
    </p>
   </div>
   <div class='ocr_carea' id='block_1_61' title="bbox 2234 3112 3752 3192">
    <p class='ocr_par' dir='ltr' id='par_1_61' title="bbox 2234 3112 3752 3192">
     <span class='ocr_line' id='line_1_61' title="bbox 2234 3112 3752 3192; baseline 0 -25"><span class='ocrx_word' id='word_1_429' title='bbox 2234 3112 2436 3169; x_wconf 89' lang='lat' dir='ltr'><strong>tianam</strong></span> <span class='ocrx_word' id='word_1_430' title='bbox 2467 3116 2860 3187; x_wconf 87' lang='lat' dir='ltr'><strong>rempublicam</strong></span> <span class='ocrx_word' id='word_1_431' title='bbox 2903 3119 3120 3185; x_wconf 86' lang='lat' dir='ltr'><strong>merita,</strong></span> <span class='ocrx_word' id='word_1_432' title='bbox 3151 3120 3289 3177; x_wconf 89' lang='lat' dir='ltr'><strong>satis</strong></span> <span class='ocrx_word' id='word_1_433' title='bbox 3334 3125 3752 3192; x_wconf 76' lang='lat' dir='ltr'><strong>superquctestan-</strong></span> 
     </span>
    </p>
   </div>
   <div class='ocr_carea' id='block_1_62' title="bbox 530 3193 3753 3286">
    <p class='ocr_par' dir='ltr' id='par_1_62' title="bbox 530 3193 3753 3286">
     <span class='ocr_line' id='line_1_62' title="bbox 530 3193 3753 3286; baseline -0.002 -18"><span class='ocrx_word' id='word_1_434' title='bbox 530 3212 612 3268; x_wconf 89' lang='lat' dir='ltr'><strong>cis</strong></span> <span class='ocrx_word' id='word_1_435' title='bbox 639 3226 857 3283; x_wconf 87' lang='lat' dir='ltr'><strong>semper</strong></span> <span class='ocrx_word' id='word_1_436' title='bbox 884 3208 1344 3268; x_wconf 90' lang='lat' dir='ltr'><strong>sollicitudinibus</strong></span> <span class='ocrx_word' id='word_1_437' title='bbox 1377 3223 1437 3264; x_wconf 89' lang='lat' dir='ltr'><strong>se</strong></span> <span class='ocrx_word' id='word_1_438' title='bbox 1463 3212 1732 3264; x_wconf 82' lang='lat' dir='ltr'><strong>exercent</strong></span> <span class='ocrx_word' id='word_1_439' title='bbox 1763 3220 1779 3259; x_wconf 88' lang='lat'><strong>:</strong></span> <span class='ocrx_word' id='word_1_440' title='bbox 1806 3217 1976 3274; x_wconf 87' lang='lat' dir='ltr'><strong>quare</strong></span> <span class='ocrx_word' id='word_1_441' title='bbox 1994 3241 2010 3268; x_wconf 93' lang='lat'><strong>,</strong></span> <span class='ocrx_word' id='word_1_442' title='bbox 2061 3213 2130 3255; x_wconf 82' lang='lat' dir='ltr'><strong>ne</strong></span> <span class='ocrx_word' id='word_1_443' title='bbox 2156 3193 2202 3258; x_wconf 90' lang='lat' dir='ltr'><strong>C</strong></span> <span class='ocrx_word' id='word_1_444' title='bbox 2237 3214 2326 3262; x_wconf 92' lang='lat' dir='ltr'><strong>tur</strong></span> <span class='ocrx_word' id='word_1_445' title='bbox 2352 3207 2669 3278; x_wconf 70' lang='lat' dir='ltr'><strong>apostoliczc</strong></span> <span class='ocrx_word' id='word_1_446' title='bbox 2704 3209 2900 3267; x_wconf 69' lang='lat' dir='ltr'><strong>littera:</strong></span> <span class='ocrx_word' id='word_1_447' title='bbox 2923 3211 3223 3268; x_wconf 87' lang='lat' dir='ltr'><strong>Clementis</strong></span> <span class='ocrx_word' id='word_1_448' title='bbox 3276 3212 3349 3270; x_wconf 83' lang='lat' dir='ltr'><strong>XI</strong></span> <span class='ocrx_word' id='word_1_449' title='bbox 3371 3255 3385 3280; x_wconf 94' lang='lat'><strong>,</strong></span> <span class='ocrx_word' id='word_1_450' title='bbox 3414 3209 3753 3286; x_wconf 68' lang='lat' dir='ltr'><strong>przedecessoris</strong></span> 
     </span>
    </p>
   </div>
   <div class='ocr_carea' id='block_1_63' title="bbox 530 3295 2132 3377">
    <p class='ocr_par' dir='ltr' id='par_1_63' title="bbox 530 3295 2132 3377">
     <span class='ocr_line' id='line_1_63' title="bbox 530 3295 2132 3377; baseline -0.006 -17"><span class='ocrx_word' id='word_1_451' title='bbox 530 3305 717 3361; x_wconf 90' lang='lat' dir='ltr'><strong>vivere</strong></span> <span class='ocrx_word' id='word_1_452' title='bbox 760 3304 978 3377; x_wconf 87' lang='lat' dir='ltr'><strong>quidem</strong></span> <span class='ocrx_word' id='word_1_453' title='bbox 1020 3311 1274 3376; x_wconf 90' lang='lat' dir='ltr'><strong>possent,</strong></span> <span class='ocrx_word' id='word_1_454' title='bbox 1321 3302 1425 3358; x_wconf 90' lang='lat' dir='ltr'><strong>nisi</strong></span> <span class='ocrx_word' id='word_1_455' title='bbox 1475 3299 1770 3358; x_wconf 90' lang='lat' dir='ltr'><strong>identidem</strong></span> <span class='ocrx_word' id='word_1_456' title='bbox 1801 3295 2132 3355; x_wconf 87' lang='lat' dir='ltr'><strong>sacrosancti</strong></span> 
     </span>
    </p>
   </div>
   <div class='ocr_carea' id='block_1_64' title="bbox 533 3391 2134 3471">
    <p class='ocr_par' dir='ltr' id='par_1_64' title="bbox 533 3391 2134 3471">
     <span class='ocr_line' id='line_1_64' title="bbox 533 3391 2134 3471; baseline -0.007 -15"><span class='ocrx_word' id='word_1_457' title='bbox 533 3398 817 3471; x_wconf 89' lang='lat' dir='ltr'><strong>Evangelii</strong></span> <span class='ocrx_word' id='word_1_458' title='bbox 841 3399 1061 3455; x_wconf 90' lang='lat' dir='ltr'><strong>lectioni</strong></span> <span class='ocrx_word' id='word_1_459' title='bbox 1106 3413 1168 3455; x_wconf 91' lang='lat' dir='ltr'><strong>se</strong></span> <span class='ocrx_word' id='word_1_460' title='bbox 1193 3399 1563 3462; x_wconf 85' lang='lat' dir='ltr'><strong>devoverent,</strong></span> <span class='ocrx_word' id='word_1_461' title='bbox 1595 3404 1760 3466; x_wconf 90' lang='lat' dir='ltr'><strong>atque</strong></span> <span class='ocrx_word' id='word_1_462' title='bbox 1809 3393 1883 3449; x_wconf 91' lang='lat' dir='ltr'><strong>ita</strong></span> <span class='ocrx_word' id='word_1_463' title='bbox 1922 3391 2134 3447; x_wconf 89' lang='lat' dir='ltr'><strong>animos</strong></span> 
     </span>
    </p>
   </div>
   <div class='ocr_carea' id='block_1_65' title="bbox 533 3483 2134 3562">
    <p class='ocr_par' dir='ltr' id='par_1_65' title="bbox 533 3483 2134 3562">
     <span class='ocr_line' id='line_1_65' title="bbox 533 3483 2134 3562; baseline -0.006 -13"><span class='ocrx_word' id='word_1_464' title='bbox 533 3492 790 3549; x_wconf 88' lang='lat' dir='ltr'><strong>diuturna</strong></span> <span class='ocrx_word' id='word_1_465' title='bbox 824 3490 1378 3562; x_wconf 88' lang='lat' dir='ltr'><strong>rerum&#39;publicarum</strong></span> <span class='ocrx_word' id='word_1_466' title='bbox 1406 3489 1701 3561; x_wconf 87' lang='lat' dir='ltr'><strong>agitatione</strong></span> <span class='ocrx_word' id='word_1_467' title='bbox 1730 3486 2018 3558; x_wconf 88' lang='lat' dir='ltr'><strong>fatigatos,</strong></span> <span class='ocrx_word' id='word_1_468' title='bbox 2053 3483 2134 3540; x_wconf 85' lang='lat' dir='ltr'><strong>di-</strong></span> 
     </span>
    </p>
   </div>
   <div class='ocr_carea' id='block_1_66' title="bbox 538 3578 2133 3659">
    <p class='ocr_par' dir='ltr' id='par_1_66' title="bbox 538 3578 2133 3659">
     <span class='ocr_line' id='line_1_66' title="bbox 538 3578 2133 3659; baseline -0.006 -16"><span class='ocrx_word' id='word_1_469' title='bbox 538 3588 849 3659; x_wconf 89' lang='lat' dir='ltr'><strong>vulsosque,</strong></span> <span class='ocrx_word' id='word_1_470' title='bbox 881 3586 1212 3657; x_wconf 90' lang='lat' dir='ltr'><strong>reciperent.</strong></span> <span class='ocrx_word' id='word_1_471' title='bbox 1254 3586 1338 3643; x_wconf 89' lang='lat' dir='ltr'><strong>Ad</strong></span> <span class='ocrx_word' id='word_1_472' title='bbox 1385 3585 1528 3642; x_wconf 92' lang='lat' dir='ltr'><strong>hanc</strong></span> <span class='ocrx_word' id='word_1_473' title='bbox 1571 3583 1738 3638; x_wconf 92' lang='lat' dir='ltr'><strong>animi</strong></span> <span class='ocrx_word' id='word_1_474' title='bbox 1786 3578 2133 3638; x_wconf 85' lang='lat' dir='ltr'><strong>instauratio-</strong></span> 
     </span>
    </p>
   </div>
   <div class='ocr_carea' id='block_1_67' title="bbox 535 3673 2136 3752">
    <p class='ocr_par' dir='ltr' id='par_1_67' title="bbox 535 3673 2136 3752">
     <span class='ocr_line' id='line_1_67' title="bbox 535 3673 2136 3752; baseline -0.006 -14"><span class='ocrx_word' id='word_1_475' title='bbox 535 3695 683 3748; x_wconf 91' lang='lat' dir='ltr'><strong>nem,</strong></span> <span class='ocrx_word' id='word_1_476' title='bbox 718 3680 936 3752; x_wconf 87' lang='lat' dir='ltr'><strong>regibus</strong></span> <span class='ocrx_word' id='word_1_477' title='bbox 961 3689 1245 3750; x_wconf 89' lang='lat' dir='ltr'><strong>tantopere</strong></span> <span class='ocrx_word' id='word_1_478' title='bbox 1264 3677 1654 3746; x_wconf 86' lang='lat' dir='ltr'><strong>necessariam,</strong></span> <span class='ocrx_word' id='word_1_479' title='bbox 1683 3675 1863 3732; x_wconf 87' lang='lat' dir='ltr'><strong>nullus</strong></span> <span class='ocrx_word' id='word_1_480' title='bbox 1891 3682 1977 3731; x_wconf 88' lang='lat' dir='ltr'><strong>est</strong></span> <span class='ocrx_word' id='word_1_481' title='bbox 1999 3673 2136 3729; x_wconf 89' lang='lat' dir='ltr'><strong>alius</strong></span> 
     </span>
    </p>
   </div>
   <div class='ocr_carea' id='block_1_68' title="bbox 534 3768 2135 3845">
    <p class='ocr_par' dir='ltr' id='par_1_68' title="bbox 534 3768 2135 3845">
     <span class='ocr_line' id='line_1_68' title="bbox 534 3768 2135 3845; baseline -0.006 -12"><span class='ocrx_word' id='word_1_482' title='bbox 534 3791 602 3833; x_wconf 83' lang='lat' dir='ltr'><strong>ex</strong></span> <span class='ocrx_word' id='word_1_483' title='bbox 633 3778 781 3832; x_wconf 90' lang='lat' dir='ltr'><strong>omni</strong></span> <span class='ocrx_word' id='word_1_484' title='bbox 811 3775 1100 3832; x_wconf 89' lang='lat' dir='ltr'><strong>Librorum</strong></span> <span class='ocrx_word' id='word_1_485' title='bbox 1122 3790 1374 3843; x_wconf 91' lang='lat' dir='ltr'><strong>numero,</strong></span> <span class='ocrx_word' id='word_1_486' title='bbox 1405 3787 1565 3845; x_wconf 91' lang='lat' dir='ltr'><strong>quem</strong></span> <span class='ocrx_word' id='word_1_487' title='bbox 1594 3768 1890 3842; x_wconf 79' lang='lat' dir='ltr'><strong>Evangelia</strong></span> <span class='ocrx_word' id='word_1_488' title='bbox 1919 3781 2135 3841; x_wconf 65' lang='lat' dir='ltr'><strong>praepo-</strong></span> 
     </span>
    </p>
   </div>
   <div class='ocr_carea' id='block_1_69' title="bbox 535 3862 2140 3944">
    <p class='ocr_par' dir='ltr' id='par_1_69' title="bbox 535 3862 2140 3944">
     <span class='ocr_line' id='line_1_69' title="bbox 535 3862 2140 3944; baseline -0.006 -16"><span class='ocrx_word' id='word_1_489' title='bbox 535 3869 778 3944; x_wconf 20' lang='lat' dir='ltr'><strong>nendum‘</strong></span> <span class='ocrx_word' id='word_1_490' title='bbox 795 3869 1036 3926; x_wconf 88' lang='lat' dir='ltr'><strong>Joannes</strong></span> <span class='ocrx_word' id='word_1_491' title='bbox 1065 3870 1254 3941; x_wconf 86' lang='lat' dir='ltr'><strong>putet?</strong></span> <span class='ocrx_word' id='word_1_492' title='bbox 1280 3867 1660 3941; x_wconf 87' lang='lat' dir='ltr'><strong>Evangelium,</strong></span> <span class='ocrx_word' id='word_1_493' title='bbox 1696 3865 1896 3936; x_wconf 87' lang='lat' dir='ltr'><strong>regalis</strong></span> <span class='ocrx_word' id='word_1_494' title='bbox 1923 3862 2140 3935; x_wconf 68' lang='grc' dir='ltr'>ιηοείῐηί-</span> 
     </span>
    </p>
   </div>
   <div class='ocr_carea' id='block_1_70' title="bbox 535 3956 2140 4031">
    <p class='ocr_par' dir='ltr' id='par_1_70' title="bbox 535 3956 2140 4031">
     <span class='ocr_line' id='line_1_70' title="bbox 535 3956 2140 4031; baseline -0.006 -10"><span class='ocrx_word' id='word_1_495' title='bbox 535 3965 620 4020; x_wconf 93' lang='lat' dir='ltr'><strong>nis</strong></span> <span class='ocrx_word' id='word_1_496' title='bbox 642 3979 801 4020; x_wconf 87' lang='lat' dir='ltr'><strong>curas</strong></span> <span class='ocrx_word' id='word_1_497' title='bbox 824 4005 839 4031; x_wconf 94' lang='lat'><strong>,</strong></span> <span class='ocrx_word' id='word_1_498' title='bbox 871 3971 927 4019; x_wconf 88' lang='lat' dir='ltr'><strong>et</strong></span> <span class='ocrx_word' id='word_1_499' title='bbox 955 3962 1350 4019; x_wconf 90' lang='lat' dir='ltr'><strong>sollicitudines</strong></span> <span class='ocrx_word' id='word_1_500' title='bbox 1381 3962 1556 4029; x_wconf 88' lang='lat' dir='ltr'><strong>levat;</strong></span> <span class='ocrx_word' id='word_1_501' title='bbox 1593 3958 1972 4030; x_wconf 89' lang='lat' dir='ltr'><strong>Evangelium,</strong></span> <span class='ocrx_word' id='word_1_502' title='bbox 2007 3956 2140 4027; x_wconf 90' lang='lat' dir='ltr'><strong>legi-</strong></span> 
     </span>
    </p>
   </div>
   <div class='ocr_carea' id='block_1_71' title="bbox 538 4050 2135 4126">
    <p class='ocr_par' dir='ltr' id='par_1_71' title="bbox 538 4050 2135 4126">
     <span class='ocr_line' id='line_1_71' title="bbox 538 4050 2135 4126; baseline -0.004 -14"><span class='ocrx_word' id='word_1_503' title='bbox 538 4056 640 4112; x_wconf 90' lang='lat' dir='ltr'><strong>bus</strong></span> <span class='ocrx_word' id='word_1_504' title='bbox 663 4055 1052 4111; x_wconf 88' lang='lat' dir='ltr'><strong>dominationis</strong></span> <span class='ocrx_word' id='word_1_505' title='bbox 1075 4064 1254 4125; x_wconf 52' lang='lat' dir='ltr'><strong>,totum</strong></span> <span class='ocrx_word' id='word_1_506' title='bbox 1297 4054 1534 4126; x_wconf 92' lang='lat' dir='ltr'><strong>pondus,</strong></span> <span class='ocrx_word' id='word_1_507' title='bbox 1586 4068 1649 4108; x_wconf 90' lang='lat' dir='ltr'><strong>ac</strong></span> <span class='ocrx_word' id='word_1_508' title='bbox 1673 4053 1842 4108; x_wconf 89' lang='lat' dir='ltr'><strong>robur</strong></span> <span class='ocrx_word' id='word_1_509' title='bbox 1867 4050 2135 4122; x_wconf 89' lang='lat' dir='ltr'><strong>impertit;</strong></span> 
     </span>
    </p>
   </div>
   <div class='ocr_carea' id='block_1_72' title="bbox 542 4145 2137 4220">
    <p class='ocr_par' dir='ltr' id='par_1_72' title="bbox 542 4145 2137 4220">
     <span class='ocr_line' id='line_1_72' title="bbox 542 4145 2137 4220; baseline -0.004 -16"><span class='ocrx_word' id='word_1_510' title='bbox 542 4149 897 4220; x_wconf 75' lang='lat' dir='ltr'><strong>Evangelidm</strong></span> <span class='ocrx_word' id='word_1_511' title='bbox 924 4148 1159 4219; x_wconf 89' lang='lat' dir='ltr'><strong>denique</strong></span> <span class='ocrx_word' id='word_1_512' title='bbox 1188 4149 1373 4204; x_wconf 91' lang='lat' dir='ltr'><strong>throni</strong></span> <span class='ocrx_word' id='word_1_513' title='bbox 1422 4147 1760 4204; x_wconf 88' lang='lat' dir='ltr'><strong>consortium</strong></span> <span class='ocrx_word' id='word_1_514' title='bbox 1797 4145 1995 4211; x_wconf 80' lang='lat' dir='ltr'><strong>ambit;</strong></span> <span class='ocrx_word' id='word_1_515' title='bbox 2031 4159 2137 4198; x_wconf 81' lang='lat' dir='ltr'><strong>non</strong></span> 
     </span>
    </p>
   </div>
   <div class='ocr_carea' id='block_1_73' title="bbox 539 4239 2142 4312">
    <p class='ocr_par' dir='ltr' id='par_1_73' title="bbox 539 4239 2142 4312">
     <span class='ocr_line' id='line_1_73' title="bbox 539 4239 2142 4312; baseline -0.002 -16"><span class='ocrx_word' id='word_1_516' title='bbox 539 4250 720 4296; x_wconf 91' lang='lat' dir='ltr'><strong>tamen</strong></span> <span class='ocrx_word' id='word_1_517' title='bbox 752 4249 813 4296; x_wconf 93' lang='lat' dir='ltr'><strong>ut</strong></span> <span class='ocrx_word' id='word_1_518' title='bbox 841 4240 1043 4312; x_wconf 87' lang='lat' dir='ltr'><strong>regiam</strong></span> <span class='ocrx_word' id='word_1_519' title='bbox 1077 4243 1456 4298; x_wconf 89' lang='lat' dir='ltr'><strong>auctoritatem</strong></span> <span class='ocrx_word' id='word_1_520' title='bbox 1481 4242 1724 4307; x_wconf 92' lang='lat' dir='ltr'><strong>minuat,</strong></span> <span class='ocrx_word' id='word_1_521' title='bbox 1759 4239 1856 4295; x_wconf 90' lang='lat' dir='ltr'><strong>sed</strong></span> <span class='ocrx_word' id='word_1_522' title='bbox 1894 4245 1954 4294; x_wconf 85' lang='lat' dir='ltr'><strong>ut</strong></span> <span class='ocrx_word' id='word_1_523' title='bbox 1992 4253 2142 4294; x_wconf 88' lang='lat' dir='ltr'><strong>eam-</strong></span> 
     </span>
    </p>
   </div>
   <div class='ocr_carea' id='block_1_74' title="bbox 540 4331 2142 4407">
    <p class='ocr_par' dir='ltr' id='par_1_74' title="bbox 540 4331 2142 4407">
     <span class='ocr_line' id='line_1_74' title="bbox 540 4331 2142 4407; baseline -0.003 -16"><span class='ocrx_word' id='word_1_524' title='bbox 540 4333 666 4391; x_wconf 91' lang='lat' dir='ltr'><strong>dem</strong></span> <span class='ocrx_word' id='word_1_525' title='bbox 699 4343 934 4402; x_wconf 89' lang='lat' dir='ltr'><strong>tueatur,</strong></span> <span class='ocrx_word' id='word_1_526' title='bbox 965 4345 1020 4392; x_wconf 92' lang='lat' dir='ltr'><strong>et</strong></span> <span class='ocrx_word' id='word_1_527' title='bbox 1062 4345 1212 4407; x_wconf 85' lang='lat' dir='ltr'><strong>regat</strong></span> <span class='ocrx_word' id='word_1_528' title='bbox 1253 4336 1581 4392; x_wconf 86' lang='lat' dir='ltr'><strong>fulcimentis</strong></span> <span class='ocrx_word' id='word_1_529' title='bbox 1607 4345 1870 4391; x_wconf 82' lang='lat' dir='ltr'><strong>aeternum</strong></span> <span class='ocrx_word' id='word_1_530' title='bbox 1920 4331 2142 4389; x_wconf 89' lang='lat' dir='ltr'><strong>duratu-</strong></span> 
     </span>
    </p>
   </div>
   <div class='ocr_carea' id='block_1_75' title="bbox 541 4427 2143 4502">
    <p class='ocr_par' dir='ltr' id='par_1_75' title="bbox 541 4427 2143 4502">
     <span class='ocr_line' id='line_1_75' title="bbox 541 4427 2143 4502; baseline 0.001 -18"><span class='ocrx_word' id='word_1_531' title='bbox 541 4428 639 4485; x_wconf 72' lang='lat' dir='ltr'><strong>ris.</strong></span> <span class='ocrx_word' id='word_1_532' title='bbox 661 4427 842 4499; x_wconf 79' lang='lat' dir='ltr'><strong>Itaque</strong></span> <span class='ocrx_word' id='word_1_533' title='bbox 863 4427 1056 4485; x_wconf 90' lang='lat' dir='ltr'><strong>Joanni</strong></span> <span class='ocrx_word' id='word_1_534' title='bbox 1084 4428 1146 4495; x_wconf 77' lang='grc' dir='ltr'><strong>ν,</strong></span> <span class='ocrx_word' id='word_1_535' title='bbox 1171 4446 1198 4483; x_wconf 89' lang='lat' dir='ltr'><strong>a</strong></span> <span class='ocrx_word' id='word_1_536' title='bbox 1228 4429 1453 4500; x_wconf 90' lang='lat' dir='ltr'><strong>pietate,</strong></span> <span class='ocrx_word' id='word_1_537' title='bbox 1482 4445 1512 4484; x_wconf 89' lang='lat' dir='ltr'><strong>a</strong></span> <span class='ocrx_word' id='word_1_538' title='bbox 1537 4429 1800 4494; x_wconf 88' lang='lat' dir='ltr'><strong>moribus,</strong></span> <span class='ocrx_word' id='word_1_539' title='bbox 1829 4444 1860 4483; x_wconf 91' lang='lat' dir='ltr'><strong>a</strong></span> <span class='ocrx_word' id='word_1_540' title='bbox 1883 4429 2143 4502; x_wconf 89' lang='lat' dir='ltr'><strong>religione</strong></span> 
     </span>
    </p>
   </div>
   <div class='ocr_carea' id='block_1_76' title="bbox 544 4523 2139 4596">
    <p class='ocr_par' dir='ltr' id='par_1_76' title="bbox 544 4523 2139 4596">
     <span class='ocr_line' id='line_1_76' title="bbox 544 4523 2139 4596; baseline 0.001 -17"><span class='ocrx_word' id='word_1_541' title='bbox 544 4523 868 4581; x_wconf 89' lang='lat' dir='ltr'><strong>ﬁdelissimo</strong></span> <span class='ocrx_word' id='word_1_542' title='bbox 906 4532 1023 4580; x_wconf 91' lang='lat' dir='ltr'><strong>erat</strong></span> <span class='ocrx_word' id='word_1_543' title='bbox 1060 4524 1166 4580; x_wconf 90' lang='lat' dir='ltr'><strong>hoc</strong></span> <span class='ocrx_word' id='word_1_544' title='bbox 1211 4524 1649 4596; x_wconf 88' lang='lat' dir='ltr'><strong>Evangeliarium</strong></span> <span class='ocrx_word' id='word_1_545' title='bbox 1690 4525 2139 4596; x_wconf 90' lang='lat' dir='ltr'><strong>nuncupandum;</strong></span> 
     </span>
    </p>
   </div>
   <div class='ocr_carea' id='block_1_77' title="bbox 540 4617 2142 4692">
    <p class='ocr_par' dir='ltr' id='par_1_77' title="bbox 540 4617 2142 4692">
     <span class='ocr_line' id='line_1_77' title="bbox 540 4617 2142 4692; baseline -0.002 -17"><span class='ocrx_word' id='word_1_546' title='bbox 540 4617 799 4692; x_wconf 88' lang='lat' dir='ltr'><strong>quoniam</strong></span> <span class='ocrx_word' id='word_1_547' title='bbox 830 4618 948 4689; x_wconf 89' lang='lat' dir='ltr'><strong>ipse</strong></span> <span class='ocrx_word' id='word_1_548' title='bbox 975 4617 1305 4675; x_wconf 88' lang='lat' dir='ltr'><strong>Fidelissimi</strong></span> <span class='ocrx_word' id='word_1_549' title='bbox 1332 4618 1498 4690; x_wconf 83' lang='lat' dir='ltr'><strong>Regis</strong></span> <span class='ocrx_word' id='word_1_550' title='bbox 1527 4619 1761 4690; x_wconf 85' lang='lat' dir='ltr'><strong>palmam</strong></span> <span class='ocrx_word' id='word_1_551' title='bbox 1789 4618 2056 4685; x_wconf 91' lang='lat' dir='ltr'><strong>obtinuit,</strong></span> <span class='ocrx_word' id='word_1_552' title='bbox 2086 4627 2142 4673; x_wconf 90' lang='lat' dir='ltr'><strong>et</strong></span> 
     </span>
    </p>
   </div>
   <div class='ocr_carea' id='block_1_78' title="bbox 542 4712 2143 4782">
    <p class='ocr_par' dir='ltr' id='par_1_78' title="bbox 542 4712 2143 4782">
     <span class='ocr_line' id='line_1_78' title="bbox 542 4712 2143 4782; baseline -0.002 -12"><span class='ocrx_word' id='word_1_553' title='bbox 542 4714 613 4771; x_wconf 92' lang='lat' dir='ltr'><strong>ad</strong></span> <span class='ocrx_word' id='word_1_554' title='bbox 633 4723 863 4773; x_wconf 63' lang='lat' dir='ltr'><strong>caeteras</strong></span> <span class='ocrx_word' id='word_1_555' title='bbox 889 4729 1015 4772; x_wconf 86' lang='lat' dir='ltr'><strong>suas</strong></span> <span class='ocrx_word' id='word_1_556' title='bbox 1045 4715 1262 4782; x_wconf 89' lang='lat' dir='ltr'><strong>laudes,</strong></span> <span class='ocrx_word' id='word_1_557' title='bbox 1289 4713 1429 4770; x_wconf 87' lang='lat' dir='ltr'><strong>hanc</strong></span> <span class='ocrx_word' id='word_1_558' title='bbox 1450 4714 1614 4770; x_wconf 81' lang='lat' dir='ltr'><strong>etiam</strong></span> <span class='ocrx_word' id='word_1_559' title='bbox 1646 4712 1884 4782; x_wconf 90' lang='lat' dir='ltr'><strong>addidit,</strong></span> <span class='ocrx_word' id='word_1_560' title='bbox 1915 4722 1975 4770; x_wconf 92' lang='lat' dir='ltr'><strong>ut</strong></span> <span class='ocrx_word' id='word_1_561' title='bbox 1993 4728 2143 4770; x_wconf 85' lang='lat' dir='ltr'><strong>com-</strong></span> 
     </span>
    </p>
   </div>
   <div class='ocr_carea' id='block_1_79' title="bbox 544 4807 2144 4882">
    <p class='ocr_par' dir='ltr' id='par_1_79' title="bbox 544 4807 2144 4882">
     <span class='ocr_line' id='line_1_79' title="bbox 544 4807 2144 4882; baseline -0.002 -18"><span class='ocrx_word' id='word_1_562' title='bbox 544 4809 696 4865; x_wconf 90' lang='lat' dir='ltr'><strong>muni</strong></span> <span class='ocrx_word' id='word_1_563' title='bbox 717 4809 958 4865; x_wconf 91' lang='lat' dir='ltr'><strong>omnium</strong></span> <span class='ocrx_word' id='word_1_564' title='bbox 987 4809 1308 4882; x_wconf 90' lang='lat' dir='ltr'><strong>populorum</strong></span> <span class='ocrx_word' id='word_1_565' title='bbox 1339 4823 1610 4865; x_wconf 91' lang='lat' dir='ltr'><strong>consensu</strong></span> <span class='ocrx_word' id='word_1_566' title='bbox 1637 4807 2016 4864; x_wconf 79' lang='lat' dir='ltr'><strong>Fidelissimos</strong></span> <span class='ocrx_word' id='word_1_567' title='bbox 2044 4821 2144 4863; x_wconf 89' lang='lat' dir='ltr'><strong>no-</strong></span> 
     </span>
    </p>
   </div>
   <div class='ocr_carea' id='block_1_80' title="bbox 541 4899 2144 4975">
    <p class='ocr_par' dir='ltr' id='par_1_80' title="bbox 541 4899 2144 4975">
     <span class='ocr_line' id='line_1_80' title="bbox 541 4899 2144 4975; baseline -0.003 -16"><span class='ocrx_word' id='word_1_568' title='bbox 541 4903 801 4971; x_wconf 89' lang='lat' dir='ltr'><strong>minetur,</strong></span> <span class='ocrx_word' id='word_1_569' title='bbox 835 4912 893 4960; x_wconf 91' lang='lat' dir='ltr'><strong>et</strong></span> <span class='ocrx_word' id='word_1_570' title='bbox 921 4903 1015 4960; x_wconf 90' lang='lat' dir='ltr'><strong>sit.</strong></span> <span class='ocrx_word' id='word_1_571' title='bbox 1046 4902 1288 4960; x_wconf 90' lang='lat' dir='ltr'><strong>Decebat</strong></span> <span class='ocrx_word' id='word_1_572' title='bbox 1316 4901 1496 4975; x_wconf 88' lang='lat' dir='ltr'><strong>magni</strong></span> <span class='ocrx_word' id='word_1_573' title='bbox 1521 4901 1750 4959; x_wconf 80' lang='lat' dir='ltr'><strong>Joannis</strong></span> <span class='ocrx_word' id='word_1_574' title='bbox 1780 4916 1979 4957; x_wconf 91' lang='lat' dir='ltr'><strong>nomen</strong></span> <span class='ocrx_word' id='word_1_575' title='bbox 2029 4899 2144 4972; x_wconf 90' lang='lat' dir='ltr'><strong>pri-</strong></span> 
     </span>
    </p>
   </div>
   <div class='ocr_carea' id='block_1_81' title="bbox 544 4993 2145 5068">
    <p class='ocr_par' dir='ltr' id='par_1_81' title="bbox 544 4993 2145 5068">
     <span class='ocr_line' id='line_1_81' title="bbox 544 4993 2145 5068; baseline -0.004 -15"><span class='ocrx_word' id='word_1_576' title='bbox 544 5012 691 5053; x_wconf 90' lang='lat' dir='ltr'><strong>mum</strong></span> <span class='ocrx_word' id='word_1_577' title='bbox 713 5012 838 5054; x_wconf 92' lang='lat' dir='ltr'><strong>cum</strong></span> <span class='ocrx_word' id='word_1_578' title='bbox 863 4997 968 5055; x_wconf 81' lang='lat' dir='ltr'><strong>isto</strong></span> <span class='ocrx_word' id='word_1_579' title='bbox 992 4997 1150 5052; x_wconf 92' lang='lat' dir='ltr'><strong>titulo</strong></span> <span class='ocrx_word' id='word_1_580' title='bbox 1176 4997 1231 5051; x_wconf 94' lang='lat' dir='ltr'><strong>in</strong></span> <span class='ocrx_word' id='word_1_581' title='bbox 1258 4995 1434 5052; x_wconf 89' lang='lat' dir='ltr'><strong>fronte</strong></span> <span class='ocrx_word' id='word_1_582' title='bbox 1464 4996 1882 5068; x_wconf 86' lang='lat' dir='ltr'><strong>Evangeliorum</strong></span> <span class='ocrx_word' id='word_1_583' title='bbox 1906 4993 2145 5049; x_wconf 90' lang='lat' dir='ltr'><strong>colloca-</strong></span> 
     </span>
    </p>
   </div>
   <div class='ocr_carea' id='block_1_82' title="bbox 542 5085 2145 5160">
    <p class='ocr_par' dir='ltr' id='par_1_82' title="bbox 542 5085 2145 5160">
     <span class='ocr_line' id='line_1_82' title="bbox 542 5085 2145 5160; baseline -0.002 -16"><span class='ocrx_word' id='word_1_584' title='bbox 542 5087 623 5154; x_wconf 88' lang='lat' dir='ltr'><strong>ri;</strong></span> <span class='ocrx_word' id='word_1_585' title='bbox 653 5089 909 5159; x_wconf 90' lang='lat' dir='ltr'><strong>quoniam</strong></span> <span class='ocrx_word' id='word_1_586' title='bbox 951 5103 1020 5144; x_wconf 89' lang='lat' dir='ltr'><strong>eo</strong></span> <span class='ocrx_word' id='word_1_587' title='bbox 1050 5095 1327 5160; x_wconf 87' lang='lat' dir='ltr'><strong>tamquam</strong></span> <span class='ocrx_word' id='word_1_588' title='bbox 1371 5087 1620 5158; x_wconf 89' lang='lat' dir='ltr'><strong>speculo,</strong></span> <span class='ocrx_word' id='word_1_589' title='bbox 1659 5089 1713 5143; x_wconf 93' lang='lat' dir='ltr'><strong>in</strong></span> <span class='ocrx_word' id='word_1_590' title='bbox 1755 5085 2145 5143; x_wconf 87' lang='lat' dir='ltr'><strong>concordando</strong></span> 
     </span>
    </p>
   </div>
   <div class='ocr_carea' id='block_1_83' title="bbox 543 5179 2147 5255">
    <p class='ocr_par' dir='ltr' id='par_1_83' title="bbox 543 5179 2147 5255">
     <span class='ocr_line' id='line_1_83' title="bbox 543 5179 2147 5255; baseline -0.001 -16"><span class='ocrx_word' id='word_1_591' title='bbox 543 5197 712 5254; x_wconf 87' lang='lat' dir='ltr'><strong>regno</strong></span> <span class='ocrx_word' id='word_1_592' title='bbox 739 5199 862 5239; x_wconf 91' lang='lat' dir='ltr'><strong>cum</strong></span> <span class='ocrx_word' id='word_1_593' title='bbox 881 5183 1209 5252; x_wconf 90' lang='lat' dir='ltr'><strong>sacerdotio,</strong></span> <span class='ocrx_word' id='word_1_594' title='bbox 1227 5198 1446 5254; x_wconf 85' lang='lat' dir='ltr'><strong>semper</strong></span> <span class='ocrx_word' id='word_1_595' title='bbox 1471 5184 1547 5238; x_wconf 92' lang='lat' dir='ltr'><strong>uti</strong></span> <span class='ocrx_word' id='word_1_596' title='bbox 1573 5183 1837 5255; x_wconf 88' lang='lat' dir='ltr'><strong>gloriatus</strong></span> <span class='ocrx_word' id='word_1_597' title='bbox 1864 5189 1969 5237; x_wconf 83' lang='lat' dir='ltr'><strong>est.</strong></span> <span class='ocrx_word' id='word_1_598' title='bbox 1993 5179 2147 5253; x_wconf 88' lang='lat' dir='ltr'><strong>Ulys-</strong></span> 
     </span>
    </p>
   </div>
   <div class='ocr_carea' id='block_1_84' title="bbox 543 5274 2147 5347">
    <p class='ocr_par' dir='ltr' id='par_1_84' title="bbox 543 5274 2147 5347">
     <span class='ocr_line' id='line_1_84' title="bbox 543 5274 2147 5347; baseline 0 -16"><span class='ocrx_word' id='word_1_599' title='bbox 543 5275 794 5347; x_wconf 90' lang='lat' dir='ltr'><strong>siponem</strong></span> <span class='ocrx_word' id='word_1_600' title='bbox 825 5291 954 5346; x_wconf 89' lang='lat' dir='ltr'><strong>ergo</strong></span> <span class='ocrx_word' id='word_1_601' title='bbox 985 5277 1143 5332; x_wconf 82' lang='lat' dir='ltr'><strong>laetus</strong></span> <span class='ocrx_word' id='word_1_602' title='bbox 1165 5276 1361 5332; x_wconf 88' lang='lat' dir='ltr'><strong>invisat</strong></span> <span class='ocrx_word' id='word_1_603' title='bbox 1390 5276 1545 5332; x_wconf 79' lang='lat' dir='ltr'><strong>labor</strong></span> <span class='ocrx_word' id='word_1_604' title='bbox 1575 5276 1666 5332; x_wconf 91' lang='lat' dir='ltr'><strong>hic</strong></span> <span class='ocrx_word' id='word_1_605' title='bbox 1717 5289 1905 5342; x_wconf 91' lang='lat' dir='ltr'><strong>meus,</strong></span> <span class='ocrx_word' id='word_1_606' title='bbox 1935 5274 2147 5345; x_wconf 90' lang='lat' dir='ltr'><strong>sibique</strong></span> 
     </span>
    </p>
   </div>
   <div class='ocr_carea' id='block_1_85' title="bbox 543 5368 2148 5441">
    <p class='ocr_par' dir='ltr' id='par_1_85' title="bbox 543 5368 2148 5441">
     <span class='ocr_line' id='line_1_85' title="bbox 543 5368 2148 5441; baseline -0.001 -17"><span class='ocrx_word' id='word_1_607' title='bbox 543 5368 819 5438; x_wconf 90' lang='lat' dir='ltr'><strong>auspicem</strong></span> <span class='ocrx_word' id='word_1_608' title='bbox 851 5377 1060 5440; x_wconf 83' lang='lat' dir='ltr'><strong>quaerat</strong></span> <span class='ocrx_word' id='word_1_609' title='bbox 1086 5379 1294 5425; x_wconf 89' lang='lat' dir='ltr'><strong>tantum</strong></span> <span class='ocrx_word' id='word_1_610' title='bbox 1320 5385 1508 5441; x_wconf 86' lang='lat' dir='ltr'><strong>regem</strong></span> <span class='ocrx_word' id='word_1_611' title='bbox 1528 5411 1541 5435; x_wconf 96' lang='lat'><strong>,</strong></span> <span class='ocrx_word' id='word_1_612' title='bbox 1575 5370 1665 5440; x_wconf 93' lang='lat' dir='ltr'><strong>qui</strong></span> <span class='ocrx_word' id='word_1_613' title='bbox 1708 5368 1993 5425; x_wconf 65' lang='lat' dir='ltr'><strong>catholica:</strong></span> <span class='ocrx_word' id='word_1_614' title='bbox 2022 5369 2148 5424; x_wconf 86' lang='lat' dir='ltr'><strong>reli-</strong></span> 
     </span>
    </p>
   </div>
   <div class='ocr_carea' id='block_1_86' title="bbox 544 5459 2147 5532">
    <p class='ocr_par' dir='ltr' id='par_1_86' title="bbox 544 5459 2147 5532">
     <span class='ocr_line' id='line_1_86' title="bbox 544 5459 2147 5532; baseline 0.001 -17"><span class='ocrx_word' id='word_1_615' title='bbox 544 5459 946 5532; x_wconf 90' lang='lat' dir='ltr'><strong>gioniundique</strong></span> <span class='ocrx_word' id='word_1_616' title='bbox 972 5460 1285 5518; x_wconf 87' lang='lat' dir='ltr'><strong>fidelissime</strong></span> <span class='ocrx_word' id='word_1_617' title='bbox 1312 5461 1704 5532; x_wconf 87' lang='lat' dir='ltr'><strong>patrocinatur.</strong></span> <span class='ocrx_word' id='word_1_618' title='bbox 1739 5461 1983 5516; x_wconf 90' lang='lat' dir='ltr'><strong>Romana</strong></span> <span class='ocrx_word' id='word_1_619' title='bbox 2011 5460 2147 5516; x_wconf 89' lang='lat' dir='ltr'><strong>ﬁdes</strong></span> 
     </span>
    </p>
   </div>
   <div class='ocr_carea' id='block_1_87' title="bbox 544 5554 2150 5626">
    <p class='ocr_par' dir='ltr' id='par_1_87' title="bbox 544 5554 2150 5626">
     <span class='ocr_line' id='line_1_87' title="bbox 544 5554 2150 5626; baseline -0.002 -13"><span class='ocrx_word' id='word_1_620' title='bbox 544 5569 765 5626; x_wconf 88' lang='lat' dir='ltr'><strong>semper</strong></span> <span class='ocrx_word' id='word_1_621' title='bbox 791 5563 1105 5626; x_wconf 87' lang='lat' dir='ltr'><strong>regnatura,</strong></span> <span class='ocrx_word' id='word_1_622' title='bbox 1130 5571 1275 5611; x_wconf 93' lang='lat' dir='ltr'><strong>nunc</strong></span> <span class='ocrx_word' id='word_1_623' title='bbox 1303 5554 1538 5613; x_wconf 89' lang='lat' dir='ltr'><strong>arctiore</strong></span> <span class='ocrx_word' id='word_1_624' title='bbox 1567 5555 1802 5626; x_wconf 89' lang='lat' dir='ltr'><strong>quodam</strong></span> <span class='ocrx_word' id='word_1_625' title='bbox 1827 5554 2044 5610; x_wconf 91' lang='lat' dir='ltr'><strong>vinculo</strong></span> <span class='ocrx_word' id='word_1_626' title='bbox 2068 5555 2150 5625; x_wconf 92' lang='lat' dir='ltr'><strong>ip-</strong></span> 
     </span>
    </p>
   </div>
   <div class='ocr_carea' id='block_1_88' title="bbox 541 5646 2148 5720">
    <p class='ocr_par' dir='ltr' id='par_1_88' title="bbox 541 5646 2148 5720">
     <span class='ocr_line' id='line_1_88' title="bbox 541 5646 2148 5720; baseline -0.001 -13"><span class='ocrx_word' id='word_1_627' title='bbox 541 5664 663 5708; x_wconf 89' lang='lat' dir='ltr'><strong>sum</strong></span> <span class='ocrx_word' id='word_1_628' title='bbox 695 5647 980 5720; x_wconf 78' lang='lat' dir='ltr'><strong>complexa</strong></span> <span class='ocrx_word' id='word_1_629' title='bbox 1024 5655 1146 5714; x_wconf 85' lang='lat' dir='ltr'><strong>est;</strong></span> <span class='ocrx_word' id='word_1_630' title='bbox 1192 5657 1356 5719; x_wconf 86' lang='lat' dir='ltr'><strong>atque</strong></span> <span class='ocrx_word' id='word_1_631' title='bbox 1386 5650 1530 5704; x_wconf 86' lang='lat' dir='ltr'><strong>inter</strong></span> <span class='ocrx_word' id='word_1_632' title='bbox 1567 5648 1742 5720; x_wconf 82' lang='lat' dir='ltr'><strong>Reges</strong></span> <span class='ocrx_word' id='word_1_633' title='bbox 1769 5646 2148 5705; x_wconf 89' lang='lat' dir='ltr'><strong>Fidelissimos</strong></span> 
     </span>
    </p>
   </div>
   <div class='ocr_carea' id='block_1_89' title="bbox 544 5738 2150 5818">
    <p class='ocr_par' dir='ltr' id='par_1_89' title="bbox 544 5738 2150 5818">
     <span class='ocr_line' id='line_1_89' title="bbox 544 5738 2150 5818; baseline -0.002 -17"><span class='ocrx_word' id='word_1_634' title='bbox 544 5743 726 5818; x_wconf 88' lang='lat' dir='ltr'><strong>ipsum</strong></span> <span class='ocrx_word' id='word_1_635' title='bbox 771 5738 1066 5812; x_wconf 86' lang='lat' dir='ltr'><strong>recipiens,</strong></span> <span class='ocrx_word' id='word_1_636' title='bbox 1114 5739 1290 5810; x_wconf 74' lang='lat' dir='ltr'><strong>poscit</strong></span> <span class='ocrx_word' id='word_1_637' title='bbox 1324 5742 1580 5814; x_wconf 81' lang='lat' dir='ltr'><strong>peculiari</strong></span> <span class='ocrx_word' id='word_1_638' title='bbox 1626 5741 1859 5814; x_wconf 89' lang='lat' dir='ltr'><strong>quodam</strong></span> <span class='ocrx_word' id='word_1_639' title='bbox 1899 5739 2060 5813; x_wconf 87' lang='lat' dir='ltr'><strong>jure,</strong></span> <span class='ocrx_word' id='word_1_640' title='bbox 2091 5751 2150 5798; x_wconf 91' lang='lat' dir='ltr'><strong>ut</strong></span> 
     </span>
    </p>
   </div>
   <div class='ocr_carea' id='block_1_90' title="bbox 2236 3300 3753 3373">
    <p class='ocr_par' dir='ltr' id='par_1_90' title="bbox 2236 3300 3753 3373">
     <span class='ocr_line' id='line_1_90' title="bbox 2236 3300 3753 3373; baseline -0.001 -17"><span class='ocrx_word' id='word_1_641' title='bbox 2236 3300 2439 3366; x_wconf 92' lang='lat' dir='ltr'><strong>nostri,</strong></span> <span class='ocrx_word' id='word_1_642' title='bbox 2471 3315 2606 3372; x_wconf 89' lang='lat' dir='ltr'><strong>quas</strong></span> <span class='ocrx_word' id='word_1_643' title='bbox 2639 3301 2748 3358; x_wconf 93' lang='lat' dir='ltr'><strong>duo</strong></span> <span class='ocrx_word' id='word_1_644' title='bbox 2774 3303 3052 3362; x_wconf 90' lang='lat' dir='ltr'><strong>volumina</strong></span> <span class='ocrx_word' id='word_1_645' title='bbox 3083 3305 3136 3361; x_wconf 92' lang='lat' dir='ltr'><strong>in</strong></span> <span class='ocrx_word' id='word_1_646' title='bbox 3178 3305 3360 3362; x_wconf 86' lang='lat' dir='ltr'><strong>lucem</strong></span> <span class='ocrx_word' id='word_1_647' title='bbox 3389 3305 3525 3362; x_wconf 84' lang='lat' dir='ltr'><strong>edita</strong></span> <span class='ocrx_word' id='word_1_648' title='bbox 3551 3302 3753 3373; x_wconf 77' lang='lat' dir='ltr'><strong>complec-</strong></span> 
     </span>
    </p>
   </div>
   <div class='ocr_carea' id='block_1_91' title="bbox 2238 3401 2444 3448">
    <p class='ocr_par' dir='ltr' id='par_1_91' title="bbox 2238 3401 2444 3448">
     <span class='ocr_line' id='line_1_91' title="bbox 2238 3401 2444 3448; baseline 0 -1"><span class='ocrx_word' id='word_1_649' title='bbox 2238 3401 2444 3448; x_wconf 91' lang='lat' dir='ltr'><strong>tuntur.</strong></span> 
     </span>
    </p>
   </div>
   <div class='ocr_carea' id='block_1_92' title="bbox 2315 3485 3755 3563">
    <p class='ocr_par' dir='ltr' id='par_1_92' title="bbox 2315 3485 3755 3563">
     <span class='ocr_line' id='line_1_92' title="bbox 2315 3485 3755 3563; baseline -0.002 -20"><span class='ocrx_word' id='word_1_650' title='bbox 2315 3504 2335 3537; x_wconf 72' lang='grc' dir='ltr'><strong><em>ι</em></strong></span> <span class='ocrx_word' id='word_1_651' title='bbox 2383 3485 2700 3558; x_wconf 90' lang='lat' dir='ltr'><strong>Siquidem,</strong></span> <span class='ocrx_word' id='word_1_652' title='bbox 2735 3499 2794 3545; x_wconf 92' lang='lat' dir='ltr'><strong>ut</strong></span> <span class='ocrx_word' id='word_1_653' title='bbox 2833 3489 3081 3561; x_wconf 85' lang='lat' dir='ltr'><strong>ejusdem</strong></span> <span class='ocrx_word' id='word_1_654' title='bbox 3137 3493 3416 3563; x_wconf 87' lang='lat' dir='ltr'><strong>pontiﬁcis</strong></span> <span class='ocrx_word' id='word_1_655' title='bbox 3469 3489 3689 3548; x_wconf 74' lang='lat' dir='ltr'><strong>voluntati</strong></span> <span class='ocrx_word' id='word_1_656' title='bbox 3719 3495 3755 3542; x_wconf 83' lang='lat' dir='ltr'><strong>et</strong></span> 
     </span>
    </p>
   </div>
   <div class='ocr_carea' id='block_1_93' title="bbox 2237 3579 3756 3655">
    <p class='ocr_par' dir='ltr' id='par_1_93' title="bbox 2237 3579 3756 3655">
     <span class='ocr_line' id='line_1_93' title="bbox 2237 3579 3756 3655; baseline 0 -21"><span class='ocrx_word' id='word_1_657' title='bbox 2237 3579 2482 3636; x_wconf 84' lang='lat' dir='ltr'><strong>consiliis</strong></span> <span class='ocrx_word' id='word_1_658' title='bbox 2509 3581 2908 3640; x_wconf 89' lang='lat' dir='ltr'><strong>obsecundaret</strong></span> <span class='ocrx_word' id='word_1_659' title='bbox 2928 3625 2944 3652; x_wconf 95' lang='lat'><strong>,</strong></span> <span class='ocrx_word' id='word_1_660' title='bbox 2972 3584 3233 3655; x_wconf 89' lang='lat' dir='ltr'><strong>plurimas</strong></span> <span class='ocrx_word' id='word_1_661' title='bbox 3260 3587 3319 3643; x_wconf 89' lang='lat' dir='ltr'><strong>in</strong></span> <span class='ocrx_word' id='word_1_662' title='bbox 3343 3586 3623 3644; x_wconf 90' lang='lat' dir='ltr'><strong>subsidium</strong></span> <span class='ocrx_word' id='word_1_663' title='bbox 3638 3596 3756 3639; x_wconf 77' lang='lat' dir='ltr'><strong>naves</strong></span> 
     </span>
    </p>
   </div>
   <div class='ocr_carea' id='block_1_94' title="bbox 2237 3673 3757 3754">
    <p class='ocr_par' dir='ltr' id='par_1_94' title="bbox 2237 3673 3757 3754">
     <span class='ocr_line' id='line_1_94' title="bbox 2237 3673 3757 3754; baseline 0.001 -26"><span class='ocrx_word' id='word_1_664' title='bbox 2237 3673 2636 3744; x_wconf 88' lang='lat' dir='ltr'><strong>suppeditavit,</strong></span> <span class='ocrx_word' id='word_1_665' title='bbox 2667 3691 2776 3747; x_wconf 90' lang='lat' dir='ltr'><strong>quo</strong></span> <span class='ocrx_word' id='word_1_666' title='bbox 2801 3686 3046 3748; x_wconf 87' lang='lat' dir='ltr'><strong>tempore</strong></span> <span class='ocrx_word' id='word_1_667' title='bbox 3071 3679 3376 3737; x_wconf 89' lang='lat' dir='ltr'><strong>Turcarum</strong></span> <span class='ocrx_word' id='word_1_668' title='bbox 3401 3691 3635 3754; x_wconf 87' lang='lat' dir='ltr'><strong>tyrannus</strong></span> <span class='ocrx_word' id='word_1_669' title='bbox 3657 3679 3757 3734; x_wconf 84' lang='lat' dir='ltr'><strong>insu-</strong></span> 
     </span>
    </p>
   </div>
   <div class='ocr_carea' id='block_1_95' title="bbox 2239 3765 3756 3840">
    <p class='ocr_par' dir='ltr' id='par_1_95' title="bbox 2239 3765 3756 3840">
     <span class='ocr_line' id='line_1_95' title="bbox 2239 3765 3756 3840; baseline 0.002 -19"><span class='ocrx_word' id='word_1_670' title='bbox 2239 3765 2306 3822; x_wconf 68' lang='lat' dir='ltr'><strong>lae</strong></span> <span class='ocrx_word' id='word_1_671' title='bbox 2335 3765 2662 3840; x_wconf 87' lang='lat' dir='ltr'><strong>Corcyrensi</strong></span> <span class='ocrx_word' id='word_1_672' title='bbox 2709 3785 2832 3826; x_wconf 90' lang='lat' dir='ltr'><strong>cum</strong></span> <span class='ocrx_word' id='word_1_673' title='bbox 2863 3771 3200 3829; x_wconf 89' lang='lat' dir='ltr'><strong>validissimo</strong></span> <span class='ocrx_word' id='word_1_674' title='bbox 3224 3778 3474 3832; x_wconf 80' lang='lat' dir='ltr'><strong>exercitu</strong></span> <span class='ocrx_word' id='word_1_675' title='bbox 3502 3774 3756 3831; x_wconf 83' lang='lat' dir='ltr'><strong>imminens.</strong></span> 
     </span>
    </p>
   </div>
   <div class='ocr_carea' id='block_1_96' title="bbox 2239 3860 3759 3938">
    <p class='ocr_par' dir='ltr' id='par_1_96' title="bbox 2239 3860 3759 3938">
     <span class='ocr_line' id='line_1_96' title="bbox 2239 3860 3759 3938; baseline 0.005 -24"><span class='ocrx_word' id='word_1_676' title='bbox 2239 3874 2349 3915; x_wconf 92' lang='lat' dir='ltr'><strong>non</strong></span> <span class='ocrx_word' id='word_1_677' title='bbox 2376 3860 2552 3916; x_wconf 92' lang='lat' dir='ltr'><strong>solum</strong></span> <span class='ocrx_word' id='word_1_678' title='bbox 2579 3861 2906 3920; x_wconf 80' lang='lat' dir='ltr'><strong>Venetorum</strong></span> <span class='ocrx_word' id='word_1_679' title='bbox 2934 3866 3274 3938; x_wconf 66' lang='lat' dir='ltr'><strong>reipublicae,</strong></span> <span class='ocrx_word' id='word_1_680' title='bbox 3303 3869 3400 3926; x_wconf 90' lang='lat' dir='ltr'><strong>sed</strong></span> <span class='ocrx_word' id='word_1_681' title='bbox 3427 3871 3658 3924; x_wconf 73' lang='lat' dir='ltr'><strong>universa:</strong></span> <span class='ocrx_word' id='word_1_682' title='bbox 3671 3878 3759 3933; x_wconf 81' lang='lat' dir='ltr'><strong>quo-</strong></span> 
     </span>
    </p>
   </div>
   <div class='ocr_carea' id='block_1_97' title="bbox 2241 3954 3760 4032">
    <p class='ocr_par' dir='ltr' id='par_1_97' title="bbox 2241 3954 3760 4032">
     <span class='ocr_line' id='line_1_97' title="bbox 2241 3954 3760 4032; baseline 0.001 -24"><span class='ocrx_word' id='word_1_683' title='bbox 2241 3969 2347 4024; x_wconf 86' lang='lat' dir='ltr'><strong>que</strong></span> <span class='ocrx_word' id='word_1_684' title='bbox 2373 3954 2562 4023; x_wconf 76' lang='lat' dir='ltr'><strong>Italim,</strong></span> <span class='ocrx_word' id='word_1_685' title='bbox 2595 3965 2650 4011; x_wconf 91' lang='lat' dir='ltr'><strong>ct</strong></span> <span class='ocrx_word' id='word_1_686' title='bbox 2684 3959 2808 4014; x_wconf 88' lang='lat' dir='ltr'><strong>huic</strong></span> <span class='ocrx_word' id='word_1_687' title='bbox 2837 3960 2978 4026; x_wconf 88' lang='lat' dir='ltr'><strong>urbi,</strong></span> <span class='ocrx_word' id='word_1_688' title='bbox 3022 3977 3145 4032; x_wconf 69' lang='lat' dir='ltr'><strong>qua:</strong></span> <span class='ocrx_word' id='word_1_689' title='bbox 3180 3963 3353 4017; x_wconf 85' lang='lat' dir='ltr'><strong>tntius</strong></span> <span class='ocrx_word' id='word_1_690' title='bbox 3401 3960 3676 4019; x_wconf 60' lang='lat' dir='ltr'><strong>christiana</strong></span> <span class='ocrx_word' id='word_1_691' title='bbox 3705 3970 3760 4010; x_wconf 78' lang='lat' dir='ltr'><strong>rc-</strong></span> 
     </span>
    </p>
   </div>
   <div class='ocr_carea' id='block_1_98' title="bbox 2241 4049 3759 4125">
    <p class='ocr_par' dir='ltr' id='par_1_98' title="bbox 2241 4049 3759 4125">
     <span class='ocr_line' id='line_1_98' title="bbox 2241 4049 3759 4125; baseline -0.001 -21"><span class='ocrx_word' id='word_1_692' title='bbox 2241 4049 2460 4120; x_wconf 87' lang='lat' dir='ltr'><strong>ligionis</strong></span> <span class='ocrx_word' id='word_1_693' title='bbox 2503 4061 2668 4122; x_wconf 90' lang='lat' dir='ltr'><strong>caput</strong></span> <span class='ocrx_word' id='word_1_694' title='bbox 2696 4062 2810 4120; x_wconf 89' lang='lat' dir='ltr'><strong>est,</strong></span> <span class='ocrx_word' id='word_1_695' title='bbox 2843 4055 3140 4125; x_wconf 91' lang='lat' dir='ltr'><strong>perniciem</strong></span> <span class='ocrx_word' id='word_1_696' title='bbox 3189 4067 3243 4113; x_wconf 87' lang='lat' dir='ltr'><strong>et</strong></span> <span class='ocrx_word' id='word_1_697' title='bbox 3271 4057 3617 4115; x_wconf 88' lang='lat' dir='ltr'><strong>calamitatem</strong></span> <span class='ocrx_word' id='word_1_698' title='bbox 3640 4051 3759 4108; x_wconf 78' lang='lat' dir='ltr'><strong>mina-</strong></span> 
     </span>
    </p>
   </div>
   <div class='ocr_carea' id='block_1_99' title="bbox 2243 4145 2424 4202">
    <p class='ocr_par' dir='ltr' id='par_1_99' title="bbox 2243 4145 2424 4202">
     <span class='ocr_line' id='line_1_99' title="bbox 2243 4145 2424 4202; baseline 0.011 -2"><span class='ocrx_word' id='word_1_699' title='bbox 2243 4145 2424 4202; x_wconf 89' lang='lat' dir='ltr'><strong>batur.</strong></span> 
     </span>
    </p>
   </div>
   <div class='ocr_carea' id='block_1_100' title="bbox 2321 4241 3762 4316">
    <p class='ocr_par' dir='ltr' id='par_1_100' title="bbox 2321 4241 3762 4316">
     <span class='ocr_line' id='line_1_100' title="bbox 2321 4241 3762 4316; baseline 0.001 -21"><span class='ocrx_word' id='word_1_700' title='bbox 2321 4260 2341 4295; x_wconf 75' lang='grc' dir='ltr'>ι</span> <span class='ocrx_word' id='word_1_701' title='bbox 2385 4241 2496 4298; x_wconf 87' lang='lat' dir='ltr'><strong>Nos</strong></span> <span class='ocrx_word' id='word_1_702' title='bbox 2525 4241 2624 4313; x_wconf 91' lang='lat' dir='ltr'><strong>ipsi</strong></span> <span class='ocrx_word' id='word_1_703' title='bbox 2665 4243 2810 4314; x_wconf 90' lang='lat' dir='ltr'><strong>jure,</strong></span> <span class='ocrx_word' id='word_1_704' title='bbox 2858 4260 2923 4301; x_wconf 89' lang='lat' dir='ltr'><strong>ac</strong></span> <span class='ocrx_word' id='word_1_705' title='bbox 2955 4246 3150 4303; x_wconf 91' lang='lat' dir='ltr'><strong>merito</strong></span> <span class='ocrx_word' id='word_1_706' title='bbox 3194 4248 3388 4304; x_wconf 88' lang='lat' dir='ltr'><strong>testari</strong></span> <span class='ocrx_word' id='word_1_707' title='bbox 3438 4246 3762 4316; x_wconf 83' lang='lat' dir='ltr'><strong>possumus,cl</strong></span> 
     </span>
    </p>
   </div>
   <div class='ocr_carea' id='block_1_101' title="bbox 2245 4339 3763 4412">
    <p class='ocr_par' dir='ltr' id='par_1_101' title="bbox 2245 4339 3763 4412">
     <span class='ocr_line' id='line_1_101' title="bbox 2245 4339 3763 4412; baseline -0.001 -22"><span class='ocrx_word' id='word_1_708' title='bbox 2245 4350 2435 4391; x_wconf 82' lang='lat' dir='ltr'><strong>revera</strong></span> <span class='ocrx_word' id='word_1_709' title='bbox 2486 4344 2786 4403; x_wconf 89' lang='lat' dir='ltr'><strong>testamur,</strong></span> <span class='ocrx_word' id='word_1_710' title='bbox 2831 4339 3086 4395; x_wconf 86' lang='lat' dir='ltr'><strong>eumdem</strong></span> <span class='ocrx_word' id='word_1_711' title='bbox 3143 4355 3331 4412; x_wconf 88' lang='lat' dir='ltr'><strong>regem</strong></span> <span class='ocrx_word' id='word_1_712' title='bbox 3388 4355 3532 4396; x_wconf 89' lang='lat' dir='ltr'><strong>suam</strong></span> <span class='ocrx_word' id='word_1_713' title='bbox 3560 4345 3763 4403; x_wconf 61' lang='lat' dir='ltr'><strong>fllllltjllilm</strong></span> 
     </span>
    </p>
   </div>
   <div class='ocr_carea' id='block_1_102' title="bbox 2245 4424 3763 4503">
    <p class='ocr_par' dir='ltr' id='par_1_102' title="bbox 2245 4424 3763 4503">
     <span class='ocr_line' id='line_1_102' title="bbox 2245 4424 3763 4503; baseline -0.001 -20"><span class='ocrx_word' id='word_1_714' title='bbox 2245 4443 2466 4498; x_wconf 88' lang='lat' dir='ltr'><strong>operam</strong></span> <span class='ocrx_word' id='word_1_715' title='bbox 2490 4445 2520 4484; x_wconf 88' lang='lat' dir='ltr'><strong>a</strong></span> <span class='ocrx_word' id='word_1_716' title='bbox 2548 4430 2704 4486; x_wconf 92' lang='lat' dir='ltr'><strong>nobis</strong></span> <span class='ocrx_word' id='word_1_717' title='bbox 2736 4431 3042 4489; x_wconf 89' lang='lat' dir='ltr'><strong>desiderari</strong></span> <span class='ocrx_word' id='word_1_718' title='bbox 3072 4448 3297 4503; x_wconf 88' lang='lat' dir='ltr'><strong>passum</strong></span> <span class='ocrx_word' id='word_1_719' title='bbox 3322 4449 3476 4501; x_wconf 88' lang='lat' dir='ltr'><strong>esse,</strong></span> <span class='ocrx_word' id='word_1_720' title='bbox 3508 4431 3586 4488; x_wconf 89' lang='lat' dir='ltr'><strong>ubi</strong></span> <span class='ocrx_word' id='word_1_721' title='bbox 3611 4444 3678 4484; x_wconf 85' lang='lat' dir='ltr'><strong>res</strong></span> <span class='ocrx_word' id='word_1_722' title='bbox 3698 4424 3763 4479; x_wconf 77' lang='lat' dir='ltr'><strong>fuit</strong></span> 
     </span>
    </p>
   </div>
   <div class='ocr_carea' id='block_1_103' title="bbox 2246 4521 3764 4600">
    <p class='ocr_par' dir='ltr' id='par_1_103' title="bbox 2246 4521 3764 4600">
     <span class='ocr_line' id='line_1_103' title="bbox 2246 4521 3764 4600; baseline -0.003 -22"><span class='ocrx_word' id='word_1_723' title='bbox 2246 4524 2333 4578; x_wconf 87' lang='lat' dir='ltr'><strong>vel</strong></span> <span class='ocrx_word' id='word_1_724' title='bbox 2360 4522 2430 4579; x_wconf 93' lang='lat' dir='ltr'><strong>de</strong></span> <span class='ocrx_word' id='word_1_725' title='bbox 2459 4523 2744 4580; x_wconf 88' lang='lat' dir='ltr'><strong>retinenda</strong></span> <span class='ocrx_word' id='word_1_726' title='bbox 2762 4566 2778 4593; x_wconf 93' lang='lat'><strong>,</strong></span> <span class='ocrx_word' id='word_1_727' title='bbox 2806 4527 3161 4598; x_wconf 87' lang='lat' dir='ltr'><strong>augendaque</strong></span> <span class='ocrx_word' id='word_1_728' title='bbox 3184 4526 3474 4600; x_wconf 89' lang='lat' dir='ltr'><strong>Religione</strong></span> <span class='ocrx_word' id='word_1_729' title='bbox 3495 4569 3509 4595; x_wconf 89' lang='lat'><strong>,</strong></span> <span class='ocrx_word' id='word_1_730' title='bbox 3530 4523 3602 4580; x_wconf 87' lang='lat' dir='ltr'><strong>vel</strong></span> <span class='ocrx_word' id='word_1_731' title='bbox 3624 4522 3676 4578; x_wconf 89' lang='lat' dir='ltr'><strong>dc</strong></span> <span class='ocrx_word' id='word_1_732' title='bbox 3698 4521 3764 4574; x_wconf 85' lang='lat' dir='ltr'><strong>hu-</strong></span> 
     </span>
    </p>
   </div>
   <div class='ocr_carea' id='block_1_104' title="bbox 2165 4594 3764 4692">
    <p class='ocr_par' dir='ltr' id='par_1_104' title="bbox 2165 4594 3764 4692">
     <span class='ocr_line' id='line_1_104' title="bbox 2165 4594 3764 4692; baseline -0.001 -19"><span class='ocrx_word' id='word_1_733' title='bbox 2165 4594 2332 4687; x_wconf 89' lang='lat' dir='ltr'><strong>Djus</strong></span> <span class='ocrx_word' id='word_1_734' title='bbox 2378 4627 2583 4673; x_wconf 67' lang='lat' dir='ltr'><strong>sancta:</strong></span> <span class='ocrx_word' id='word_1_735' title='bbox 2626 4618 2775 4675; x_wconf 88' lang='lat' dir='ltr'><strong>sedis</strong></span> <span class='ocrx_word' id='word_1_736' title='bbox 2820 4594 3088 4692; x_wconf 77' lang='lat' dir='ltr'><strong>dignitate</strong></span> <span class='ocrx_word' id='word_1_737' title='bbox 3129 4594 3355 4678; x_wconf 70' lang='lat' dir='ltr'><strong>tuenda.</strong></span> <span class='ocrx_word' id='word_1_738' title='bbox 3414 4624 3619 4692; x_wconf 84' lang='lat' dir='ltr'><strong>Insuper</strong></span> <span class='ocrx_word' id='word_1_739' title='bbox 3657 4612 3764 4672; x_wconf 74' lang='lat' dir='ltr'><strong>nobis</strong></span> 
     </span>
    </p>
   </div>
   <div class='ocr_carea' id='block_1_105' title="bbox 2246 4707 3766 4788">
    <p class='ocr_par' dir='ltr' id='par_1_105' title="bbox 2246 4707 3766 4788">
     <span class='ocr_line' id='line_1_105' title="bbox 2246 4707 3766 4788; baseline -0.003 -24"><span class='ocrx_word' id='word_1_740' title='bbox 2246 4708 2622 4779; x_wconf 90' lang='lat' dir='ltr'><strong>pontiﬁcatum</strong></span> <span class='ocrx_word' id='word_1_741' title='bbox 2651 4713 2993 4786; x_wconf 89' lang='lat' dir='ltr'><strong>gerentibus,</strong></span> <span class='ocrx_word' id='word_1_742' title='bbox 3025 4715 3322 4773; x_wconf 91' lang='lat' dir='ltr'><strong>nonnullos</strong></span> <span class='ocrx_word' id='word_1_743' title='bbox 3346 4715 3662 4788; x_wconf 87' lang='lat' dir='ltr'><strong>episcopatus</strong></span> <span class='ocrx_word' id='word_1_744' title='bbox 3684 4707 3766 4762; x_wconf 82' lang='lat' dir='ltr'><strong>fun-</strong></span> 
     </span>
    </p>
   </div>
   <div class='ocr_carea' id='block_1_106' title="bbox 2246 4804 3764 4883">
    <p class='ocr_par' dir='ltr' id='par_1_106' title="bbox 2246 4804 3764 4883">
     <span class='ocr_line' id='line_1_106' title="bbox 2246 4804 3764 4883; baseline 0 -22"><span class='ocrx_word' id='word_1_745' title='bbox 2246 4804 2397 4862; x_wconf 91' lang='lat' dir='ltr'><strong>davit</strong></span> <span class='ocrx_word' id='word_1_746' title='bbox 2419 4805 2472 4861; x_wconf 88' lang='lat' dir='ltr'><strong>in</strong></span> <span class='ocrx_word' id='word_1_747' title='bbox 2513 4809 2901 4866; x_wconf 87' lang='lat' dir='ltr'><strong>remotissimis</strong></span> <span class='ocrx_word' id='word_1_748' title='bbox 2929 4809 3154 4866; x_wconf 90' lang='lat' dir='ltr'><strong>dominii</strong></span> <span class='ocrx_word' id='word_1_749' title='bbox 3184 4811 3267 4867; x_wconf 91' lang='lat' dir='ltr'><strong>sui</strong></span> <span class='ocrx_word' id='word_1_750' title='bbox 3301 4810 3561 4883; x_wconf 88' lang='lat' dir='ltr'><strong>partibus,</strong></span> <span class='ocrx_word' id='word_1_751' title='bbox 3598 4804 3671 4861; x_wconf 86' lang='lat' dir='ltr'><strong>ubi</strong></span> <span class='ocrx_word' id='word_1_752' title='bbox 3704 4814 3764 4855; x_wconf 77' lang='lat'><strong>$0-</strong></span> 
     </span>
    </p>
   </div>
   <div class='ocr_carea' id='block_1_107' title="bbox 2249 4895 3765 4976">
    <p class='ocr_par' dir='ltr' id='par_1_107' title="bbox 2249 4895 3765 4976">
     <span class='ocr_line' id='line_1_107' title="bbox 2249 4895 3765 4976; baseline -0.003 -20"><span class='ocrx_word' id='word_1_753' title='bbox 2249 4901 2360 4956; x_wconf 91' lang='lat' dir='ltr'><strong>lum</strong></span> <span class='ocrx_word' id='word_1_754' title='bbox 2391 4900 2646 4958; x_wconf 88' lang='lat' dir='ltr'><strong>lnﬁdeles</strong></span> <span class='ocrx_word' id='word_1_755' title='bbox 2686 4907 3066 4975; x_wconf 85' lang='lat' dir='ltr'><strong>versabantur,</strong></span> <span class='ocrx_word' id='word_1_756' title='bbox 3108 4906 3401 4976; x_wconf 90' lang='lat' dir='ltr'><strong>videlicet,</strong></span> <span class='ocrx_word' id='word_1_757' title='bbox 3451 4915 3506 4962; x_wconf 91' lang='lat' dir='ltr'><strong>ut</strong></span> <span class='ocrx_word' id='word_1_758' title='bbox 3543 4895 3765 4960; x_wconf 64' lang='lat' dir='ltr'><strong>christiana</strong></span> 
     </span>
    </p>
   </div>
   <div class='ocr_carea' id='block_1_108' title="bbox 2250 4988 3768 5069">
    <p class='ocr_par' dir='ltr' id='par_1_108' title="bbox 2250 4988 3768 5069">
     <span class='ocr_line' id='line_1_108' title="bbox 2250 4988 3768 5069; baseline -0.007 -19"><span class='ocrx_word' id='word_1_759' title='bbox 2250 4994 2387 5051; x_wconf 89' lang='lat' dir='ltr'><strong>ﬁdes</strong></span> <span class='ocrx_word' id='word_1_760' title='bbox 2432 4995 2632 5053; x_wconf 90' lang='lat' dir='ltr'><strong>ibidem</strong></span> <span class='ocrx_word' id='word_1_761' title='bbox 2660 5009 3076 5069; x_wconf 88' lang='lat' dir='ltr'><strong>propagaretur.</strong></span> <span class='ocrx_word' id='word_1_762' title='bbox 3105 5000 3434 5057; x_wconf 89' lang='lat' dir='ltr'><strong>Omittemus</strong></span> <span class='ocrx_word' id='word_1_763' title='bbox 3460 4999 3544 5054; x_wconf 85' lang='lat' dir='ltr'><strong>hic</strong></span> <span class='ocrx_word' id='word_1_764' title='bbox 3565 4991 3696 5051; x_wconf 84' lang='lat' dir='ltr'><strong>verba</strong></span> <span class='ocrx_word' id='word_1_765' title='bbox 3718 4988 3768 5039; x_wconf 81' lang='lat' dir='ltr'><strong>fa-</strong></span> 
     </span>
    </p>
   </div>
   <div class='ocr_carea' id='block_1_109' title="bbox 2251 5079 3768 5165">
    <p class='ocr_par' dir='ltr' id='par_1_109' title="bbox 2251 5079 3768 5165">
     <span class='ocr_line' id='line_1_109' title="bbox 2251 5079 3768 5165; baseline -0.004 -24"><span class='ocrx_word' id='word_1_766' title='bbox 2251 5100 2378 5143; x_wconf 90' lang='lat' dir='ltr'><strong>cere</strong></span> <span class='ocrx_word' id='word_1_767' title='bbox 2407 5087 2474 5144; x_wconf 90' lang='lat' dir='ltr'><strong>de</strong></span> <span class='ocrx_word' id='word_1_768' title='bbox 2502 5092 2758 5146; x_wconf 81' lang='lat' dir='ltr'><strong>maximis</strong></span> <span class='ocrx_word' id='word_1_769' title='bbox 2779 5132 2794 5158; x_wconf 94' lang='lat'><strong>,</strong></span> <span class='ocrx_word' id='word_1_770' title='bbox 2827 5107 2890 5147; x_wconf 89' lang='lat' dir='ltr'><strong>ac</strong></span> <span class='ocrx_word' id='word_1_771' title='bbox 2919 5092 3080 5163; x_wconf 90' lang='lat' dir='ltr'><strong>plane</strong></span> <span class='ocrx_word' id='word_1_772' title='bbox 3101 5092 3265 5165; x_wconf 89' lang='lat' dir='ltr'><strong>regiis</strong></span> <span class='ocrx_word' id='word_1_773' title='bbox 3293 5092 3620 5164; x_wconf 89' lang='lat' dir='ltr'><strong>sumptibus,</strong></span> <span class='ocrx_word' id='word_1_774' title='bbox 3638 5084 3706 5156; x_wconf 86' lang='lat' dir='ltr'><strong>qui</strong></span> <span class='ocrx_word' id='word_1_775' title='bbox 3723 5079 3768 5134; x_wconf 81' lang='lat' dir='ltr'><strong>ab</strong></span> 
     </span>
    </p>
   </div>
   <div class='ocr_carea' id='block_1_110' title="bbox 2255 5173 3766 5251">
    <p class='ocr_par' dir='ltr' id='par_1_110' title="bbox 2255 5173 3766 5251">
     <span class='ocr_line' id='line_1_110' title="bbox 2255 5173 3766 5251; baseline 0 -17"><span class='ocrx_word' id='word_1_776' title='bbox 2255 5181 2374 5251; x_wconf 91' lang='lat' dir='ltr'><strong>ipso</strong></span> <span class='ocrx_word' id='word_1_777' title='bbox 2402 5181 2573 5248; x_wconf 93' lang='lat' dir='ltr'><strong>ﬁunt,</strong></span> <span class='ocrx_word' id='word_1_778' title='bbox 2610 5193 2667 5237; x_wconf 91' lang='lat' dir='ltr'><strong>ut</strong></span> <span class='ocrx_word' id='word_1_779' title='bbox 2693 5183 2956 5240; x_wconf 89' lang='lat' dir='ltr'><strong>ministris</strong></span> <span class='ocrx_word' id='word_1_780' title='bbox 2988 5185 3054 5240; x_wconf 92' lang='lat' dir='ltr'><strong>ad</strong></span> <span class='ocrx_word' id='word_1_781' title='bbox 3097 5186 3379 5242; x_wconf 89' lang='lat' dir='ltr'><strong>obeundas</strong></span> <span class='ocrx_word' id='word_1_782' title='bbox 3408 5199 3580 5241; x_wconf 88' lang='lat' dir='ltr'><strong>sacras</strong></span> <span class='ocrx_word' id='word_1_783' title='bbox 3612 5173 3766 5235; x_wconf 74' lang='lat' dir='ltr'><strong>missio-</strong></span> 
     </span>
    </p>
   </div>
   <div class='ocr_carea' id='block_1_111' title="bbox 2253 5266 3768 5350">
    <p class='ocr_par' dir='ltr' id='par_1_111' title="bbox 2253 5266 3768 5350">
     <span class='ocr_line' id='line_1_111' title="bbox 2253 5266 3768 5350; baseline -0.006 -20"><span class='ocrx_word' id='word_1_784' title='bbox 2253 5291 2352 5332; x_wconf 89' lang='lat' dir='ltr'><strong>nes</strong></span> <span class='ocrx_word' id='word_1_785' title='bbox 2374 5278 2680 5333; x_wconf 90' lang='lat' dir='ltr'><strong>necessaria</strong></span> <span class='ocrx_word' id='word_1_786' title='bbox 2711 5279 3148 5350; x_wconf 87' lang='lat' dir='ltr'><strong>suppeditentur.</strong></span> <span class='ocrx_word' id='word_1_787' title='bbox 3188 5280 3364 5337; x_wconf 85' lang='lat' dir='ltr'><strong>Taciti</strong></span> <span class='ocrx_word' id='word_1_788' title='bbox 3394 5289 3563 5336; x_wconf 89' lang='lat' dir='ltr'><strong>tamen</strong></span> <span class='ocrx_word' id='word_1_789' title='bbox 3591 5266 3768 5347; x_wconf 67' lang='lat' dir='ltr'><strong>prateri~</strong></span> 
     </span>
    </p>
   </div>
   <div class='ocr_carea' id='block_1_112' title="bbox 2251 5360 3765 5446">
    <p class='ocr_par' dir='ltr' id='par_1_112' title="bbox 2251 5360 3765 5446">
     <span class='ocr_line' id='line_1_112' title="bbox 2251 5360 3765 5446; baseline -0.002 -21"><span class='ocrx_word' id='word_1_790' title='bbox 2251 5386 2309 5426; x_wconf 91' lang='lat' dir='ltr'><strong>re</strong></span> <span class='ocrx_word' id='word_1_791' title='bbox 2348 5385 2458 5426; x_wconf 84' lang='lat' dir='ltr'><strong>non</strong></span> <span class='ocrx_word' id='word_1_792' title='bbox 2501 5370 2766 5429; x_wconf 89' lang='lat' dir='ltr'><strong>debemus</strong></span> <span class='ocrx_word' id='word_1_793' title='bbox 2814 5373 3092 5444; x_wconf 86' lang='lat' dir='ltr'><strong>victorias,</strong></span> <span class='ocrx_word' id='word_1_794' title='bbox 3147 5390 3279 5446; x_wconf 87' lang='lat' dir='ltr'><strong>quas</strong></span> <span class='ocrx_word' id='word_1_795' title='bbox 3325 5382 3564 5431; x_wconf 86' lang='lat' dir='ltr'><strong>recenter</strong></span> <span class='ocrx_word' id='word_1_796' title='bbox 3603 5371 3646 5423; x_wconf 92' lang='lat' dir='ltr'><strong>in</strong></span> <span class='ocrx_word' id='word_1_797' title='bbox 3681 5360 3765 5417; x_wconf 61' lang='lat' dir='ltr'><strong>Asia</strong></span> 
     </span>
    </p>
   </div>
   <div class='ocr_carea' id='block_1_113' title="bbox 2246 5459 3764 5539">
    <p class='ocr_par' dir='ltr' id='par_1_113' title="bbox 2246 5459 3764 5539">
     <span class='ocr_line' id='line_1_113' title="bbox 2246 5459 3764 5539; baseline -0.003 -21"><span class='ocrx_word' id='word_1_798' title='bbox 2246 5465 2614 5535; x_wconf 87' lang='lat' dir='ltr'><strong>comparavit,</strong></span> <span class='ocrx_word' id='word_1_799' title='bbox 2649 5476 2706 5521; x_wconf 92' lang='lat' dir='ltr'><strong>et</strong></span> <span class='ocrx_word' id='word_1_800' title='bbox 2751 5481 2952 5534; x_wconf 85' lang='lat' dir='ltr'><strong>novas,</strong></span> <span class='ocrx_word' id='word_1_801' title='bbox 2982 5483 3118 5539; x_wconf 89' lang='lat' dir='ltr'><strong>quas</strong></span> <span class='ocrx_word' id='word_1_802' title='bbox 3149 5469 3396 5539; x_wconf 88' lang='lat' dir='ltr'><strong>suscepit</strong></span> <span class='ocrx_word' id='word_1_803' title='bbox 3437 5459 3764 5538; x_wconf 70' lang='lat' dir='ltr'><strong>expeditiones;</strong></span> 
     </span>
    </p>
   </div>
   <div class='ocr_carea' id='block_1_114' title="bbox 2252 5557 3765 5632">
    <p class='ocr_par' dir='ltr' id='par_1_114' title="bbox 2252 5557 3765 5632">
     <span class='ocr_line' id='line_1_114' title="bbox 2252 5557 3765 5632; baseline -0.011 -18"><span class='ocrx_word' id='word_1_804' title='bbox 2252 5571 2307 5614; x_wconf 89' lang='lat' dir='ltr'><strong>et</strong></span> <span class='ocrx_word' id='word_1_805' title='bbox 2328 5559 2640 5630; x_wconf 87' lang='lat' dir='ltr'><strong>hujusmodi</strong></span> <span class='ocrx_word' id='word_1_806' title='bbox 2666 5561 2912 5632; x_wconf 80' lang='lat' dir='ltr'><strong>profecto</strong></span> <span class='ocrx_word' id='word_1_807' title='bbox 2954 5562 3100 5618; x_wconf 84' lang='lat' dir='ltr'><strong>bella</strong></span> <span class='ocrx_word' id='word_1_808' title='bbox 3132 5563 3371 5620; x_wconf 86' lang='lat' dir='ltr'><strong>libenter</strong></span> <span class='ocrx_word' id='word_1_809' title='bbox 3400 5578 3520 5620; x_wconf 89' lang='lat' dir='ltr'><strong>cum</strong></span> <span class='ocrx_word' id='word_1_810' title='bbox 3547 5557 3636 5614; x_wconf 89' lang='lat' dir='ltr'><strong>illis</strong></span> <span class='ocrx_word' id='word_1_811' title='bbox 3665 5564 3765 5605; x_wconf 77' lang='lat' dir='ltr'><strong>ccut-</strong></span> 
     </span>
    </p>
   </div>
   <div class='ocr_carea' id='block_1_115' title="bbox 2252 5643 3764 5729">
    <p class='ocr_par' dir='ltr' id='par_1_115' title="bbox 2252 5643 3764 5729">
     <span class='ocr_line' id='line_1_115' title="bbox 2252 5643 3764 5729; baseline -0.004 -22"><span class='ocrx_word' id='word_1_812' title='bbox 2252 5652 2582 5722; x_wconf 89' lang='lat' dir='ltr'><strong>parabimus,</strong></span> <span class='ocrx_word' id='word_1_813' title='bbox 2638 5669 2760 5726; x_wconf 61' lang='lat' dir='ltr'><strong>qua‘.</strong></span> <span class='ocrx_word' id='word_1_814' title='bbox 2811 5655 3127 5713; x_wconf 88' lang='lat' dir='ltr'><strong>Gennadius</strong></span> <span class='ocrx_word' id='word_1_815' title='bbox 3175 5657 3437 5729; x_wconf 89' lang='lat' dir='ltr'><strong>patricius</strong></span> <span class='ocrx_word' id='word_1_816' title='bbox 3479 5666 3530 5711; x_wconf 92' lang='lat' dir='ltr'><strong>et</strong></span> <span class='ocrx_word' id='word_1_817' title='bbox 3571 5643 3764 5708; x_wconf 69' lang='lat' dir='ltr'><strong>exarclmi</strong></span> 
     </span>
    </p>
   </div>
   <div class='ocr_carea' id='block_1_116' title="bbox 2252 5731 3762 5822">
    <p class='ocr_par' dir='ltr' id='par_1_116' title="bbox 2252 5731 3762 5822">
     <span class='ocr_line' id='line_1_116' title="bbox 2252 5731 3762 5822; baseline -0.003 -22"><span class='ocrx_word' id='word_1_818' title='bbox 2252 5744 2447 5802; x_wconf 58' lang='lat' dir='ltr'><strong>Africa:</strong></span> <span class='ocrx_word' id='word_1_819' title='bbox 2482 5745 2712 5804; x_wconf 66' lang='lat' dir='ltr'><strong>fclia‘itcr</strong></span> <span class='ocrx_word' id='word_1_820' title='bbox 2741 5749 2943 5820; x_wconf 87' lang='lat' dir='ltr'><strong>gessit;</strong></span> <span class='ocrx_word' id='word_1_821' title='bbox 2981 5759 3036 5808; x_wconf 90' lang='lat' dir='ltr'><strong>ct</strong></span> <span class='ocrx_word' id='word_1_822' title='bbox 3077 5750 3269 5808; x_wconf 88' lang='lat' dir='ltr'><strong>eadem</strong></span> <span class='ocrx_word' id='word_1_823' title='bbox 3301 5763 3523 5822; x_wconf 87' lang='lat' dir='ltr'><strong>prorsus</strong></span> <span class='ocrx_word' id='word_1_824' title='bbox 3545 5731 3762 5801; x_wconf 66' lang='lat' dir='ltr'><strong>alfirmabi&#39;</strong></span> 
     </span>
    </p>
   </div>
  </div>
