3934 6332
169 321 254 379 841

1025 307 1416 366 LECTIONES
1455 301 1852 361 VARIANTES
1893 301 2547 360 EVANGELISTARUM.

3325 305 3432 361 8J2

169 449 292 504 mus,
317 445 430 505 qua:
475 429 540 485 de
571 428 676 483 illis
722 436 944 484 sanctus
1001 425 1297 496 Gregorius
1350 423 1721 495 prtedeeesscr
1750 422 1797 482 Α
1827 420 2136 476 saltationis
2163 421 2426 476 officium.
2471 420 2624 490 Quod
2655 421 2780 476 dum
2811 429 3014 493 prmsto
3040 462 3054 488 ,
3085 421 3188 492 ipsi
3219 437 3436 494 quoque

169 537 326 583 noster
355 524 416 580 at!
446 523 613 594 ipsum
643 521 981 577 Gemmdium
1026 521 1244 591 scripsit
1273 561 1286 584 ,
1312 519 1398 573 his
1424 517 1609 572 verbis
1640 523 1666 551 τι
1705 532 1718 569 :

173 619 257 678 Ubi
283 617 406 672 enim
453 616 742 669 meritorum
773 625 1055 667 vestrorum
1105 613 1296 682 loquax
1333 627 1436 664 non
1477 607 1724 662 discurrit

171 709 362 782 Opinio?
384 709 504 775 Qua:
541 716 587 762 et
612 707 744 761 bella
766 722 852 760 vos
889 709 1180 777 frequenter
1210 714 1468 774 appetere,
1503 719 1604 756 non
1631 701 1723 755 de-

168 805 331 860 siderio
357 801 596 874 {audendi
620 801 908 873 sanguinis,
939 799 1030 853 sed
1055 799 1338 852 dilatando:
1367 811 1524 850 causa
1549 795 1726 864 reipu-

165 898 309 960 blicae,
340 895 507 966 inqua
535 892 700 948 Deum
744 893 846 947 coli
875 893 1222 960 conspicimus
1243 932 1258 958 ,
1309 890 1572 961 loquitur:
1599 904 1728 956 qua-

163 1001 292 1046 tenus
319 987 500 1044 Christi
543 1003 723 1041 nautea
754 1001 843 1052 per
887 985 1120 1040 subditas
1149 993 1322 1054 gentes
1355 981 1506 1036 Fidei
1535 981 1730 1053 prwdi-

164 1086 340 1139 ratione
363 1083 756 1150 circumquaque
776 1077 1052 1132 discurrat.
1101 1076 1355 1146 Ejusdem
1385 1075 1554 1128 sancti
1595 1087 1730 1143 pon-

167 1177 302 1232 tificis
346 1174 490 1231 verbi
540 1189 933 1244 prosequemur
983 1169 1268 1224 :Plurima
1323 1185 1416 1240 pro
1453 1165 1730 1240 pascendis

163 1271 318 1325 oribus
348 1267 478 1323 beati
508 1265 659 1321 Petri
709 1265 1074 1336 Apostolorum
1120 1263 1370 1333 principis
1421 1259 1731 1314 utilitatibus

163 1363 506 1418 Excellentiam
547 1360 778 1416 Vestram
821 1359 1126 1429 praestitisse
1166 1357 1463 1410 didicimus.
1507 1354 1728 1408 Oratio-

161 1473 267 1514 nem
319 1455 531 1510 taudem
581 1464 820 1510 nostram
854 1453 1199 1508 absolvemus
1224 1493 1238 1518 ,
1269 1447 1728 1517 quemadmodum

161 1562 208 1608 et
235 1563 439 1606 sanctus
465 1549 762 1619 Gregorius
793 1547 1078 1618 epistolam
1102 1543 1336 1600 absolvit
1369 1559 1522 1598 suam
1558 1563 1570 1596 :
1599 1540 1732 1596 Per-

161 1647 388 1700 solventes
414 1653 644 1714 paterna:
665 1642 932 1698 charitatis
961 1640 1262 1710 alloquium,
1297 1639 1516 1708 petimus
1549 1633 1736 1688 Domi-

160 1759 294 1804 num,
329 1740 754 1808 Salvatoremque
801 1747 1030 1791 nostrum
1055 1777 1068 1798 ,
1118 1735 1206 1803 qui
1248 1732 1597 1786 Eminentiam
1634 1729 1737 1784 Vc-

1830 530 1894 570 ex
1925 515 2106 569 animo
2144 516 2425 585 gratulor;
2455 517 2542 570 cui
2591 515 2696 570 etsi
2741 530 2936 585 magna
2975 525 3058 570 cst
3089 515 3441 584 gravissimo-

1831 625 1948 664 rum
1983 611 2324 680 negotiorum
2379 611 2634 681 imposita
2685 611 2892 678 moles,
2927 627 3050 666 eam
3081 622 3262 668 tamen
3319 613 3439 681 ipse

1829 721 2038 760 summa
2071 721 2194 760 eum
2223 705 2382 761 laude
2425 717 2584 777 atque
2629 707 2870 762 omnium
2912 706 3274 761 admiratione
3319 721 3440 761 sus-

1833 800 1998 856 tinet:
2023 816 2086 856 ex
2112 817 2219 871 quo
2243 802 2620 870 consequitur,
2667 810 2727 856 ut
2765 817 2871 857 non
2900 801 3062 856 modo
3089 801 3252 871 Regis
3279 801 3442 857 Fide-

1833 895 2022 950 lissimi
2056 896 2320 952 voluntati
2342 897 2564 958 serviat,
2599 895 2742 964 quod
2766 911 2982 950 summa
3007 895 3166 950 laude
3190 895 3441 966 dignum,

1833 993 1924 1047 sed
1945 993 2108 1047 etiam
2138 1001 2194 1046 ut
2221 994 2473 1048 consulat
2501 991 2802 1062 Majestati,
2826 1007 2932 1062 quo
2965 989 3290 1046 laudabilius
3322 1005 3445 1046 esse

1836 1086 1968 1140 nihil
1999 1097 2196 1155 potest.
2225 1085 2385 1140 Vivat
2413 1086 2578 1156 igitur
2606 1086 2656 1140 in
2687 1101 2858 1140 annos
2894 1084 3183 1155 plurimos,
3204 1094 3366 1156 atque
3393 1086 3448 1140 in

1836 1190 2097 1235 alternum
2127 1180 2268 1234 vivat
2301 1195 2424 1234 cum
2451 1179 2693 1244 Christo,
2717 1181 2871 1249 cujus
2891 1177 3080 1234 Ordini
3125 1178 3451 1244 Militimque

1837 1289 2033 1328 nomen
2063 1273 2234 1327 dedit.
2262 1273 2362 1328 [Iic
2389 1283 2472 1328 est
2497 1281 2747 1328 votorum
2781 1289 3026 1327 meorum
3060 1287 3294 1341 scopas;
3331 1273 3450 1328 hare

1839 1366 2198 1440 Evangeliarii
2245 1367 2632 1438 quadruplicis,
2667 1367 2812 1436 quod
2845 1381 2972 1436 gero
3001 1365 3052 1419 in
3088 1374 3334 1435 pectore,
3367 1365 3453 1418 di-

1839 1459 2100 1528 sciplina;
2133 1460 2232 1513 hoc
2261 1458 2652 1530 magisterium.
2681 1458 2836 1513 Nunc
2861 1475 3013 1524 vero,
3042 1459 3338 1512 cardinalis
3363 1473 3448 1514 sa~

1841 1552 2184 1622 pientissime
2204 1594 2218 1618 ,
2246 1561 2452 1607 tantum
2485 1553 2667 1618 abest,
2705 1564 2762 1608 ut
2784 1569 2883 1624 ego
2907 1571 2932 1606 a
2967 1553 3270 1622 majoribus
3290 1553 3402 1608 tuis
3432 1595 3447 1620 ,

1841 1645 1988 1700 ouini
2021 1645 2218 1700 decore
2244 1645 2616 1714 affluentibus,
2646 1646 2710 1700 ad
2738 1655 2788 1701 te
2819 1647 3122 1702 ornandum
3151 1650 3446 1718 quidquam

1843 1739 2086 1794 hauriam
2115 1781 2130 1807 ,
2163 1740 2405 1796 utetiam
2431 1741 2485 1794 in
2511 1752 2561 1795 te
2591 1741 2698 1806 sit,
2731 1741 2876 1812 quod
2909 1741 2974 1796 ad
3001 1741 3125 1796 illos
3151 1741 3454 1798 redundet.

158 1847 296 1890 stram
315 1852 404 1907 pro
427 1836 619 1890 solatio
645 1845 836 1890 sancite
861 1829 1161 1904 reipublij
1191 1826 1593 1882 misericorditer
1617 1842 1738 1897 Ρνο-
1771 1829 1817 1890 Β
1847 1834 1902 1890 Si
1934 1843 2113 1888 tamen
2140 1833 2272 1888 mihi
2293 1834 2362 1888 de
2395 1841 2448 1889 te
2469 1833 2688 1888 aliunde
2717 1834 2945 1903 petenda
2972 1846 3121 1890 eSSet
3141 1835 3284 1900 laus,
3310 1833 3458 1890 unde

165 1941 312 2002 tegat,
365 1941 410 1984 et
442 1930 516 1984 ad
565 1929 892 1984 dilatandam
921 1944 1012 1999 per
1062 1925 1311 1989 ﬁnitimas
1348 1933 1522 1998 gentes
1551 1937 1738 1976 nomen

157 2028 252 2096 ejus
282 2025 442 2096 magis
471 2023 745 2094 magisque
769 2021 966 2076 brachii
993 2021 1070 2074 sui
1103 2019 1349 2090 firmitate
1377 2021 1646 2087 coufortet.

225 2119 329 2174 Huc
357 2135 536 2190 usque
579 2117 1010 2188 sapientissimus
1059 2113 1384 2169 Benedictus
1415 2127 1550 2181 papa
1598 2109 1737 2178 XIV,

164 2211 242 2284 qui
269 2213 542 2284 praeclaris
587 2227 808 2266 suorum
858 2210 1320 2280 prmdecessorum
1365 2205 1630 2276 exetnplis
1661 2206 1744 2258 in-

163 2307 361 2374 sistens,
384 2305 586 2363 Joanni
617 2305 684 2370 V,
709 2305 776 2360 de
806 2303 1074 2360 catholica
1106 2301 1231 2369 iide,
1257 2316 1320 2356 ac
1349 2301 1418 2356 de
1445 2301 1743 2370 apostolica

163 2400 277 2457 sede
301 2401 876 2460 benenterentissimo,
906 2398 1119 2453 titulum
1151 2412 1214 2450 ac
1237 2405 1558 2450 ornamenta
1585 2394 1747 2449 FIDE-

163 2511 332 2550 Ltsstm
377 2494 616 2565 largitus
658 2501 762 2548 est.
808 2489 1198 2547 Sanctissimus
1229 2489 1356 2544 Pius
1403 2485 1446 2542 ν
1475 2487 1746 2555 (quantus

165 2587 468 2660 Pontifex!)
525 2589 708 2643 Sacrae
738 2585 1004 2658 Majestati
1034 2583 1344 2642 Sebastiani
1392 2581 1746 2652 Portngaliia:

163 2691 210 2736 et
240 2683 624 2752 Algarbiorum
673 2683 856 2750 regis,
901 2681 1072 2750 ipsius
1097 2679 1326 2734 Joannis
1355 2677 1396 2732 V
1430 2677 1620 2746 optimi
1648 2676 1748 2731 de-

163 2777 412 2844 cessoris,
447 2791 558 2847 pro
605 2774 886 2831 immensis
928 2773 1243 2838 laboribus,
1277 2781 1440 2840 atque
1469 2769 1747 2840 operibus,

161 2870 215 2924 ad
243 2871 518 2928 catholicae
573 2870 694 2925 fidei
745 2869 1186 2940 propagationem
1220 2863 1614 2936 procurandam
1657 2879 1752 2918 ex-

161 2963 369 3030 haustis,
399 2963 783 3020 honorabilem
815 2963 1050 3033 aliquem
1089 2961 1331 3024 titulum,
1364 2971 1634 3029 tamquam
1663 2973 1751 3012 re-

159 3071 264 3110 rum
311 3057 580 3128 pra-clare
631 3065 904 3126 gestarum
959 3055 1141 3126 jugem
1192 3053 1459 3118 iudicem,
1501 3048 1753 3104 Conferre

159 3152 392 3222 Optabat;
429 3163 488 3208 ut
522 3151 670 3207 idem
701 3149 1028 3206 Benedictus
1054 3163 1186 3218 papa
1207 3145 1350 3211 XIV,
1377 3144 1468 3200 die
1494 3144 1566 3198 ‘25
1598 3157 1752 3198 men-

1845 1929 1998 1996 plura
2027 1937 2381 1998 suppeterent
2413 1937 2757 1996 ornamenta,
2782 1944 2940 1998 quam
2967 1943 2994 1982 a
3023 1929 3309 1985 Clemente
3334 1928 3450 1996 XII,

1847 2032 2039 2092 patruo
2067 2031 2181 2089 tuo,
2231 2022 2298 2076 ad
2327 2023 2623 2077 multorum
2668 2022 2947 2090 invidiam,
2989 2022 3054 2076 ad
3086 2021 3336 2076 omnium
3359 2023 3459 2076 ad-

1847 2117 2192 2171 mirationem
2237 2115 2496 2185 pontifice
2523 2131 2650 2170 vere
2677 2130 2895 2184 magno,
2943 2115 3032 2169 cui
3061 2115 3112 2170 in
3155 2115 3322 2170 terris
3362 2129 3454 2169 su-

1848 2223 2088 2280 premam
2121 2209 2463 2279 dignitatem,
2489 2209 2547 2264 S.
2573 2209 2639 2264 Β.
2672 2209 2734 2264 Ε.
2768 2208 3128 2264 cardinalium
3161 2209 3455 2277 collegium

1849 2320 1953 2359 non
1973 2304 2130 2375 quasi
2156 2313 2396 2374 Optatam
2417 2305 2739 2368 contulisse,
2762 2304 2856 2358 sed
2881 2304 3036 2376 quasi
3064 2303 3303 2360 debitam
3327 2319 3453 2374 per-

1849 2400 2078 2454 solvisse
2109 2400 2336 2470 quisque
2367 2400 2688 2454 testabatur.
2719 2399 2794 2453 De
2826 2399 2931 2452 tuis
2959 2409 3144 2452 autem
3175 2395 3452 2464 laudibus,

1851 2501 2048 2565 quanta
2094 2494 2384 2550 scribenda
2433 2493 2654 2550 forent!
2688 2495 2794 2550 Sed
2824 2497 2950 2564 quia
2985 2505 3162 2550 tecum
3191 2495 3344 2563 quasi
3374 2494 3456 2548 lo-

1850 2605 2007 2660 quor,
2044 2604 2114 2643 ne
2139 2589 2346 2643 servire
2378 2590 2484 2643 tuis
2513 2587 2739 2644 auribus
2781 2589 2994 2655 videar,
3029 2589 3157 2642 nolo
3182 2587 3270 2642 hic
3299 2587 3458 2658 plura

1852 2681 2116 2737 scribere.
2151 2681 2358 2752 Itaque,
2390 2681 2684 2736 cardinalis
2714 2680 3120 2746 sapientissime
3149 2680 3276 2754 (cui
3307 2697 3458 2735 sum-

1855 2791 1995 2829 mam
2019 2775 2246 2845 juvandi
2277 2775 2490 2830 litteras
2524 2775 2857 2830 voluntatem
2889 2775 3034 2830 Deus
3059 2773 3292 2846 tribuit),
3320 2788 3458 2844 quo-

1854 2867 2000 2922 niam
2046 2868 2112 2922 ad
2151 2867 2408 2922 eximium
2458 2867 2627 2922 (locus
2672 2867 2928 2938 ingenitae
2982 2869 3298 2924 elementum
3349 2875 3455 2922 tum

1855 2975 1992 3016 nova
2023 2977 2167 3016 nunc
2201 2971 2253 3016 te
2301 2971 2460 3016 vocat
2489 2962 2728 3027 occasio,
2757 2963 2998 3031 suscipe,
3033 2977 3242 3031 quaeso,
3297 2962 3458 3031 hujus

1857 3053 2036 3122 Operis
2061 3054 2455 3124 prosecutiouis
2486 3055 2627 3124 apud
2664 3058 2866 3125 negem
2914 3054 3318 3110 Fidelissimum
3356 3072 3454 3126 pa-

1860 3147 2169 3202 tron-inium.
2202 3147 2447 3202 Restitue
2479 3147 2590 3214 illi,
2623 3162 2743 3218 qua:
2767 3157 3070 3218 temporum
3099 3151 3458 3218 perversitas,

159 3245 226 3298 sis
255 3245 578 3302 Decembris
609 3244 772 3310 I748,
819 3241 1096 3298 mandavit
1122 3240 1336 3302 litteris,
1371 3239 1423 3292 in
1453 3251 1625 3292 aevum
1655 3251 1752 3306 pe-
1779 3229 1826 3294 C
1857 3244 1974 3308 vel,
2017 3255 2072 3297 ut
2123 3242 2232 3298 alio
2276 3241 2462 3298 verius
2519 3257 2682 3297 causa
2747 3244 3050 3310 derivetur,
3107 3255 3459 3314 peccatorum

161 3341 475 3394 rennaturis.
515 3337 630 3396 Sed
677 3336 872 3393 Jo:tnni
923 3335 986 3400 V,
1037 3333 1191 3403 cujus
1245 3331 1464 3401 pietatis
1516 3345 1580 3385 ac
1627 3326 1752 3383 ﬁdei

159 3443 493 3490 monumenta
525 3448 642 3488 non
673 3439 940 3494 vetustas,
971 3443 1078 3482 non
1109 3425 1313 3480 oblivio
1353 3421 1560 3479 delebit
1603 3421 1710 3476 ulla
1735 3462 1750 3487 ,

159 3533 324 3581 tantus
348 3527 533 3582 honos
566 3523 966 3580 reservabatnr.
1004 3520 1106 3590 Ipsi
1135 3519 1279 3573 enim
1311 3517 1550 3586 primum
1583 3514 1754 3569 FIDE-

159 3634 332 3676 LISSIIII
355 3635 516 3678 REGIS
553 3617 744 3673 titulus
765 3615 1000 3670 collatus
1038 3621 1152 3678 est,
1205 3625 1367 3681 quem
1400 3625 1520 3664 cum
1552 3607 1752 3678 posteri

157 3708 490 3768 luereditario
509 3713 640 3784 jure
663 3709 1054 3778 adipiscentur,
1078 3704 1304 3760 Joannis
1335 3703 1371 3757 V
1419 3701 1604 3766 ﬁdem,
1637 3715 1755 3768 qua:

156 3806 384 3862 omnium
428 3807 698 3861 virtutum
733 3810 816 3857 est
843 3800 1016 3864 radix,
1061 3815 1126 3853 eo
1171 3797 1524 3868 praedicante,
1555 3809 1756 3864 cogno-

157 3909 332 3968 scent;
363 3911 442 3968 et,
474 3915 606 3956 cum
638 3898 1016 3969 cognoverint,
1047 3895 1151 3964 ipsi
1177 3907 1390 3964 quoque
1412 3891 1604 3945 armata
1636 3889 1756 3944 imi-

158 3995 346 4050 tatione
395 3993 804 4066 prtedicabunt.
838 3991 1059 4056 Tuone,
1092 3989 1243 4045 card.
1291 3985 1752 4054 eminentissime,

155 4101 214 4140 an
244 4103 366 4145 meo
392 4089 582 4145 dicam
628 4087 771 4142 felici
802 4085 1097 4156 contigisse
1123 4083 1254 4150 fato,
1283 4093 1343 4138 ut
1368 4099 1546 4138 moras
1575 4091 1758 4137 necte-

151 4190 229 4236 ret
254 4182 438 4238 divina
495 4179 792 4238 clementia
819 4179 1028 4250 jamdiu
1056 4185 1281 4232 matura:
1312 4176 1470 4247 hujus
1520 4174 1759 4245 Evange-

155 4275 286 4332 liarii
310 4275 685 4348 quadruplicis
715 4271 976 4330 editioni?
998 4271 1078 4327 Tu
1106 4270 1358 4342 quidem,
1394 4271 1438 4325 si
1465 4279 1612 4325 tuum
1632 4283 1759 4324 sen-

151 4386 260 4427 sum
288 4376 612 4446 explorem,
661 4372 743 4426 vis
788 4385 875 4426 me
902 4369 1008 4424 hoc
1039 4369 1280 4424 tribuere
1307 4366 1540 4422 fortunae
1571 4380 1706 4436 meae
1739 4383 1754 4420 :

154 4480 382 4539 namque
435 4467 516 4522 ita
569 4464 862 4530 eveniens,
913 4462 980 4518 ad
1028 4477 1212 4532 regem
1256 4459 1520 4517 Joannem
1549 4458 1590 4514 V
1635 4457 1759 4514 huic

149 4557 304 4630 Operi
361 4556 667 4632 gloriosior
715 4557 892 4610 aditus
943 4563 1110 4624 patet.
1146 4553 1208 4608 Ei
1261 4568 1496 4623 namque
1545 4551 1759 4606 sistitur

1858 3351 2104 3392 meorum
2137 3335 2218 3390 vis
2249 3336 2468 3406 eripuit.
2501 3334 2630 3390 Haec
2671 3346 2754 3390 est
2803 3337 2946 3392 actio
2976 3336 3136 3406 digna
3165 3337 3450 3402 cardinali,

1857 3427 2015 3500 digna
2049 3429 2325 3499 principe;
2361 3427 2524 3482 Nerio
2548 3443 2680 3483 vero
2701 3438 2756 3482 et
2794 3428 3058 3484 cardinali
3087 3472 3102 3496 ,
3137 3439 3192 3484 et
3215 3431 3460 3500 principe

1857 3525 2196 3594 dignissima.
2233 3524 2377 3580 Vidit
2398 3525 2540 3578 alma
2571 3523 2766 3588 Roma,
2791 3524 2921 3578 dum
2960 3540 3188 3595 magnus
3217 3533 3341 3580 tuus
3365 3541 3462 3596 pa-

1862 3626 2016 3672 truus
2048 3618 2274 3682 viveret,
2333 3627 2477 3672 tuam
2509 3619 2838 3687 prmteritam
2894 3617 3057 3672 vitam
3093 3634 3108 3672 :
3141 3617 3210 3672 ab
3237 3633 3300 3673 ea
3325 3618 3460 3672 niltil

1858 3727 2112 3781 umquam
2138 3710 2366 3777 humile,
2393 3709 2528 3764 nihil
2552 3709 2868 3775 obscurum,
2899 3710 3029 3764 nihil
3055 3711 3308 3780 vulgare;
3337 3727 3456 3766 am-

1859 3803 1946 3873 pla
1969 3805 2172 3863 omnia.
2201 3802 2482 3872 prmclara,
2515 3802 2754 3856 inusitati
2781 3803 3036 3872 exempli.
3064 3805 3196 3869 Qua:
3223 3812 3301 3870 tu,
3326 3819 3460 3874 quo-

1859 3897 2006 3950 niam
2037 3912 2064 3950 a
2109 3907 2162 3950 te
2201 3895 2322 3965 ipso
2360 3895 2653 3950 dissentire
2697 3911 2803 3950 non
2841 3903 3020 3964 potes,
3053 3913 3196 3952 nunc
3239 3915 3459 3970 quoque

1859 4001 2087 4061 praestas
2119 3989 2406 4055 universis,
2435 4004 2763 4060 semperque
2785 3989 3092 4059 praestabis.
3117 3993 3457 4064 Quicumque

1859 4081 2024 4138 futuri
2066 4089 2192 4138 sunt
2223 4097 2287 4138 ex
2331 4081 2431 4136 hac
2464 4081 2704 4136 editione
2729 4083 3006 4152 proiectus
3041 4082 3126 4156 (in
3157 4085 3456 4142 restituen-

1859 4176 1942 4232 dis
1972 4176 2272 4248 przesertim
2313 4174 2640 4230 lectionibus
2667 4183 2982 4230 sanctorum
3019 4177 3239 4232 Patrum
3269 4179 3458 4249 primi-

1859 4271 2120 4336 tivorum,
2149 4271 2241 4341 qui
2271 4279 2506 4338 quatuor
2555 4279 2745 4324 sancta
2776 4269 2904 4325 Jesu
2932 4269 3136 4328 Christi
3164 4273 3458 4346 Evangelia

1858 4365 1944 4420 vel
1973 4363 2224 4430 recitant,
2255 4365 2339 4420 vel
2362 4365 3104 4438 commentariisillustrant),
3137 4366 3237 4423 hos
3268 4384 3459 4424 omnes

1861 4459 2122 4529 singulari
2159 4475 2376 4528 prorsus
2408 4468 2462 4514 et
2493 4459 2904 4528 incomparabili
2966 4459 3194 4516 Joannis
3245 4462 3285 4516 ν
3335 4479 3455 4516 mu-

1861 4552 2152 4607 nificentia:
2197 4551 2419 4616 deberi,
2451 4565 2552 4621 ego
2577 4560 2684 4604 tam
2707 4552 2942 4614 sincero,
2971 4568 3134 4618 quam
3163 4563 3316 4622 grato
3340 4555 3458 4609 ani—

149 4667 342 4722 gerens
393 4656 450 4710 in
507 4654 694 4709 fronte
742 4651 956 4706 titulum
995 4649 1356 4714 Fmeussm,
1391 4649 1442 4700 in
1484 4663 1593 4714 quo
1643 4645 1760 4714 ipse
1787 4633 1838 4694 D
1865 4661 1952 4698 mo
1971 4645 2148 4716 palam
2175 4653 2473 4714 aperteque
2493 4646 2770 4712 protiteor,
2787 4657 3110 4715 semperque
3133 4648 3460 4716 praedicabo.

147 4747 256 4803 Rex
280 4751 386 4806 sibi
408 4749 543 4820 jure
566 4747 774 4817 optimo
793 4746 946 4800 valde
965 4743 1309 4816 gloriabitur.
1335 4741 1404 4797 At
1424 4739 1553 4796 illud
1579 4755 1757 4794 meum

151 4851 228 4896 est
257 4845 427 4898 etiam
463 4840 782 4902 ostendere,
817 4853 915 4892 cur
966 4852 1065 4905 ego
1115 4834 1168 4890 in
1218 4850 1283 4890 eo
1338 4844 1441 4888 tua:
1485 4831 1761 4887 felicitatis

151 4936 322 5005 majus
350 4949 584 5005 quoque
635 4930 848 5001 pondus
877 4943 1186 5000 agnoscam.
1220 4927 1354 4984 Nam
1377 4969 1393 4996 ,
1422 4928 1467 4982 si
1498 4935 1552 4982 tu
1583 4927 1656 4980 ita
1696 4925 1764 4980 de

151 5043 234 5084 me
262 5030 447 5085 sentis
471 5070 487 5090 ,
513 5041 736 5097 acquum
785 5033 869 5080 est
891 5024 1021 5078 mihi
1052 5040 1079 5078 a
1115 5032 1166 5078 te
1215 5023 1470 5086 concedi,
1503 5033 1558 5077 ut
1583 5037 1684 5092 ego
1711 5020 1762 5076 id

147 5123 212 5178 de
235 5133 286 5178 te
321 5123 544 5190 magis;
576 5119 830 5189 quoniam
858 5129 914 5172 tu
936 5133 1224 5188 regnorum
1257 5114 1601 5186 Portugallite
1643 5127 1766 5184 pro-

151 5225 322 5272 lector
353 5213 958 5271 benemercntissimus
999 5227 1078 5264 es.
1129 5209 1632 5265 Exerlleutissimus
1684 5207 1768 5262 vir

147 5309 209 5364 Ι).
245 5307 590 5366 Emmanuel
631 5306 863 5377 Pereyra
919 5306 985 5360 de
1034 5303 1315 5372 Sampajo,
1353 5300 1768 5356 cotntnendator

148 5401 351 5458 Miiiliil.‘
386 5400 615 5456 Domini
641 5399 830 5454 Nostri
859 5399 988 5455 Jesu
1018 5395 1219 5450 ChriSIi
1243 5438 1257 5462 ,
1291 5403 1346 5450 et
1370 5393 1611 5464 Negotiis
1659 5393 1770 5447 Ma-

143 5497 362 5566 iestatis
413 5497 556 5551 Sua:
595 5495 734 5565 apud
794 5494 988 5550 Sedetn
1036 5489 1390 5560 apostolicam
1450 5485 1770 5558 praepositus

149 5589 714 5662 plenipotentiarius,
749 5598 852 5642 [ltili
884 5586 1006 5640 lidei
1029 5627 1041 5647 ,
1076 5582 1466 5652 sapientimque
1488 5593 1768 5634 commen-

147 5687 300 5741 davit
353 5687 494 5750 hoc,
531 5683 675 5754 quod
709 5696 852 5738 nunc
880 5697 910 5734 a
961 5693 1048 5736 me
1076 5679 1302 5750 geritur,
1334 5675 1648 5731 Christianae
1677 5691 1773 5731 ex-

1864 4738 1935 4794 Et
1981 4739 2182 4792 utinam
2223 4738 2353 4792 mihi
2403 4737 2506 4793 sub
2549 4736 2739 4791 iisdem
2790 4737 3087 4808 auSpiciis,
3133 4753 3462 4813 sumptaque

1865 4830 2016 4902 regio
2048 4830 2208 4885 liceat
2237 4843 2448 4900 quoque
2477 4828 2529 4882 in
2563 4828 2736 4883 lucem
2769 4830 3018 4885 emittere
3042 4830 3149 4886 duo
3176 4833 3280 4888 alia
3323 4850 3464 4905 prte-

1867 4926 2063 4980 stantia
2097 4924 2364 4978 volumina
2419 4923 2782 4994 IIexaplorum
2814 4923 3289 4995 Origenianorum,
3339 4947 3463 5001 qua:

1867 5035 2020 5085 auro,
2051 5027 2386 5088 argentoque
2413 5017 2649 5085 cariora,
2685 5019 2884 5072 mirum
2919 5019 2969 5072 iu
2996 5019 3212 5075 modum
3243 5037 3462 5080 causam

1871 5111 1996 5166 fidei
2038 5109 2319 5165 catholica:
2367 5119 2584 5164 tuentur
2625 5119 2680 5164 et
2720 5109 2943 5178 juvant!
2993 5111 3108 5166 Iloe
3156 5119 3466 5185 argumenti

1868 5220 2075 5276 genus,
2135 5215 2412 5274 protector
2467 5201 2942 5271 eminentissime,
2993 5205 3105 5260 fere
3145 5207 3470 5268 intentatum

1872 5297 2170 5362 hactenus,
2205 5297 2412 5366 regium
2453 5295 2810 5350 Mecmnatem
2867 5307 3111 5366 exoptat.
3162 5298 3269 5355 Sed
3310 5301 3380 5359 de
3407 5321 3472 5360 eo

1872 5407 1978 5447 una
2013 5403 2190 5446 tecum
2223 5389 2381 5443 alias.
2430 5387 2588 5443 Nunc
2615 5403 2748 5444 vero
2791 5389 3058 5458 quosdam
3100 5393 3334 5449 omissos
3373 5397 3472 5453 SS.

1877 5487 2097 5541 Patrum
2130 5485 2286 5540 locos
2314 5483 2410 5538 tibi
2442 5483 2627 5548 mitto,
2657 5483 2925 5554 sistoque,
2956 5494 3170 5556 tuaeque
3192 5488 3478 5559 sapientia:

1879 5577 2107 5650 subjicio
2137 5577 2543 5642 discutiendos;
2593 5586 2648 5630 ut
2675 5592 2742 5632 ex
2787 5577 2920 5647 ipsis
2959 5579 3208 5649 definias,
3242 5601 3308 5638 an
3353 5587 3478 5656 jure

1876 5672 2132 5738 dixerim,
2167 5669 2387 5726 codices
2411 5679 2632 5724 nostros
2659 5670 2888 5738 Aureos,
2919 5671 3246 5744 Argemeos,
3273 5675 3484 5751 Purpu.

225 5855 248 5884 η
285 5843 420 5902 Lib.
479 5857 494 5896 ι
551 5835 742 5893 lndict.
775 5837 830 5898 9,
864 5833 1023 5904 epist.
1051 5831 1142 5896 75,
1185 5837 1316 5885 tom.
1357 5827 1400 5884 ll
1445 5843 1597 5901 oper.
1632 5827 1766 5885 edit.
1794 5825 1967 5885 Paris.
2003 5821 2164 5890 I705,
2189 5837 2244 5894 ιι.
2269 5820 2396 5879 560.

635 5935 905 5996 (Ἀτιυι.
953 5925 1096 5991 ΧΠ.

3007 5925 3085 5990 27
