3934 6332
521 312 621 368 85!

1169 310 1262 367 AD
1301 304 1882 369 EVANGELIABIUM
1920 306 2196 370 EUSP‘BII
2235 307 2583 369 VERCELL.
2627 308 3001 369 APPENDIX.
3674 313 3759 369 853

520 434 648 488 ﬂeat
672 432 843 491 silere.
869 439 923 487 et
943 431 1223 499 quiescere,
1254 441 1311 487 et
1339 432 1758 503 pratermitlere;
1789 438 1844 488 et
1870 433 2115 490 redditur
2149 443 2196 500 Α
2299 433 2463 488 Marc.
2493 449 2547 496 χ,
2574 433 2664 490 50.
2683 433 3011 496 Vercellen.,
3034 431 3360 503 accipiet;ret
3379 429 3446 483 ita
3465 428 3518 485 8.
3546 428 3757 501 Augusti-

519 522 549 558 ξι
579 504 803 566 Graecis,
838 506 1147 575 ἡσυχάζειν.

597 577 729 630 Luc.
762 588 891 630 xxw
934 574 1045 646 fit.
1081 574 1417 637 Vercellen.,
1451 590 1515 629 es;
1538 590 1637 644 quo
1660 580 1796 646 facta
1823 587 1940 632 sunt
1971 578 2123 645 litae;

522 647 768 721 Graecus,
793 646 873 721 ἀφ’
895 645 977 709 όῦ.
1006 663 1191 721 ex_gno
1221 649 1330 721 lucc
1354 649 1492 721 fectu
1522 656 1661 701 sunt.

593 720 722 774 an.
760 717 907 786 uit,
941 722 1029 774 '58.
1063 717 1373 773 Vercelleu.
1396 759 1410 783 ,
1448 719 1719 773 Vuroneu.
1748 758 1763 784 ,
1796 719 1919 776 Gal.
1943 763 1954 783 ,
1990 720 2118 776 Min.

521 801 575 847 et
602 791 838 863 Brixiau.
866 831 880 857 ,
912 801 957 846 et
977 806 1137 863 qttare
1164 791 1505 863 cogitationes
1518 829 1543 863 ,Α
1561 800 1667 845 etc.
1700 791 1757 845 8.
1790 797 1825 844 Α
1838 793 2041 863 mlirus.
2069 793 2120 848 in

520 864 615 918 lib.
645 864 713 917 tle
743 861 946 929 Jnseplt
987 861 1296 917 Patriarclta
1334 876 1457 933 εδει).
1490 861 1590 929 12,
1625 877 1747 934 pag.
1782 862 1920 930 506,
1961 880 2123 934 quare

520 935 853 1006 cogitationes
878 976 891 998 ,
924 944 1033 989 etc.

592 1007 723 1062 Luc.
753 1021 905 1070 utr,
937 1007 1025 1061 59.
1059 1004 1393 1071 Vercellam,
1422 1014 1469 1059 et
1490 1005 1644 1078 pedes
1671 1019 1850 1072 meos;
1879 1010 2121 1078 quoniam

518 1095 613 1150 ego
631 1094 780 1141 sum;
817 1079 1083 1132 Veronen.
1108 1120 1123 1141 .
1156 1082 1318 1133 videte
1337 1094 1451 1131 ecce
1478 1094 1660 1150 manus
1686 1095 1822 1150 ruens
1843 1119 1858 1144 ,
1893 1090 1939 1134 et
1970 1082 2122 1150 pedes

516 1149 656 1205 uteos
680 1167 699 1217 ;
727 1150 848 1212 quia
878 1166 969 1220 ego
997 1164 1109 1203 sum
1139 1151 1284 1221 ipse;
1312 1160 1365 1203 et
1399 1151 1470 1202 ita
1515 1149 1573 1206 S.
1621 1157 1654 1201 Α
1669 1149 1872 1206 mbros.
1917 1149 1976 1207 in
2002 1154 2121 1207 loco

517 1216 705 1277 citato.
722 1221 845 1276 Gal.
870 1216 1083 1292 quoque
1102 1216 1326 1288 etuti»,
1344 1222 1495 1293 pedes
1518 1236 1678 1284 meos.
1698 1233 1831 1288 etc.;
1853 1224 2118 1293 Brixiam,

517 1295 641 1366 quin
672 1310 763 1366 ego
795 1308 907 1347 sum
948 1294 1078 1366 ipse.

591 1362 727 1420 Luc'.
759 1378 886 1419 xxiv
907 1407 923 1431 ,
957 1362 1049 1418 41.
1079 1362 1374 1420 Curheien.
1400 1406 1415 1429 ,
1453 1364 1816 1431 manducare;
1846 1375 1903 1422 et
1943 1366 2014 1422 ita
2058 1366 2117 1424 S.

514 1437 745 1509 August.
796 1436 847 1489 ltt
892 1451 1060 1490 serm.
1103 1435 1248 1502 259,
1298 1436 1351 1490 in
1392 1436 1539 1493 dieb.
1582 1436 1834 1494 Paschal.
1885 1447 2015 1493 tom.
2043 1454 2116 1510 ν,

519 1522 660 1565 nart.
689 1524 729 1565 ι.
763 1523 882 1565 nae.
912 1509 1041 1565 997.

556 1522 660 1562 art.
689 1524 729 1571 ι,
763 1523 882 1576 pag.
912 1522 1041 1565 aut.

519 1523 660 1580 part.
689 1524 729 1571 ι,
763 1523 882 1578 pag.
912 1523 1041 1565 aut.

591 1581 755 1635 Marc.
799 1595 844 1641 ι.
875 1579 966 1635 25.
1007 1578 1063 1634 In
1094 1576 1371 1651 Veronen.
1409 1579 1686 1634 adduntur
1713 1579 1877 1634 verba
1897 1622 1912 1647 ,
1938 1582 2121 1651 spirite

517 1651 819 1716 immunde,‘
852 1653 903 1706 in
934 1652 1058 1708 Gat.
1098 1661 1153 1705 et
1184 1650 1311 1706 Mm.
1332 1693 1347 1715 ,
1374 1651 1592 1719 spiritus
1631 1651 1929 1715 immundo;
1962 1650 2014 1707 in
2054 1653 2113 1710 S.

519 1723 796 1807 Ambrosii
826 1723 922 1779 lib.
954 1739 1013 1780 nt
1039 1722 1108 1779 de
1130 1721 1284 1790 Fide,
1304 1737 1424 1794 cap.
1452 1722 1540 1790 14,
1559 1738 1681 1795 pag.
1712 1721 1838 1790 517,
1853 1725 2117 1781 immundo

520 1806 761 1850 sotrttns.

549 1813 761 1921 “trimi
790 1876 863 1920 vn
888 1904 903 1933 ,
951 1866 1037 1923 19.
1074 1864 1129 1921 ln
1163 1865 1468 1923 Vercellen.
1496 1907 1511 1933 ,
1556 1866 1857 1933 Veronen.,
1889 1866 2014 1922 Gat.
2064 1878 2119 1925 et

518 1938 757 2010 Brixian.
790 1939 945 2010 deest
974 1938 1247 2010 vaditset
1275 1939 1344 2010 ita
1387 1940 1439 1993 in
1472 1939 1531 1993 S.
1563 1938 1850 2010 Augustini
1877 1938 2118 2010 Speculo

519 2009 587 2065 de
635 2008 928 2080 Evangelia
970 2008 1270 2066 secundum
1303 2009 1540 2066 Marcum
1575 2020 1706 2066 tom.
1741 2008 1839 2077 Ill,
1874 2008 2014 2081 part.
2055 2027 2115 2079 t,

518 2082 900 2226 painlzg‘illl,
932 2153 1021 2210 5i.
1053 2151 1356 2226 Vercellen.
1376 2196 1392 2221 ,
1416 2162 1465 2208 et
1491 2162 1606 2226 post
1635 2152 1840 2209 tertium
1868 2154 2005 2210 diem
2034 2172 2116 2209 re-

529 2240 760 2295 surgere.
783 2224 957 2281 Graeci
987 2239 1201 2296 quoque
1228 2224 1444 2281 codices
1476 2224 1692 2293 quidam
1723 2225 1931 2296 legunt,
1968 2228 2120 2282 tertia

518 2297 606 2370 die
643 2312 928 2370 resurgere,
956 2298 1031 2351 uti
1069 2294 1233 2370 habet
1260 2298 1330 2370 8.
1355 2297 1641 2370 Matthmns
1674 2294 1798 2367 capI
1822 2313 1928 2358 tm.
1964 2312 2109 2354 vers.

517 2367 611 2421 2|.
646 2370 774 2423 Haec
794 2367 984 2439 tamen
1010 2367 1228 2439 antiqua
1259 2368 1418 2424 lectio
1446 2368 1650 2423 librarii
1680 2379 1786 2439 est,
1809 2371 1989 2425 verius
2011 2370 2117 2426 dici

518 2441 798 2510 putantis,
841 2437 1319 2512 Christum'tertia
1360 2441 1450 2497 die
1496 2438 1907 2509 resurresisse,
1954 2457 2116 2512 qualn

519 2522 645 2582 post
669 2524 777 2567 tres
804 2512 921 2566 dies
951 2511 1020 2566 ab
1044 2511 1217 2565 obitu.

592 2585 757 2639 Marc.
800 2594 929 2649 vnt,
968 2582 1057 2639 54.
1107 2582 1378 2639 Veronen.
1402 2624 1417 2650 ,
1453 2584 1500 2638 si
1535 2585 1651 2652 quis
1685 2584 1792 2639 oalt
1826 2585 1972 2654 sequi
2005 2595 2120 2654 post

522 2671 604 2710 me
626 2671 645 2722 ;
674 2656 987 2713 Corbeieu..
1008 2656 1054 2708 si
1078 2656 1195 2722 quis
1218 2666 1333 2725 post
1360 2672 1438 2711 me
1460 2657 1566 2711 uult
1594 2658 1762 2724 sequi;
1788 2654 1913 2712 Gat.
1937 2658 1979 2709 si
2003 2658 2119 2723 quis

519 2726 628 2781 vult
658 2736 774 2799 post
802 2743 883 2782 me
906 2729 1098 2795 venire;
1128 2726 1502 2785 Vindobouen.
1535 2728 1859 2799 et_Brixi:tn.
1889 2768 1904 2793 ,
1929 2730 1973 2781 si
2000 2729 2115 2798 quis

519 2801 626 2853 vult
656 2797 770 2867 post
815 2815 895 2852 sne
922 2800 1099 2868 sequi;
1128 2808 1184 2853 et
1224 2799 1294 2853 ita
1324 2801 1545 2867 antiqua
1574 2797 1866 2856 Corbeien.
1902 2797 2068 2854 Bilil’ia
2095 2841 2111 2867 ,

520 2879 577 2925 et
626 2886 765 2926 unus
807 2868 977 2925 codex
1010 2870 1069 2925 S.
1106 2872 1389 2941 Augustini
1435 2873 1489 2927 itt
1541 2871 1777 2940 Speculo
1830 2871 1899 2927 de
1935 2871 2116 2927 Eran-

521 2942 665 3008 gelio
692 2952 989 2998 secundum
1019 2943 1278 2998 Marcum.

592 3014 757 3068 Marc.
792 3026 906 3077 vttt,
930 3015 1018 3069 51.
1049 3013 1380 3075 Vercellen..
1411 3014 1622 3085 abneget
1649 3016 1892 3085 seipsunt.
1921 3014 1977 3070 8.
2004 3014 2116 3070 Att-

516 3086 765 3154 gnstinus
796 3086 848 3138 in
876 3085 1112 3155 Speculo
1135 3086 1202 3141 de
1227 3086 1525 3156 Evangelia
1553 3089 1849 3141 secundum
1880 3086 2116 3141 Marcum

519 3165 630 3210 tom
661 3156 747 3219 Ill,
780 3168 917 3229 part.
952 3172 991 3215 ι.
1027 3172 1145 3227 pag.
1174 3156 1278 3213 764
1303 3201 1317 3223 ,
1345 3161 1556 3229 deneget
1584 3159 1843 3229 “ipsum;
1887 3157 2115 3226 Veron.,

521 3229 736 3352 tlzncget‘
766 3224 850 3294 se;
875 3224 1192 3296 Cotbeie'nq
1240 3230 1449 3301 abneget
1472 3224 1526 3285 ie
1545 3224 1674 3295 sibi;
1709 3224 2118 3297 Vindoboueu.,

521 3317 551 3352 ιι
588 3316 715 3352 11808
767 3316 841 3352 88.

520 3311 736 3369 abneget
767 3316 841 3353 se.

591 3370 752 3425 Marc.
789 3386 874 3435 Ix.
920 3372 1007 3428 11.
1064 3370 1373 3445 Vercellen.
1397 3414 1413 3439 ,
1446 3382 1495 3445 et
1526 3369 1705 3426 Helias
1730 3372 1976 3445 venien...
2006 3374 2115 3445 pri-

524 3459 672 3521 munt
688 3483 702 3505 ,
728 3452 958 3521 restituet
980 3444 1173 3521 omnia.
1205 3442 1426 3521 Graecus
1446 3442 1648 3521 nimia;
1676 3446 1766 3521 pia
1792 3444 1947 3521 ἐλθὼν
1974 3442 2118 3521 τιέρῶ-

522 3535 609 3595 τογ
649 3516 969 3595 ἀποκαθιᾳτᾷ
1011 3517 1202 3595 πάντᾳ.
1229 3515 1281 3570 id
1304 3525 1387 3571 est
1408 3555 1423 3583 ,
1457 3512 1645 3571 Helias
1673 3512 1882 3588 quidem
1912 3512 2117 3574 veniens

518 3588 743 3653 primum
769 3590 1001 3645 restituet
1030 3588 1224 3642 omnia.

592 3656 757 3713 Marc.
789 3674 840 3717 ι.
874 3659 926 3714 7.
953 3658 1283 3725 Vercellum,
1306 3658 1427 3715 Gat.
1446 3667 1501 3714 et
1524 3659 1791 3721 Brixian..
1816 3661 2107 3717 audiuere-

514 3726 756 3807 bit_ttxori
768 3746 907 3807 sum;
919 3746 1041 3807 cum
1063 3741 1208 3807 testu
1225 3730 1435 3807 Greece.
1465 3731 1986 3807 «pononoeriqsmt.
2003 3746 2107 3807 etc.

588 3797 755 3876 Marc.
790 3818 847 3876 rt,
877 3800 972 3876 29.
992 3801 1241 3876 Brixiae:
1271 3797 1605 3876 ,‘relinqu'at;
1639 3813 1692 3876 et
1719 3805 1788 3858 ita
1812 3805 1871 3876 8.
1893 3805 2115 3876 Cypria-

518 3885 620 3943 rius
651 3870 702 3926 in
741 3874 904 3943 epist.
944 3872 1051 3939 56,
1090 3875 1155 3928 ad
1192 3868 1602 3940 Tliibaritanos,
1633 3874 1701 3930 de
1743 3868 2119 3931 exhortaiione

508 3932 558 3997 Μ
578 3945 753 4015 trtyrii
778 3932 903 4018 pag.
940 3932 1076 4014 ηδ’,
1106 3946 1241 4002 etin
1274 3947 1367 4003 lib.
1398 3946 1467 4002 de
1495 3932 1685 4018 Lapsis
1714 3961 1834 4018 pag.
1857 3945 1989 4003 241.

2227 522 2328 561 nus
2358 509 2411 559 itt
2442 506 2536 561 lib.
2565 517 2749 561 contra
2784 505 3132 560 Adituantunt
3164 502 3438 558 Maniclttci
3463 505 3755 573 discipulum,

2225 585 2359 633 tom.
2396 577 2543 639 VIII,
2575 593 2694 647 pag.
2730 578 2852 631 “3.

2297 650 2459 704 Marc.
2485 665 2539 710 κ.
2564 643 2668 705 5οῙ
2679 648 2806 702 Post
2827 657 3045 712 tantum,
3069 646 3224 701 deest
3248 661 3401 712 nunc,
3427 645 3477 699 in
3499 643 3754 704 Vercellen.

2223 722 2334 777 Nec
2377 721 2572 789 legitur
2601 722 2652 774 in
2682 720 2740 775 S.
2770 723 3075 792 Cypriane,
3115 728 3211 792 aut
3240 719 3292 770 in
3331 717 3757 792 sancti_Augustini

2230 795 2324 849 liii.
2352 803 2536 847 contra
2570 789 2918 847 Adintant'um
2954 798 3085 844 tom.
3117 789 3258 853 Vlll,
3292 804 3409 858 pag.
3440 789 3553 844 115.

2297 866 2459 921 Marc.
2496 878 2571 918 xu
2592 906 2607 929 ,
2640 863 2729 918 50.
2774 862 3081 918 Vercellen.
3105 902 3121 928 ,
3158 860 3426 915 Verout-n.
3455 871 3506 914 et
3536 858 3757 916 Vindobo-

2226 954 2352 993 nen.
2387 952 2484 1006 pro
2514 948 2559 989 et
2591 951 2658 990 ea:
2682 944 2788 989 tota
2815 944 2987 1006 mente
3012 944 3121 996 tua,
3146 932 3352 1006 habent
3382 947 3443 1006 ea:
3469 932 3757 1006 totist-iriliss

2224 1011 2362 1075 tuis;
2391 1003 2689 1062 'Corbeieu.
2718 1023 2784 1062 ea:
2829 1005 3068 1061 omnibus
3105 1005 3297 1059 viribus
3322 1005 3441 1059 tuis.
3488 1003 3542 1059 S.
3571 1003 3759 1061 Hilarius

2222 1094 2439 1153 quoque
2468 1080 2591 1147 legit
2621 1078 2832 1133 viribus.

2296 1153 2456 1208 Marc.
2494 1166 2591 1214 xu,
2620 1152 2711 1206 44.
2742 1149 3046 1205 Vercellen.
3074 1190 3089 1213 ,
3116 1163 3291 1201 omnes
3317 1147 3449 1201 enim
3469 1162 3529 1201 ex
3550 1163 3631 1212 eo,
3654 1150 3757 1215 quod

2222 1224 2481 1295 superfuit
2516 1224 2656 1288 illis;
2686 1234 2740 1277 et
2772 1224 2843 1276 ita
2869 1220 3142 1295 ‘Grugcus,
3174 1222 3359 1280 Πάντες
3384 1220 3485 1294 γὰρ
3519 1224 3667 1295 ιιι-τοῦ
3690 1240 3757 1275 πι-

2221 1290 2553 1374 ριὰσςῦοντος
2563 1292 2886 1374 ῥυῇ-,3111
2920 1290 3074 1347 reddi
3097 1300 3296 1361 potest,
3325 1290 3493 1347 omnes
3512 1291 3631 1345 enim
3652 1306 3757 1347 esea

2223 1365 2362 1439 quod
2388 1366 2712 1439 superﬂuum
2739 1365 2870 1439 illis.

2295 1432 2462 1493 Marc.
2493 1432 2610 1501 xiv,
2635 1437 2726 1492 56.
2752 1434 3058 1493 Vercellcn.
3091 1441 3147 1488 et
3178 1432 3569 1496 Vindobonen.,

2222 1511 2293 1566 lla
2324 1508 2497 1565 omnia
2531 1508 2619 1563 tibi
2644 1550 2659 1573 ,
2702 1510 2909 1565 omisso
2941 1514 3083 1561 sunt.
3138 1505 3197 1562 8.
3247 1504 3478 1560 Hilarius
3507 1520 3689 1575 quoque
3719 1504 3756 1560 in

2223 1582 2320 1637 lib.
2353 1598 2389 1637 χ
2417 1580 2485 1637 de
2520 1578 2792 1638 Trinitate
2823 1592 2956 1636 tom.
2988 1577 3029 1632 li
3051 1619 3067 1646 ,
3106 1591 3232 1650 pag.
3260 1577 3399 1644 515,
3428 1576 3664 1646 possibilia
3692 1578 3762 1632 tibi

2224 1670 2421 1709 omnia.

2293 1726 2457 1780 Marc.
2488 1740 2610 1791 xiv,
2640 1725 2733 1780 ‘56.
2769 1723 3076 1781 Vercellen.
3099 1764 3115 1791 ,
3155 1721 3252 1776 hoc
3282 1719 3541 1793 poculum.
3578 1719 3627 1793 β.
3653 1719 3759 1774 llils-

2223 1797 2338 1854 rius
2365 1798 2416 1852 in
2448 1796 2541 1854 lib.
2574 1789 2605 1852 ἡ
2628 1797 2695 1852 de
2721 1795 2989 1853 Triuitate
3010 1789 3141 1851 tom.
3164 1792 3233 1859 ll,
3268 1789 3394 1864 pag.
3427 1792 3546 1859 513,
3570 1789 3762 1846 Iustitia-

2225 1871 2464 1996 milnarc.
2491 1954 2584 1999 xv.
2607 1939 2697 1996 29.
2724 1938 2873 2006 Gat.,
2897 1938 3209 1994 destruit....
3232 1937 3482 2006 tediﬁcot;
3506 1945 3556 1990 et
3581 1937 3640 1988 ita
3661 1949 3761 2006 unus

2225 2012 2451 2083 Regina!
2473 2011 2775 2067 Succorum
2820 2005 2923 2066 tns.
2970 2005 3756 2067 liberrelatusinbiv.Biblioth.

2225 2084 2283 2141 S.
2322 2084 2658 2155 Hieronymi.

2290 2177 2570 2249 Ingentem
2624 2176 2944 2233 Lectionum
2975 2175 3184 2250 sylvam
3231 2175 3289 2230 in
3343 2172 3479 2229 hanc
3526 2171 3754 2244 Epistulam

2221 2268 2414 2339 intuli,
2446 2269 2701 2326 editionis
2730 2268 2966 2325 consilio
3004 2268 3117 2341 jam
3151 2267 3458 2339 explicato;
3490 2276 3541 2322 ut
3571 2264 3757 2322 codicum

2222 2377 2419 2432 nempe
2456 2374 2768 2417 nostrorum
2801 2363 3050 2429 bonitas,
3092 2379 3199 2417 non
3234 2372 3348 2417 tam
3376 2377 3442 2417 es
3475 2361 3597 2415 mira
3620 2373 3758 2415 eorum

2225 2457 2553 2527 antiquitate
2576 2499 2590 2522 ,
2621 2456 2749 2523 tibi,
2774 2457 3070 2513 cardinalis
3094 2457 3520 2528 sapientissime,
3543 2461 3759 2526 perspecta

2222 2549 2361 2606 foret
2383 2592 2399 2617 ,
2434 2565 2593 2621 quam
2623 2566 2689 2606 ex
2721 2551 2914 2608 iisdem
2955 2552 3121 2620 locis,
3157 2566 3299 2621 quos
3336 2567 3452 2607 sum
3490 2558 3716 2605 mutuatus
3738 2561 3759 2601 ι

2221 2642 2475 2698 Pati-ibus
2522 2644 2710 2711 primae
2765 2645 2941 2701 aetatis
2979 2664 2992 2698 :
3042 2644 3145 2716 ipsi
3192 2653 3346 2701 enim
3399 2644 3510 2701 fere
3534 2655 3760 2711 numquam

2222 2734 2523 2806 praecipuas
2546 2743 2861 2792 nostrorum
2909 2738 3155 2794 codicum
3206 2737 3475 2794 lectiones
3519 2752 3610 2791 nou
3649 2733 3761 2790 exiti-

2221 2828 2370 2884 bent.
2415 2826 2765 2885 Monuntenta
2797 2838 2923 2886 sunt
2966 2831 3274 2888 veneranda
3313 2831 3471 2905 (licet
3503 2829 3761 2904 quandoque

2223 2922 2363 2978 male
2406 2922 2644 2979 librariis
2693 2924 2985 2997 accepta),
3039 2940 3104 2981 ac
3137 2929 3372 2997 primum
3410 2925 3620 2982 niterent
3662 2923 3761 2979 inte-

2221 3016 2582 3088 gritatemque
2614 3033 2718 3073 non
2750 3020 3071 3075 amiserunt.
3101 3017 3236 3075 Cum
3274 3021 3413 3091 ipsis
3441 3035 3564 3090 ergo
3589 3027 3757 3091 perte.

2231 3119 2505 3181 protector
2553 3111 3022 3181 eminentissime,
3067 3113 3134 3169 ad
3180 3112 3450 3172 Joannem
3500 3114 3537 3171 ν
3583 3109 3758 3175 accedo,

2231 3205 2391 3276 eiqtte
2423 3222 2541 3273 me,
2592 3216 2649 3262 et
2677 3206 2977 3277 GaSparetn
3009 3207 3237 3265 fratrem
3270 3224 3576 3279 germanum
3604 3220 3758 3265 meum.

2225 3299 2727 3356 commendatorem
2780 3316 2937 3355 suum
2976 3300 3184 3357 militia:
3233 3301 3299 3357 D.
3356 3302 3421 3358 N.
3464 3301 3581 3359 Iesu
3611 3294 3760 3353 Christi

2223 3391 2385 3445 etiam
2416 3399 2574 3461 atque
2616 3393 2779 3446 etiam
2816 3391 3165 3448 commendo.
3212 3392 3295 3448 Ad
3345 3394 3548 3465 regium
3584 3390 3757 3450 solium.

2222 3484 2518 3539 cardinalis
2545 3485 3005 3552 eminentissime,
3034 3500 3139 3541 non
3175 3488 3358 3543 minus
3386 3486 3621 3558 dignitas,
3641 3494 3757 3554 quam

2222 3576 2470 3647 dignatio
2498 3577 2724 3634 Joannis
2748 3577 3073 3636 Fidelissimi
3107 3595 3251 3636 nunc
3281 3580 3521 3637 Fratrem
3549 3586 3700 3639 vocat,
3721 3582 3761 3626 ut

2234 3682 2329 3739 pro
2355 3684 2444 3724 me
2464 3685 2599 3739 opus
2626 3670 2841 3726 oﬂ‘erat.
2876 3671 3023 3736 Vale,
3054 3670 3357 3730 cardinalls
3378 3669 3758 3730 eminentissime.

2218 3761 2304 3817 cui
2335 3763 2671 3833 respondere
2698 3762 2894 3821 ofﬁciis
2915 3807 2929 3831 ,
2956 3764 3063 3821 etsi
3091 3765 3315 3824 difﬁcile
3337 3778 3439 3833 est,
3468 3772 3759 3839 perpetuata-

2226 3870 2351 3910 men
2382 3855 2584 3925 studio,
2608 3868 2659 3913 et
2679 3858 3191 3931 singulariquodant
3216 3861 3570 3930 observantia:
3593 3868 3756 3929 genere.

2227 3957 2285 4003 ttt
2310 3963 2472 4019 Spero
2493 3990 2510 4019 ,
2535 3950 2892 4007 satisfaciam.

3136 4099 3750 4133 ...ι-...ιο--ι--οί

1065 4192 1766 4285 EPISTOLA
1820 4194 2601 4285 BLANCHINI
2671 4196 3273 4289 ALTERA.

1277 4355 1681 4403 ILLUS'I‘RANTUR
1717 4353 2095 4396 EVANGELIABII
2132 4352 2367 4394 BRIXIANI
2396 4350 2723 4396 INSIGNIORES
2742 4353 3053 4396 LECTIONBS.

1715 4478 2094 4497 ψ

2096 4453 2259 4515 αᾶῦ

514 4568 964 4625 Eminentissimo
984 4582 1048 4623 ac
1067 4566 1522 4624 reverendissimo
1541 4566 1793 4637 principi,
1816 4579 1879 4621 ac
1894 4564 2118 4621 domino
2143 4564 2198 4626 D
2223 4570 2279 4620 te
2326 4572 2550 4621 auctore
2574 4605 2591 4631 ,
2619 4573 2673 4622 te
2721 4565 3019 4625 Mecatnate
3044 4609 3057 4633 .
3093 4583 3247 4625 suam
3296 4566 3604 4624 industriam
3638 4560 3680 4617 in
3712 4571 3759 4612 eo

590 4662 653 4720 Β.
687 4663 900 4734 Angelo
927 4662 1110 4719 Maria:
1136 4661 1382 4731 Quirino,
1412 4661 1470 4719 8.
1502 4661 1568 4717 [ι.
1602 4660 1672 4717 Ε.
1701 4658 2117 4715 bibliotltecat-io

582 4766 639 4815 et
685 4757 943 4829 episcopo
990 4755 1245 4812 Brixiano
1293 4753 1879 4821 benetnerentissimo,
1912 4751 2114 4818 Joscplt

583 4850 918 4909 Blancltiuus
960 4850 1246 4921 presbyter
1274 4865 1434 4921 cong.
1467 4847 1704 4905 Oratorii
1737 4845 1963 4903 Romani
1994 4842 2114 4899 feli-

583 4947 828 5001 citatem.

583 5039 825 5098 Sumnue
844 5036 1221 5095 beneﬁcentia:
1248 5047 1349 5105 est,
1378 5034 1671 5094 cardinalis
1692 5032 2111 5102 sapientissime,

512 5142 603 5198 ut,
631 5133 774 5201 quod
804 5133 871 5188 ad
902 5147 1192 5189 commune
1235 5130 1581 5189 commodum
1624 5131 1676 5186 in
1723 5130 1896 5186 lucent
1941 5126 2114 5184 emitti

510 5226 717 5294 possit,
749 5225 804 5279 id
854 5238 962 5279 non
1010 5223 1181 5280 latere
1228 5222 1283 5278 in
1331 5222 1605 5287 tenebris,
1632 5231 1727 5276 aut
1772 5210 2116 5291 paucissimis

517 5312 818 5383 impertiri,
865 5308 961 5371 sed
1014 5314 1323 5389 pervulgari
1370 5316 1434 5371 ad
1491 5316 1757 5371 universae
1802 5313 2113 5369 christiana:

513 5404 826 5476 reipublicae
882 5404 1165 5467 utilitatem
1220 5408 1447 5480 quisque
1499 5409 1644 5465 omni
1702 5398 1882 5463 studio
1935 5416 2106 5463 curet.

510 5497 777 5565 Quoniam
809 5513 938 5554 vero
966 5500 1138 5555 sacris
1170 5500 1471 5571 Scripturis
1509 5500 1638 5557 nihil
1669 5499 1906 5555 divinius
1944 5508 2110 5570 atque

507 5589 697 5646 utilius
742 5592 1045 5661 excogitari
1077 5606 1331 5663 umquam
1363 5600 1541 5663 potest
1566 5635 1580 5658 ,
1613 5592 1681 5649 cl.
1711 5592 1831 5648 viro
1858 5584 2110 5663 Philippo

509 5681 690 5741 abbati
734 5680 1011 5741 Garbcllio
1050 5683 1286 5743 Patricio
1314 5685 1566 5742 Brixiano
1604 5684 1894 5756 praeposito
1921 5683 2108 5739 Eccle-

511 5772 608 5829 site
653 5771 838 5830 Pontia
884 5775 1009 5842 vici,
1044 5793 1165 5845 qua
1211 5777 1264 5833 in
1311 5777 1659 5847 amplissima
1705 5774 1958 5834 ditecesis
1996 5786 2105 5834 tute

500 5863 707 5927 ﬁnibus
732 5868 1066 5942 continetur,
1096 5870 1331 5928 multus
1357 5875 1529 5951 gratia
1560 5870 1806 5931 habenda
1852 5881 1959 5943 est,
1985 5876 2098 5953 qui,

2224 4668 2389 4714 totam
2438 4658 2673 4713 contulit
2692 4700 2708 4727 ,
2737 4670 2795 4715 ut
2822 4676 2854 4718 e
2882 4662 3037 4734 regio
3090 4664 3424 4718 monasterio
3451 4665 3506 4718 s.
3535 4657 3669 4715 Julia
3702 4653 3758 4705 in-

2221 4753 2429 4824 signem
2496 4754 2645 4808 illum
2708 4755 2953 4811 codicem
3026 4756 3447 4829 Evangeliorutn
3508 4757 3757 4824 argenteum

2221 4846 2378 4915 (auro
2427 4844 2594 4912 milii,
2626 4846 2967 4920 gemmisque
3012 4849 3343 4921 citariorem)
3374 4850 3425 4906 iu
3457 4863 3554 4921 quo
3580 4840 3755 4907 Antiq'"

2216 4938 2382 4993 latina
2414 4938 2545 4997 Itala
2569 4942 2748 4997 versio
2772 4946 3109 5013 continetur,
3142 4946 3352 5015 primus
3394 4943 3616 5000 omnium
3639 4948 3757 4992 erue.

2222 5040 2346 5099 ret,
2376 5034 2713 5090 exscriberet
2756 5043 2920 5107 atque
2969 5037 3268 5094 illustraret
3315 5038 3507 5109 insigni
3554 5032 3629 5089 illa
3667 5038 3756 5097 pro-

2222 5125 2412 5182 droma
2458 5127 2683 5197 epistola
2731 5145 2825 5183 sua
2853 5172 2869 5198 ,
2922 5131 2974 5185 in
3022 5142 3127 5202 qua
3173 5131 3242 5187 de
3289 5131 3465 5187 Veteri
3518 5126 3757 5193 interprete

2220 5220 2545 5276 sententiam
2574 5221 2714 5276 dixit
2743 5223 3108 5280 ornatissimis
3138 5226 3321 5280 verbis
3344 5267 3361 5293 ,
3390 5233 3443 5279 et
3470 5223 3610 5291 capia
3632 5220 3755 5270 ωηατ

2220 5312 2542 5369 eruditionis
2564 5353 2577 5380 ,
2606 5323 2665 5369 ut
2686 5329 2750 5370 ex
2783 5314 2989 5373 Graecis
3019 5314 3334 5390 Latinisque
3361 5316 3594 5374 Patrihus
3615 5306 3752 5384 primi-

2224 5407 2365 5471 tivis,
2398 5407 2451 5461 in
2498 5408 2694 5479 quibus
2740 5418 2953 5466 atatem
3001 5412 3117 5466 fere
3168 5418 3336 5468 totam
3380 5412 3493 5482 ipse
3535 5397 3749 5463 contritili

2218 5497 2353 5553 nihil
2381 5501 2615 5569 amplius
2641 5499 2878 5557 derivari
2913 5502 3120 5572 possit,
3149 5504 3292 5573 quod
3321 5504 3414 5561 ille
3442 5518 3541 5557 non
3561 5503 3751 5562 coml’l“

2214 5591 2476 5649 hendisse
2530 5592 2801 5649 videatur.
2864 5595 3105 5662 Excepta
3167 5596 3269 5651 fuit
3318 5612 3349 5650 a
3407 5607 3458 5651 te
3510 5590 3748 5664 ῃθηιιθιιίο

2208 5686 2418 5753 animo,
2449 5696 2618 5760 atque
2661 5686 2967 5744 incredibili
2997 5690 3273 5762 voluptate
3305 5686 3534 5762 perlecta
3562 5675 3745 5754 ejusdem

2206 5778 2454 5844 epistola:
2500 5794 2628 5849 pars
2682 5779 2773 5836 illa
2822 5781 3214 5854 primordialis,
3244 5797 3401 5854 quant
3444 5777 3582 5837 intuli
3609 5773 3650 5831 in
3669 5764 3745 5840 P'l‘

2206 5890 2351 5931 mutu
2368 5885 2573 5932 tomum
2608 5875 2967 5937 Vindiciartuts
2980 5878 3369 5937 (Senonicum
3387 5875 3742 5949 διάρασθαι
