3934 6332
219 280 333 338 853

980 276 1478 339 EVANGELIARII
1516 270 1824 337 BRleANl
1868 269 2249 331 LECTIONES
2288 273 2749 339 INSIGNIOBES.

3421 273 3527 331 854

215 413 491 469 quamque
521 398 633 463 tui,
661 397 813 464 cujus
859 396 1120 467 judicium
1167 396 1545 466 sapientiaque
1588 391 1814 452 emittet,
1842 387 2331 458 Aintelligcntes.
2374 391 2491 465 ausi
2543 401 2672 446 sunt
2722 389 2777 453 in
2825 386 3030 443 [remeo
3075 402 3140 444 ac
3188 387 3527 449 Tertulliano

212 507 411 564 magna
445 492 562 546 laus
591 504 672 546 est
696 502 1008 551 consecuta.
1044 491 1275 547 Litteras
1304 503 1475 560 nuper
1503 503 1532 542 a
1563 496 1636 553 te,
1667 485 1816 555 prin-

208 601 347 656 ceps
396 585 847 655 eminentissime,
900 586 1119 657 accepi,
1169 585 1220 640 in
1265 585 1461 656 quibus
1512 580 1723 643 scribis,
1762 587 1819 633 ut

210 695 320 751 ego
349 679 633 751 quemdam
676 678 951 749 Evangelii
981 678 1042 734 S.
1071 677 1297 734 Joannis
1329 678 1505 731 locum
1536 674 1589 727 in
1615 670 1815 728 Codice

210 772 598 844 Evangeliario
646 770 953 827 Veronensi
1017 770 1171 826 mirae
1238 769 1576 840 antiquitatis
1636 764 1817 836 inqui-

209 881 355 922 ram.

288 958 433 1014 Talis
478 967 658 1016 autem
695 969 778 1016 est
810 981 823 1017 :
856 959 961 1029 Qui
998 976 1101 1015 non
1146 974 1212 1014 ea:
1255 957 1527 1030 sanguine,
1560 970 1722 1025 neque
1750 969 1816 1009 ea:

201 1053 475 1108 voluntate
525 1054 717 1119 carnis,
757 1070 850 1109 nec
897 1071 962 1108 ex
1004 1054 1265 1108 voluntate
1310 1052 1430 1118 uiri,
1460 1050 1550 1105 sed
1590 1066 1653 1103 ea:
1699 1047 1812 1102 Deo

203 1156 363 1202 natus
388 1156 465 1203 est
494 1145 676 1220 (Joan.
718 1162 758 1215 ι,
794 1145 907 1221 15).
936 1147 1061 1202 Haec
1094 1147 1274 1211 lectio,
1298 1161 1417 1214 quae
1450 1143 1541 1198 tibi
1579 1143 1669 1198 uni
1700 1141 1811 1213 pri-

200 1255 359 1294 mum
411 1241 640 1295 innotuit
674 1240 870 1313 (neque
912 1240 1056 1296 enim
1101 1239 1244 1305 aliis,
1276 1238 1418 1309 quod
1471 1238 1661 1302 sciam,
1696 1244 1812 1291 erat

198 1340 337 1388 ante
370 1332 642 1402 prodita),
672 1334 742 1388 cl.
775 1333 912 1388 viris
939 1331 1185 1403 Scipioni
1233 1330 1532 1386 marchioni
1574 1328 1806 1395 Mali‘eio,

198 1425 440 1496 aliisque
482 1426 824 1496 postmodum
856 1426 970 1481 visa
1014 1434 1099 1482 est
1147 1424 1388 1480 insolens
1416 1433 1470 1479 et
1500 1424 1806 1495 peregrina,

198 1535 306 1575 nec
358 1528 604 1574 veterum
638 1517 737 1575 SS.
785 1519 1005 1575 Patrum
1062 1518 1389 1573 testimoniis
1430 1517 1803 1586 comprobata.

194 1608 321 1680 Ego
362 1610 609 1680 geminos
654 1610 944 1681 parallelos
973 1611 1031 1668 S.
1065 1610 1254 1666 Irenaei
1296 1612 1445 1665 locos
1477 1609 1529 1664 in
1564 1623 1683 1663 mea
1726 1623 1807 1661 tn-

193 1701 439 1758 tuleram
492 1702 841 1769 adversaria;
889 1717 953 1758 ac
999 1701 1365 1765 Tertulliani,
1416 1710 1471 1755 et
1520 1698 1804 1771 Augustini

1922 479 2097 534 locant
2148 481 2455 546 invertere,
2504 498 2569 538 ac
2615 482 2958 552 depravare:
2992 490 3047 537 et
3096 480 3185 537 ubi
3239 481 3526 552 legebatur

1920 582 2074 626 natus
2105 583 2199 639 est,
2235 576 2386 644 quasi
2425 590 2520 645 pro
2565 576 2795 644 imperio
2835 578 3072 643 jussere,
3107 584 3166 628 ut
3212 575 3519 644 legeretur.

1918 666 2029 719 nati
2055 676 2172 719 sunt
2194 708 2207 725 ,
2239 666 2597 723 cotiformiter
2630 667 2872 737 Vulgata:
2904 666 3155 727 editioni.
3199 665 3388 723 Lectio
3420 668 3521 722 Pa-

1920 768 2090 827 trum,
2126 778 2261 831 quos
2308 763 2572 829 recitavi,
2608 764 2744 818 mire
2797 765 2955 818 torsit
3007 761 3222 834 ingenia
3275 763 3519 833 illorum,

1917 855 2009 926 qui
2040 857 2090 910 in
2121 858 2442 913 eorumdem
2480 859 2699 914 Patrum
2747 872 2911 929 opera
2937 858 3363 912 commentarios
3385 860 3518 912 scri-

1918 961 2159 1019 pserunt.
2195 952 2330 1022 Ego,
2365 965 2416 1009 te
2464 964 2824 1023 prmceptore,
2858 962 2909 1008 te
2958 952 3121 1019 duce,
3154 952 3333 1008 locum
3386 970 3521 1008 non-

1917 1043 2081 1098 nullis
2127 1046 2534 1113 exemplaribus
2584 1045 2771 1115 primae
2821 1046 2998 1100 aetatis
3026 1045 3114 1099 aio
3146 1061 3267 1100 esse
3298 1046 3516 1102 confor-

1916 1151 2081 1190 mem.
2116 1135 2174 1192 Si
2206 1138 2329 1207 quis
2357 1137 2652 1193 dissentire
2680 1140 2833 1205 velit,
2866 1156 2895 1192 e
2922 1139 3206 1193 doctorum
3241 1139 3519 1195 hominum

1913 1245 2141 1285 numero
2169 1242 2500 1286 summotum
2532 1232 2593 1285 iri
2627 1247 2687 1287 se
2717 1232 2871 1287 sciat.
2904 1232 3058 1287 Nunc
3089 1249 3241 1297 vero,
3274 1236 3519 1288 eminen-

1914 1324 2127 1379 tissime
2177 1327 2432 1396 princeps
2456 1367 2470 1391 ,
2506 1325 2768 1394 quosdam
2822 1326 3061 1381 Brixiaui
3093 1326 3297 1382 codicis
3328 1329 3478 1384 locos
3499 1370 3515 1395 ,

1914 1418 2003 1486 qui
2055 1419 2182 1473 mihi
2236 1420 2565 1493 insigniores
2614 1420 2905 1486 videntur,
2936 1421 3067 1476 volo
3090 1421 3157 1476 ad
3191 1431 3243 1477 te
3275 1424 3515 1477 mittere.

1912 1509 2111 1583 Accipe
2139 1528 2235 1567 eos
2276 1515 2324 1566 iu
2369 1513 2561 1584 pignus
2587 1513 2832 1584 obsequii
2868 1514 2993 1569 mei.
3026 1513 3157 1569 Mihi
3187 1515 3403 1583 quidem
3426 1558 3439 1581 ,
3470 1517 3513 1570 si

1912 1606 2039 1675 quid
2075 1607 2370 1671 rescribes,
2404 1625 2559 1678 aeque
2588 1618 2801 1679 gratum
2836 1607 3076 1663 futurum
3110 1620 3228 1675 est,
3261 1625 3325 1665 ac
3354 1611 3397 1666 si
3428 1628 3515 1666 me

1912 1698 2153 1754 omnium
2196 1701 2593 1757 beneficiorum
2622 1716 2823 1773 genere
2850 1702 3159 1757 cumularcs
3180 1742 3193 1767 ,
3227 1702 3309 1756 vir
3337 1704 3516 1759 omni-

189 1797 466 1869 quosdam
517 1797 676 1865 alios,
723 1798 948 1869 majoris
994 1800 1157 1855 etiam
1204 1797 1481 1870 ponderis.
1521 1797 1601 1852 Tu
1652 1812 1803 1863 vero,
1834 1784 1884 1845 B
1912 1810 2066 1867 genre
2094 1796 2438 1863 eruditionis,
2471 1813 2533 1853 ac
2569 1796 2629 1853 S.
2665 1797 2728 1851 Β.
2760 1798 3024 1855 Ecclesize
3058 1797 3390 1868 praecipuum
3420 1799 3516 1853 de-

188 1891 490 1947 cardinalis
523 1891 923 1963 sapientissime
944 1934 958 1959 ,
992 1908 1062 1948 ne
1088 1892 1209 1962 quis
1260 1891 1492 1959 dubitet,
1524 1892 1651 1962 quin
1704 1891 1799 1957 ita,

190 1992 253 2038 ut
304 1984 466 2039 habet
511 2000 616 2041 ms.
666 1985 802 2041 liber
844 1984 1200 2050 Veronensis,
1249 1985 1442 2055 legerit
1483 1984 1717 2038 lrenteus
1749 1984 1801 2037 in

188 2092 300 2135 suo
346 2079 555 2146 codice,
589 2090 699 2136 tres
743 2081 879 2135 alias
917 2080 1161 2150 ejusdem
1214 2078 1541 2134 sanctissimi
1583 2077 1802 2149 Lugdu-

187 2173 389 2228 nensis
419 2173 660 2244 episcopi
691 2172 1076 2239 auctoritates,
1108 2190 1225 2241 qua:
1259 2190 1343 2228 me
1387 2172 1665 2242 fugerant,
1690 2188 1804 2228 me-

160 2273 319 2322 ‘cum
349 2267 785 2335 communicasti,
835 2282 932 2337 per
958 2267 1168 2323 litteras
1199 2282 1363 2323 succo
1396 2269 1601 2338 plenas,
1641 2274 1804 2337 atque

188 2358 430 2415 refertas
488 2358 798 2415 eruditione
853 2360 1132 2431 singulari.
1183 2360 1251 2416 Ut
1298 2376 1428 2430 ergo
1474 2360 1803 2417 Veronensis

186 2454 558 2524 Evangeliarii
589 2456 765 2510 locum
812 2456 1053 2523 recitavi,
1089 2458 1160 2510 ita
1196 2453 1321 2529 (ais)
1348 2456 1400 2510 in
1430 2456 1682 2523 Tertull.,
1714 2456 1800 2511 .lo.

186 2546 606 2621 Chrysostomo,
657 2548 851 2619 Vigilio
892 2548 1179 2618 Tapsensi,
1221 2560 1275 2603 et
1318 2548 1404 2605 Jo.
1468 2549 1803 2605 Damasceno

187 2642 422 2713 legitur;
450 2643 692 2712 quamvis
715 2641 895 2697 excuti
922 2643 1023 2697 hoc
1045 2642 1315 2713 aliquibus
1334 2659 1441 2697 non
1464 2644 1651 2715 possit,
1672 2644 1801 2712 quin

187 2736 488 2806 depravata
517 2737 587 2790 sit
629 2736 791 2791 lectio
811 2778 825 2801 ,
859 2735 926 2791 ad
953 2735 1212 2792 hodierna
1238 2736 1449 2803 Cra-ca,
1483 2745 1538 2791 et
1567 2737 1803 2794 maxime

188 2831 259 2887 ad
289 2830 482 2893 Latina
511 2832 842 2895 exemplaria
860 2832 1199 2901 corrigenda.
1238 2832 1389 2901 Apud
1421 2831 1492 2887 cl.
1521 2839 1683 2903 atque
1710 2845 1799 2885 sa-

192 2923 598 2994 pientissimum
627 2923 906 2978 dominum
930 2923 1203 2989 Sabatier,
1229 2925 1381 2995 cujus
1408 2926 1549 2979 inter
1574 2935 1800 2980 casteras

190 3032 441 3072 summas
464 3016 671 3086 laudes,
707 3017 844 3072 hanc
865 3029 1013 3073 certe
1034 3020 1261 3090 primam
1287 3034 1406 3074 esse
1433 3031 1633 3084 Statuo,
1658 3021 1799 3091 quod

190 3112 503 3167 Bibliorum
570 3127 853 3168 sacrorum
906 3112 1121 3169 Veteris
1191 3114 1527 3170 Testamenti
1583 3115 1800 3170 Latinas

189 3206 479 3260 versiones
508 3220 719 3267 omnes,
754 3221 876 3274 quae
904 3205 955 3260 in
986 3207 1263 3262 codicibus
1287 3221 1417 3261 mss.
1449 3219 1502 3263 et
1531 3208 1797 3277 Antiquo-
1828 3180 1872 3242 δ

193 3313 319 3353 rum
372 3296 524 3351 libris
572 3298 795 3368 reperiri
849 3307 1158 3369 potuerunt,
1208 3301 1258 3353 in
1306 3301 1479 3355 lucem
1532 3302 1796 3368 emiserit,

192 3393 372 3448 multa
399 3403 525 3449 sunt
555 3392 764 3451 Veteris
792 3395 1128 3455 Testamenti
1156 3396 1305 3462 loca,
1334 3413 1459 3468 qua:
1502 3396 1708 3453 [remeo
1739 3412 1803 3454 ac

191 3484 540 3540 Tertulliano
580 3489 801 3542 omnino
854 3498 981 3544 sunt
1026 3491 1299 3561 pecuniaria
1333 3509 1345 3545 :
1378 3506 1440 3545 ea
1497 3507 1663 3555 vero.
1712 3494 1800 3563 qui

192 3577 507 3645 faetidioso,
539 3591 597 3636 ut
629 3583 700 3637 ita
734 3582 933 3649 dicam,
964 3585 1141 3655 palato
1170 3596 1290 3640 sunt
1318 3627 1331 3650 ,
1366 3585 1633 3656 ingustata
1669 3602 1804 3650 prm-

194 3674 444 3728 teribunt
487 3672 540 3729 in
592 3688 780 3731 nostro
826 3678 1201 3748 Evangeliario
1227 3677 1587 3747 quadruplici.
1645 3678 1803 3733 Pater

196 3768 479 3831 Ansaldus
524 3768 883 3826 dominicanae
929 3771 1149 3827 familim
1193 3773 1358 3828 decus
1405 3782 1461 3827 et
1513 3787 1805 3828 ornamen-

196 3869 343 3924 tum,
379 3862 430 3915 in
470 3861 701 3917 lectione
734 3871 1046 3919 sanctorum
1091 3864 1305 3918 Patrum
1345 3865 1589 3934 apprime
1618 3881 1805 3920 versa-

195 3962 310 4017 tus,
348 3964 401 4015 et
453 3955 637 4010 talium
687 3972 870 4011 rerum
919 3956 1086 4027 judex
1139 3957 1425 4028 egregius,
1460 3957 1741 4013 mirificam
1774 3974 1801 4011 a

196 4054 281 4112 te,
309 4060 375 4100 ex
407 4047 631 4103 recitata
672 4048 875 4104 codicis
905 4049 1235 4107 Veronensis
1263 4050 1518 4115 lectione,
1561 4052 1807 4122 percepit

196 4140 563 4210 voluptatem.
598 4142 808 4207 Audio,
844 4145 1019 4213 ipsum
1052 4145 1384 4200 concinnare
1428 4145 1576 4216 Opus
1618 4147 1807 4201 miriti—

198 4247 370 4298 cum,
433 4241 491 4287 ut
542 4234 797 4289 ostendat
850 4247 1094 4291 sanctum
1167 4236 1462 4304 lrenmum,
1519 4237 1805 4294 Tertullia-

200 4340 359 4395 num,
390 4337 528 4395 etc.,
575 4326 645 4383 ita
679 4327 958 4399 legendum
1003 4330 1282 4386 censuisse
1316 4347 1329 4384 :
1360 4347 1458 4386 nec
1490 4330 1806 4393 Veronense

199 4419 488 4489 exemplar
516 4435 744 4490 peccare
769 4463 783 4487 ,
813 4422 954 4493 quod
988 4422 1056 4477 ab
1081 4423 1201 4478 aliis
1231 4423 1392 4479 modo
1422 4425 1805 4495 superstitibus

202 4528 343 4569 mss.
379 4513 660 4570 codicibus
687 4515 849 4585 longe
877 4515 1118 4571 recedat.

282 4605 397 4678 Ego
428 4621 642 4679 quoque
672 4622 790 4663 eam
824 4608 1113 4663 lectionem
1155 4608 1367 4663 illustro
1400 4609 1451 4663 in
1486 4609 1711 4679 epistola
1744 4610 1809 4664 ad

205 4699 640 4755 illustrissimum
671 4743 685 4767 ,
714 4717 1040 4772 semperque
1069 4701 1196 4756 mihi
1231 4702 1517 4758 colendum
1547 4703 1810 4759 Joannem

206 4791 562 4848 Franciscum
606 4792 852 4849 Musellin
880 4814 907 4844 ιι
941 4805 1141 4850 sanctae
1174 4794 1509 4851 Veronensis
1556 4797 1814 4852 Ecclesiae

207 4888 771 4962 archipresbyterum,
811 4890 877 4947 de
914 4890 1137 4948 Litteris
1162 4934 1177 4959 ,
1209 4892 1276 4947 de
1307 4892 1687 4949 Ecclesiastica
1734 4895 1814 4949 di-

208 4982 468 5053 sciplina,
510 4998 575 5041 ac
622 4983 691 5039 de
742 4984 1100 5043 Hebrteorum
1148 4988 1213 5042 ad
1265 4987 1424 5047 iidem
1470 4988 1810 5045 Catholicam

210 5076 575 5132 conversione
619 5078 827 5146 optime
880 5079 1175 5143 meritum;
1211 5096 1403 5151 quam,
1453 5082 1544 5152 qui
1598 5083 1809 5150 legerit,

213 5166 422 5224 videbit
450 5168 598 5223 nttllo
630 5170 793 5224 modo
821 5170 928 5225 dici
960 5186 1119 5240 posse
1145 5212 1158 5233 ,
1191 5171 1486 5238 Irenaeum,
1522 5174 1812 5229 Tertullia-

214 5274 346 5315 num
379 5258 622 5331 aliosque
649 5260 839 5317 Patres
872 5263 1239 5334 antiquiores,
1293 5264 1591 5321 Verenensi
1636 5267 1813 5321 Evan-

213 5354 446 5422 geliario
495 5356 719 5410 minime
750 5358 1074 5425 patrocinari
1110 5358 1293 5428 :quod
1339 5369 1550 5424 tamen,
1583 5370 1641 5415 ιιι
1683 5361 1816 5415 mihi

218 5448 450 5504 relatum
475 5457 577 5516 est,
613 5448 832 5505 erudito
860 5450 1103 5506 Barzano
1129 5452 1365 5507 videtur.
1396 5451 1667 5521 Felicius,
1697 5469 1816 5509 mea

219 5544 518 5611 sententia,
561 5559 784 5599 causam
826 5556 947 5614 aget
976 5546 1045 5600 cl.
1077 5545 1351 5601 Ansaidus
1378 5587 1392 5613 ,
1421 5546 1513 5617 qui
1543 5547 1723 5602 omnia
1751 5548 1818 5603 ad

224 5635 484 5689 trutinam
532 5637 709 5709 exiget
748 5639 1179 5692 accuratissime.
1233 5639 1385 5706 Quod
1424 5654 1487 5694 ea
1520 5638 1720 5705 lectio,
1766 5650 1821 5695 et

223 5728 625 5798 antiquissima,
674 5739 728 5788 et
775 5732 932 5787 bona:
987 5741 1133 5789 nottte
1181 5733 1271 5795 sit.
1320 5748 1423 5801 ego
1453 5734 1673 5802 quidem
1725 5750 1823 5806 pro

231 5835 386 5887 certo
423 5823 632 5897 habeo;
665 5827 910 5908 quamvis
959 5826 1216 5888 exstitere
1248 5827 1530 5901 nonnulli,
1561 5832 1671 5906 qui,
1716 5844 1826 5894 non

1909 1905 2005 1943 cus
2036 1900 2087 1946 et
2118 1901 2522 1951 ornamentum.

1983 1981 2172 2038 Matth.
2228 2000 2337 2050 ην,
2387 1986 2479 2041 δι.
2534 1985 2806 2045 Brixian..
2862 1986 2915 2040 in
2974 1997 3163 2043 terram
3217 1987 3512 2046 Generum.

1909 2052 2133 2132 Qrarcus
2155 2056 2328 2132 degit,
2387 2056 2723 2132 Genesqreth.
2778 2055 3013 2113 Codices
3060 2058 3238 2117 (ΞΓωεὶ
3291 2062 3512 2132 quidam

1905 2124 2111 2189 ferunt,
2143 2124 2393 2192 Genesar,
2427 2130 2512 2183 vel
2548 2128 2825 2184 Genesera.

1981 2197 2138 2272 Joan.
2168 2215 2282 2266 vni,
2316 2200 2409 2256 59.
2443 2201 2707 2262 Brixian.,
2736 2200 2910 2255 Exivi!
2932 2202 2996 2255 de
3017 2201 3229 2272 templo,
3259 2205 3513 2261 transiens

1908 2286 2001 2338 per
2022 2271 2244 2324 medium
2281 2288 2493 2333 eorum,
2524 2282 2572 2326 et
2603 2272 2728 2326 ibat.
2775 2273 2996 2328 Gre-cus
3051 2271 3189 2337 fert,
3236 2272 3433 2339 Ἰησοῦς
3456 2275 3510 2335 δὲ

1909 2340 2116 2421 ἐκρύϐη,
2141 2348 2223 2397 καὶ
2243 2345 2438 2421 ἐξῆλθεν
2458 2347 2622 2421 iure?)
2648 2348 2792 2421 ἰεροιῖ
2811 2343 3010 2401 διελθὼν
3030 2344 3115 2402 διὰ
3140 2348 3299 2421 μέσον
3322 2351 3507 2421 αὐτῶν.

1906 2413 2001 2468 κάξ
2027 2422 2257 2488 παρῆγεν
2284 2413 2453 2478 οὕτως
2474 2458 2487 2476 .
2519 2416 2573 2471 id
2605 2413 2731 2471 cst":
2757 2415 2911 2473 Iesus
2941 2426 3111 2473 autem
3139 2413 3409 2474 abscondit
3435 2436 3509 2484 re,

1907 2494 1955 2537 et
1983 2486 2137 2539 exivit
2167 2489 2230 2540 de
2257 2489 2469 2557 templo,
2502 2488 2757 2541 transiens
2801 2506 2893 2555 per
2932 2489 3157 2544 medium
3198 2490 3429 2555 illorum,
3462 2504 3509 2544 et

1908 2558 2159 2625 prwteriit
2199 2558 2295 2634 sic:
2335 2560 2848 2634 Quietamenﬁapud
2883 2559 3165 2634 Vulgatant
3194 2602 3209 2627 ,
3238 2560 3296 2634 S.
3331 2562 3507 2634 Chry-

1906 2641 2230 2702 SOSlOlllllli),
2264 2629 2321 2685 S.
2356 2630 2639 2700 tlyrillum,
2669 2630 2726 2685 S.
2752 2630 3138 2697 Augustinum,
3162 2629 3507 2702 OptimOsque

1905 2699 2124 2753 codices
2155 2699 2588 2770 quamplurimos
2616 2717 2722 2756 non
2754 2703 3027 2771 leguntur.

1979 2770 2109 2826 Luc.
2148 2787 2264 2836 vut,
2292 2772 2382 2828 54.
2416 2772 2682 2836 Brixian.,
2713 2770 2843 2843 Ipse
2873 2784 3045 2827 autem
3075 2774 3287 2843 ejiciem
3330 2792 3506 2830 anmes

1906 2841 2069 2918 foras,
2101 2853 2145 2918 et
2181 2854 2358 2918 tenens
2378 2861 2594 2918 manum
2625 2841 2766 2918 ejus,
2812 2855 2919 2899 etc.
2955 2841 3179 2900 Grattius
3208 2846 3374 2915 legit,
3403 2850 3509 2911 Αὐ-

1904 2916 1991 2975 τὸς·
2023 2913 2328 2994 8é_e'16a).cbv
2368 2915 2482 2994 ιῗξῳΔ
2512 2913 2709 2994 primo;
2731 2959 2744 2981 ,
2778 2921 2862 2973 καὶ
2908 2921 3166 2994 κρατήσας
3186 2958 3200 2983 ,
3241 2913 3370 2985 etc.,
3402 2919 3505 2974 hoc

1906 2998 1989 3059 est
2009 3026 2023 3049 ,
2054 2985 2090 3059 il
2096 3004 2182 3051 pse
2209 2999 2379 3041 autem
2414 2988 2622 3057 ejiriens
2648 2992 2789 3059 foras
2820 2985 2993 3043 omnes
3016 3030 3029 3053 ,
3060 2999 3106 3042 et
3145 2999 3319 3043 terrens
3345 3032 3360 3056 ,
3392 3000 3499 3045 etc.

1906 3056 2297 3113 Desiderantur
2335 3056 2451 3114 ba'c
2482 3056 2655 3115 verba
2679 3060 2818 3124 apud
2849 3062 2905 3115 S.
2944 3059 3322 3127 Ambrosium,
3355 3061 3499 3125 Gum-

1907 3143 2110 3195 cosque
2126 3132 2343 3185 codices
2360 3132 2686 3195 nonnullos;
2719 3132 3011 3200 ablataque
3026 3130 3192 3186 fuisse
3207 3140 3503 3189 censentur

1907 3201 2179 3270 antilogia:
2209 3218 2404 3268 causa,
2435 3219 2556 3269 quae
2586 3202 2861 3269 aliquibus
2888 3204 3018 3258 oriri
3050 3203 3335 3258 videbatur
3361 3206 3504 3267 inter

1906 3273 2208 3328 versiculos
2239 3274 2307 3327 54
2339 3286 2392 3330 et
2419 3275 2510 3340 51,
2541 3276 2629 3329 ubi
2658 3275 2893 3342 dicitur,
2924 3274 3111 3330 Jesum
3144 3276 3281 3333 intra
3312 3277 3505 3345 puellae

1906 3345 2190 3410 conclave,
2237 3345 2525 3419 dumtaxat
2565 3356 2858 3415 utrumque
2901 3347 3048 3402 illius
3091 3359 3406 3419 parentem,
3441 3365 3504 3405 ac

1909 3423 2018 3488 tres
2047 3432 2077 3470 e
2104 3420 2217 3471 suis
2248 3418 2528 3488 discipulis
2558 3420 2864 3474 admisisse.

1978 3487 2168 3543 Matth.
2206 3504 2269 3552 v,
2299 3487 2398 3544 44.
2442 3490 2685 3544 Brixian.
2720 3490 2911 3552 addit,
2944 3489 3241 3545 Benedicite
3288 3491 3506 3545 maledi-

1906 3559 2268 3637 centibusros.
2303 3560 2527 3637 Gra‘cus
2556 3561 2646 3617 hic
2667 3561 2838 3620 addit.
2859 3561 3115 3636 Ἀ’γαπᾶτε
3138 3566 3259 3637 tot);
3285 3564 3506 3637 ἐχθροὺς

1905 3631 2070 3710 ύμῷν,
2093 3633 2342 3704 εὐλογεῖτε
2368 3635 2487 3710 tot};
2507 3631 3092 3710 xarapmpa’voucjiuo‘tg,
3120 3635 3291 3710 acquiri);
3309 3631 3501 3691 ἦοὶεῐτι

1904 3704 2028 3763 τοὺς
2072 3711 2351 3784 praeiacet;
2381 3707 2551 3784 ὑμᾶς,
2577 3704 2692 3784 ,ξιόρ
2722 3704 2819 3760 ἐει
2850 3724 2862 3759 :
2892 3704 3119 3784 ΠὶζίθιιεΔ
3148 3705 3385 3784 ittimifqa
3416 3723 3503 3784 ve-

1907 3783 2061 3847 stros,
2108 3774 2389 3847 beniedicite
2418 3775 2780 3847 maledicentes
2810 3792 2895 3829 vos
2914 3817 2931 3843 ,
2965 3774 3247 3847 bénefacite
3284 3774 3504 3830 odienti-

1908 3843 2132 3917 bus‘eos.
2166 3846 2338 3901 Verba
2366 3889 2380 3910 ,
2410 3845 2697 3902 benedicite
2732 3849 2798 3901 iis
2826 3890 2840 3912 ,
2871 3848 2958 3917 qui
2984 3843 3122 3901 vobis
3162 3848 3501 3913 maledicunt,

1907 3932 1971 3968 cx
1997 3914 2153 3971 Luca:
2180 3933 2249 3981 v1,
2284 3917 2373 3979 ‘28,
2407 3918 2692 3987 desumpta
2722 3934 2847 3973 esse
2877 3914 3157 3983 videntur;
3187 3918 3503 3973 desideran-

1908 3995 2101 4059 turque
2135 3989 2185 4040 in
2220 3988 2500 4043 codicibus
2524 3990 2745 4056 multis;
2773 4006 2944 4059 eaque
2971 4006 3077 4042 non
3104 3989 3302 4044 habent
3326 3991 3500 4045 Grzrci

1907 4058 2123 4133 codices
2154 4060 2415 4133 plerique,
2451 4077 2624 4129 neque
2655 4058 3076 4133 (Iliryso’stomus
3097 4103 3110 4120 .
3143 4060 3500 4131 Augustinus,

1908 4128 2630 4205 Hieronymus,BSttlvianus.
2659 4128 2988 4205 Cyprianus,
3014 4128 3352 4205 Fulgentius,
3383 4150 3506 4189 ver-

1907 4201 1992 4326 ἓίο
2016 4200 2253 4286 .Coptica
2280 4246 2294 4270 ,
2323 4203 2492 4259 editio
2539 4200 2728 4260 Grtcca
2750 4200 2753 4201 ⁷
2775 4205 3038 4275 Stephani
3072 4200 3210 4260 in14°
3237 4216 3293 4261 et
3320 4207 3503 4262 versio

1948 4289 2149 4326 vriaca.

1985 4289 2149 4330 rtaca.

2219 4363 2275 4402 v.
2324 4347 2413 4402 47.
2462 4345 2747 4414 Brixian.,
2795 4347 3003 4402 Amicos
3043 4357 3238 4403 vestros
3280 4358 3502 4413 tantum.

1908 4415 2079 4473 Gnaei
2117 4434 2333 4488 quoque
2384 4420 2602 4474 codices
2652 4419 2768 4473 fere
2817 4436 3008 4474 omnes
3058 4420 3258 4474 habent
3287 4421 3504 4487 amicos,

1909 4504 2015 4543 non
2049 4493 2258 4559 fratres.
2294 4491 2358 4544 Et
2386 4491 2456 4544 ita
2486 4492 2746 4561 Stephani
2773 4506 2964 4546 omnes
2993 4490 3180 4558 codd.,
3211 4490 3366 4546 Bodl.
3398 4507 3504 4546 nis.

1837 4568 1888 4629 ι)
1917 4561 1971 4629 7,
2002 4562 2204 4630 aliique
2237 4563 2641 4631 quatnplurinzi.
2673 4562 2809 4617 Vide
2840 4563 3083 4616 Millium.

1990 4633 2188 4709 Matth,
2213 4649 2285 4709 vt.
2417 4634 2686 4709 Brixian.,
2722 4634 2977 4709 Attendile
2999 4675 3012 4698 ,
3046 4650 3109 4709 ne
3130 4634 3507 4709 eleemosynam

1916 4716 2133 4758 vestram
2162 4705 2369 4772 faciatis
2405 4721 2576 4759 coram
2607 4705 2930 4769 hominibus;
2962 4717 3013 4757 et
3047 4707 3121 4758 ila
3149 4705 3413 4772 plerique,
3446 4719 3509 4759 ac

1915 4775 2085 4830 ferme
2127 4792 2319 4830 omnes
2349 4775 2519 4832 erci
2550 4776 2789 4831 codices.
2823 4776 2972 4829 Hanc
3016 4776 3303 4831 lectionem
3331 4775 3505 4831 (ἓνωοὶ

1916 4846 2107 4901 Patres
2143 4848 2569 4918 Chrysostomus
2596 4890 2609 4911 ,
2641 4846 3111 4918 'l‘heopbylactus.
3146 4847 3471 4919 Eutbytnius
3495 4889 3509 4912 ,

1916 4918 2006 4973 alii
2059 4919 2302 4987 plerique
2351 4920 2509 4988 Vulgo
2556 4930 2898 4987 sequuntur,
2938 4919 3159 4972 tninintc
3211 4918 3388 4973 tamen
3424 4934 3513 4973 rc-

1915 4998 2245 5059 pugnantcm
2296 4990 2561 5058 Vulgata‘.
2592 4994 2676 5043 cui
2710 4990 2894 5044 favent
2929 4990 3172 5043 nonnulli
3211 5005 3279 5045 ex
3305 4989 3511 5045 codici-

1925 5062 2022 5113 bus
2054 5062 2276 5124 Graecis,
2312 5062 2512 5131 Syrus.
2544 5060 2806 5128 Origenes
2847 5061 3033 5116 bomil.
3065 5061 3100 5115 2
3152 5061 3204 5114 iu
3238 5061 3505 5127 Exodum,

1924 5146 2242 5198 veteresque
2274 5132 2444 5187 Latini
2472 5133 2676 5188 Patres.

1998 5204 2186 5258 Matth.
2238 5220 2291 5267 tt,
2339 5205 2392 5259 5.
2446 5205 2710 5269 Brixian.,
2766 5202 3051 5268 Lebbwus,
3090 5205 3175 5275 qui
3221 5205 3517 5259 nominatur

1925 5273 2204 5329 Taddwus.
2238 5275 2293 5330 lu
2322 5278 2575 5330 omnibus
2622 5275 2830 5332 Gt'wcis
2867 5273 3145 5329 codicibus
3174 5276 3409 5331 Mattbtei
3439 5277 3518 5332 le-

1926 5347 2091 5412 gilur,
2124 5351 2216 5402 Kal.
2253 5350 2531 5412 Λεϐϐαῖος,
2564 5347 2590 5402 ὁ
2619 5347 2902 5408 ἔπικληθεῐς
2925 5346 3206 5410 Θαδδαῖος.
3243 5348 3319 5402 Ex
3351 5348 3522 5401 Colla-

1930 5419 2073 5473 tione
2098 5430 2275 5473 autem
2305 5421 2757 5485 evangelistarutn
2796 5421 2897 5473 isti:
2937 5419 3269 5478 Tltaddants.
3296 5420 3413 5490 ipse
3437 5429 3523 5475 est

1925 5491 2016 5562 qui
2047 5490 2214 5546 Judas
2242 5492 2548 5549 dicebatur.

2001 5563 2190 5617 Matth.
2221 5581 2276 5625 χ.
2306 5566 2360 5620 8.
2395 5565 2450 5620 lu
2480 5563 2719 5619 Brixian.
2749 5563 2902 5618 deest
2928 5602 2943 5628 ,
2978 5560 3219 5619 Mortuo:
3246 5563 3526 5630 suscitata;

1929 5645 1982 5707 et
2018 5635 2087 5689 ita
2118 5634 2307 5707 Steph.
2358 5654 2459 5692 ms.
2491 5636 2523 5690 9
2546 5678 2561 5697 ,
2589 5636 2829 5689 Colliert.
2861 5636 2929 5702 3,
2963 5633 3244 5690 Barberin.
3279 5635 3334 5697 9,
3368 5636 3524 5690 Bodl.

1930 5706 1992 5764 6.
2026 5706 2244 5762 Selden.
2293 5707 2328 5760 4
2349 5751 2362 5765 .
2394 5707 2583 5762 Usser.
2613 5708 2681 5769 2,
2712 5707 2910 5777 aliique
2949 5707 3331 5776 quamplurimi
3370 5707 3533 5777 grmci

1930 5778 2166 5841 codices,
2184 5778 2250 5833 de
2277 5780 2473 5847 quibus
2494 5779 2717 5837 consule
2736 5778 2864 5834 Var.
2886 5778 3036 5834 Lcct.
3062 5777 3229 5834 Millii.
3254 5780 3328 5835 Ea
3350 5788 3529 5834 tamen

1931 5847 2362 5929 ieruntVulgata,
2384 5848 2632 5928 Syriaca,
2650 5848 2821 5911 codex
2834 5850 3317 5927 Cantabrigiensia,
3334 5850 3539 5924 aliique
