3934 6332
179 349 272 407 865

820 340 1235 403 DESCRIPTIO
1270 340 1425 402 COD.
1468 345 1581 401 MS.
1622 340 1756 401 ΒΗΑ

1862 342 2147 401 i-LA'llNl
2185 339 2757 403 EVANGELIOBUM.

3354 340 3462 400 866

876 589 1437 684 EPISTULA
1514 595 2153 682 BLANCHINI
2228 592 2723 705 ALTERA.

175 780 501 823 DESCBIBITUR
524 777 695 821 αουει
723 776 810 819 κς.
838 776 1285 819 ακεοο-ιλτικυε
1315 773 1735 817 BVANGBLIORUI

1868 772 2141 827 ACTOBUI,
2172 773 2225 815 IN
2248 773 2599 817 BIBLIOTHECA
2629 772 3071 817 CANTABRIGIENSI
3100 773 3460 819 ASSERVA'I‘US.

1405 883 1957 940 ————-«raaa

170 1017 245 1072 tit.
270 1030 331 1072 ac
355 1014 677 1071 doctissimo
697 1012 819 1069 viro
847 1010 1102 1084 Philippo
1128 1009 1314 1067 abbati
1354 1006 1632 1066 Garbellio
1661 1021 1755 1077 pa-
1778 1009 1829 1069 Α
1858 1023 2017 1079 quam
2047 1008 2247 1075 adhuc,
2272 1008 2418 1081 quod
2440 1007 2631 1078 sciam,
2657 1011 2701 1066 si
2725 1009 3210 1080 Montt‘auconium,
3234 1026 3467 1082 paucos-

235 1108 662 1165 tricinBrisiano
705 1105 911 1177 Josepb
955 1103 1290 1161 Blancbinus
1332 1099 1664 1159 Veronensis
1690 1098 1749 1154 S.

234 1202 292 1259 P.
317 1204 378 1258 Ι).

231 1296 342 1354 Non
371 1312 432 1353 es
463 1296 703 1364 nescius,
732 1294 975 1352 Garbelli
999 1292 1338 1359 doctissime,
1366 1297 1626 1361 quantam
1652 1286 1754 1344 Sa~

167 1404 364 1445 crarum
423 1391 731 1447 litterarum
788 1388 1033 1444 cultores
1065 1385 1411 1459 perceperint
1461 1382 1750 1437 utilitatem

169 1499 224 1540 cs
252 1482 444 1554 insigni
484 1483 575 1537 illa
604 1482 846 1537 editione
904 1480 1145 1551 Vulgata:
1190 1478 1429 1548 Antiqua:
1475 1474 1678 1530 Latinae
1703 1482 1753 1529 et

170 1576 308 1631 Itala:
334 1574 597 1631 Vcrsionis
624 1573 900 1646 Evangelii
928 1573 1213 1627 secundum
1242 1569 1574 1634 Matthteum,
1617 1583 1645 1622 e
1668 1583 1755 1621 ve-

170 1672 448 1728 tustissimis
491 1682 650 1726 erutte
703 1670 1093 1736 Monumentis,
1142 1669 1314 1722 studio
1355 1676 1401 1721 et
1448 1667 1625 1721 labore
1677 1664 1749 1720 Ι).

168 1767 369 1823 Joannis
401 1766 727 1838 Martiauay,
779 1765 1076 1837 Presbyteri
1108 1761 1429 1817 Benedictini
1457 1777 1486 1816 e
1525 1759 1754 1831 Congre-

167 1865 354 1938 gatione
385 1862 445 1919 S.
476 1860 682 1928 Mauri,
726 1875 888 1933 quam
920 1862 1035 1929 ipse
1066 1860 1300 1929 primum
1332 1855 1558 1910 Parisiis
1607 1869 1753 1909 anno

173 1956 298 2011 1693
329 1954 598 2011 litterario
636 1954 756 2011 orbi
807 1951 1057 2009 tradidit.
1086 1948 1242 2019 Quod
1297 1947 1518 2019 quidem
1553 1946 1637 2002 vel
1678 1960 1748 2001 ex

169 2064 226 2106 eo
245 2061 425 2120 aperte
445 2048 708 2120 cognosci
740 2055 946 2118 potest,
967 2045 1113 2117 quod
1140 2043 1342 2113 ubique
1368 2042 1533 2099 Liber
1559 2040 1650 2097 ille
1678 2040 1751 2096 ita

169 2144 383 2199 feliciter
402 2151 666 2214 exceptus
691 2149 798 2209 est,
832 2150 889 2196 ut
913 2140 1123 2196 venalis
1178 2137 1443 2193 hodierna
1480 2135 1569 2191 die
1610 2134 1752 2206 apud

169 2248 367 2293 nostros
389 2238 558 2294 ltalos
588 2237 914 2307 bibliopolas
946 2236 1171 2291 minime
1198 2232 1537 2304 reperiatur;
1562 2246 1755 2303 quam-

168 2333 239 2387 vis
266 2332 441 2389 nullus
488 2332 722 2388 exsistat
767 2331 1082 2386 Divinarum
1130 2328 1538 2398 Scripturarum
1569 2326 1753 2382 studio

1856 1120 1964 1175 que
1986 1104 2125 1159 alios
2154 1103 2419 1175 excipias,
2449 1104 2605 1175 cujus
2633 1104 2742 1159 sint
2770 1105 2970 1174 aetatis,
2988 1105 3309 1176 formaeque,
3339 1121 3469 1177 pro-

1857 1201 2089 1269 diderit;
2117 1218 2225 1257 non
2248 1203 2488 1259 alienum
2514 1202 2698 1273 putavi
2728 1205 2917 1260 testari
2954 1204 3070 1271 tibi,
3105 1205 3232 1278 quid
3257 1206 3326 1262 de
3356 1204 3468 1263 illis

1855 1298 2071 1368 opiner.
2145 1297 2408 1354 Codieem
2473 1298 2895 1368 Evangeliorum
2957 1300 3467 1373 Cantabrigienscm

1856 1390 2335 1448 Graeco-Latinum:
2398 1402 2560 1449 antea
2614 1393 2922 1450 describam
2978 1409 3047 1451 ex
3103 1394 3299 1451 eodem
3345 1395 3468 1452 Mil-

1857 1484 1952 1541 lio.
1999 1485 2068 1540 Et
2113 1487 2364 1557 quamvis
2416 1486 2526 1542 sint
2578 1487 2684 1544 illa:
2734 1487 3067 1544 membrana:
3119 1504 3217 1560 per
3250 1489 3468 1559 aliquos

1856 1578 1944 1633 vel
1972 1576 2211 1649 Ogygiae,
2244 1594 2538 1650 numquam
2592 1589 2772 1635 tamen
2805 1591 3031 1651 propter
3058 1596 3153 1638 eas
3202 1581 3463 1652 adducar,

1854 1671 2171 1738 utaliquem
2225 1687 2445 1727 versum
2489 1672 2599 1729 mei
2650 1672 3036 1745 Quadruplicis
3087 1673 3469 1747 Evangeliarii

1856 1768 2137 1834 castigem;
2169 1764 2450 1834 quoniam,
2495 1766 2540 1820 si
2572 1780 2666 1821 eas
2695 1765 3024 1838 quandoque
3064 1782 3321 1838 sequare,
3368 1767 3471 1823 lal-

1855 1857 2007 1923 lcris,
2040 1858 2332 1913 autl'alles.
2372 1859 2469 1914 Est
2497 1860 2750 1930 equidem
2795 1861 2976 1916 Codex
3007 1861 3101 1917 ille
3149 1862 3469 1934 antiquissi-

1854 1963 1995 2015 mus,
2023 1950 2117 2005 sed
2156 1949 2485 2017 mendosus,
2535 1960 2594 2007 ut
2632 1954 2843 2008 caeteri.
2894 1952 3117 2010 Retinet
3159 1954 3280 2025 ipse
3319 1956 3467 2011 anti-

1855 2059 2016 2112 quam
2043 2043 2249 2112 italam,
2278 2060 2400 2117 qure
2431 2054 2611 2103 tamen
2656 2046 2899 2103 cariosas
2929 2055 2984 2102 et
3030 2046 3325 2106 cdentulas
3351 2049 3468 2107 lec-

1855 2136 2033 2193 tiones
2056 2137 2237 2194 habet.

1928 2230 2103 2286 Grreci
2147 2231 2380 2288 adeundi
2412 2240 2540 2288 sunt
2570 2232 2819 2298 codices,
2850 2232 2947 2289 sed
2986 2233 3319 2305 incorrupti,
3347 2234 3470 2294 sine

1853 2326 2051 2397 quibus
2105 2344 2268 2385 nemo
2325 2338 2476 2399 putet
2519 2330 2707 2387 Italam
2743 2331 3001 2400 inveniri,
3050 2349 3117 2391 ac
3166 2335 3466 2405 inventam,

167 2425 423 2493 incensus,
465 2426 557 2493 qui
586 2424 706 2496 ejus
739 2425 975 2481 lectione
1001 2439 1191 2480 carere
1221 2423 1332 2477 ullo
1362 2421 1526 2477 modo
1555 2419 1744 2491 possit.
1780 2419 1827 2480 B
1854 2420 2063 2490 absque
2095 2422 2325 2478 maculis
2348 2424 2433 2479 edi
2459 2440 2642 2495 posse.
2669 2425 2782 2496 Ego
2814 2442 2989 2499 neque
3028 2428 3278 2484 Doctoris
3304 2428 3471 2485 Maxi-

165 2518 327 2588 Quare
366 2520 416 2575 in
469 2519 879 2589 Prolcgomenis
921 2518 1081 2588 liujus
1117 2514 1480 2586 Erangeliarii
1507 2512 1755 2583 Quadru-

165 2615 322 2684 plicis,
349 2615 612 2686 quoniam
639 2613 771 2669 mihi
795 2627 932 2684 opus
957 2622 1076 2669 erat
1119 2612 1188 2667 de
1223 2612 1446 2679 antiqua
1468 2609 1600 2664 Itala
1632 2625 1755 2664 ver-

164 2707 301 2763 sione
328 2706 522 2762 Latina
551 2705 718 2761 multa
750 2704 966 2775 praefari
988 2747 1002 2770 ,
1047 2720 1115 2759 ne
1145 2705 1282 2759 torte
1311 2702 1526 2758 viderer
1560 2702 1756 2773 aliqui-

165 2800 251 2856 bus
278 2817 388 2858 rem
439 2818 478 2856 a
522 2801 926 2872 sapientissimo
978 2799 1293 2854 Martianteo
1325 2796 1497 2852 multo
1524 2796 1756 2866 diligen-

166 2897 280 2965 tius,
304 2897 608 2968 majorique
630 2912 756 2953 cum
786 2895 1075 2965 dignitate,
1107 2909 1270 2966 quam
1298 2893 1365 2948 de
1390 2907 1475 2948 me
1505 2891 1753 2962 polliceri

164 2990 423 3058 auderem,
450 2990 566 3063 jam
586 2996 784 3057 actam,
810 3004 1001 3061 agere,
1036 2987 1340 3044 existimavi
1373 2986 1531 3058 longe
1560 2985 1756 3042 melius

165 3085 279 3143 huic
300 3086 533 3143 editioni
562 3084 901 3152 consultum,
929 3094 984 3141 et
1011 3099 1041 3139 a
1075 3099 1161 3139 me
1191 3082 1515 3153 prudentius
1553 3081 1754 3136 factum

165 3177 245 3247 iri,
273 3180 314 3234 si
345 3191 412 3247 te,
449 3179 701 3251 aliosque
721 3179 867 3233 italae
911 3178 1177 3234 versionis
1204 3188 1480 3232 amatores
1534 3175 1755 3231 invitas-

166 3284 268 3326 sem
299 3273 375 3344 (α)
414 3272 489 3326 ad
532 3271 761 3344 legenda
808 3271 1202 3342 Prolegomena
1244 3270 1491 3341 ejusdem
1538 3270 1757 3325 Martia-

168 3366 279 3432 περὶ,
307 3366 396 3437 qui
417 3364 556 3420 illud
588 3373 965 3435 argumentum
992 3364 1256 3436 singulari
1301 3363 1611 3419 eruditione
1642 3374 1754 3418 tra-

166 3457 337 3512 ctavit.
364 3457 526 3514 Nunc
557 3473 689 3528 ergo
716 3458 782 3513 ad
806 3458 1231 3525 ostendendum,
1260 3459 1471 3521 Italam,
1503 3474 1622 3528 qua:
1640 3465 1758 3513 erat

167 3552 443 3608 verborum
488 3550 804 3609 Graecorum
861 3552 1135 3618 tenacior,
1188 3567 1312 3608 cum
1363 3550 1757 3622 perspicuitate

165 3645 456 3711 sententizo,
483 3653 674 3701 nostro
691 3644 984 3714 Evangelia
995 3645 1076 3700 rio
1096 3645 1439 3716 quadruplici
1465 3644 1754 3710 contineri,

166 3733 401 3792 Grteeum
431 3737 761 3809 originalem
793 3745 1004 3793 textum
1028 3780 1041 3800 .
1079 3738 1134 3794 in
1180 3738 1578 3808 antiquioribus
1620 3753 1751 3794 mss.

1858 2514 1930 2568 ini
1966 2515 2268 2571 institutum
2301 2518 2433 2573 satis
2465 2517 2724 2585 laudare,
2758 2536 2860 2576 nec
2899 2521 3210 2592 aliquorum
3256 2521 3472 2579 animo-

1856 2607 2074 2664 sitatem
2102 2608 2236 2665 satis
2276 2612 2460 2667 mirari
2488 2627 2653 2683 queo,
2698 2613 2898 2683 quibus
2947 2614 3102 2669 labor
3134 2613 3471 2685 Hieronymi,

1856 2703 1947 2775 qui
1980 2704 2188 2759 aditum
2243 2705 2347 2760 sibi
2395 2705 2462 2761 ad
2516 2690 2842 2774 p'urissimos
2895 2707 3117 2763 Gra‘cos
3154 2708 3332 2764 fontes
3374 2721 3475 2778 pro

1857 2795 2203 2853 emendando
2230 2798 2424 2855 Latino
2454 2808 2689 2871 quatuor
2706 2800 3128 2870 Evangeliornm
3157 2799 3351 2858 codice
3375 2815 3474 2872 pa-

1860 2889 2066 2949 tefecit.
2100 2892 2470 2963 improbatur;
2504 2893 2761 2965 quoniam
2789 2895 3191 2952 correctionem
3223 2910 3378 2951 suam
3404 2912 3475 2953 ex

1858 2984 2097 3040 comesis
2127 2986 2234 3042 illis
2273 3002 2337 3042 ac
2395 2986 2728 3044 turbulentis
2761 2988 3076 3043 Latinorum
3112 2988 3474 3060 interpretum

1859 3078 2074 3135 lacunis
2097 3078 2456 3135 hauriendam
2480 3094 2605 3136 esse
2636 3095 2742 3135 non
2773 3079 2947 3137 duxit.
2978 3080 3254 3138 Censores
3281 3081 3476 3138 habuit

1857 3174 2226 3248 Hieronymus
2265 3191 2362 3231 sua
2397 3176 2563 3232 etiam
2617 3187 2810 3241 relate;
2850 3176 2976 3246 qui,
3016 3186 3075 3232 ut
3125 3176 3246 3249 ejus
3292 3176 3467 3233 labori

1861 3285 2045 3324 moras
2068 3277 2372 3336 necterent,
2404 3268 2676 3341 ﬁdemque
2716 3268 3111 3336 detraherent,
3144 3280 3307 3341 atque
3336 3282 3477 3341 opus

1858 3363 2005 3434 quod
2036 3362 2480 3434 aggrediebatur,
2512 3373 2827 3434 suspectum
2858 3362 3127 3420 Ecclesiis
3170 3364 3473 3434 efﬁcerent,

1859 3461 2307 3525 prtemonuerunt
2333 3454 2583 3526 ignarum
2606 3455 2821 3527 vulgus,
2840 3465 2897 3511 ut
2929 3465 3151 3513 caveret
3170 3458 3312 3525 sibi;
3342 3473 3481 3531 quo-

1861 3549 2008 3604 niam
2069 3564 2100 3604 a
2156 3548 2371 3603 Latinis
2410 3549 2818 3620 exemplaribus
2875 3551 3194 3607 recedebat.
3248 3552 3357 3611 Sed
3420 3553 3477 3611 in

1859 3641 2198 3708 defensione,
2226 3658 2388 3714 quam
2424 3659 2526 3714 pro
2563 3658 2623 3698 se
2675 3643 2993 3699 beatissimo
3036 3661 3190 3715 papa:
3238 3645 3474 3701 Damaso

1859 3738 2101 3807 scripsit,
2126 3738 2199 3792 ita
2229 3753 2351 3792 eum
2383 3735 2649 3809 (cupiens
2677 3738 2890 3792 amoliri
2927 3754 2955 3792 a
2984 3753 3046 3794 se
3068 3739 3214 3795 illam
3253 3740 3473 3811 opinio-

168 3828 309 3888 libris
356 3843 788 3903 praeservatum,
832 3833 1113 3889 adeamus.
1169 3832 1233 3889 Si
1280 3834 1437 3898 enim,
1472 3823 1826 3902 iuquiebatC
1862 3830 2027 3903 nem)
2062 3831 2391 3902 alloquitur,
2425 3839 2482 3887 et
2526 3831 2693 3887 dicit:
2746 3831 2954 3887 Novum
2996 3832 3143 3903 Opus
3175 3837 3347 3907 facere
3397 3854 3480 3894 me

166 3924 219 3981 S.
248 3926 633 4002 Hieronymus,
652 3928 718 3984 ad
741 3928 1027 3984 Damasum
1056 3928 1327 3993 scribens,
1353 3927 1557 3983 Latinis
1584 3944 1758 3983 exem-

167 4020 380 4090 plaribus
409 4023 544 4092 ﬁdes
583 4033 656 4077 est
699 4022 1014 4089 adhibenda,
1064 4023 1410 4096 respondeant
1435 4022 1757 4092 quibus?tot

168 4119 287 4172 enim
327 4129 446 4174 sunt
476 4120 794 4188 exemplaria
832 4137 981 4191 pene,
1012 4129 1134 4191 quot
1184 4119 1405 4174 codices.
1437 4118 1533 4174 Sin
1583 4128 1758 4172 autem

166 4214 337 4270 veritas
365 4226 438 4269 est
472 4213 755 4283 qua’renda
781 4212 847 4266 de
871 4213 1127 4285 pluribus,
1159 4229 1253 4268 cur
1284 4229 1388 4268 non
1420 4211 1489 4266 ad
1519 4211 1757 4267 Grmcam

168 4307 402 4380 originem
426 4315 755 4375 revertentes,
781 4324 860 4374 ea,
887 4323 1002 4378 qua:
1029 4307 1109 4363 vel
1159 4323 1191 4361 a
1228 4307 1424 4362 vitiosis
1447 4304 1757 4376 lnterpreti-

169 4399 251 4455 bus
275 4403 407 4458 male
430 4402 660 4466 reddita,
678 4403 756 4456 vel
780 4418 812 4456 a
834 4399 1561 4473 prwsumptoribusimperitis
1588 4415 1761 4454 emen-

167 4493 279 4549 data
309 4496 623 4567 perversius,
668 4494 748 4550 vel
777 4512 810 4549 a
840 4495 1067 4550 librariis
1098 4492 1499 4548 dormitantibus
1549 4503 1640 4547 aut
1665 4491 1760 4546 ad-

166 4584 269 4640 dita
307 4597 448 4654 sunt,
497 4597 586 4643 aut
640 4596 856 4651 mutata,
917 4584 1267 4658 corrigimus?
1295 4584 1362 4639 Et
1396 4583 1559 4653 paulo
1589 4591 1709 4653 post
1743 4600 1757 4637 :

169 4676 291 4733 Hice
339 4697 568 4750 presens
617 4679 1035 4750 Prtefatiuncula
1083 4679 1358 4752 pollicetur
1394 4687 1615 4747 quatuor
1641 4686 1757 4730 tan-

167 4779 266 4825 tum
312 4771 621 4848 Evangelia,
673 4781 818 4840 etc.,
876 4772 1111 4827 codicum
1158 4770 1454 4826 Graecorum
1493 4767 1764 4824 emendata

168 4865 453 4932 collatione,
476 4867 568 4922 sed
605 4865 870 4922 Veterum.
908 4866 1143 4921 Sanctus
1174 4879 1391 4936 quoque
1423 4861 1762 4936 Augustinus

139 4954 218 5012 'in
241 4959 332 5015 lib.
356 4976 393 5016 ιι
418 4960 487 5017 de
512 4960 765 5016 Doctrina
784 4958 1097 5017 Christiana
1124 4959 1371 5016 eamdem
1396 4958 1639 5030 regulam
1657 4965 1764 5012 tra-

169 5048 264 5105 dit.
291 5052 369 5108 De
416 5051 563 5109 Italze
602 5052 869 5108 versionis
916 5052 1237 5123 interprete,
1290 5066 1394 5123 ope
1440 5050 1761 5107 Latinorum

166 5142 407 5199 codicum
429 5143 792 5212 emendando,
819 5158 926 5200 non
957 5154 1038 5198 est
1062 5160 1245 5199 meum
1269 5151 1533 5213 statuere,
1561 5158 1765 5200 verene

1862 3928 2003 4001 cOgis
2024 3943 2086 3981 ex
2115 3930 2307 3992 veteri;
2338 3936 2393 3981 ut
2426 3934 2541 3996 post
2588 3927 2909 3996 exemplaria
2941 3926 3335 3999 Scripturarum
3360 3941 3468 3988 toto

1865 4020 2000 4076 Orbe
2017 4020 2274 4089 disperso,
2303 4020 2448 4091 quasi
2495 4019 2709 4090 quidam
2738 4018 2935 4076 arbiter
2973 4022 3206 4088 sedeam;
3257 4033 3304 4079 et
3356 4026 3478 4095 quia

1861 4118 1993 4173 inter
2021 4136 2074 4174 se
2099 4117 2331 4185 variant,
2350 4133 2467 4188 qua:
2490 4118 2591 4173 sint
2618 4116 2735 4180 illa,
2765 4134 2880 4188 qua:
2904 4135 3022 4173 cum
3053 4118 3237 4176 Grtcca
3260 4138 3481 4180 consm-

1863 4213 1993 4267 tiant
2033 4213 2275 4280 veritate,
2315 4212 2611 4267 decernam.
2648 4209 2778 4266 Pius
2806 4212 2990 4279 labor,
3044 4214 3136 4269 sed
3182 4216 3477 4288 periculosa

1866 4304 2233 4376 praesumptio,
2262 4311 2369 4359 etc.
2405 4302 2534 4370 Quis
2560 4302 2694 4357 enim
2860 4320 2978 4358 cum
3006 4305 3059 4360 in
3113 4323 3302 4364 manus
3332 4310 3479 4366 volu-

1863 4414 1978 4452 men
2003 4397 2361 4467 assumpserit,
2384 4407 2433 4452 et
2464 4413 2495 4450 a
2514 4397 2679 4452 saliva
2699 4438 2713 4464 ,
2742 4414 2896 4468 quam
2921 4400 3079 4455 semel
3099 4401 3317 4468 imbibit,
3340 4405 3481 4462 vidc-

1864 4490 1953 4555 rit,
1984 4491 2279 4563 discrepare
2318 4491 2459 4563 quod
2485 4492 2705 4560 lectitat,
2757 4509 2859 4547 non
2905 4494 3085 4549 statim
3136 4509 3376 4569 erumpat
3423 4500 3479 4556 in

1863 4600 2059 4650 vocem,
2086 4602 2165 4639 me
2190 4585 2466 4657 falsarium
2492 4626 2508 4653 ,
2538 4602 2622 4641 me
2649 4585 2929 4642 clamitans
2983 4604 3091 4645 esse
3129 4592 3438 4664 sacrilegum
3458 4638 3475 4663 ,

1864 4684 1953 4754 qui
1990 4683 2213 4739 audeam
2237 4684 2440 4755 aliquid
2458 4685 2513 4739 in
2532 4684 2789 4740 veteribus
2814 4686 2962 4742 libris
2989 4687 3207 4758 addere,
3246 4700 3474 4760 mutare,

1866 4778 2160 4851 corrigere?
2189 4779 2450 4834 Adversus
2489 4794 2643 4850 quam
2686 4779 2936 4835 invidiam
2975 4781 3169 4855 duplex
3197 4800 3357 4841 causa
3398 4802 3482 4842 me

1868 4874 2187 4939 consolatur,
2221 4872 2359 4945 quod
2379 4882 2425 4927 et
2442 4882 2518 4940 tu,
2546 4874 2636 4944 qui
2665 4872 2917 4930 Summus
2956 4873 3218 4933 Sacerdos
3255 4894 3330 4944 es,
3362 4878 3481 4950 ﬁeri

1859 4966 2035 5036 jubes;
2064 4976 2114 5020 et
2141 4980 2316 5019 verum
2338 4980 2441 5019 non
2470 4981 2602 5030 esse,
2627 4966 2767 5035 quod
2795 4966 2984 5035 variat,
3009 4967 3163 5023 etiam
3195 4969 3480 5025 maledico-

1866 5075 1982 5113 rum
2014 5059 2301 5113 testimonio
2341 5057 2727 5126 comprobatur.
2754 5058 2825 5114 Et
2852 5070 2976 5129 post
3008 5075 3180 5131 pauca
3208 5079 3222 5116 :
3248 5061 3480 5137 Magnus

1868 5153 1953 5207 hic
1974 5153 2029 5206 in
2060 5153 2253 5207 nostris
2290 5152 2556 5207 codicibus
2582 5169 2729 5208 error
2759 5154 3008 5222 inolevit;
3038 5156 3198 5224 dum,
3235 5159 3377 5229 quod
3423 5161 3480 5218 in

170 5234 327 5307 aliqui
359 5237 617 5303 sentiant,
648 5253 719 5293 an
750 5252 929 5294 secus.
967 5239 1036 5294 At
1063 5235 1194 5292 illud
1228 5251 1408 5292 meum
1441 5244 1527 5292 est
1574 5235 1761 5293 multis
1787 5239 1842 5302 D
1868 5245 2047 5300 eadem
2076 5261 2130 5299 re
2146 5245 2280 5301 alius
2305 5244 2638 5317 Evangelisla
2660 5247 2778 5319 plus
2802 5248 2967 5315 dixit,
2994 5248 3049 5303 in
3074 5250 3200 5315 alio,
3230 5252 3356 5320 quia
3376 5252 3479 5307 mi.

168 5331 476 5399 ostendere,
516 5347 728 5403 aequum
760 5346 884 5388 esse
936 5329 1069 5385 mihi
1124 5330 1392 5397 concedi,
1434 5340 1497 5385 ut
1548 5344 1651 5400 ego
1693 5329 1762 5385 de

172 5421 293 5480 Itala
322 5443 430 5482 non
462 5427 643 5484 minus
669 5436 786 5482 tuto
805 5426 1055 5497 judicare
1081 5428 1308 5494 possim,
1354 5440 1417 5480 es
1443 5424 1761 5481 Graecorum

170 5523 451 5578 verborum
485 5522 798 5588 tenacitate,
838 5537 961 5577 cum
1010 5520 1400 5592 perstricuitate
1447 5522 1758 5577 sententite.

170 5612 313 5672 Millii
340 5618 638 5675 editionem
660 5618 723 5674 Ν.
746 5618 810 5674 Τ.
845 5628 899 5674 tu
924 5618 1036 5689 jam
1061 5617 1314 5689 legendo,
1353 5628 1408 5673 et
1434 5616 1761 5688 pervolven-

172 5707 447 5766 dotrivisti
479 5730 491 5766 :
524 5726 647 5768 eum
677 5719 858 5767 alitem
890 5711 1149 5782 pleraque
1173 5710 1415 5776 illorum,
1464 5724 1585 5780 quae
1631 5723 1762 5764 con-

174 5800 312 5861 tulit.
342 5801 709 5875 Exemptaria,
741 5810 1026 5875 pervetera
1052 5818 1177 5861 esse
1205 5810 1441 5869 constet,
1469 5816 1570 5857 nec
1617 5803 1765 5873 quis-

173 5915 191 5990 ξ
245 5915 322 5991 (α)
362 5917 493 5979 Vide
522 5920 941 5993 Prolegomena,
961 5919 1068 5978 col.
1094 5932 1238 5993 0000
1262 5927 1319 5976 et
1344 5932 1463 5990 seq.

1869 5353 1968 5392 nus
1994 5339 2323 5410 putaverint,
2361 5338 2680 5394 addiderunt
2709 5355 2730 5395 :
2758 5341 2837 5395 vel
2865 5340 2989 5395 dum
3007 5344 3245 5398 eumdem
3271 5361 3477 5401 sensum

1867 5431 2004 5485 alius
2022 5433 2175 5486 aliter
2201 5432 2485 5503 expressit,
2513 5433 2628 5498 ille,
2656 5434 2746 5506 qui
2766 5451 2928 5489 unum
2955 5451 2983 5489 e
3009 5449 3233 5508 quatuor
3252 5439 3479 5512 primum

1870 5522 2082 5596 legerat,
2114 5525 2183 5578 ad
2207 5529 2317 5600 ejus
2356 5525 2648 5597 exemplum
2674 5540 2886 5584 cazteros
2911 5544 3112 5602 quoque
3148 5532 3481 5590 aestimaverit

1873 5622 2240 5677 emendandos.
2287 5621 2438 5678 Unde
2476 5624 2702 5692 accidit,
2753 5636 2812 5681 ut
2854 5626 2996 5696 apud
3030 5643 3123 5682 nos
3175 5630 3330 5684 mista
3374 5631 3482 5686 sint

1872 5715 2072 5782 omnia;
2092 5728 2139 5771 et
2165 5716 2220 5770 in
2249 5714 2434 5772 Marco
2463 5718 2615 5789 plura
2642 5717 2821 5787 Lacte,
2863 5731 3015 5793 atque
3044 5721 3315 5794 Mattluei;
3353 5742 3476 5781 rur-

1875 5824 1986 5863 sum
2014 5809 2065 5862 in
2096 5808 2343 5867 Matt/ltro
2363 5810 2517 5881 plura
2539 5810 2762 5868 Joannis
2780 5854 2796 5880 ,
2822 5822 2870 5869 et
2893 5812 3090 5881 Marci;
3112 5825 3161 5872 et
3204 5818 3258 5875 in
3282 5819 3481 5880 cwteris
