3934 6332
166 305 259 370 869

833 299 1248 372 DESCRiP'i‘tO
1287 286 1599 397 conjus.
1639 309 2158 377 amco-Lami
2200 313 2768 383 EVANGELlORUM.

3327 328 3434 386 870

167 435 255 489 lius
277 430 561 501 intelligere
591 431 670 486 eis
701 431 913 499 liceret,
939 442 994 489 et
1023 433 1214 490 Latina
1245 447 1364 499 sua,
1399 431 1568 490 sicubi
1597 449 1731 504 opus
1762 444 1808 501 Α
1837 441 2117 505 exhibere,
2155 459 2314 513 quain
2343 445 2626 502 edideram
2651 448 2750 516 ipsi
2785 443 3166 517 Evangelistte,
3200 446 3319 512 sed,
3345 445 3443 501 ob-

166 539 320 589 esset,
359 525 645 581 emendare
679 543 691 579 :
742 526 975 598 denique
1013 543 1079 583 ex
1110 529 1323 584 mendis
1356 530 1528 597 ipsius
1549 541 1733 584 exem-

166 621 310 688 plaris
338 623 588 694 γραφικοῖς
613 660 626 681 ,
659 631 890 688 quorum
934 620 1112 689 aliqua
1155 623 1287 675 satis
1319 624 1463 676 clare
1498 621 1734 686 produnt

164 728 517 768 amanuensem
566 712 853 781 Latinum;
900 731 950 770 v.
1003 727 1081 785 gl‘.
1131 715 1418 794 Ἥρὼδους,
1447 717 1728 783 ἰωάννους,

163 809 361 872 Ἰωάννει,
391 811 764 885 Σαμαριτάνων,
794 811 1176 884 φλαγελλώσας,
1198 811 1492 887 imprae-ou,
1519 822 1572 866 et
1591 812 1735 881 ejus-

165 900 288 954 modi
318 900 434 953 alia.
470 900 537 955 Et
571 904 681 970 jam
731 903 947 972 quidem
995 903 1062 956 ad
1112 905 1280 973 ipsius
1321 903 1520 958 codicis
1552 914 1734 973 partes

163 993 460 1049 accedimus.
507 993 719 1060 Latina,
755 997 1168 1052 translationem
1214 998 1456 1052 ltalicam
1490 997 1730 1062 exhibet,

163 1091 315 1158 qualis
348 1099 452 1144 tum
482 1091 744 1160 temporis
775 1092 1098 1161 interpolata
1129 1093 1424 1152 ferebatur.
1459 1101 1584 1148 ante
1613 1105 1736 1146 cas-

163 1187 446 1254 tigationem
496 1186 832 1258 llieronymi.
876 1185 1116 1241 Grcccum
1163 1201 1297 1242 vero
1343 1195 1545 1241 textum
1589 1185 1738 1240 miri-

163 1280 248 1334 ﬁce
293 1287 596 1349 corruptum
640 1295 703 1334 ac
742 1281 1129 1351 depravatum,
1173 1280 1490 1350 hnjusmodi
1533 1291 1736 1349 tamen,

159 1376 239 1444 qui
267 1374 520 1444 originem
563 1387 713 1431 certe
743 1375 961 1430 duxerit
1004 1393 1066 1431 ex
1114 1378 1180 1432 iis
1210 1376 1452 1432 fontibus
1473 1419 1487 1442 ,
1520 1391 1586 1430 ex
1617 1374 1740 1446 qui-

163 1467 247 1520 bus
287 1469 518 1521 manavit
556 1467 736 1522 ltalica
778 1468 995 1524 Versio.
1034 1468 1240 1539 Nempe
1265 1484 1388 1524 cum
1417 1467 1742 1538 exemplari-

162 1561 247 1614 bus
273 1562 625 1632 interpretum
657 1561 912 1617 italorum
934 1605 948 1630 ,
974 1571 1028 1618 et
1062 1563 1394 1634 apographis
1426 1561 1552 1618 inde
1573 1563 1741 1617 dedu-

161 1655 248 1709 ctis
277 1657 343 1709 ita
375 1657 595 1710 omnino
639 1663 818 1712 actum
845 1657 1103 1711 arbitror.
1135 1657 1511 1727 Exemplaria,
1544 1655 1741 1724 quibus

163 1749 465 1813 interpretes
515 1751 617 1818 ipsi
667 1751 754 1806 ‘usi
807 1749 947 1815 sint,
999 1751 1139 1805 sicut
1183 1747 1572 1820 aliquantulum
1619 1749 1742 1802 hinc

1837 546 2052 588 servato
2078 535 2359 592 dumtaxat
2390 539 2444 594 S.
2481 535 2681 594 'I‘extus
2709 540 2923 607 ordine,
2961 555 3025 594 ac
3049 539 3295 606 historia,
3327 543 3442 596 sin-

1834 629 1954 699 gula
1982 625 2270 702 Evangelia
2301 633 2652 689 absolutioria
2683 651 2744 688 ac
2774 634 3013 705 pleniora
3042 633 3294 688 reddere.
3325 633 3440 689 Huc

1836 722 1981 777 enim
2030 721 2236 778 faciunt
2276 723 2605 783 intremissm
2637 727 2686 781 in
2719 729 2984 796 cujusilue
3016 728 3297 800 Evangelii
3327 739 3441 785 tex-

1838 825 1949 868 tum
1973 817 2244 884 particnlm
2270 820 2452 886 varize,
2477 819 2807 890 integraeque
2834 821 3042 889 periodi
3073 821 3403 890 reliquorttm
3432 838 3444 875 :

1839 909 1943 964 huc
1979 913 2305 981 transposila
2349 913 2403 968 in
2440 924 2766 984 nnoqtmqi‘te
2817 915 3067 981 plurima,
3099 914 3168 968 oh
3196 914 3440 968 historia:

1839 1003 2136 1059 claritatem
2175 1023 2186 1057 :
2241 1005 2342 1060 huc
2383 1006 2644 1061 traducta:
2675 1024 2737 1062 ex
2773 1006 3085 1079 Evangeliis
3116 1009 3392 1080 περικοπαὶ
3430 1025 3443 1062 :

1840 1093 1946 1150 huc
1999 1099 2442 1167 interpolationes
2495 1101 2617 1155 alia:
2665 1103 2988 1157 innumerae.
3038 1101 3237 1158 Verum
3287 1112 3341 1156 et
3394 1103 3446 1155 in

1840 1191 2000 1244 aliam
2024 1192 2182 1260 plane
2206 1195 2532 1248 sententiam
2560 1195 2876 1264 pertrahunt
2901 1195 3156 1249 nonnulla
3189 1193 3450 1249 vocabula

1843 1298 1938 1353 pro
1965 1285 2214 1355 genuinis
2241 1285 2342 1339 alia
2361 1330 2376 1354 ,
2405 1287 2714 1358 neutiquam
2740 1290 3160 1365 σημαντικὼτερα
3178 1330 3190 1353 ,
3212 1287 3456 1356 adeoque

1843 1377 1908 1430 ad
1934 1376 2176 1433 historiae
2191 1379 2492 1435 claritatem
2513 1396 2574 1434 ac
2594 1381 2898 1435 ubertatem
2925 1375 3056 1435 nihil
3078 1377 3452 1434 conierentia:

1845 1470 2175 1527 mutationes
2223 1485 2608 1539 numerorum,
2638 1484 2884 1537 casuum,
2919 1485 3204 1543 generum,
3244 1483 3458 1541 tempo-

1845 1580 1985 1629 rum,
2022 1566 2222 1635 passim
2251 1564 2406 1619 l'actte
2437 1566 2641 1636 absque
2670 1568 2816 1619 onmi
2847 1580 3003 1619 causa
3033 1583 3046 1619 :
3076 1565 3460 1634 transpositio-

1846 1675 1940 1714 nes
1974 1661 2224 1726 inﬁnitae,
2255 1677 2482 1731 quarum
2512 1661 2657 1715 nulla
2689 1661 2882 1715 idonea
2921 1661 3057 1715 ratio
3089 1661 3170 1715 vel
3206 1660 3331 1731 tingi
3363 1674 3461 1728 po-

1849 1757 2006 1810 Icrit:
2041 1766 2313 1811 contracta
2338 1755 2569 1827 denique
2593 1755 2845 1827 plurima,
2867 1767 2921 1812 et
2949 1758 3147 1812 ettcisa:
3172 1755 3297 1810 hinc
3320 1751 3450 1809 inde

161 1842 272 1897 inde
309 1857 458 1913 passa
501 1842 718 1897 inerant
765 1859 796 1897 a
841 1843 1049 1899 scribis
1100 1842 1175 1912 (id
1219 1843 1364 1898 enim
1399 1857 1464 1896 ex
1489 1839 1736 1911 Syriaca,
1771 1845 1818 1904 Β
1850 1857 2060 1919 Partes.
2087 1859 2140 1902 et
2181 1849 2396 1919 quidem
2441 1858 2567 1904 ιοιαξ
2604 1851 2910 1914 sementi-,1},
2950 1861 3071 1920 qum
3117 1849 3347 1904 miriﬁce
3393 1847 3460 1902 ad

163 1935 367 2003 aliisque
412 1933 768 1990 Versionibns
815 1934 1087 2005 aliquibus
1131 1933 1197 1988 ad
1246 1931 1558 1987 consimiles
1615 1945 1738 1986 cum

162 2027 276 2098 ipsis
305 2029 530 2084 Codices
569 2029 848 2084 adornatis
884 2030 1107 2085 omnino
1135 2026 1372 2099 constat)
1407 2047 1418 2082 :
1453 2029 1522 2080 ita
1553 2028 1604 2080 in
1637 2037 1740 2079 cte-

164 2125 276 2178 teris
334 2126 550 2196 egregie
616 2123 930 2180 referebant
994 2123 1364 2194 Apostolicam
1421 2120 1740 2176 dictionem.

161 2215 297 2282 ρηυά
343 2230 524 2273 autem
571 2219 623 2272 in
655 2219 971 2272 Latinorum
1018 2232 1210 2271 manus
1259 2215 1600 2280 devenerint,
1647 2211 1744 2268 de-

161 2310 290 2364 ducti
336 2311 536 2366 eximie
571 2310 787 2366 codices
832 2308 1078 2364 mendosi
1113 2309 1386 2379 prodiere.
1422 2306 1621 2377 Scripti
1663 2305 1745 2360 ni-

161 2403 357 2472 mirum,
382 2419 496 2461 non
528 2407 600 2458 tlti
632 2415 829 2460 caetera
860 2403 1191 2473 exemplaria
1217 2401 1476 2462 Orientis,
1503 2418 1530 2455 a
1556 2401 1750 2455 scribis

160 2496 379 2565 Gnecis,
431 2499 747 2569 lingnzeq‘ne
798 2499 935 2553 adeo
984 2499 1174 2568 patria:
1223 2496 1362 2551 haud
1404 2491 1749 2565 nesciis,qni

163 2599 345 2646 textum
394 2593 630 2648 nitidum
682 2591 828 2656 fere,
879 2584 1161 2661 probeque
1200 2601 1448 2645 curatum
1477 2590 1750 2653 emisere;

163 2689 245 2739 sed
273 2703 298 2740 a
324 2687 576 2754 notariis,
611 2688 800 2759 quales
827 2688 880 2743 in
908 2687 1206 2742 Occidente
1231 2683 1442 2741 ferebat
1467 2683 1571 2738 ista
1597 2689 1752 2749 tetas,

165 2779 345 2834 misere
387 2781 629 2836 indoctis
669 2790 726 2835 et
750 2781 1032 2849 barbaris,
1065 2782 1154 2851 qui
1193 2780 1260 2835 de
1289 2780 1466 2847 libris,
1497 2793 1634 2850 quos
1665 2778 1758 2833 de-

162 2875 396 2944 scripturi
429 2887 614 2943 erant,
649 2874 783 2930 nihil
814 2877 930 2931 fere
958 2887 1175 2944 norant,
1210 2885 1407 2947 praeter
1432 2877 1575 2945 ipsas
1606 2872 1759 2929 litte-

165 2981 259 3023 ras.
288 2967 419 3023 ilinc
446 2979 606 3025 certe
632 2979 804 3024 tractu
841 2972 1122 3039 temporis,
1159 2970 1332 3040 major
1364 2972 1531 3022 inulto
1560 2968 1758 3032 adhuc,

163 3061 314 3118 immo
345 3079 476 3118 vero
525 3064 741 3119 tandem
773 3065 978 3118 inﬁnita
1011 3066 1170 3134 plane
1211 3065 1576 3130 vitiorum,"et
1623 3062 1765 3131 inje-

165 3153 419 3210 ctitiarnm
442 3157 743 3213 lectionum
759 3158 843 3212 vis
865 3153 1154 3212 Codicilms
1178 3158 1294 3211 is:is
1316 3157 1620 3227 ingruebat.
1639 3151 1761 3209 Mox

1847 1941 2089 1996 historia:
2121 1941 2460 2013 Evangelicar
2489 1945 2856 2013 integritatem
2885 1943 3107 1999 iaciunt.
3135 1942 3461 2012 Netttiquam

1846 2036 1992 2090 enim
2019 2031 2328 2106 hujusmodi
2357 2038 2782 2104 przctermiserit,
2806 2039 2892 2092 cui
2915 2039 3268 2092 constitutum
3301 2035 3466 2091 fuerit

1849 2145 1911 2185 ex
1937 2143 2262 2200 unoquoque
2279 2127 2698 2201 Evangeliorum
2720 2130 3268 2201 conﬁcereintegram
3289 2125 3466 2184 histo-

1851 2224 1986 2276 riam
2015 2221 2418 2293 Evangelicam,
2450 2238 2500 2278 et
2531 2223 2688 2294 quasi
2721 2224 3094 2278 DiateSsaron.
3131 2222 3302 2277 Immo
3333 2233 3467 2277 vero

1852 2323 2060 2369 certum
2091 2315 2221 2368 illud
2246 2326 2434 2380 unmn,
2459 2315 2798 2386 iligestorem
2825 2314 2987 2384 hujus
3013 2323 3210 2377 textus,
3230 2315 3283 2368 in
3317 2312 3470 2367 hisce

1854 2409 2006 2464 libris
2032 2408 2432 2479 Evangeliorum
2456 2451 2472 2476 ,
2501 2423 2555 2464 et
2583 2411 2795 2463 Acutum
2823 2419 3126 2480 grassatum
3174 2407 3343 2464 fuisse
3373 2423 3471 2479 pro

1855 2501 2125 2568 arbitrio;
2168 2501 2481 2566 addidisse,
2528 2501 2817 2556 sustulisse
2841 2544 2857 2567 ,
2901 2514 3170 2566 mutasse,
3203 2501 3363 2570 plane
3393 2501 3468 2554 uti

1857 2589 2068 2649 ferebat
2103 2596 2349 2661 animus;
2401 2597 2700 2663 multoque,
2729 2607 2788 2648 ut
2833 2595 3004 2649 verbo
3033 2593 3231 2657 dicam,
3276 2593 3469 2649 labore

1857 2690 1989 2744 illud
2023 2691 2222 2761 egisse,
2255 2701 2314 2743 ut
2341 2699 2518 2744 textus
2560 2690 2802 2760 ipsorum
2827 2687 3322 2758 Evangelistarum,
3352 2701 3471 2742 ma-

1857 2801 1959 2856 gna
1983 2769 2076 2840 sui
2116 2795 2298 2855 parte,
2329 2786 2379 2839 in
2409 2786 2574 2839 alium
2603 2784 2894 2855 quemdam
2923 2781 3345 2837 transformatns
3377 2784 3464 2836 in-

1859 2879 2096 2934 cederet.
2121 2875 2164 2933 E
2199 2879 2331 2933 locis
2358 2877 2561 2933 codicis
2591 2877 2799 2932 vitiosis
2823 2883 2873 2931 et
2897 2875 3263 2946 interpolatis,
3295 2889 3464 2946 pauca

1863 2973 2145 3027 dumtaxat
2175 2973 2263 3028 hic
2294 2971 2628 3026 notabimus.
2661 2967 2717 3026 In
2759 2971 3056 3037 Evangeiio
3087 2969 3349 3036 Mattluei,
3379 2969 3464 3023 in-

1865 3066 2032 3136 signis
2066 3065 2151 3120 illa
2182 3065 2438 3135 pericope
2469 3064 2536 3119 de
2558 3065 2747 3134 primis
2769 3063 3295 3118 accubitibusctena:
3319 3061 3465 3133 (cap.

1869 3175 1958 3221 xx,
1982 3173 2123 3214 vers.
2147 3157 2243 3224 28)
2267 3159 2318 3212 in
2343 3158 2684 3230 interpolatis
2711 3158 2858 3213 hisce
2883 3157 3076 3212 Graece
3097 3158 3208 3228 jam
3234 3158 3470 3229 primum

165 3248 296 3302 enim
319 3291 333 3315 ,
361 3259 426 3305 ut
454 3268 488 3306 e
523 3249 730 3306 Latinis
768 3244 1044 3306 doctiores
1083 3251 1248 3321 aliqui
1293 3259 1546 3321 excerpta
1598 3252 1758 3304 unde-

1870 3263 2095 3324 apparet
2129 3271 2143 3310 :
2172 3251 2341 3327 Ὑμεῖς
2373 3251 2426 3309 δέ
2467 3258 2668 3318 ζητεῖτε
2715 3254 2767 3306 ἐκ
2805 3258 2990 3330 μικροῦ
3018 3253 3257 3318 αὐξῆσαι,
3309 3257 3392 3309 καί
3419 3253 3472 3308 ἐκ

165 3354 383 3412 cumque
422 3341 666 3408 scholia,
700 3354 753 3399 et
795 3339 1124 3414 insigniores
1171 3344 1454 3414 pericOpas
1484 3341 1767 3412 ascripsis-

165 3445 274 3490 sent
297 3437 361 3492 ad
392 3453 550 3493 oram
579 3453 798 3494 suorum
830 3439 1246 3508 exemplarium,
1273 3435 1510 3494 librariis
1534 3451 1595 3493 ea
1619 3445 1769 3492 tran-

164 3531 436 3600 scripturis
487 3533 616 3586 illud
667 3531 870 3603 negetii
912 3524 1099 3587 datum
1151 3541 1305 3597 erat,
1351 3541 1410 3585 ut
1454 3531 1765 3586 universam

166 3619 292 3678 hanc
323 3623 654 3696 farraginem
678 3625 1025 3694 marginalem
1056 3625 1107 3677 in
1143 3623 1549 3695 Apographisui
1571 3635 1768 3692 corpus

163 3721 611 3776 transmitterem.
657 3713 982 3788 ilujusmodi
1032 3718 1250 3774 codices
1290 3717 1532 3772 nonnulli
1583 3716 1770 3771 hodie-

163 3827 256 3881 que
284 3821 508 3870 exstant
545 3816 776 3876 misere.
810 3827 1081 3884 supraque
1114 3827 1332 3866 omnem
1365 3809 1582 3866 modum
1613 3809 1767 3864 mixti

164 3913 214 3957 et
258 3907 541 3964 maculati.
593 3905 903 3963 Pervetusti
939 3907 1182 3977 plerique
1216 3919 1405 3960 omnes
1429 3947 1442 3971 ,
1474 3913 1528 3958 et
1558 3903 1769 3958 eximiae

163 4000 282 4054 olim
344 4004 492 4073 apud
545 4003 924 4058 Occidentales
979 4000 1352 4065 auctoritatis;
1399 4011 1573 4070 eoque
1623 4008 1771 4053 certe

166 4095 418 4161 majoris,
472 4095 618 4165 quod
676 4095 1018 4165 interpolatis
1073 4096 1189 4148 istis
1245 4093 1559 4149 Versionem
1611 4093 1769 4147 istam

164 4188 328 4258 magis
370 4189 658 4260 magisque
686 4189 1146 4244 accommodatam
1176 4186 1425 4243 dederint
1451 4187 1627 4241 Latini
1656 4185 1769 4242 alii.

165 4277 292 4336 ilioc
337 4284 492 4337 enim
549 4281 693 4337 haud
756 4297 1020 4353 quaquam
1079 4282 1385 4337 dubitatum
1443 4291 1598 4348 erat,
1637 4281 1771 4350 quin

163 4371 377 4445 Grieca,
437 4376 636 4448 quibus
691 4378 876 4432 Latina
933 4377 1048 4432 iure
1092 4384 1198 4432 tam
1257 4377 1426 4446 probe
1478 4374 1773 4444 responde-

162 4467 315 4539 bant,
370 4471 732 4543 origina'rium
777 4471 927 4526 illum
975 4481 1180 4526 textum
1236 4471 1505 4540 integrum
1555 4475 1611 4524 et
1665 4465 1773 4522 illi-

161 4561 340 4620 batum
383 4566 768 4632 exhibuerint,
810 4565 876 4619 ad
913 4580 1073 4635 quem
1104 4577 1365 4634 expressa
1389 4561 1565 4617 fuerat
1589 4558 1773 4615 italiea

1871 3349 2099 3420 μείζονος
2127 3347 2524 3404 ἒλαττονεῖσθαι·
2558 3346 2660 3416 (sic
2700 3347 2843 3401 enim
2877 3347 3189 3418 legendum)
3223 3347 3471 3424 εἰσερχό-

1872 3461 2014 3512 μενοι
2054 3437 2107 3494 δέ
2153 3462 2202 3493 κ.
2251 3462 2301 3496 τ.
2349 3439 2398 3492 λ.
2439 3438 2594 3509 cujus
2625 3453 2743 3492 cum
2780 3447 2985 3508 partem
3019 3438 3377 3509 posmriorem
3409 3453 3476 3493 ex

1873 3529 2062 3596 Lucae,
2101 3547 2222 3601 cap.
2266 3547 2376 3596 xlv,
2411 3549 2553 3587 vers.
2589 3532 2644 3598 8,
2679 3542 2951 3602 sumptam
2979 3547 3144 3587 nemo
3175 3545 3279 3586 non
3313 3531 3479 3598 norit,

1873 3633 1984 3677 tum
2024 3632 2171 3679 certe
2216 3624 2362 3692 prior
2394 3624 2558 3698 (quod
2588 3623 2824 3679 nendum
2859 3639 2887 3678 a
2919 3637 3190 3695 quoquam
3224 3625 3482 3681 observa-

1874 3727 2007 3783 tmn,
2029 3717 2170 3788 quod
2195 3718 2388 3791 sciam)
2414 3732 2594 3773 orlmn
2623 3717 2812 3773 habuit
2840 3735 2903 3773 ex
2929 3716 3132 3774 Grtccis
3158 3715 3310 3774 Cant.
3332 3719 3483 3790 ejus-

1873 3812 1996 3869 dem
2041 3812 2342 3883 Evangelii,
2373 3829 2492 3881 cap.
2528 3829 2666 3877 xxtt,
2701 3827 2845 3868 vers.
2877 3812 2969 3877 27,
3001 3812 3074 3869 :28
3107 3830 3121 3865 :
3151 3811 3276 3887 Ἐγὼ
3304 3815 3404 3890 ’γὰρ
3433 3814 3482 3868 ἐν

1873 3909 2016 3979 μέσῳ
2043 3908 2185 3979 ὑμῶν
2208 3902 2350 3966 ἦλθον
2373 3909 2474 3979 οὐχ
2505 3909 2573 3967 ὡς
2596 3906 2621 3961 ὁ
2652 3908 2994 3979 ἀνακείμενος,
3025 3905 3130 3961 αλλ’
3159 3909 3226 3968 ὦς
3249 3907 3274 3961 ὁ
3301 3905 3481 3963 διακο-

1872 4007 1967 4054 νῶν
1989 4004 2076 4056 καὶ
2096 4001 2243 4074 ὑμεῖς
2264 4002 2504 4066 ηὐξήθητε
2530 4001 2576 4054 ἐν
2600 4009 2662 4076 τῇ
2685 3999 2910 4077 διακονίᾳ
2932 4023 3053 4072 μου,
3079 4004 3146 4062 ὡς
3169 4001 3193 4056 ὁ
3223 3999 3478 4069 διακονῶν,

1875 4097 1921 4151 οἱ
1965 4095 2381 4169 διαμεμενηκότες
2409 4119 2457 4150 κ.
2487 4115 2537 4151 τ.
2571 4095 2620 4149 λ.
2670 4097 2801 4166 Cap.
2837 4111 2950 4162 xxr,
2983 4111 3131 4150 vers.
3165 4093 3255 4160 3:2,
3282 4111 3403 4151 cum
3429 4098 3486 4152 in

1879 4190 2135 4258 parobola
2184 4188 2254 4246 de
2297 4188 2424 4244 ﬁliis
2454 4189 2667 4244 duolms
2697 4189 2748 4243 in
2779 4189 2991 4244 vineam
3018 4189 3098 4244 ire
3123 4189 3315 4260 jussis,
3350 4206 3484 4260 quo-

1875 4301 1993 4339 rum
2040 4285 2192 4356 prior
2220 4300 2280 4340 se
2314 4300 2422 4340 non
2463 4283 2662 4339 iturum
2693 4284 2850 4351 dixit,
2880 4283 3039 4341 iverit
3061 4295 3262 4353 tamen,
3297 4296 3483 4356 poste-

1875 4377 1986 4432 rior
2015 4377 2210 4432 iturum
2240 4391 2321 4443 se,
2349 4376 2444 4432 sed
2473 4392 2578 4432 non
2608 4375 2768 4432 iverit
2796 4393 2916 4432 cmn
2947 4376 3278 4433 voluntatem
3309 4377 3486 4434 Patris

1879 4473 1929 4527 in
1960 4473 2081 4527 cod.
2115 4471 2389 4542 aliquibus
2419 4471 2612 4528 iecisse
2635 4471 2910 4527 diceretur
2939 4469 3195 4543 ἔσχατος,
3233 4487 3327 4525 seu
3355 4487 3482 4540 pos-

1880 4570 2048 4623 terior
2089 4569 2170 4636 (ut
2215 4568 2267 4621 in
2305 4563 2514 4621 Latinis
2555 4565 2833 4622 mendosis
2875 4575 3000 4621 ante
3045 4563 3482 4636 Hieronymum),

163 4659 364 4714 versio.
417 4657 877 4724 Con~cntientia,
931 4662 1006 4714 sic
1039 4653 1602 4724 utdiximus,Cr:c'ca
1635 4656 1770 4721 hrec,
1801 4629 2056 4732 1)neque
2102 4675 2231 4715 vero
2277 4660 2436 4715 aliter
2482 4661 2708 4715 haberet
2755 4660 3037 4730 exemplar
3075 4658 3487 4726 interpolatoris

161 4762 212 4806 ct
237 4751 460 4818 Latina.
487 4756 718 4824 primum
748 4763 897 4810 certe
919 4753 1139 4824 diuque,
1162 4763 1224 4807 'ut
1249 4751 1482 4819 videtur,
1501 4761 1774 4815 Scorsum,

163 4854 216 4900 et
251 4848 302 4902 in
349 4849 625 4904 distinctis
665 4848 1034 4904 voluminibus
1077 4843 1420 4903 incedebant.
1457 4847 1650 4901 P051811
1682 4861 1778 4900 au-

162 4948 291 5006 tem,
323 4943 472 5014 quod
493 4941 633 5014 “apud
665 4943 1045 5000 Occidentales
1076 4944 1274 5014 lingua:
1299 4941 1504 4999 Gralcae
1537 4939 1776 4997 studium

161 5031 560 5107 aliquantulum
608 5037 806 5094 ﬂorere
851 5037 1111 5108 cmperit,
1170 5036 1397 5092 eruditis
1441 5051 1472 5092 e
1515 5051 1573 5091 re
1603 5035 1776 5089 visum

162 5140 276 5195 est,
318 5133 678 5203 origioarium
725 5141 927 5188 textum
958 5175 970 5196 ,
1011 5143 1062 5187 et
1094 5133 1402 5187 versionem
1432 5129 1531 5186 sub
1560 5129 1776 5186 oculum

161 5223 323 5278 simul
351 5225 622 5282 exhibere
645 5239 662 5290 ζ
687 5227 856 5296 idque
883 5225 967 5282 vel
1000 5225 1050 5279 in
1082 5224 1270 5279 eadem
1297 5223 1518 5295 pagina,
1549 5223 1695 5293 quod
1726 5223 1778 5277 in

162 5319 451 5372 nonnullis
493 5312 651 5374 libris
687 5315 890 5374 factum
923 5319 1214 5383 videmus;
1247 5317 1332 5372 vel
1359 5316 1410 5371 in
1441 5313 1692 5380 diversis,
1724 5325 1783 5371 ut

163 5409 214 5462 in
244 5411 372 5466 aliis
397 5411 698 5483 aliquibus,
721 5429 784 5468 ac
806 5413 1084 5482 speciatim
1112 5412 1165 5466 in
1194 5411 1296 5466 hoc
1325 5408 1778 5480 Cantabrig’iensi.

243 5504 422 5574 Hujus
456 5513 625 5572 certe,
659 5507 726 5562 de
755 5520 862 5577 quo
889 5506 999 5575 jam
1043 5506 1274 5576 agimus,
1301 5503 1489 5558 Grtcea
1531 5503 1675 5573 quod
1698 5513 1786 5556 at-

165 5600 324 5664 tinet,
359 5602 456 5653 vix
482 5599 588 5655 dici
611 5609 814 5673 potest,
843 5613 1002 5671 quam
1029 5612 1195 5670 supra
1225 5611 1445 5654 omnem
1467 5594 1694 5652 modum
1726 5597 1784 5652 in

166 5693 229 5747 iis
273 5686 594 5762 digerendis
627 5696 853 5750 licenter
883 5710 942 5749 se
970 5694 1220 5765 gesserit.
1254 5708 1316 5746 ac
1358 5687 1516 5763 plane
1545 5689 1793 5747 lascivie-

165 5789 233 5841 rit
280 5788 684 5855 Interml-nlnr,
719 5790 965 5859 quisquis
1009 5790 1117 5843 ille.
1155 5789 1210 5843 In
1247 5788 1428 5843 animo
1475 5786 1578 5857 ipsi
1627 5786 1795 5843 fuisse

163 5880 342 5979 prima
397 5882 577 5940 fronte
621 5882 939 5948 credideris,
979 5895 1086 5938 non
1120 5882 1338 5954 quidem
1385 5890 1593 5939 textum
1619 5882 1795 5952 ipsum

1880 4755 2087 4821 nostri;
2117 4772 2223 4826 quo
2256 4755 2308 4808 in
2340 4753 2562 4809 Scribas
2589 4764 2638 4808 et
2670 4751 3023 4817 Sacerdotes,
3053 4751 3169 4806 ﬁlio
3196 4752 3487 4820 pomeriori

1880 4851 1931 4904 in
1957 4851 2124 4918 ipsius
2155 4857 2305 4905 textu
2332 4858 2700 4918 comparatos,
2725 4846 3014 4916 qoadraret
3049 4844 3164 4899 haec
3195 4845 3473 4913 parobola,

1881 4953 2189 5014 expuncto,
2238 4941 2367 4997 fecit
2403 4940 2590 5003 ἰδόντες
2621 4941 2986 5015 μετεμελήθητε
3007 4980 3022 5003 ,
3048 4949 3238 4993 cutura
3268 4951 3484 4994 omnem

1884 5036 2130 5092 codicum
2162 5033 2348 5101 ﬁdem,
2377 5042 2432 5089 et
2459 5034 2784 5088 sententiam
2814 5031 3132 5086 Salvatoris.
3164 5029 3317 5099 Apud
3347 5030 3490 5085 Mar-

1884 5147 2006 5188 cum
2030 5173 2044 5198 ,
2080 5145 2199 5199 cap.
2248 5147 2309 5186 ll.
2349 5143 2492 5184 vers.
2522 5127 2614 5194 ‘26,
2648 5125 2969 5198 particulam
3009 5127 3094 5181 ἐπὶ
3131 5124 3369 5203 ’Λϐιάθαρ
3395 5131 3489 5181 τοῦ

1881 5225 2193 5301 ἀρχιερέως,
2219 5238 2318 5278 ceu
2357 5221 2602 5276 historia:
2633 5219 2852 5276 veritati
2877 5218 3017 5274 lniud
3039 5227 3490 5287 consentaneam,

1885 5317 2141 5372 sustulit:
2175 5325 2236 5372 ut
2266 5325 2320 5372 et
2357 5315 2546 5380 verba.
2572 5318 2678 5376 πᾶς
2697 5315 2801 5389 γὰρ
2825 5316 2955 5390 πυρί
2982 5312 3334 5376 ἁλισθήσεται,
3362 5325 3484 5380 cap.

1887 5427 1976 5478 ιχ,
2019 5425 2163 5467 vers.
2214 5409 2306 5477 49,
2341 5407 2485 5480 quod
2525 5409 2664 5464 forte
2713 5408 2949 5464 absurda
2992 5406 3332 5462 viderentur.
3375 5403 3496 5461 Alia

1886 5509 2148 5570 mutavit,
2179 5503 2520 5575 Evangelioa:
2559 5502 2804 5556 veritatis
2825 5501 3029 5556 studio.
3061 5499 3198 5569 Cap.
3228 5517 3318 5568 xv,
3351 5516 3496 5554 vers.

1887 5599 1993 5667 25,
2033 5613 2158 5656 cum
2185 5599 2242 5654 in
2279 5597 2574 5668 exemplari
2616 5613 2716 5652 suo
2757 5596 2956 5664 fuerit,
2986 5595 3045 5658 ἦν
3075 5596 3135 5653 δὲ
3165 5600 3278 5674 ὥρα
3318 5599 3496 5673 rpite,

1893 5700 1972 5752 καὶ
1989 5699 2045 5752 ἐσ
2058 5698 2334 5773 ταύρωσαν
2353 5692 2807 5760 adrév,cruciﬁxio
2829 5700 2957 5748 vero
2973 5705 3078 5747 non
3103 5695 3202 5747 nisi
3222 5693 3287 5747 ad
3302 5691 3500 5748 horam

1895 5799 2108 5842 sextam
2141 5829 2154 5849 ,
2181 5803 2278 5841 seu
2313 5788 2470 5853 paulo
2507 5795 2631 5838 ante
2663 5786 2972 5856 rootigeiit,
3007 5802 3076 5840 tte
3111 5785 3239 5855 quid
3270 5786 3386 5840 falsi
3423 5788 3509 5852 (ut

1898 5882 2000 5952 ipsi
2051 5881 2357 5952 videbatur.)
2388 5880 2597 5936 diceret
2639 5879 3016 5952 Evangelista,
3049 5879 3282 5936 mutavit
3308 5880 3502 5938 imis
