3934 6332
541 313 645 372 871

1297 306 1390 365 ΔΙ)
1427 300 2008 364 EVANGELIARIUM
2047 299 2321 362 EUSEBII
2360 301 2703 362 VERCELL.
2744 303 3117 365 APPENDIX.

3689 311 3766 369 872

525 453 706 512 ρωσαν
750 429 805 486 in
849 429 1153 503 ἐφύλασσον,
1183 427 1253 481 ita
1281 425 1428 483 enim
1461 425 1609 481 salva
1641 424 1847 481 omnia.
1882 423 2146 495 Ejusdem
2171 431 2226 496 Α
2251 422 2352 490 iis,
2394 440 2529 494 quas
2558 425 2867 499 Cantabrig.
2897 443 3022 483 cum
3054 426 3178 484 aiiis
3207 425 3367 483 codd.
3393 441 3675 485 communes
3695 429 3765 486 lia-

528 527 747 598 generis
790 532 874 579 est
916 521 1078 590 illud,
1110 522 1182 585 εἰς
1208 522 1260 578 τί
1287 518 1556 581 ὠνείδισάς
1586 540 1670 592 με,
1706 533 1827 590 cap.
1863 534 1955 581 xv,
1990 532 2139 571 vers.

527 620 626 676 51.
654 619 805 676 Haud
834 618 1044 674 ferebat
1070 618 1339 689 qniSpiatn
1363 614 1481 688 (qui
1501 616 1642 671 idem
1667 614 1805 685 apud
1830 612 2142 669 Matthmnm

528 713 734 768 dictum
777 725 901 767 esse
951 727 1057 767 non
1104 710 1218 782 jam
1272 706 1620 777 meminerat)
1671 718 1731 761 ut
1763 706 2046 772 Christus,
2086 705 2143 758 in

524 822 687 864 cruce
739 806 1019 876 pendens,
1053 819 1114 859 se
1144 818 1176 857 a
1208 803 1319 858 Deo
1353 801 1677 857 derelictum
1710 797 1920 854 diceret
1955 816 1968 853 :
1998 797 2143 853 unde

528 901 832 959 emollitum
873 900 1046 955 voluit
1075 900 1420 975 ἄγκατέλειπες
1439 897 1504 952 ad
1536 912 1707 968 marg.
1734 910 1829 966 per
1852 890 2139 958 ὠνείδισας,

531 1009 633 1052 ceu
682 993 953 1051 Salvatori
990 990 1237 1062 apprime
1259 986 1928 1061 congruum,..ludaaorum
1953 984 2142 1037 sannis

523 1098 582 1146 et
625 1088 971 1144 contumeliis
998 1088 1111 1156 jam
1146 1085 1396 1155 itnpetito
1427 1100 1441 1137 :
1495 1084 1597 1137 hoc
1626 1091 1827 1147 autem,
1856 1078 1909 1133 in
1937 1077 2143 1134 codicis

524 1180 688 1255 hujus
727 1196 792 1237 ac
837 1181 1071 1236 aliorum
1109 1178 1254 1234 haud
1282 1176 1446 1234 dubie
1477 1176 1710 1245 aliquem
1749 1182 1954 1230 textum
2005 1169 2142 1225 irre-

528 1277 656 1350 psit.
698 1276 756 1332 In
811 1274 1109 1345 Evangelio
1155 1271 1345 1337 Lucae,
1382 1269 1470 1326 ubi
1519 1268 1745 1339 insignis
1786 1282 1894 1337 prae
1926 1263 2141 1320 caeteris

525 1372 730 1443 codicis
761 1369 921 1440 hujus
952 1368 1023 1425 ab
1049 1366 1171 1423 aliis
1200 1366 1431 1421 variatio
1466 1372 1574 1427 est,
1607 1361 1844 1417 obtrusit
1870 1358 2028 1414 nobis
2057 1359 2140 1412 in—

525 1467 826 1537 terpolator
857 1479 1051 1520 novam
1088 1460 1291 1518 Christi
1311 1457 1708 1534 genealogiam,
1742 1471 1847 1527 qua
1879 1453 2141 1511 concilia-

527 1568 616 1617 tur
639 1562 812 1616 Lucas
839 1573 962 1615 cum
989 1557 1069 1613 Ma
1082 1558 1270 1611 tthteo.
1290 1554 1345 1608 In
1379 1554 1503 1620 hac,
1534 1567 1659 1622 pars
1682 1548 1796 1615 illa,
1822 1563 1927 1619 qua
1949 1562 2140 1602 ascen-

525 1655 673 1710 ditur
716 1670 745 1709 a
774 1651 1017 1723 Josepho
1045 1650 1113 1706 ad
1141 1649 1490 1706 Salomonem
1525 1648 1655 1715 (non
1684 1641 1750 1697 ad
1783 1635 2136 1710 Nathanem),

527 1748 770 1807 Matthmi
819 1756 921 1813 est,
954 1744 1175 1801 insertis
1219 1743 1507 1799 dumtaxat
1536 1738 1788 1802 Eliacim,
1820 1745 2015 1806 praeter
2047 1731 2139 1788 Je-

2244 516 2372 583 bet,
2422 534 2529 574 non
2560 520 2834 591 loquimur
2879 538 2893 576 z
2924 521 3014 578 hic
3042 536 3138 577 eas
3162 520 3442 576 dumtaxat
3465 521 3765 594 attingemus.

2245 625 2368 680 quae
2398 610 2452 665 in
2486 627 2595 666 uno
2631 614 2769 679 hoc,
2802 615 2948 685 quod
2981 614 3151 670 sciam
3177 656 3192 681 ,
3221 624 3510 670 occurrunt
3536 617 3767 685 exemplari

2245 702 2460 771 Graeco,
2484 706 2690 769 Χωλοὺς
2714 749 2730 775 ,
2770 708 3013 783 τυφλοὺς,
3054 710 3287 770 κυλλούς.
3336 707 3516 763 Matth.
3560 724 3662 780 cap.
3686 725 3766 777 xv,

2244 812 2390 853 vers.
2425 798 2528 865 30,
2566 799 2722 855 abest
2747 815 2779 855 a
2810 812 3003 858 nostro
3060 805 3295 878 κωφούς,
3338 801 3592 859 inclusum
3613 801 3768 859 scilicet

2245 892 2299 948 in
2329 895 2689 964 sequentibus
2715 899 2803 952 καὶ
2830 896 3039 974 ἑτέρους
3075 896 3321 960 πολλούς.

2296 992 2397 1051 Εἰς
2425 992 2710 1051 ἀπάντησιν
2732 998 2826 1049 τοῦ
2845 995 3060 1067 νυμφίου
3087 996 3174 1049 καὶ
3200 1002 3294 1055 τῆς
3310 996 3518 1067 νύμφης,
3542 1008 3644 1065 cap.
3675 1010 3766 1057 xxv.

2243 1098 2390 1139 vers.
2426 1085 2489 1150 l;
2524 1084 2604 1139 sic
2644 1095 2697 1140 et
2732 1084 3002 1157 Vulgata,
3034 1086 3160 1158 Syr.
3196 1102 3262 1142 ac
3290 1088 3491 1153 Latini;
3524 1102 3610 1144 nec
3629 1087 3767 1142 dubito

2244 1179 2370 1249 quin
2394 1178 2469 1234 ita
2490 1179 2724 1234 Mattha-i
2749 1180 3045 1250 lnterpres.
3069 1180 3201 1247 Sed,
3232 1181 3377 1252 quod
3401 1180 3530 1236 intra
3551 1181 3611 1237 de
3630 1182 3767 1251 Sponsi

2241 1270 2415 1325 solius
2445 1286 2674 1327 occursu
2714 1272 2811 1327 liat
2844 1273 3085 1338 mentio,
3132 1287 3309 1344 neque
3338 1272 3437 1327 nisi
3466 1272 3631 1343 sponsi
3650 1272 3765 1327 dum-

2244 1371 2396 1418 taxat
2420 1378 2685 1420 occursus
2732 1375 3102 1432 memoretnr,
3158 1368 3210 1421 in
3247 1366 3617 1437 posterioribus
3652 1367 3767 1421 codd.

2241 1455 2499 1511 delebant
2530 1456 2661 1511 illud
2709 1460 2795 1514 καὶ
2827 1465 2920 1521 τῆς·
2966 1459 3163 1532 νύμφης
3192 1458 3369 1515 Cra-ci
3388 1497 3403 1524 ,
3433 1473 3525 1515 seu
3552 1473 3767 1529 perperam

2242 1552 2310 1605 ab
2342 1551 2581 1621 antiquis
2628 1550 2897 1606 additum.
2926 1581 2999 1592 —
3028 1550 3150 1609 ’Δπὸ
3179 1559 3275 1608 τοῦ
3306 1553 3518 1625 αἵματος
3552 1553 3704 1609 τοὺτου
3726 1551 3771 1621 (α

2224 1644 2495 1714 sanguine
2527 1641 2707 1710 hujus,
2756 1644 2916 1697 Cant.
2951 1641 3125 1713 Lat.),
3176 1658 3297 1712 cap.
3349 1659 3520 1708 xxvtt,
3549 1658 3670 1698 vers.
3692 1641 3769 1707 ‘24,

2239 1734 2426 1790 addito
2453 1741 2545 1791 τοῦ
2569 1732 2787 1792 δικαίου.
2825 1764 2897 1776 -
2924 1734 3189 1814 Ἀργύριον
3238 1737 3431 1805 ἱκανὸν,
3478 1751 3588 1805 cap.
3629 1750 3769 1797 mut,

531 1844 784 1902 choniam
833 1851 889 1898 et
931 1840 1137 1898 Josiam
1156 1882 1172 1909 ,
1211 1839 1424 1895 Amasia
1460 1839 1615 1903 item,
1645 1833 1799 1897 Joas,
1828 1844 1882 1889 et
1911 1829 2137 1886 Ochosia
2169 1837 2215 1897 Β
2242 1841 2384 1882 vers.
2413 1826 2503 1894 12,
2526 1842 2650 1883 eum
2682 1827 2866 1899 Steph.
2894 1827 2964 1899 β’,
2985 1826 3138 1883 Cant.
3163 1837 3218 1884 et
3238 1827 3402 1899 Vulg.
3427 1828 3626 1884 omnino
3643 1838 3766 1883 recte.

530 1938 676 1994 inter
703 1937 909 2003 Usiam,
941 1943 997 1992 et
1018 1933 1229 2000 Joram,
1276 1948 1414 2003 quos
1445 1928 1791 2001 Evangelista
1819 1928 1925 1983 iste
1944 1946 2140 1983 τισσα-

526 2028 811 2110 ραδεκάδων
860 2026 1369 2085 constituendarum
1418 2023 1590 2095 gratia
1645 2020 2071 2093 praetermiserat
2121 2037 2135 2075 :

526 2129 760 2198 reliqua,
792 2140 823 2180 a
848 2124 1144 2182 Salomone
1166 2120 1236 2176 ad
1274 2120 1543 2176 Adamum
1574 2131 1770 2187 usque,
1797 2131 1828 2169 ιι
1858 2114 2139 2170 codicibus

524 2221 686 2278 Luca:
718 2219 858 2275 haud
885 2219 1120 2275 variant.
1161 2214 1420 2272 Immanis
1452 2221 1601 2268 certe
1636 2211 1753 2266 haec
1782 2218 1868 2266 est
1896 2209 2134 2264 licentia.

527 2315 637 2373 Sed
673 2321 730 2370 et
766 2314 820 2368 in
862 2311 1008 2367 hunc
1047 2310 1269 2366 modum
1296 2307 1587 2363 nonnullos
1602 2306 1713 2375 jam
1740 2304 1869 2359 olim
1898 2304 1949 2358 in
1983 2310 2136 2358 textu

525 2407 854 2480 Evangelico
905 2415 1184 2478 grassatos
1241 2402 1407 2458 fuisse
1479 2407 1711 2455 testatur
1772 2396 2137 2469 Hieronymus

524 2500 688 2559 Prtef.
720 2501 787 2556 ad
815 2500 1132 2556 Damasum.
1166 2494 1288 2563 Ille,
1316 2493 1518 2564 inquit,
1547 2493 1636 2563 qui
1670 2507 1831 2545 unum
1854 2505 1881 2544 ε
1905 2498 2138 2561 quatuor

525 2596 752 2669 primum
791 2595 1019 2668 legerat,
1067 2590 1138 2646 ad
1181 2590 1295 2657 eius
1341 2585 1632 2659 exetnplum
1673 2593 1886 2640 crateras
1933 2598 2136 2653 quoque

525 2688 837 2746 existimavit
880 2684 1254 2744 emendandos.
1294 2682 1477 2748 Lucae,
1507 2695 1629 2749 cap.
1679 2695 1751 2746 v1,
1796 2692 1941 2735 vers.
1972 2678 2029 2743 4,
2067 2675 2135 2731 ad

523 2782 755 2849 calcem,
788 2789 969 2837 essm
1013 2778 1125 2846 hic,
1154 2788 1213 2833 et
1243 2774 1297 2831 in
1330 2773 1518 2844 Steph.
1547 2770 1592 2845 β’
1623 2770 1851 2841 insignis
1880 2769 2136 2839 pericope

523 2877 594 2934 de
642 2876 863 2931 homine
892 2882 1155 2945 operante
1192 2870 1282 2925 die
1311 2866 1553 2931 sabbati,
1591 2880 1713 2935 qua:
1740 2864 2024 2933 desumpta
2055 2861 2134 2916 vi-

522 2972 683 3030 detur
710 2987 778 3026 ex
810 2968 1103 3037 Evangelio
1130 2962 1427 3021 secundum
1462 2960 1739 3015 Hebraeos.
1768 2956 1964 3013 Nescio
1983 2971 2052 3010 an
2079 2962 2136 3010 et

520 3081 590 3122 ex
618 3061 887 3136 ejusmodi
917 3059 1151 3134 διηγήσει
1175 3056 1354 3128 aliqua
1383 3052 1693 3126 provenerit
1721 3050 1967 3118 traditio,
2010 3064 2134 3119 qua:

522 3157 763 3215 occurrit
790 3155 843 3211 in
879 3155 982 3208 hoc
1010 3151 1225 3214 codice,
1268 3163 1389 3218 cap.
1420 3160 1556 3202 xmt
1577 3186 1591 3211 ,
1628 3159 1772 3200 vers.
1802 3141 1897 3208 54,
1922 3141 1988 3197 de
2016 3156 2129 3195 ma-

2240 1920 2350 1977 Sed
2382 1936 2506 1976 cum
2539 1938 2700 1991 supra
2727 1922 2781 1977 in
2805 1922 2999 1978 Graeco
3026 1923 3078 1977 in
3109 1936 3233 1992 cap.
3264 1922 3583 1994 praecedenti
3606 1921 3665 1977 sit
3686 1936 3771 1991 per.

2240 2028 2410 2087 petuo
2441 2016 2656 2086 plurale
2698 2017 2926 2093 ἀργύρια
2955 2026 3011 2071 ct
3032 2058 3048 2084 ,
3091 2016 3238 2083 quod
3269 2016 3446 2087 magis
3469 2058 3484 2083 ,
3513 2015 3651 2087 paulo
3672 2013 3769 2069 intra

2240 2123 2292 2161 v.
2325 2107 2424 2175 15,
2458 2108 2660 2162 milites
2692 2108 2973 2177 accc-pisse
3003 2107 3256 2164 dicantur
3279 2109 3532 2186 ἀργύρια,
3563 2106 3679 2161 haud
3700 2107 3769 2159 nti-

2241 2214 2386 2265 rum,
2416 2199 2460 2255 si
2484 2199 2714 2254 studiosi
2741 2200 2852 2269 jam
2878 2200 3008 2254 olim
3035 2202 3087 2254 in
3112 2200 3363 2272 margine
3383 2201 3595 2256 iecerint
3608 2200 3772 2277 ἀργύρια

2238 2294 2390 2350 ἱκανά
2413 2293 2516 2348 hoc
2544 2292 2667 2349 loco
2688 2310 2704 2358 ;
2735 2293 2880 2364 quod
2906 2308 3036 2349 mox
3061 2294 3405 2349 admiserunt
3429 2293 3606 2349 scriba:
3628 2294 3670 2347 in
3692 2300 3772 2347 tex-

2240 2397 2453 2442 tum.—
2476 2390 2613 2443 Μετὰ
2632 2396 2730 2445 τῶν
2745 2388 2973 2444 τελωνῶν
2998 2391 3085 2445 καὶ
3110 2388 3435 2465 ἁμαρτωλῶν
3463 2386 3600 2445 ἐσθῖει
3615 2427 3627 2450 ,
3649 2384 3768 2440 Marc.

2237 2493 2360 2549 cap.
2393 2495 2465 2543 ll,
2500 2493 2646 2534 vers.
2682 2480 2773 2545 16,
2807 2489 2984 2544 recte;
3017 2490 3104 2543 et,
3135 2489 3193 2533 ut
3217 2480 3480 2545 arbitror,
3508 2476 3770 2549 respondent

2236 2575 2305 2630 ad
2329 2575 2644 2644 praecedens
2665 2574 2858 2636 ὶδὸντες
2877 2575 3027 2630 αὐτὸν
3047 2575 3380 2631 ἐσθίοντα.-
3401 2577 3491 2630 Καὶ
3510 2574 3552 2628 οἱ
3568 2578 3768 2648 φαρισαῑοι

2237 2670 2588 2746 ἐπηρώτησαν
2610 2670 2787 2737 αὐτὸν,
2815 2683 2938 2739 cap.
2976 2685 3026 2735 κ,
3055 2685 3199 2726 vers.
3229 2669 3283 2724 2.
3308 2668 3772 2747 mammam-“gnte

2238 2762 2287 2815 οἱ
2317 2769 2584 2838 φαρισαῐοι
2615 2762 2759 2831 quod
2803 2764 2856 2816 in
2885 2762 3090 2817 nostris
3127 2761 3239 2833 jam
3268 2764 3525 2817 omnibus
3545 2803 3560 2828 ,
3590 2756 3770 2816 Ιίνιιὴεί

2236 2867 2418 2912 est.—
2440 2860 2534 2913 Καὶ
2562 2856 2783 2934 ἔρχεται
2811 2860 2884 2919 εἰς
2909 2856 3131 2930 ἰερίχω,
3157 2871 3279 2927 cap.
3306 2874 3369 2924 Χ,
3390 2873 3527 2914 vers.
3552 2856 3630 2912 16.
3655 2854 3710 2910 Ita
3732 2851 3770 2907 in

2236 2951 2498 3022 singulari
2529 2954 2695 3008 etiam
2719 2950 2913 3019 Lucas,
2939 2951 3104 3007 Marci
3135 2952 3397 3008 assiduus
3425 2960 3656 3007 sectator.
3681 2947 3770 3001 Plu-

2237 3047 2353 3102 rale
2383 3046 2666 3124 ἔρχονται,
2702 3046 2901 3102 factum
2935 3046 3151 3103 videtur
3171 3063 3239 3102 ex
3265 3045 3537 3102 Matthzco.
3563 3071 3622 3088 —-
3645 3040 3712 3098 *Ην
3730 3038 3769 3096 δέ

2234 3141 2296 3196 τὸ
2321 3139 2522 3212 πάσχα
2540 3141 2674 3211 μετά
2693 3137 2787 3195 δύο
2809 3140 3022 3219 ἡμέρας,
3066 3154 3187 3209 cap.
3221 3154 3343 3207 XIV,
3375 3155 3513 3195 vers.
3542 3138 3589 3192 1.
3622 3133 3682 3190 ιω
3702 3133 3770 3187 ita.

522 3250 807 3325 gnitudine
852 3246 1052 3317 lapidis
1120 3241 1360 3299 revoluti
1412 3239 1479 3294 ad
1530 3237 1731 3293 ostium
1784 3234 2121 3290 monumenti

2232 3233 2361 3288 bent
2387 3232 2413 3286 1
2427 3233 2586 3286 (alica
2626 3242 2682 3288 et
2729 3233 2933 3289 Saxon.
2978 3262 3051 3274 —
3079 3233 3139 3289 Οἱ
3178 3232 3472 3311 ἁμαρτωλοὶ
3512 3228 3770 3308 ἁμαρτωλοῖς

513 3345 650 3401 Jesu
674 3359 690 3409 ;
719 3340 984 3413 ejusmodi
1007 3353 1132 3394 cum
1165 3336 1531 3404 luisse,quem
1556 3328 1708 3405 μόγις
1728 3326 1889 3385 εἴκοσι
1913 3327 2124 3384 incultos.

524 3437 583 3494 In
641 3436 785 3491 Actis
839 3429 1214 3504 Apostolorum
1273 3424 1652 3501 (Evangelium
1711 3422 1855 3476 enim
1907 3418 2130 3474 Joannis

521 3530 786 3588 mittimus
807 3568 821 3595 ,
853 3526 1054 3597 quippe
1088 3523 1245 3592 cujus
1278 3519 1569 3576 varietates
1610 3525 1735 3572 sunt
1767 3513 1945 3568 minus
1977 3519 2132 3565 nota-

517 3621 679 3695 biles)
713 3631 893 3677 textus
933 3624 1107 3674 scatet
1144 3613 1376 3670 invectis
1406 3609 1624 3666 aliunde
1655 3605 1886 3663 scholiis
1906 3647 1921 3673 ,
1954 3614 2005 3660 et
2031 3624 2129 3660 πε-

523 3724 738 3799 ριοχαῖς
768 3711 1175 3787 prolixioribus,
1206 3707 1408 3781 quibus
1435 3703 1716 3759 historiam
1756 3698 2126 3770 Apostolicam

514 3795 804 3885 insigniter
849 3806 1136 3865 adauctam
1181 3814 1236 3861 et
1264 3802 1593 3858 illustratum
1620 3797 1844 3852 voluere
1881 3795 2127 3863 interpo-

517 3908 747 3963 latores.
790 3902 869 3960 Ex
901 3903 986 3957 his
1015 3901 1192 3971 aliqua
1222 3905 1441 3954 exstant
1465 3893 1532 3951 ad
1569 3893 1804 3947 frontem
1831 3888 2124 3946 lectionum

516 3998 1029 4058 Ecclesiasticarum
1051 3992 1271 4067 (harum
1299 3990 1443 4046 enim
1462 3985 1714 4051 initialia,
1744 3984 1959 4039 diversa
1992 3979 2127 4035 sub-

515 4095 642 4152 inde
671 4095 740 4149 ab
775 4092 878 4159 iis,
934 4105 1055 4162 qua:
1106 4086 1329 4144 exhibet
1357 4080 1821 4158 npaEanéaroloc,
1854 4074 2128 4133 nonnullis

516 4189 573 4246 in
619 4188 755 4244 locis
801 4187 853 4241 in
902 4184 1049 4240 hunc
1084 4182 1329 4239 codicem
1372 4177 1664 4247 irrepsisse
1704 4170 1937 4246 videas).
1983 4169 2127 4227 Alibi

516 4282 682 4340 etiam
726 4274 1142 4349 quamplurimis
1175 4270 1562 4343 ampliﬁcatam
1604 4267 1809 4324 dedere
1842 4267 1983 4320 hanc
2012 4263 2129 4317 his-

520 4377 749 4442 toriam,
786 4371 1017 4442 adjectis
1054 4364 1511 4430 circumstantiis,
1544 4372 1771 4433 excepta
1797 4374 1924 4428 una,
1954 4367 2011 4413 et
2042 4358 2126 4412 al-

515 4478 655 4537 tera,
680 4465 824 4522 haud
849 4465 901 4520 in
922 4462 1163 4529 idoneis;
1182 4461 1230 4516 si
1253 4458 1507 4516 idoneum
1523 4455 1820 4528 quidquam
1847 4453 2128 4524 dicijpote-

2234 3327 2579 3395 δανείζουσιν,
2609 3329 2696 3385 ἵνα
2727 3328 3060 3396 ἀπολάϐωσι,
3101 3341 3224 3397 cap.
3273 3343 3360 3396 γι,
3396 3341 3535 3383 vers.
3564 3322 3640 3381 54.
3665 3320 3771 3377 Ἀπο-

2234 3422 2438 3478 λάϐωσι
2468 3420 2818 3487 simpliciter,
2850 3429 2910 3475 ut
2948 3422 3004 3476 in
3037 3423 3204 3490 priori
3238 3431 3395 3491 parte
3431 3418 3699 3476 commatis.
3720 3443 3769 3455 --

2236 3513 2360 3573 ’Υπὸ
2385 3518 2537 3571 ἐθνῶν
2564 3512 2727 3591 ἄχρις
2754 3511 2815 3571 οὗ
2860 3516 3215 3594 πληρωθῶσιν,
3245 3529 3370 3585 cap.
3404 3529 3492 3587 xxt
3511 3554 3527 3581 ,
3552 3525 3672 3567 vers.
3695 3508 3765 3571 εὖ,

2236 3620 2426 3682 gentes
2471 3610 2717 3679 scilicet,
2762 3610 3118 3666 conlormiter
3147 3611 3209 3665 Ι).
3244 3610 3420 3666 Paulo
3442 3652 3459 3677 ,
3490 3607 3616 3680 apud
3651 3617 3767 3676 quem

2236 3706 2477 3763 occurrit
2496 3705 2638 3762 haud
2659 3706 2833 3762 semel
2859 3707 3115 3783 πλήρωμα
3133 3713 3235 3761 τῶν
3261 3707 3430 3762 ἐθνῶν.
3445 3732 3499 3744 --
3521 3701 3655 3762 Οὖτις
3670 3699 3767 3754 ἐστὶν

2230 3799 2257 3857 ὁ
2285 3805 2571 3878 προφήτης,
2600 3799 2800 3856 Joann.
2827 3814 2950 3870 cap.
2980 3814 3062 3863 vr,
3087 3814 3233 3854 vers.
3262 3797 3354 3853 14.
3376 3795 3615 3855 -Ὄπον
3637 3792 3769 3867 ἔφην-ι

2228 3895 2317 3952 τὸν
2347 3892 2502 3972 ἄρτον
2523 3937 2537 3960 ,
2573 3909 2695 3965 cap.
2725 3909 2810 3961 Vt,
2859 3908 3003 3949 vers.
3035 3891 3137 3959 23;
3168 3908 3295 3948 mox
3316 3936 3333 3960 ,
3366 3893 3767 3971 εὐχαριστήσοντῡς

2231 3992 2324 4043 τοῦ
2352 3990 2564 4063 Κυρίου.
2612 3984 2820 4041 Verum
2871 3985 3055 4040 missis
3107 3985 3248 4053 istis,
3298 3984 3367 4040 ad
3412 3984 3603 4041 eodieis
3628 3976 3768 4035 Latina

2230 4093 2610 4150 properemus.
2654 4078 2751 4133 Illa
2797 4092 2933 4134 vero
2981 4079 3135 4149 (qum
3187 4076 3254 4132 ad
3308 4077 3508 4132 Italicae
3556 4066 3767 4128 versionis

2231 4172 2515 4241 exemplar
2561 4170 2785 4241 aliquod
2833 4169 3107 4240 descripta
3157 4167 3436 4242 diximus)
3465 4184 3579 4224 cum
3617 4166 3661 4219 in
3686 4161 3768 4232 ple.

2232 4266 2415 4337 risque
2462 4273 2720 4321 accurate
2767 4263 2836 4320 ad
2873 4273 3080 4320 textum
3110 4263 3366 4320 Grazcum
3413 4251 3769 4318 accommodari!

2233 4357 2480 4428 Digestor
2508 4356 2726 4427 Operis,
2759 4366 2976 4412 retento
3000 4355 3193 4413 eodem
3221 4356 3512 4412 verborum
3536 4359 3768 4423 quantuni-

2230 4465 2463 4520 cumque
2495 4449 2975 4519 transpositorum,
3006 4447 3225 4511 ordine,
3249 4457 3306 4504 et
3336 4447 3549 4520 quidem
3575 4441 3695 4498 vitiis
3712 4438 3769 4507 ip-

515 4565 623 4631 rit,
663 4556 1155 4635 quodlhujusmodi
1188 4562 1545 4612 temeratores
1576 4553 1627 4606 in
1659 4566 1874 4607 sacrum
1915 4558 2122 4605 textum
2150 4559 2203 4621 Ι)
2229 4543 2304 4597 sis
2330 4544 2414 4598 sui
2444 4542 2683 4608 codicis;
2715 4541 2810 4598 ubi
2853 4540 2998 4598 enim
3040 4540 3305 4597 deﬁciunt
3344 4541 3529 4599 Graeca
3554 4531 3698 4610 (quod
3719 4529 3769 4583 ob

520 4657 846 4717 intruserint
874 4656 943 4712 de
973 4668 1095 4709 suo.

586 4750 793 4809 Verum
844 4759 1137 4816 utcumque
1166 4744 1305 4800 mire
1349 4738 1683 4811 interpolata
1726 4738 1839 4794 sint
1888 4734 2117 4806 hujusce

509 4843 716 4904 codicis
744 4842 965 4907 Graeca;
995 4853 1120 4895 cum
1153 4846 1335 4892 tamen
1378 4835 1432 4889 in
1476 4832 1666 4888 multis
1701 4831 1976 4887 retineant
2014 4844 2115 4899 pu-

512 4942 733 4998 ritatem
766 4939 1174 5010 primaevorum,
1205 4930 1352 4989 unde
1379 4929 1611 4986 deducta
1642 4936 1803 4992 sunt,
1837 4924 2071 4980 fontium
2097 4967 2113 4992 ,

513 5038 728 5108 cupiam
775 5041 925 5091 certe
973 5030 1117 5086 haud
1167 5026 1420 5098 exiguam
1466 5020 2114 5091 exhibcntgenuinarnm

513 5131 848 5192 lectionum,
892 5141 925 5182 a
970 5122 1206 5195 receptis
1235 5117 1519 5176 hodiernis
1551 5112 2002 5185 discrepantium.
2039 5113 2115 5168 De

592 5247 666 5322 (a)
707 5246 848 5302 Ecce
870 5245 1134 5322 lectiones
1162 5241 1447 5322 diversas;
1494 5233 1662 5322 priori
1715 5232 1837 5287 loco
1884 5230 2110 5313 posita»,

513 5301 775 5377 lec‘tiones
799 5301 1002 5374 codicis
1031 5310 1473 5383 Cuntabrigiemis
1495 5301 1778 5375 designant
1803 5319 1818 5370 ;
1845 5301 2113 5383 posterio-

620 5392 882 5447 lectiones
910 5387 1115 5445 codicis
1136 5375 1321 5458 gra-ci,
1365 5397 1431 5458 ex
1460 5396 1566 5449 quo
1594 5390 1855 5458 expressa
1886 5385 2000 5428 erat
2037 5375 2114 5458 la-

515 5446 836 5519 timrversio
883 5446 1315 5527 Cantabrigiensi
1360 5446 1614 5527 obversa.
1661 5447 2001 5527 Ἐλπιζρυσιν.
2031 5446 2112 5500 ἐλ-

513 5541 746 5598 πιοῦσιν,
778 5533 965 5589 Matth.
997 5545 1095 5593 xu,
1125 5520 1188 5584 ἷι
1210 5545 1226 5594 ;
1250 5527 1432 5598 ἐλάλει,
1459 5524 1615 5586 λαλῶ,
1636 5520 1852 5598 1111.-ιὸ
1876 5536 1889 5581 ;
1940 5539 2111 5598 προαξ-

516 5609 661 5684 έχειν
684 5646 698 5668 ,
747 5606 1042 5684 προσέχετε
1062 5591 1090 5664 ,ἠ
1122 5591 1234 5684 .xvt,
1274 5598 1383 5684 #2:.
1404 5597 1523 5670 ἐμὸν
1549 5600 1723 5684 ιιι-οὖτα
1752 5591 1952 5684 δοῇναι,
1983 5591 2111 5680 "ipsis

514 5664 713 5748 δῗῦναι,
746 5664 838 5738 xit,
865 5664 961 5731 ’ὶῧῖ
986 5703 1057 5715 -—
1080 5674 1273 5748 Δέρριν,
1301 5664 1520 5748 τρὶχάς.
1548 5666 1714 5748 Marc,
1748 5680 1787 5731 t,
1814 5664 1968 5748 6,33?
1988 5665 2072 5748 σοὶ
2090 5701 2103 5722 ,

516 5752 568 5807 ἄν
588 5747 649 5824 ᾧ.
682 5764 720 5808 ι,
750 5748 807 5803 11
833 5765 848 5813 ;
897 5734 1303 5824 εὶςεπορεῦὁνξὸ.
1336 5734 1749 5824 ἒίᾇὲτορεύοντοιι,
1783 5752 1819 5800 ι,
1848 5734 1912 5789 21
1944 5750 1958 5799 ;
1990 5736 2109 5824 t3:-

516 5805 1148 5902 emvéa,_1rapa_ua)téu,:l.
1190 5815 1290 5880 40;
1313 5805 1579 5902 στᾲᾖυᾶε,
1612 5812 1847 5902 ςτάχυχ),
1895 5822 1969 5896 tv:
2001 5805 2107 5871 ‘28;

514 5882 837 5977 βθιτκθμζίνιπι,Ι
870 5882 1215 5972 βοσκομένων,
1263 5902 1322 5959 v,
1354 5882 1478 5961 ili;
1522 5882 1749 5969 ἐθεώρει,
1786 5882 1986 5957 θεωρεῖ,
2032 5892 2065 5932 v
2093 5918 2109 5945 ,

2229 4638 2631 4711 ὁμοιοτέλευτον,
2658 4637 2964 4708 scribaeque
2987 4636 3254 4693 incuriam
3287 4635 3584 4693 innumeris
3604 4634 3649 4685 in
3670 4624 3766 4682 locis

2229 4732 2477 4805 accidit),
2502 4731 2763 4788 deﬁciunt
2792 4742 2849 4787 et
2877 4730 3070 4787 Latina
3097 4773 3113 4800 ,
3144 4748 3255 4787 non
3285 4734 3408 4788 sine
3447 4725 3610 4785 omnis
3634 4734 3766 4791 quan-

2225 4826 2406 4898 doque
2446 4842 2641 4883 sensus
2687 4826 3018 4896 diSpendio;
3069 4836 3180 4882 tum
3226 4838 3381 4883 certe
3411 4842 3476 4883 ex
3506 4821 3651 4878 variis
3674 4815 3765 4870 hinc

2224 4921 2377 4977 illinc
2408 4937 2435 4975 ιι
2463 4921 2655 4978 Graeco
2683 4920 3010 4977 abeuntibus
3038 4921 3230 4992 liquet,
3248 4920 3553 4977 versionem
3578 4916 3693 4971 hanc
3706 4906 3766 4962 di-

2223 5012 2370 5072 versi
2399 5014 2467 5069 ab
2511 5015 2615 5069 hoc
2662 5026 2852 5069 nostro
2885 5022 3064 5069 textus
3112 5012 3190 5085 (a)
3220 5012 3426 5077 fuisse,
3459 5013 3619 5081 iisque
3643 5013 3764 5076 porro

2224 5125 2333 5167 non
2373 5124 2482 5164 uno
2525 5109 2645 5164 loco
2674 5109 2876 5180 glossis
2924 5117 2983 5164 et
3022 5107 3459 5179 expositionibus
3504 5101 3761 5160 Latinorum

2218 5227 2320 5291 58;
2348 5231 2593 5301 τοιαῦτα,
2641 5233 2832 5293 ταῦτα,
2890 5226 2981 5292 Vt,i
2998 5225 3066 5293 2;
3089 5228 3418 5301 κατέγνωσαν
3439 5263 3456 5288 ,
3484 5217 3757 5293 initam:

2220 5315 2315 5364 VII,
2346 5299 2381 5351 Ξ
2402 5314 2416 5363 ;
2441 5300 2646 5373 ἀγαπᾷ,
2673 5304 2822 5371 τιμᾷ,
2856 5313 2956 5361 VII,
2986 5308 3054 5365 li;
3090 5297 3372 5373 καθαρίζει,
3389 5297 3757 5373 ᾐκαθαρίζονιῖυν

2219 5374 2322 5461 ‘19“;
2352 5358 2614 5461 φοίνιῖτιξαξ
2633 5358 2643 5365 ’
2668 5358 3063 5461 adponat-uomat,
3090 5386 3187 5435 VII,
3361 5358 3661 5443 ἶγγὶζᾶυσιν,
3693 5358 3759 5442 ἦῖο

2215 5432 2376 5518 γιζενξ
2415 5444 2546 5520 x1,__l
2571 5432 2851 5520 {xperiar/oi,
2877 5445 3115 5519 προάγει,
3150 5432 3261 5509 Χίἰ,
3285 5441 3318 5494 7
3340 5457 3354 5500 :
3393 5432 3630 5520 εἷςρὦῖοιςί
3648 5432 3757 5503 πιτίῶ

2216 5505 2326 5578 ⁸ἶ-ον,
2358 5528 2471 5589 xvt,
2499 5516 2562 5577 9;
2590 5505 2967 5589 ἑπὶηφξιλαιον,
2998 5505 3201 5589 κῆνσρν,
3240 5505 3334 5574 ill.
3374 5505 3474 5576 l5;
3503 5505 3753 5566 ὠνείδισας,

2217 5585 2574 5665 ἔγκατάἶειπες.
2621 5584 2870 5665 ,κνζδμ
2912 5592 3085 5665 τρίτη,
3116 5587 3256 5665 {rem
3287 5600 3379 5665 sv,
3416 5584 3594 5665 35..»
3613 5588 3756 5665 ξοσκξ·

2214 5650 2357 5732 μὲνη,
2404 5658 2750 5732 βοσκᾳριένων,
2785 5650 2923 5732 Luc.
2945 5650 2956 5665 ’
2981 5674 3095 5724 vttt,
3128 5658 3225 5723 52;
3257 5657 3328 5732 εἰς
3353 5656 3577 5714 ἑαυτούς,
3602 5650 3660 5732 εἰς
3683 5650 3754 5732 σιξ·

2215 5719 2330 5795 Ζτόν,
2367 5719 2477 5806 sint
2500 5771 2511 5791 ,
2544 5719 2645 5794 65;
2677 5719 2845 5806 οτᾷὲέτι
2880 5719 3139 5806 empti-re,
3169 5719 3238 5785 Οὖ
3263 5730 3523 5806 θεωρεῖτε.
3548 5752 3611 5764 ——
3633 5719 3752 5797 ,ιικιηἶ

2216 5818 2333 5880 aut,
2376 5802 2474 5865 ib;
2503 5809 2677 5880 τρίτη,
2702 5804 2843 5880 ἐᾼκτη,
2875 5799 3117 5880 xtxlld;
3148 5806 3231 5880 κοιί
3257 5799 3753 5880 ορέέπζστευσιξιαξ

2217 5860 2545 5944 ὶπίάτιυσίινξ
2574 5860 2677 5944 XX,
2709 5860 3128 5945 8.·έέιείσῆλθεν,
3170 5872 3414 5943 ciuilem,
3440 5873 3554 5930 Act.
3574 5882 3609 5937 ι,
3636 5860 3752 5927 ίόῖδ
