3710 6334
1087 317 1428 377 EPISTOLA
1469 317 1820 378 THEODORI
1858 322 2077 381 BEZ/E.

3115 339 3226 397 δη

16 427 306 500 rpolatam
333 440 475 495 esse,
502 425 700 500 quibus
720 431 955 490 obversa
983 434 1171 493 Graeca
1202 439 1516 512 neutiquam
1546 444 1603 506 Α
1624 439 1742 497 Lat.
1773 442 2167 501 descendentem
2188 488 2203 514 ,
2233 461 2356 521 cap.
2392 463 2482 517 ιιι,
2512 463 2658 508 vers.
2693 453 2798 522 16;
2842 470 2896 513 χι
2915 499 2930 523 ,
2962 457 3071 528 22,
3107 460 3180 516 24
3200 504 3219 531 ,

15 520 284 590 >οηᾱοιιι
309 519 411 578 Ex.
443 537 528 594 gr.
561 538 815 595 quaenam
845 537 928 582 εει
953 529 1369 600 signiﬁcationis
1391 531 1513 587 alli-

16 630 50 670 s
83 617 240 672 inter
272 617 394 684 ista,
427 616 660 687 ωλλοῦς,
684 619 978 676 sideratos?
1002 621 1129 679 Mat.
1162 639 1211 681 c.
1244 641 1334 691 xv,
1364 640 1510 682 vers.

31 711 248 777 sonat,
305 710 358 765 in
417 725 620 783 genere
681 713 920 769 membris
967 715 1194 784 debiles,
1247 719 1472 774 mutilati
1495 760 1514 788 ,

15 805 96 858 κεί.
127 803 337 860 Lector
362 803 656 876 quiSpiam,
689 806 814 877 qui,
845 809 1032 864 nescio
1059 823 1168 881 qua
1207 809 1278 867 de
1311 825 1473 867 causa
1494 852 1511 880 ,

16 899 118 959 ιούς
161 896 258 952 hic
287 897 425 962 loci,
457 911 560 968 pro
595 898 710 956 illis
747 899 966 970 habuit,
1011 901 1209 972 quibus
1252 903 1514 962 debilitas

15 1005 115 1047 :ex
166 989 516 1048 sideratione
563 995 897 1066 contigerat,
938 998 1193 1068 exposuit
1238 999 1510 1056 sideratos.

15 1083 160 1140 sdem
205 1084 430 1155 generis
469 1093 601 1142 sunt
637 1088 931 1156 ταλάντων,
975 1091 1310 1148 denariorum
1332 1134 1349 1160 ,
1386 1107 1508 1164 cap.

15 1193 49 1244 ι,
71 1193 224 1235 vers.
251 1177 346 1245 24;
369 1179 617 1254 νόμισμα,
640 1181 930 1251 denarium,
947 1199 1070 1256 cap.
1097 1201 1228 1255 xxn,
1245 1201 1391 1242 vers.
1410 1187 1508 1254 l9;

15 1274 279 1339 ασκευὴν,
333 1287 528 1326 canam
560 1290 748 1342 puram
771 1317 785 1343 ,
830 1291 950 1346 cap.
993 1293 1143 1334 xxvn
1164 1321 1180 1346 ,
1211 1294 1358 1336 vers.
1391 1280 1463 1336 62
1494 1299 1506 1335 ;

15 1367 144 1420 :nim
172 1364 297 1434 jam
322 1364 457 1421 olim
484 1366 631 1423 dicta
659 1377 743 1424 est
771 1368 1091 1427 Parasceve.
1122 1371 1334 1429 Glossze
1358 1382 1510 1431 vete-

15 1499 26 1522 ,
72 1473 220 1512 cana
251 1474 389 1528 pura
413 1501 427 1526 ,
454 1468 787 1544 παρασθεευή.
831 1462 1084 1521 Occurrit
1122 1469 1341 1538 phrasis
1367 1470 1511 1540 apud

15 1549 300 1606 Lollianum
326 1593 340 1617 ,
376 1551 475 1608 lib.
528 1569 564 1608 v
604 1554 870 1612 adversus
914 1557 1176 1616 Marcion.
1206 1602 1222 1628 ,
1251 1576 1305 1618 c.
1337 1564 1371 1619 4
1395 1605 1410 1629 ,
1453 1571 1514 1620 et

20 1645 237 1701 ustinus
277 1646 334 1701 in
358 1645 520 1704 Joan.
549 1657 702 1706 notat
728 1691 744 1718 ,
778 1650 1102 1711 Parasceven
1129 1671 1161 1712 a
1195 1656 1400 1714 Judacis
1425 1660 1510 1716 sui

15 1739 161 1808 poris
190 1738 453 1796 usitatius
476 1740 678 1799 dictam
720 1743 889 1802 fuisse
929 1763 1122 1802 canant
1150 1765 1356 1820 puram.
1398 1749 1510 1809 Cur

15 1849 73 1888 :m
99 1849 248 1890 cana
281 1834 402 1891 hac
424 1852 559 1907 pura
585 1836 884 1908 diceretur,
915 1841 1185 1898 rationem
1215 1843 1356 1900 hanc
1379 1845 1504 1901 red-
1537 1840 1586 1902 B

15 1928 360 1985 doctissimus
385 1927 678 2001 Dufresne,
711 1930 788 2003 (a)
827 1947 937 1988 non
965 1934 1112 2004 quod
1141 1945 1354 1994 careret
1382 1953 1503 1994 car-

15 2035 75 2086 ts,
108 2021 204 2077 sed
235 2021 388 2093 quod
415 2021 700 2094 religionis
727 2032 782 2080 et
804 2024 942 2081 dicis
971 2041 1134 2083 causa
1155 2027 1334 2087 ﬁeret.
1363 2029 1500 2086 Nam

15 2113 305 2172 Parasceva
347 2115 592 2174 Iudaicae
642 2119 884 2176 habuere
929 2135 1158 2191 carnes,
1202 2133 1261 2181 et
1300 2123 1502 2183 nihilo-

16 2226 73 2266 us
102 2210 364 2268 dicuntur
383 2229 543 2270 cana
562 2230 728 2286 pura,
761 2215 906 2287 quod
935 2216 1074 2273 dicis
1109 2233 1270 2275 causa
1301 2235 1500 2294 coque-

15 2315 108 2371 Lur,
131 2315 553 2380 coquunturque
575 2309 735 2366 hodie
761 2325 861 2382 pro
881 2311 1128 2383 sabbato,
1149 2315 1274 2385 quia
1301 2315 1356 2371 in
1372 2316 1502 2374 sab-

15 2421 21 2450 ›
47 2403 202 2474 coqui
243 2418 356 2459 non
389 2403 574 2460 liceat.
618 2403 746 2462 [lac
777 2406 890 2463 ille.
920 2407 1196 2482 Νόμισμα,
1226 2409 1452 2483 ﬁguram
1477 2454 1493 2482 ,

15 2538 28 2553 .
56 2513 171 2570 cap.
207 2515 301 2565 xx,
332 2513 480 2556 vers.
505 2498 599 2555 24.

17 2589 209 2646 idimus
244 2591 359 2662 jam
413 2591 594 2662 qualia
627 2591 831 2650 fuerint
869 2595 1057 2653 Graca
1081 2638 1098 2664 ,
1144 2599 1326 2671 qualia
1363 2601 1494 2657 item

21 2697 85 2736 na
113 2682 345 2755 hujusce
374 2682 602 2741 codicis.
648 2685 726 2742 De
755 2686 962 2744 Gracia
988 2704 1158 2746 unum
1186 2690 1320 2748 illud
1352 2693 1492 2750 ultra

19 2777 185 2845 ritur,
214 2791 284 2832 an
335 2777 519 2849 aliqua
571 2791 636 2834 ex
685 2788 842 2850 parte
881 2782 1144 2854 castigata
1178 2783 1382 2841 fuerint
1421 2785 1492 2841 ad

16 2885 139 2924 num
163 2869 482 2942 exemplar?
512 2871 593 2926 Ea
621 2873 764 2929 enim
795 2883 916 2930 erat
938 2874 1006 2932 de
1030 2877 1183 2933 libris
1209 2877 1372 2949 hujus
1391 2894 1489 2950 ge-

16 2979 38 3017 s
63 2963 408 3021 eruditorum
435 2966 795 3037 quorumdam
847 2977 1047 3024 nostra
1089 2979 1145 3027 et
1184 2972 1490 3042 superioris

16 3056 86 3125 is,
121 3057 322 3116 diserta
352 3060 650 3116 sententia.
681 3061 891 3134 Nempe
929 3077 1054 3119 cum
1095 3064 1328 3122 miriﬁce
1356 3080 1490 3122 con-

15 3150 157 3206 serint
200 3151 305 3208 ista
349 3167 478 3209 cum
527 3153 778 3224 Latinis,
825 3165 1018 3212 contra
1074 3174 1238 3228 quam
1289 3159 1488 3232 reliqui

1617 547 1740 588 cum
1775 545 1924 592 esset
1946 537 1999 593 in
2030 537 2148 595 Lat.
2173 556 2327 612 quam
2353 543 2498 600 vobis
2518 585 2533 611 ,
2565 553 2620 602 ct
2649 561 2778 604 vero
2795 548 3044 608 Grtecum
3075 564 3224 610 esset

1617 626 1823 701 ἧῦμῖν,
1877 638 1938 684 ut
1982 630 2176 689 Latino
2222 636 2603 707 responderet.
2653 639 2746 697 Sic
2795 658 2918 716 cap.
2973 644 3219 716 ejusdem

1615 735 1758 776 vers.
1784 722 1878 788 28,
1899 722 2102 780 factum
2131 737 2214 783 est
2239 731 2432 792 πάντες
2458 729 2505 787 οἳ
2531 741 2806 799 κοπιῶντες
2833 741 2916 794 καὶ
2936 759 3217 816 πεφορτισ·

1613 815 1756 884 μένοι
1780 816 1919 882 ἕστε,
1947 816 2018 874 ob
2035 817 2154 874 Lat.
2174 836 2352 878 omnes
2380 824 2470 894 qui
2494 824 2761 895 laboratis,
2777 839 2824 884 et
2853 832 3054 890 onerati
3068 815 3218 888 estis.

1613 902 1748 975 Cap.
1778 922 1879 973 xv,
1908 923 2055 966 vers.
2093 912 2154 968 ﬂ
2179 953 2196 981 ,
2225 913 2329 981 20,
2362 915 2434 971 ob
2463 916 2653 974 Latina
2681 919 2924 978 obsoleta
2959 923 3094 996 (sed
3126 939 3218 994 ge-

1617 997 1781 1054 nuina
1823 998 2145 1074 interpretis
2187 1005 2437 1080 Vulgali)
2497 1014 2880 1083 communicat,
2929 1017 3220 1071 communi-

1614 1101 1774 1158 rant,
1808 1093 1846 1149 i.
1886 1110 1970 1171 e.,_
1996 1096 2218 1167 polluit,
2250 1099 2534 1170 polluunt,
2566 1120 2665 1175 pro
2692 1117 2880 1173 κοινοῖ.
2914 1118 3173 1168 κοινοῦντα
3200 1153 3215 1179 ,

1614 1185 1859 1256 reposuit
1889 1186 2129 1244 absurde
2174 1201 2425 1260 κοινωνεῖ,
2457 1205 2824 1266 κοινωνοῦντα;
2876 1201 2952 1255 uti
2994 1211 3050 1257 et
3092 1201 3214 1259 Act.

1613 1292 1733 1349 cap.
1759 1294 1884 1346 XXI,
1919 1295 2065 1338 vers.
2094 1281 2188 1349 28,
2222 1284 2515 1346 ἐκοινώνησε
2558 1290 2644 1346 τὸν
2673 1290 2815 1365 ἅγιον
2839 1293 2994 1349 τόπον
3010 1302 3214 1360 τοῦτον,

1612 1371 1683 1426 ob
1703 1370 1823 1426 Lat.
1843 1374 2240 1430 communicavit
2271 1377 2439 1432 locum
2460 1388 2697 1434 sanctum
2726 1383 2883 1437 hunc.
2909 1384 2998 1439 Sic
3023 1385 3214 1440 Matth.

1612 1479 1732 1537 cap.
1765 1483 1927 1536 xvm,
1957 1483 2100 1525 vers.
2127 1469 2222 1540 22,
2249 1469 2678 1545 ἐϐδομηκοντάκις
2699 1476 2908 1540 ἑπτάκις
2929 1519 2944 1544 ,
2982 1480 3052 1534 ob
3091 1479 3214 1537 Lat.

1612 1561 1820 1632 septies.
1855 1563 1974 1617 Act.
1999 1577 2122 1634 cap.
2150 1580 2204 1631 v,
2236 1581 2384 1622 vers.
2411 1567 2466 1634 9,
2501 1573 2851 1642 συνεφώνησιν
2899 1573 3023 1642 (pro
3063 1596 3213 1632 συνε-

1611 1651 2004 1727 φωνήθη)ὐμῖν,
2022 1657 2093 1713 ob
2111 1656 2232 1714 Lat.
2261 1660 2495 1715 convenit
2523 1662 2686 1717 vobis.
2715 1663 2870 1722 Mitto
2898 1664 3030 1722 alia.

2001 1831 2272 1892 Erts'rou
2309 1833 2592 1894 Tusonont
2630 1836 2815 1895 Busa.

1604 2014 1830 2089 Inclyta
1868 2019 2137 2092 modisque
2177 2021 2420 2076 omnibus
2466 2021 2882 2079 celebratissima
2918 2023 3214 2081 Academia

2117 2133 2529 2208 Cantabrigiensi
2547 2178 2563 2205 ,
2588 2145 2697 2194 etc.

1676 2319 1914 2387 Quatuor
1964 2321 2370 2396 Evangeliorum
2395 2366 2411 2394 ,
2459 2337 2508 2380 et
2552 2327 2805 2384 Actorum
2840 2331 3207 2401 Apostolorum

1600 2409 2066 2471 Graec-Latinum
2137 2418 2444 2489 exemplar,
2505 2436 2570 2474 ea:
2613 2419 2674 2476 S.
2725 2419 2917 2478 Irenai
2970 2423 3211 2480 Canobio

1599 2503 1936 2580 Lngdunensi
1965 2519 2086 2565 ante
2112 2510 2311 2582 aliquot
2339 2529 2505 2568 annos
2547 2523 2767 2581 nactus,
2807 2517 3051 2572 mutilum
3091 2521 3207 2590 qui-

1599 2598 1716 2653 dem
1740 2600 1917 2669 illud,
1947 2611 1996 2658 et
2025 2619 2188 2674 neque
2229 2605 2358 2659 satis
2391 2605 2665 2661 emendate
2709 2608 2772 2661 ab
2816 2610 2967 2664 initio
3013 2611 3206 2682 ubique

1599 2692 1942 2767 descriptum,
1970 2712 2134 2768 neque
2154 2697 2227 2751 ita
2249 2708 2305 2751 ut
2331 2701 2564 2771 oportuit
2593 2700 2822 2756 habitum
2845 2701 3003 2772 (sicut
3032 2720 3097 2758 ea:
3112 2723 3207 2776 pa-

1596 2785 1734 2857 ginis
1756 2787 2066 2858 quibusdam
2094 2790 2299 2844 diverso
2330 2790 2632 2847 charactere
2662 2794 2888 2862 insertis,
2919 2803 2969 2850 et
3007 2795 3206 2851 indocti

1595 2881 1891 2953 cujuspiam
1942 2880 2110 2938 Graci
2156 2881 2396 2957 Calageri
2436 2885 2667 2941 barbaris
2710 2888 2951 2959 ascriptis
2988 2891 3204 2961 quibus-

1595 2972 1718 3027 dam
1741 2975 1876 3028 notis
1897 2974 2162 3048 apparet),
2183 2987 2364 3034 vestra
2387 2980 2713 3050 potissimum
2733 2982 3050 3050 Academia,
3067 2994 3172 3042 etc.
3186 3029 3200 3052 ,

1593 3067 1972 3136 celeberrima,
2005 3068 2286 3125 dicandum
2314 3072 2639 3141 existimavi,
2664 3083 2775 3132 etc.
2798 3115 2814 3143 ,
2842 3076 2896 3130 in
2926 3080 3077 3150 cujus
3113 3096 3202 3133 sa-

1592 3161 1762 3215 crario
1785 3170 1987 3216 tantum
2008 3163 2106 3218 hoc
2130 3165 2438 3220 veneranda
2464 3165 2599 3238 (nisi
2635 3167 2772 3238 forte
2810 3168 3004 3243 fallor)
3051 3182 3196 3228 vetu-

21 3244 113 3300 cite
145 3245 268 3302 libri
288 3288 302 3313 ,
341 3246 492 3319 iique
520 3249 746 3320 optimi,
790 3249 949 3307 facile
990 3251 1125 3322 ipsis
1158 3267 1483 3324 persuasum
1511 3234 1558 3300 (Ἰ
1589 3256 1738 3309 statis
1763 3256 2136 3311 monimentum
2165 3258 2472 3313 collocatur.

24 3355 116 3406 ,ea
141 3342 228 3399 vel
258 3359 368 3399 non
395 3343 621 3400 omnino
659 3344 828 3402 fuisse
864 3344 1070 3402 Gracze
1096 3347 1352 3420 originis,
1385 3350 1483 3406 sed

15 3474 26 3499 ,
53 3445 247 3506 quanta
273 3447 504 3510 quanta,
535 3438 781 3496 traducta
803 3439 873 3497 de
895 3440 1103 3498 Latinis
1121 3484 1136 3512 ,
1168 3443 1256 3500 vel
1287 3444 1482 3501 saltem

16 3529 148 3584 nsita
181 3541 236 3587 et
273 3533 567 3591 emendata
597 3533 768 3591 fuisse
795 3537 962 3594 variis
987 3539 1068 3594 sui
1103 3539 1384 3610 partibus,
1412 3541 1481 3596 ad

17 3637 128 3678 nam
154 3625 492 3684 versionem.
521 3627 615 3685 Sic
641 3629 711 3686 de
737 3631 870 3702 ipsis
911 3632 1267 3702 pronuntiant
1313 3632 1480 3690 Eras-

15 3715 216 3780 ,Lucas
239 3720 560 3796 Brugensis,
599 3723 813 3793 Estius,
847 3725 1086 3794 Grotius,
1120 3728 1236 3782 alii.
1271 3728 1349 3784 De
1377 3729 1479 3786 hac

15 3824 73 3862 tm
99 3810 168 3866 ita
195 3811 437 3871 videtur.
470 3817 756 3888 Exscripta
781 3827 941 3875 erant
967 3819 1110 3890 apud
1138 3820 1382 3888 Latinos,
1411 3837 1478 3878 ex

15 3914 141 3958 )rum
171 3904 238 3962 ad
265 3923 408 3979 quos
447 3909 696 3967 confecta
724 3920 845 3968 erat
883 3913 1017 3970 ltala
1041 3913 1225 3970 versio
1251 3929 1481 3986 apogra-

29 4033 43 4058 ,
72 3997 212 4052 varia
253 3998 448 4058 Graeca
478 4005 809 4074 exemplaria
837 4047 852 4071 ,
895 4021 962 4062 ex
991 4005 1293 4078 ignorantia
1326 4007 1478 4064 Scri-

15 4102 94 4153 nn,
119 4090 534 4168 doctiorumque
551 4112 582 4153 e
599 4097 808 4156 Latinis
825 4099 1184 4170 quorumdam
1210 4105 1480 4181 περιεργίᾳ

41 4191 271 4241 mutuata
306 4203 339 4244 e
365 4189 685 4247 Graecorum
715 4192 874 4249 libris
901 4195 1110 4250 scholia
1135 4237 1152 4264 ,
1176 4195 1231 4251 in
1259 4196 1480 4254 codices

17 4273 92 4330 uis
121 4278 424 4352 descriptos
452 4284 742 4342 inserenda
776 4286 1043 4344 curabant
1077 4289 1318 4362 graviter
1347 4290 1477 4348 laesa

15 4373 338 4449 nterpolata).
382 4377 509 4436 Istis
532 4395 658 4435 mox
685 4379 1047 4452 adaptabatur
1085 4399 1116 4438 a
1147 4384 1474 4456 quibusdam

19 4477 76 4518 na
99 4469 291 4526 versio.
322 4471 404 4528 Ex
428 4473 530 4529 hac
554 4484 734 4530 autem
751 4476 1113 4534 consensione
1139 4478 1338 4534 factum
1368 4488 1476 4550 est,

16 4555 180 4615 'tdocta
208 4577 400 4621 manus
443 4568 672 4636 paucula
712 4567 800 4624 hic
832 4568 959 4625 inde
1000 4570 1054 4626 in
1090 4579 1240 4627 textu
1280 4571 1474 4629 Graco

15 4661 198 4710 ormam
228 4655 545 4716 Latinorum
569 4702 584 4726 ,
614 4669 670 4718 et
697 4677 730 4718 e
755 4661 951 4719 Latina
995 4665 1251 4721 versione
1295 4676 1472 4722 muta-

21 4748 54 4794 t.
86 4743 212 4804 lllnd
245 4752 391 4808 enim
417 4763 643 4826 apparet
673 4755 727 4811 in
759 4756 965 4814 Graecis
993 4755 1148 4814 Cant.
1183 4757 1470 4837 Ἠρώδους,

15 4856 132 4900 νέους
153 4879 169 4907 ,
203 4850 592 4925 Σαμαριτάνων,
624 4849 836 4921 aliaque
864 4850 919 4906 id
945 4866 1119 4922 genus
1151 4852 1221 4909 ad
1250 4852 1472 4911 Latino-

42 4929 256 4992 formam
288 4942 535 4999 conlecta
558 4952 706 5000 sunt.
736 4945 928 5002 Matth.
955 4961 1079 5018 cap.
1109 4962 1142 5001 v
1162 4988 1179 5016 ,
1207 4962 1352 5004 vers.
1372 4947 1466 5018 ει,

15 5043 18 5071 ι
45 5019 290 5117 Latinum
331 5045 477 5093 esset
505 5035 725 5106 offeres,
756 5039 1010 5117 πρόσφερε
1043 5040 1272 5096 mutavit
1301 5039 1468 5097 libra-

45 5129 90 5167 m
128 5135 444 5202 προσφερεῖς.
480 5129 558 5183 Ea
582 5129 729 5186 enim
774 5129 878 5201 ipsi
915 5141 1033 5188 erat
1061 5133 1300 5190 secunda
1350 5149 1473 5205 per-

15 5217 30 5259 ι
72 5207 245 5270 futuri.
289 5223 638 5293 καταϐαῖνον,
681 5223 882 5282 factum
946 5229 1348 5297 καταϐαίνοντα,
1398 5227 1470 5284 0b

15 5428 238 5530 {7.65mi
269 5446 517 5530 γνφστὸν,
549 5449 599 5514 t,
634 5448 734 5517 l9;
770 5449 948 5525 χρόνῳ
977 5451 1295 5530 ὡφ-χρὸνῳ,
1325 5454 1377 5508 ἐν
1404 5451 1466 5530 ᾧ,

140 5506 147 5518 ,
274 5497 288 5514 σ
337 5497 599 5514 ~v-vvy-v
641 5497 734 5517 -ντ
853 5497 946 5524 vn;-
978 5497 1066 5515 νην
1179 5497 1295 5524 *νς-’9
1325 5497 1375 5508 θ’
1404 5497 1466 5521 νυν

88 5524 253 5586 τῖασας
283 5517 498 5590 σάρκας,
526 5527 702 5577 πᾶσαν
730 5497 920 5599 adﬁxa.
947 5539 1004 5589 lt,
1033 5497 1470 5601 17ῗξπερωτῄοίω

17 5588 377 5672 ξιπξέἕοιὶγκέξ
396 5607 410 5655 ;
444 5595 501 5672 οὐ
537 5588 880 5672 παραγγεὶίίᾳ,
900 5588 1234 5672 παραγγελία,
1252 5588 1332 5672 'v,_
1361 5597 1465 5663 28;

17 5641 33 5644 “
116 5646 124 5660 '
142 5641 150 5646 '
228 5641 237 5647 '
306 5641 313 5647 '
360 5641 369 5643 ’
397 5641 410 5655 ⁷
451 5641 496 5646 ’⁷
543 5641 675 5669 ’“’“Γ⁷
691 5641 880 5669 ΙΙ“”“’Τ’
906 5641 1067 5672 ¹”“Γ’”Ι
1084 5641 1234 5671 Ι”’“Τ’
1278 5641 1290 5648 ⁷
1307 5641 1320 5656 '
1365 5641 1431 5652 ’.ν
1451 5641 1465 5663 ⁷

238 5668 298 5744 Vo.
318 5658 380 5713 51
451 5665 502 5718 ἐκ
529 5674 616 5720 τοῦ
647 5668 916 5754 ςυνεδρίου
936 5709 949 5732 ,
993 5669 1044 5722 ἐν
1079 5675 1152 5742 τῷ
1177 5667 1466 5754 ξυνεδρίῳ,

82 5746 94 5754 .
211 5737 250 5754 η.
281 5747 353 5754 --κ
382 5736 392 5750 ρ
756 5739 783 5754 ..
1166 5743 1177 5754 .
1286 5741 1308 5754 .

82 5727 256 5805 is???“
280 5727 591 5801 ἐστάθησαν,
621 5736 709 5800 οὓς
749 5727 1008 5804 ἕσίτησαν,
1045 5727 1134 5805 VI;
1164 5737 1232 5803 6;
1261 5741 1308 5794 oi
1336 5727 1468 5802 “mi..-

15 5777 299 5852 δῖενξάμενοι,
327 5777 409 5848 ἐῶ
431 5777 467 5850 ἐξ

153 5833 160 5850 Δ

69 5810 299 5884 Ϊ
327 5810 409 5848 καὶ
431 5811 859 5884 προσευξάμενοι,
883 5810 1039 5877 ibid.;
1067 5817 1242 5874 τοῦτο,
1274 5817 1464 5880 ταῦτα,

70 5860 82 5911 ἶ
105 5856 443 5932 ἐφυγάδευσεν,
467 5856 664 5945 ἔφυγενῖ
684 5861 779 5935 Δςγιι,
891 5898 906 5948 ;
930 5856 1208 5959 σὺννχςιρί,
1227 5856 1278 5938 ἓν
1303 5856 1466 5962 lupi:

394 5957 668 6026 PATROL.
705 5964 852 6028 ΧΠ.

1665 3346 1734 3401 Et
1758 3348 1805 3402 si
1833 3364 1951 3404 vero
1977 3350 2110 3404 nulli
2137 3351 2322 3405 melius
2359 3368 2518 3423 quam
2546 3367 2635 3408 vos
2666 3354 2769 3426 ipsi
2806 3371 2922 3426 qua
2960 3357 3030 3412 sit
3073 3359 3196 3414 huic

1587 3440 1872 3510 exemplari
1901 3441 2032 3511 ﬁdes
2068 3441 2310 3498 habenda
2336 3445 2676 3514 astimarint,
2707 3447 2805 3502 hac
2831 3449 2895 3504 de
2922 3465 2980 3505 re
3021 3461 3193 3506 tamen

1588 3547 1677 3587 vos
1705 3532 2058 3589 admonendos
2097 3535 2254 3603 duxi,
2285 3545 2484 3592 tantam
2514 3555 2546 3592 a
2573 3555 2652 3594 me
2696 3539 2753 3594 in
2781 3538 2939 3596 Luca
2968 3558 3191 3614 praser-

1587 3625 1680 3678 tim
1703 3624 1986 3699 Evangelia
2014 3637 2272 3700 repertam
2293 3646 2401 3687 esse
2425 3631 2560 3686 inter
2583 3631 2721 3688 hunc
2744 3636 2973 3691 codicem
3003 3647 3052 3690 et
3082 3653 3188 3692 ca:-

1587 3725 1722 3773 teros
1763 3721 2092 3788 quantumvis
2131 3731 2325 3778 veteres
2367 3723 2806 3794 discrepantiam,
2862 3737 2918 3783 ut
2961 3729 3190 3785 vitanda

1583 3813 1924 3883 quorumdam
1950 3814 2232 3886 offensioni
2269 3819 2638 3874 asservandum
2683 3821 2853 3891 potius
2895 3839 3052 3894 quam
3092 3841 3190 3896 pu-

1585 3903 1885 3960 blicandum
1913 3907 2219 3961 existimem.
2250 3905 2319 3963 In
2343 3909 2442 3964 hac
2463 3919 2632 3966 tamen
2653 3928 2756 3968 non
2783 3916 3180 3984 sententiarum,

1583 3998 1675 4053 sed
1719 4014 1901 4054 vocum
1945 3987 2240 4055 diversitate
2278 4001 2412 4057 nihil
2452 4007 2682 4075 profecto
2731 4008 2994 4078 comperi,
3048 4011 3188 4065 unde

1583 4093 1840 4162 suspicari
1869 4095 2129 4166 potuerim
2155 4113 2187 4150 a
2214 4097 2464 4153 veteribus
2489 4099 2600 4154 illis
2627 4100 2885 4156 hareticis
2907 4102 3068 4173 fuisse
3093 4103 3188 4158 dc-

1582 4197 1876 4260 pravatum.
1917 4188 2036 4244 Imo
2064 4190 2231 4246 multa
2269 4192 2398 4246 mihi
2431 4192 2610 4248 videor
2655 4195 3056 4268 deprehendisse
3093 4198 3184 4253 ob-

1580 4283 1866 4338 servatione
1903 4283 2102 4357 digna;
2144 4287 2384 4356 quadam
2424 4289 2581 4343 etiam
2625 4290 2699 4345 sic
2726 4307 2760 4345 a
2799 4301 3006 4366 recepta
3037 4293 3184 4350 Scri-

1582 4388 1737 4446 ptura
1754 4377 2122 4450 discrepantia,
2143 4390 2199 4436 ut
2227 4390 2396 4437 tamen
2419 4398 2538 4437 cum
2564 4393 2790 4440 veterum
2813 4387 3180 4457 quorumdam,

1581 4478 1630 4526 et
1661 4469 1992 4541 Gracorum,
2028 4484 2074 4529 et
2103 4473 2411 4533 Latinorum
2452 4476 2679 4535 Patrum
2708 4481 2918 4550 scriptis
2953 4498 3174 4538 consen-

1581 4567 1709 4622 tiant
1732 4583 1753 4623 :
1778 4585 1882 4624 non
1909 4585 2074 4640 pauca
2099 4570 2338 4641 denique,
2370 4573 2558 4644 quibus
2585 4584 2783 4630 vetusta
2806 4573 3000 4630 Latina
3020 4576 3180 4632 editio

1578 4663 1947 4717 corroboratur
1969 4679 1989 4718 :
2010 4679 2126 4734 qua
2149 4666 2326 4720 omnia
2345 4683 2440 4738 pro
2461 4667 2657 4739 ingenii
2683 4669 2784 4723 mei
2807 4669 3022 4724 modulo
3046 4669 3182 4725 inter

1571 4768 1629 4807 se
1653 4763 1978 4826 comparata,
2001 4763 2050 4809 et
2077 4771 2196 4810 cum
2222 4755 2361 4827 Syra
2382 4765 2432 4812 et
2457 4758 2682 4813 Arabica
2711 4759 2939 4814 editione
2959 4759 3178 4829 collata,

1570 4844 1627 4901 in
1655 4848 1877 4918 majores
1910 4863 2051 4903 meas
2079 4849 2445 4906 adnotationes
2472 4867 2506 4906 a
2535 4869 2616 4907 me
2640 4869 2798 4924 super
2837 4854 3135 4912 emendatas
3159 4899 3175 4925 ,

1569 4949 1617 4994 et
1649 4941 1785 4996 brevi
1813 4941 2113 5012 proditurus
2139 4945 2393 5015 congessi.

1642 5031 1750 5088 Sed
1769 5050 1884 5106 age,
1916 5049 1998 5087 res
2030 5035 2140 5090 hac
2168 5043 2278 5091 tota
2310 5037 2497 5101 vestri,
2533 5038 2689 5093 sicuti
2718 5055 2816 5110 par
2842 5049 2938 5108 est,
2977 5042 3176 5114 judicii

1571 5133 1699 5180 esto.
1723 5124 1951 5180 Tantum
1971 5144 2004 5182 a
2024 5128 2165 5183 vobis
2188 5137 2328 5200 peto,
2352 5137 2411 5183 ut
2435 5129 2534 5184 hoc
2559 5129 2932 5203 qualecumque
2957 5151 3174 5192 summa

1571 5220 1626 5276 in
1655 5228 1876 5278 vestram
1915 5221 2326 5295 Amplitudinem
2354 5223 2694 5281 observantia
2729 5241 2856 5283 mea
2879 5228 3037 5284 veluti
3064 5247 3177 5287 mo-

1571 5467 1680 5521 vn,
1714 5450 2140 5528 55;:‘1niyayov,
2174 5449 2633 5528 ἐπήγειραν,“κιν,
2673 5449 2739 5517 2;
2776 5452 2946 5528 τορτῳ
2967 5493 2982 5518 ,
3008 5453 3174 5528 οὕτῳ,

1572 5542 1661 5590 XV,
1688 5525 1784 5588 ‘15;
1809 5521 2250 5599 ἀπαγγελοῦντας,
2273 5521 2704 5599 ἀπαγγέλλοντας,
2724 5538 2819 5588 XV,
2843 5521 2946 5588 2T;
2971 5521 3172 5593 εὖθέωξ,

1572 5599 1700 5672 αὐτῇ
1728 5605 1791 5673 τῇ
1821 5595 2097 5673 ὥρᾳξξνι,
2125 5595 2200 5673 ⁸18
2223 5611 2246 5673 ςΔ
2269 5595 2716 5673 «persta/piros):
2737 5636 2750 5660 ,
2781 5600 3175 5673 προστεταγμέ-

1569 5659 1690 5731 νουξ
1713 5710 1727 5734 ,
1759 5656 2034 5731 ivu','26;
2066 5656 2421 5738 ἐνθυμήσέως,
2453 5656 2840 5738 ἐτξιδυμήσεὼς,
2878 5683 2987 5721 tht
3011 5709 3026 5733 ,
3056 5656 3171 5733 '29;

1568 5741 1912 5813 κατασείσας,
1935 5737 2294 5806 καταστείλας,
2319 5753 2432 5804 XIX,
2457 5737 2554 5804 δῖός
2580 5737 2898 5813 ἐνομίσαμεν,
2923 5740 3171 5813 ἐνόμιζον,

1569 5828 1687 5868 xxt.
1710 5811 1803 5866 29.

1640 5854 1933 5956 (a)-Earol.
1955 5880 2213 5953 Dufresne
2236 5880 2513 5940 Glossario
2535 5880 2677 5947 Lat.,
2701 5895 2832 5938 voce
2854 5880 3030 5935 Cana.

2557 5973 2638 6037 28
