3970 6408
150 281 250 337 969

1617 278 2002 340 EPISTOLE.

3350 286 3457 344 950

151 410 386 470 portatus
414 399 512 456 fuit
541 414 710 472 usque
732 400 800 457 ad
829 400 1134 473 Danielum)
1164 403 1243 458 sic
1270 417 1358 457 me
1383 401 1622 472 judicavi
1664 399 1732 455 ad
1758 401 1817 463 Α
1842 408 1899 454 ut
1923 414 2063 471 quos
2094 402 2427 470 persuadere
2456 414 2564 458 non
2590 410 2829 473 poterat,
2865 403 2920 459 vi
2947 410 3006 460 et
3046 412 3316 471 potestate
3341 411 3456 460 ter-

151 509 244 549 vos
271 494 623 563 pervenisse,
652 495 779 549 dum
804 501 832 531 ⁸
867 495 1202 565 singulorum
1247 495 1457 550 litteras
1502 494 1741 565 accipio.

150 589 387 656 dumiiue
417 598 633 645 sanctos
664 590 872 646 amicos
912 601 1130 647 vestros
1155 599 1212 645 et
1239 605 1488 645 amorem
1517 590 1573 645 in
1611 590 1749 645 scri-

150 684 251 755 ptis
281 683 481 738 vestris
510 696 796 754 percurro.

219 774 283 830 ll.
326 775 691 832 Miscebantur
738 775 873 830 milii
924 790 1047 830 cum
1094 775 1299 847 gaudio
1346 775 1643 847 lacrymab:
1694 783 1750 829 et

148 871 335 926 avidus
382 869 450 924 ad
500 868 788 940 legendum
842 869 1056 927 animus
1098 873 1455 941 occupatione
1486 870 1745 942 lacryina-

148 982 264 1022 rum
302 964 613 1022 tenebatur.
647 964 716 1021 Et
741 977 897 1021 erant
928 975 1155 1037 utraque
1184 966 1513 1029 necessaria,
1544 975 1602 1020 ut
1631 965 1745 1019 sin-

147 1060 250 1133 guli
281 1075 479 1115 sensus
512 1062 563 1116 in
598 1059 704 1116 hoc
729 1061 1191 1132 complementum
1222 1060 1479 1116 desiderii
1526 1074 1622 1114 sua
1664 1058 1750 1113 di-

146 1154 393 1211 lectionis
420 1154 598 1211 ofticia
630 1166 895 1226 cuperent
934 1157 1257 1225 praevenire.
1286 1153 1380 1210 Sic
1409 1170 1504 1224 per
1534 1152 1653 1208 dies
1693 1155 1746 1209 in

146 1252 503 1319 occupatione
552 1251 651 1306 hac
697 1251 980 1306 vobiscmn
1033 1266 1119 1304 me
1166 1248 1420 1305 famulari
1455 1248 1746 1318 judicans.

146 1345 456 1415 praeteritos
500 1344 716 1400 labores
765 1343 1134 1399 obliviscebar
1164 1361 1176 1396 :
1203 1342 1274 1397 ita
1326 1341 1470 1396 enim
1511 1342 1750 1410 undique

145 1437 560 1492 circumdabant
588 1453 675 1493 me
699 1437 926 1508 gaudia,
961 1438 1085 1492 hinc
1113 1436 1363 1497 stabilem
1397 1436 1589 1501 tidem,
1621 1433 1751 1489 hinc

146 1530 496 1586 dilectionem
518 1572 532 1597 ,
565 1529 695 1586 binc
723 1531 954 1587 fructum
1004 1531 1371 1601 porrigentia;
1402 1538 1464 1584 ut
1493 1530 1543 1585 in
1587 1535 1669 1584 tot
1696 1535 1753 1583 et

145 1623 310 1678 tantis
358 1621 690 1678 constitutus
742 1623 928 1690 bonis,
977 1623 1160 1678 subito
1226 1637 1343 1686 me,
1397 1632 1456 1675 ut
1498 1620 1752 1690 superius

142 1714 279 1782 dixi,
310 1730 420 1770 non
452 1716 505 1771 in
536 1714 770 1783 exsilio,
798 1714 895 1771 sed
927 1714 1206 1771 vobiscum
1253 1727 1381 1768 esse
1421 1711 1746 1782 judicarem.

1846 505 2015 550 reret.
2045 495 2408 566 Congregavit
2436 496 2621 562 itaque
2651 510 2880 552 suorum
2911 496 3340 564 multitudinem,
3364 499 3459 569 qui

1846 604 1946 643 nos
1976 588 2051 643 ad
2073 589 2347 644 officinam
2374 588 2711 651 infidelitatis
2733 604 2847 644 sum
2868 590 3086 659 rapiunt
3106 599 3162 646 et
3186 589 3415 646 eludunt
3438 610 3454 644 :

1844 692 1900 737 et
1937 690 2101 736 totam
2137 681 2273 737 lianc
2314 691 2636 751 potestatein
2682 683 2938 738 traditam
2969 682 3072 739 sibi
3115 682 3183 739 ab
3216 686 3455 754 impera-

1849 786 1969 831 tore
1994 775 2202 830 dicunt.
2236 773 2332 829 His
2360 790 2492 846 ergo
2515 776 2681 829 multa
2713 775 3022 830 dicentibus
3051 785 3107 831 et
3136 771 3205 831 de
3233 790 3329 831 sua
3357 790 3455 845 μοι

1850 878 2047 924 testate
2096 868 2476 939 gloriantibus,
2534 868 2589 923 in
2639 869 2739 923 hoc
2790 867 2898 922 illis
2947 867 3239 924 ostendere
3286 867 3453 933 volui,

1850 964 1975 1034 quia
2006 963 2140 1018 nihil
2171 974 2327 1019 erant
2355 965 2477 1034 qua:
2505 972 2780 1033 poterant,
2810 962 2938 1018 dum
2967 973 3152 1018 tacens
3180 971 3240 1019 ut
3277 964 3460 1019 carni-

1850 1055 2042 1111 ficibus
2081 1071 2282 1126 corpus
2310 1055 2532 1123 tradidi,
2579 1056 2724 1125 quod
2759 1056 3023 1111 Dominus
3049 1054 3266 1111 dicebat
3297 1069 3457 1125 posse

1851 1149 1902 1203 in
1938 1148 2409 1218 persecutionibtts
2437 1148 2597 1203 tradi.
2631 1148 2803 1217 Quam
2834 1150 3010 1204 libero
3041 1159 3223 1204 autem
3257 1148 3454 1205 fuerim

1849 1242 2052 1306 annuo,
2081 1242 2208 1297 dum
2237 1241 2307 1297 ab
2331 1242 2460 1311 ipsis
2492 1241 2691 1310 patior,
2728 1250 2784 1297 et
2814 1242 3084 1309 recludor,
3118 1252 3174 1297 et
3202 1256 3298 1312 per
3320 1258 3456 1313 qua-

1853 1335 2093 1389 triduum
2118 1349 2330 1401 servor,
2363 1344 2421 1389 et
2448 1333 2795 1389 diversorum
2819 1333 3221 1405 increpationes
3243 1345 3300 1392 et
3327 1350 3456 1406 per-

1852 1428 2137 1483 suasiones
2185 1430 2351 1483 audio
2390 1429 2489 1484 :in
2530 1428 2636 1483 hoc
2677 1428 2916 1495 ostendi,
2965 1431 3092 1499 quia
3142 1446 3244 1487 nec
3294 1448 3460 1487 unum

1852 1538 2163 1578 sermonem
2187 1522 2321 1578 dixi.
2344 1523 2562 1578 Addere
2584 1524 2871 1579 voluerunt
2898 1524 2966 1578 ad
2991 1525 3253 1580 malitiam
3276 1540 3453 1593 suam,

1854 1625 1969 1672 uta
2004 1633 2089 1672 me
2119 1627 2402 1674 cessarent
2429 1618 2646 1684 fratres,
2682 1619 2732 1673 id
2765 1629 2871 1686 est,
2910 1619 3218 1689 presbyteri
3259 1631 3316 1676 et
3344 1621 3462 1677 dia-

1852 1712 2006 1775 coni;
2039 1711 2135 1766 sed
2173 1720 2227 1766 et
2256 1723 2487 1766 caeteros
2514 1710 2778 1765 dicebant
2807 1725 2867 1765 se
2913 1725 3038 1766 esse
3059 1711 3458 1782 prohibituros,

143 1807 368 1865 Gaudeo
398 1812 605 1880 itaque,
636 1808 837 1864 fratres
867 1807 1177 1864 cbarissimi
1199 1849 1216 1875 ,
1250 1807 1320 1863 de
1368 1805 1474 1861 fide
1520 1814 1696 1860 vestra
1731 1821 1745 1858 :
1774 1804 1826 1865 B
1854 1822 1920 1862 ne
1950 1807 2017 1862 ad
2052 1823 2138 1861 me
2173 1806 2520 1864 accederent.
2555 1805 2695 1877 Ego,
2729 1821 2796 1861 ne
2825 1806 2893 1861 ab
2934 1806 3233 1863 infidelium
3280 1808 3462 1864 mani-

140 1901 360 1973 gaudeu
404 1901 471 1958 de
511 1903 689 1957 salute
735 1916 856 1972 qua}
897 1901 1059 1957 (idem
1100 1901 1393 1971 sequitur:
1425 1899 1639 1968 gaudeo
1682 1897 1751 1952 de

140 1995 445 2062 fructibus,
476 1994 621 2065 quod
672 2012 780 2051 non
846 1994 1027 2050 solum
1080 1994 1194 2049 illic
1228 1991 1542 2058 constituti,
1569 1990 1665 2047 sed
1696 2000 1753 2047 et

140 2088 303 2162 longe
349 2090 593 2161 pcrgitis.
631 2087 697 2145 Ut
725 2088 874 2144 enim
905 2088 1147 2159 agricola
1187 2086 1371 2142 arbori
1402 2087 1558 2141 bona:
1597 2087 1748 2143 inse-

138 2184 251 2239 ruit
277 2183 394 2248 illi,
425 2198 548 2253 qua!
575 2181 845 2239 fructuum
888 2195 1050 2237 causa
1082 2197 1189 2236 non
1243 2179 1480 2235 securim
1511 2180 1712 2248 patitur
1732 2219 1748 2243 ,

139 2292 250 2332 non
281 2275 497 2347 ignibus
524 2276 897 2346 mancipatur;
930 2274 1003 2329 ita
1036 2285 1092 2330 et
1120 2289 1221 2328 nos
1249 2281 1449 2329 vestrae
1478 2271 1750 2333 sanctitati

139 2385 250 2427 nou
280 2368 459 2425 solum
492 2369 774 2424 servitium
806 2366 1103 2423 secundum
1134 2382 1355 2423 carnem
1396 2367 1647 2421 volumus
1694 2370 1753 2420 et

134 2466 395 2535 cupimus
426 2461 726 2529 exhibere,
756 2460 854 2516 sed
900 2461 1114 2515 animas
1159 2468 1376 2513 nostras
1426 2472 1526 2527 pro
1572 2464 1750 2511 vestra

135 2559 323 2616 salute
353 2556 695 2627 impendere.
728 2555 1100 2639 Extendistis‘,
1134 2560 1197 2608 ut
1222 2551 1336 2607 dixi
1358 2594 1373 2617 ,
1407 2552 1596 2605 firmos
1626 2564 1749 2605 cum

133 2650 321 2709 fructu
352 2668 535 2707 ramos
559 2693 575 2719 ,
606 2660 663 2706 et
692 2665 790 2721 per
816 2656 928 2706 tam
963 2648 1122 2720 longa
1173 2656 1446 2702 terrarum
1476 2644 1650 2716 spatia
1681 2643 1752 2698 ad

136 2761 223 2800 me
260 2745 572 2816 pertingere
601 2743 907 2799 laborastis.
938 2742 1163 2799 Gaudeo
1189 2739 1459 2810 agricola,
1491 2745 1546 2792 et
1573 2735 1750 2794 libens

136 2837 161 2876 δ
186 2839 363 2895 vestri
414 2838 615 2893 laboris
659 2850 820 2908 poma
847 2836 1115 2906 decerpe,
1147 2835 1272 2905 quia
1323 2840 1531 2888 tantum
1572 2832 1750 2887 facere

136 2931 389 2986 voluistis
414 2951 428 2985 :
453 2945 553 2985 nec
570 2930 746 2985 solum
767 2944 890 2998 ego,
912 2928 999 2982 vel
1018 2926 1110 2998 qni
1134 2942 1345 2981 mecum
1375 2934 1501 2979 sunt
1522 2925 1751 2978 Sanctis-

133 3024 264 3081 siuti
298 3025 469 3080 nostri
521 3023 825 3095 presbyteri
852 3032 909 3077 et
936 3021 1151 3076 diaconi
1192 3020 1277 3075 vel
1310 3020 1495 3074 caeteri
1528 3017 1746 3084 fratres,

132 3119 231 3174 sed
288 3130 343 3174 et
390 3131 581 3172 omnes
631 3115 723 3186 qui
773 3114 1151 3170 desiderantes
1197 3127 1415 3168 sumus.
1470 3109 1745 3181 lleplcStis

1854 1900 1976 1966 bus,
2014 1900 2100 1955 vel
2145 1900 2326 1970 potius
2368 1909 2834 1970 transgressurum
2860 1899 3029 1971 (quod
3061 1898 3307 1957 deterius
3347 1900 3457 1971 est)

1855 1994 2180 2061 inﬁdelium,
2219 2004 2275 2048 ut
2306 1993 2605 2064 Apostolus
2634 1994 2786 2067 dicit,
2830 1993 3220 2051 manducarem
3249 1995 3459 2063 cibum,

1854 2086 2099 2141 libellum
2129 2086 2196 2140 ad
2224 2084 2376 2154 ipsos
2407 2086 2511 2141 hoc
2541 2101 2696 2141 more
2725 2084 2828 2141 feci
2854 2104 2868 2140 :
3160 2094 3175 2105 “

1937 2196 2287 2241 ΕΧΕΜΡΜΒ
2312 2196 2561 2241 ιιΒιῑιιι
2603 2196 2793 2241 FACT]
2827 2197 2914 2242 AD
2942 2194 3397 2243 PATIOPHILUI

2475 2300 2609 2344 CUM
2647 2300 2811 2343 SUIS.

1856 2386 2056 2442 Servus
2088 2385 2181 2441 Dei
2216 2385 2487 2441 Eusebius
2509 2400 2631 2440 cum
2669 2386 2953 2440 conservis
2980 2386 3096 2441 suis
3122 2385 3216 2457 qui
3243 2398 3457 2443 mecum

1924 2479 2049 2561 fidei
2106 2494 2266 2534 causa
2323 2479 2603 2545 laborant,
2637 2474 2667 2517 δ
2698 2477 3021 2549 Patrophilo
3066 2478 3281 2537 custodi
3334 2494 3458 2536 cum

1925 2565 2061 2606 SUlS.

1925 2642 2015 2699 IV.
2058 2644 2331 2710 Quaeme
2365 2645 2412 2698 vi
2458 2643 2754 2699 multorum
2802 2653 2857 2700 et
2883 2642 3072 2701 furore
3121 2660 3231 2702 non
3280 2645 3460 2703 solum

1854 2743 2088 2790 tractum
2132 2751 2228 2805 per
2255 2746 2481 2803 terram,
2526 2735 2621 2791 sed
2670 2736 2944 2791 interdum
2986 2737 3187 2793 nudato
3226 2754 3460 2809 corpore

1854 2832 2107 2900 supinum
2161 2833 2417 2899 portastis
2448 2830 2517 2884 de
2561 2830 2664 2884 hoc
2710 2828 2948 2900 hospitio
2988 2832 3131 2901 quod
3182 2830 3313 2886 mihi
3363 2847 3459 2903 per

1851 2934 2065 2976 vestros
2086 2932 2140 2977 et
2164 2935 2391 2994 agentes
2420 2923 2472 2977 in
2498 2923 2663 2979 rebus
2690 2922 2945 2991 dedistis,
2970 2941 3000 2979 c
3021 2940 3132 2995 quo
3163 2942 3473 2997 numquam-

1854 3014 1955 3070 nisi
1987 3029 2164 3070 vestra
2194 3016 2449 3071 violentia
2482 3031 2739 3087 egressus
2786 3033 2940 3084 sum;
2971 3030 3025 3073 ct
3057 3019 3202 3075 Deus
3247 3022 3373 3089 scit,
3403 3033 3461 3079 et

1851 3114 2041 3167 civitas
2074 3113 2244 3179 novit,
2279 3128 2379 3168 nec
2411 3127 2507 3167 vos
2535 3112 2622 3168 hic
2643 3123 2700 3167 et
2729 3114 2781 3167 in
2816 3112 3002 3167 futuro
3031 3129 3235 3185 negare
3269 3127 3455 3185 potes-

133 3211 286 3267 enim
308 3252 324 3279 ,
358 3220 418 3265 ut
466 3208 761 3279 Apostolus
806 3207 1159 3265 beatissimus
1201 3208 1332 3263 dicit
1379 3204 1399 3278 (
1423 3204 1649 3259 Philem.
1681 3204 1745 3276 7‘,
1776 3200 1824 3266 C
1855 3205 1943 3259 tis.
1967 3204 2094 3260 Ideo
2119 3206 2225 3260 Deo
2252 3218 2471 3260 cauSatn
2502 3220 2744 3273 reservo,
2777 3217 2836 3259 ut
2857 3206 3318 3275 quemadmodum
3342 3207 3459 3279 ipse

132 3303 271 3378 20a),
304 3306 518 3361 viscera
552 3318 674 3361 mea
721 3319 844 3358 cum
876 3302 1196 3373 complestis
1238 3301 1493 3355 mandata
1524 3298 1709 3354 divina
1730 3338 1746 3366 ,

134 3419 265 3474 quae
295 3413 316 3441 ε
346 3400 633 3471 complere
679 3399 909 3456 decebat
951 3396 1296 3453 Christianos
1340 3395 1393 3450 in
1427 3394 1750 3466 episcopum

131 3497 219 3553 vel
274 3495 677 3553 ecclesiasticos
727 3494 906 3560 viros,
932 3507 1071 3563 quos
1116 3493 1171 3546 in
1211 3488 1406 3546 exsilio
1436 3488 1557 3543 fidei
1586 3502 1750 3541 causa

132 3588 317 3644 nostis
363 3586 633 3643 laborare.
667 3584 997 3655 Complestis
1044 3601 1168 3655 qua:
1218 3584 1507 3651 oportebat
1552 3580 1751 3636 fratres

132 3680 405 3738 fratribus
448 3680 649 3746 facere,
699 3690 757 3735 et
809 3680 948 3749 patri
983 3678 1126 3733 filios
1168 3677 1449 3732 exhibere.
1480 3675 1586 3731 Sed
1628 3691 1750 3730 cum

132 3791 242 3831 nos
287 3773 585 3830 secundum
634 3772 887 3829 mandata
935 3771 1151 3837 divina,
1194 3770 1346 3826 vobis
1395 3769 1638 3825 volentes
1684 3770 1753 3824 de

134 3870 384 3927 terrenis
409 3870 683 3937 etelestes,
717 3866 786 3922 de
812 3866 1033 3922 caducis
1059 3864 1289 3921 stabiles
1316 3906 1331 3932 ,
1358 3863 1427 3920 de
1468 3864 1752 3935 fragilibus

132 3961 510 4030 sempiternos
557 3957 770 4013 fructus
819 3956 1031 4022 facere;
1061 3956 1330 4024 cmpimus
1378 3969 1474 4025 per
1514 3953 1753 4009 necessi-

133 4064 312 4113 tatem
358 4056 629 4126 patientes
678 4052 926 4126 quotidie
970 4051 1262 4107 seminare.
1316 4048 1636 4105 Gaudebant
1682 4047 1752 4103 de

135 4150 354 4207 vestris
382 4148 647 4204 fructibus
688 4159 994 4216 pauperes:
1026 4142 1404 4215 gloritieabant
1432 4142 1602 4197 Deum
1642 4157 1749 4197 non

132 4243 323 4299 solum
369 4241 606 4301 civitatis
654 4238 823 4310 ipsius
852 4238 1102 4293 homines
1124 4280 1141 4305 ,
1172 4235 1266 4291 sed
1313 4246 1367 4289 et
1396 4251 1587 4291 omnes
1620 4252 1634 4288 :
1661 4233 1752 4304 qui

135 4346 327 4391 autem
376 4333 564 4390 videre
597 4340 921 4403 patuerunt,
954 4346 1116 4401 quam
1147 4345 1357 4384 mecum
1405 4328 1753 4384 dileCtionem

135 4426 462 4492 haberetis;
490 4442 560 4483 ex
603 4425 740 4497 ipsis
771 4422 1040 4479 fructibus
1086 4422 1340 4477 videntes
1380 4420 1758 4489 glorificabant

136 4522 345 4588 Deum,
374 4528 433 4578 et
460 4518 611 4576 omni
642 4533 743 4574 nos
764 4517 974 4573 honore
999 4530 1125 4572 cum
1152 4524 1333 4572 vestra
1368 4515 1756 4570 benedictione

136 4614 530 4670 nominabant.

216 4708 308 4764 Ill.
350 4706 554 4763 Videns
586 4706 689 4761 hoc
734 4703 987 4760 diabolus
1021 4700 1395 4756 innocentium
1428 4699 1602 4755 hostis
1625 4740 1641 4766 ,
1668 4699 1758 4771 ju-

136 4804 320 4861 stitize
366 4792 651 4868 inimicus,
687 4800 995 4859 contrarius
1026 4797 1150 4852 fidei
1174 4796 1343 4867 ,.quia
1376 4796 1427 4849 in
1460 4793 1563 4861 hoc
1588 4809 1756 4864 Opere

137 4894 579 4952 benedicebatur
639 4893 818 4955 Deus,
870 4888 1225 4945 inﬂammavit
1288 4888 1580 4943 adversum
1655 4901 1757 4941 nos

136 4988 525 5046 Arionianitas
568 5001 733 5051 suos,
764 4985 856 5056 qui
881 4985 993 5055 jam
1038 4985 1196 5055 longo
1224 4992 1472 5053 tempore
1514 4981 1758 5052 suspira-

139 5086 283 5139 bant
330 5096 437 5137 non
466 5082 645 5138 solum
692 5079 757 5136 de
790 5078 895 5134 hoc
920 5092 1088 5147 opere
1110 5120 1124 5143 ,
1153 5077 1247 5133 sed
1291 5087 1345 5133 et
1374 5077 1441 5132 de
1487 5059 1596 5132 sua
1632 5076 1754 5131 infi-

138 5176 375 5233 delitate
419 5175 484 5230 ad
517 5190 678 5247 quam
728 5191 826 5228 nos
876 5170 1208 5243 persuadere
1255 5186 1360 5227 non
1393 5181 1673 5242 poterant,
1700 5185 1758 5227 ut

139 5272 484 5339 exsisterent
514 5270 773 5336 violenti;
806 5284 955 5325 more
987 5268 1087 5323 hoc
1109 5283 1217 5339 quo
1239 5284 1457 5340 semper
1495 5281 1578 5324 eSt
1604 5284 1755 5335 usus,

228 5394 255 5421 ⁸
286 5383 375 5438 Al.
402 5380 542 5438 Dum
580 5392 750 5438 autem
782 5382 1226 5454 singulorum.....
1248 5385 1610 5457 miscebantur,
1643 5404 1751 5452 etc.

145 5460 438 5517 Causae.

230 5530 261 5570 b
291 5528 375 5583 Al.
412 5526 593 5581 Nostri
618 5526 723 5583 (ab.
752 5526 829 5582 In.

236 5614 260 5642 ε
294 5600 377 5655 ΑΙ.
405 5598 693 5665 Complrre.
742 5640 752 5651 .
789 5637 803 5651 .
849 5641 862 5656 .
901 5601 1038 5655 viros
1063 5602 1221 5657 decet.
1253 5600 1328 5662 in.

197 5673 201 5677 ’
231 5671 261 5712 ἀ
291 5670 402 5727 Cur
428 5671 801 5746 Patropbilum
839 5675 1093 5728 Ariannm
1130 5677 1458 5746 antistitem,
1497 5682 1762 5739 custodem

156 5743 884 5821 potiusquamepiscopum
927 5746 1164 5821 appellet
1196 5743 1513 5821 _Ettscbius,
1560 5756 1762 5813 videsis

151 5816 456 5892 Baronium
486 5817 554 5877 ad
582 5834 707 5873 anu.
739 5817 865 5886 556,
897 5833 1044 5872 num.
1076 5816 1164 5875 97.
1195 5818 1268 5878 In.

1854 3300 2212 3367 ordinaverit,
2243 3300 2406 3356 finem
2455 3299 2628 3370 possit
2664 3292 2936 3372 accipere.
2968 3301 3189 3357 Interim
3237 3289 3327 3358 me
3354 3302 3460 3360 hoc

1854 3396 2168 3451 decrevnsse
2216 3395 2400 3451 sciatis
2444 3393 2528 3466 (ut
2586 3396 2723 3449 ratio
2772 3411 2916 3450 nunc
2964 3404 3019 3452 et
3060 3395 3116 3451 in
3149 3395 3355 3466 futuro,
3401 3405 3459 3454 et

1854 3488 1945 3543 hic
1982 3488 2151 3557 possit
2192 3486 2396 3558 stare),
2429 3487 2483 3541 in
2515 3487 2750 3557 hospitio
2773 3503 2880 3558 quo
2912 3504 2998 3543 me
3024 3490 3269 3544 clausum
3302 3497 3456 3545 tene-

1856 3582 1944 3647 tis,
1977 3583 2028 3636 in
2058 3597 2165 3650 quo
2196 3598 2282 3636 me
2314 3594 2434 3653 post
2463 3582 2693 3653 primam
2724 3586 3088 3653 portationein
3113 3585 3456 3644 retrudentes

1854 3674 2154 3743 crudelius,
2185 3676 2304 3731 ausi
2338 3676 2516 3731 fuistis
2547 3676 2674 3732 inde
2710 3677 2903 3732 eodem
2934 3678 3097 3734 modo
3129 3689 3370 3751 portare,
3403 3694 3456 3737 et

1854 3770 1907 3823 in
1940 3785 2101 3823 uuam
2142 3770 2336 3825 cellam
2372 3767 2392 3806 ί
2423 3770 2677 3840 rejicere,
2725 3786 2831 3825 non
2865 3787 3061 3842 panem
3103 3774 3465 3830 manducata-

1854 3881 1971 3920 runt
2004 3879 2180 3933 neque
2213 3879 2408 3933 aquam
2439 3863 2763 3931 bibiturum,
2808 3865 2912 3919 nisi
2944 3877 3071 3921 ante
3100 3867 3299 3937 singuli
3331 3882 3457 3938 pro-

1854 3956 1982 4012 fessi
2008 3956 2245 4022 fueritis,
2275 3972 2381 4011 non
2415 3956 2594 4012 solum
2616 3957 2804 4021 verbo,
2834 3958 2928 4013 sed
2952 3968 3008 4014 et
3032 3975 3194 4015 manu
3226 3976 3324 4016 vos
3347 3975 3455 4018 non

1854 4050 2251 4121 prohibituros,
2308 4050 2502 4107 fratres
2547 4066 2699 4107 meos
2750 4051 2844 4123 qui
2893 4068 3103 4109 mecum
3160 4054 3279 4112 hate
3330 4055 3456 4114 fidei

1853 4160 2014 4201 causa
2062 4145 2297 4201 libenter
2339 4147 2639 4216 patiuntur,
2685 4145 2754 4200 de
2797 4147 3036 4215 hospitio
3074 4163 3183 4218 quo
3215 4157 3459 4217 manent,

1855 4237 2188 4292 necessarias
2213 4252 2368 4293 escas
2396 4234 2596 4293 offerre
2619 4252 2719 4292 nec
2748 4253 2844 4293 eos
2875 4239 2967 4309 qui
2996 4255 3083 4295 me
3105 4240 3312 4312 dignati
3338 4242 3459 4301 fue-

1856 4333 1965 4386 rint
1992 4334 2288 4403 requirere.
2322 4333 2652 4403 Oportuerat
2676 4334 2896 4404 quidem
2923 4334 3077 4391 exire
3102 4336 3173 4392 de
3200 4352 3457 4406 corpore,

1858 4440 1926 4479 ne
1950 4435 2157 4479 tantum
2196 4426 2374 4481 scelus
2400 4425 2548 4497 quod
2589 4436 2781 4482 contra
2805 4427 2895 4498 jus
2926 4428 3168 4485 divinum
3199 4440 3255 4486 et
3281 4431 3463 4502 publi-

1858 4538 1981 4586 cum
2015 4520 2388 4587 commisistis,
2420 4537 2566 4593 smpe
2599 4522 2743 4577 scire
2770 4523 3081 4579 volentibus
3123 4539 3349 4595 cogerer
3378 4524 3460 4580 di-

1780 4592 1834 4653 D
1863 4629 2009 4673 ccre.
2045 4612 2149 4669 Sed
2181 4629 2249 4669 ne
2279 4615 2398 4684 quis
2428 4592 2835 4671 deinlidelibus
2870 4630 2967 4671 vos
2997 4616 3049 4671 in
3083 4592 3239 4673 nobis
3267 4618 3464 4676 crude-

1864 4710 1945 4765 les
1970 4709 2228 4779 appellet,
2255 4718 2309 4762 et
2341 4710 2657 4779 ignorantes
2677 4710 2858 4764 divina
2890 4719 3159 4780 praecepta
3189 4722 3338 4782 putet
3359 4728 3462 4769 nos

1865 4799 2238 4855 confusionem
2290 4802 2467 4869 potius
2516 4800 2687 4856 vitare
2733 4802 2975 4858 noluisse
3017 4818 3178 4874 quam
3226 4802 3484 4863 Domino'

1868 4911 2079 4965 parere,
2128 4895 2247 4951 ideo
2278 4894 2384 4951 hoc
2417 4897 2653 4953 voluisse
2692 4913 3025 4969 praesumere
3055 4916 3067 4953 :
3102 4900 3297 4956 iterum
3336 4901 3462 4958 dico

1865 4991 2006 5061 quod
2041 4990 2142 5046 nisi
2175 4991 2406 5060 professi
2434 5000 2486 5045 et
2513 4992 2684 5047 verbo
2705 5000 2762 5048 et
2787 4995 3195 5065 conscriptione
3223 4996 3460 5064 fueritis,

1866 5083 2021 5139 eritis
2052 5082 2336 5138 homicida:
2366 5083 2732 5156 prohibendo.

1942 5178 2005 5232 V.
2045 5176 2208 5233 Novit
2256 5177 2359 5234 hoc
2403 5180 2749 5249 omnipotens
2799 5180 2941 5237 Deus
2990 5182 3200 5249 :,novit
3253 5191 3311 5236 et
3347 5183 3467 5251 ejus

1867 5269 2191 5342 Unigenitus
2231 5271 2675 5328 inenarrabiliter
2704 5274 2773 5328 de
2805 5274 2922 5343 ipso
2963 5283 3123 5329 natus
3149 5273 3341 5339 Filius,
3371 5274 3467 5346 qui

1935 5404 1959 5433 ο
1992 5389 2093 5457 Qui
2114 5403 2193 5461 me
2212 5386 2265 5461 in
2294 5385 2578 5461 multorum
2605 5390 2781 5457 furore
2807 5403 2907 5441 non
2933 5388 3103 5442 solum
3125 5398 3348 5444 tractum
3374 5408 3467 5461 per

1864 5477 2077 5528 terram,
2100 5460 2188 5513 sed
2206 5460 2469 5533 interdum
2496 5462 2693 5533 nudato
2712 5531 2719 5533 Α
2738 5475 2954 5533 corpore
2988 5461 3232 5533 supinum
3261 5460 3468 5533 portas-

1866 5540 1952 5599 tis,
1978 5538 2041 5590 de
2069 5534 2166 5614 [ioc
2196 5530 2418 5612 ltospitio
2446 5529 2583 5596 quod
2623 5530 2753 5583 mihi
2798 5546 2893 5614 per
2936 5529 3132 5587 uestros
3165 5529 3369 5614 ageiites
3414 5537 3471 5614 in

1865 5611 2017 5665 rebus
2045 5603 2279 5664 dedistis,
2321 5618 2399 5652 me
2434 5618 2712 5667 nnnmrmm
2756 5603 2858 5656 nisi
2885 5620 3003 5657 cum
3033 5603 3467 5663 vestra’uiolentia

1867 5680 2047 5753 (gredi
2080 5674 2218 5745 passi
2242 5672 2431 5744 fuistis.
2457 5671 2524 5726 Et
2560 5671 2699 5727 Deus
2727 5676 2847 5740 scit,
2879 5688 2987 5731 etc.
3013 5674 3188 5733 Minus
3215 5689 3384 5747 recte,
3411 5690 3470 5737 ut

1848 5755 2153 5895 »νιότθῖιέέίι
2181 5814 2444 5875 Baronius
2474 5830 2597 5874 cum
2622 5817 2698 5876 al.
2728 5818 2962 5889 reﬁcere.
