3970 6408
476 313 577 370 951

1582 311 1831 370 εΑΝετι
1868 309 2143 371 EUSEBII
2184 311 2709 372 VERCELLENSIS

3679 316 3787 375 952

450 428 673 499 salutis
718 439 922 487 nostra:
948 442 1112 486 causa
1144 427 1289 485 Deus
1336 427 1689 500 sempiternae
1731 427 1948 484 virtutis
1978 426 2079 483 ho-
2108 429 2161 489 Α
2186 427 2565 490 deﬁcientibus
2595 430 2778 500 nobis,
2808 431 2941 489 olim
2975 446 3097 489 cum
3124 433 3270 490 victu
3300 432 3490 490 venire
3516 434 3787 505 permise-

475 521 683 579 minem
728 520 1033 593 perfectum
1062 521 1261 587 induit,
1294 521 1406 593 pati
1437 522 1634 588 voluit,
1682 529 1861 578 morte
1889 521 2081 576 trium-

473 617 644 689 phata
679 617 844 674 tertio
873 617 965 673 die
994 617 1320 686 resurrexit,
1358 616 1426 673 ad
1456 616 1738 673 dexteram
1768 617 1945 673 Patris
1988 631 2079 673 se-

474 711 591 779 det,
633 720 896 767 venturus
931 710 1179 783 judicare
1205 710 1358 768 vivos
1401 719 1458 769 et
1500 720 1749 769 mortuos
1784 729 1797 767 :
1833 711 1986 767 novit
2024 720 2081 768 et

475 812 715 883 Spiritus
742 822 1004 868 sanctus:
1034 811 1190 868 testis
1233 819 1319 868 est
1360 810 1605 868 Ecclesia
1637 810 1928 878 catholica,
1958 825 2082 881 qua:

471 906 554 961 sic
576 905 906 961 conﬁtetur:
930 905 1058 976 quia
1085 919 1192 961 non
1216 919 1319 977 ego
1340 904 1394 960 in
1418 919 1505 960 me
1534 918 1664 960 reus
1685 917 1801 969 ero,
1831 903 1929 959 sed
1956 918 2079 973 vos,

474 1000 567 1070 qui
599 1012 898 1054 conservos
922 1013 1074 1054 meos
1116 998 1427 1055 necessaria
1456 996 1867 1054 ministraturos
1894 996 2079 1068 prohi~

472 1091 607 1147 here
633 1090 900 1147 voluistis.
933 1090 1002 1146 Et
1027 1091 1073 1146 si
1100 1090 1203 1148 hoc
1230 1090 1576 1162 paraveritis,
1600 1105 1697 1146 vos
1724 1090 1926 1146 debere
1947 1104 2080 1146 con-

469 1195 722 1242 temnere
751 1203 764 1239 :
800 1200 906 1239 non
928 1185 1087 1257 quasi
1117 1194 1350 1242 mortem
1380 1184 1689 1253 timentem,
1723 1184 1818 1240 sed
1858 1199 1928 1240 ne
1959 1192 2080 1254 post

464 1291 754 1334 excessum
786 1292 968 1332 meum
999 1277 1196 1333 dicatis
1240 1293 1328 1333 me
1364 1277 1676 1333 voluntaria
1718 1286 1897 1334 morte
1926 1279 2081 1334 exire

472 1370 715 1426 voluisse
748 1378 805 1425 et
834 1377 862 1407 ι
888 1368 1180 1441 quamdam
1229 1368 1388 1425 nobis
1424 1368 1680 1425 nebulam
1712 1370 2081 1426 accusationis

468 1465 760 1522 inveniatis
791 1482 805 1520 :
832 1473 1231 1521 conventurum
1261 1480 1349 1521 me
1387 1465 1585 1522 scitote
1618 1464 1916 1532 Ecclesias,
1943 1482 2079 1537 quas

471 1556 502 1598 δ
530 1558 730 1615 clausis
760 1559 978 1614 interim
1012 1559 1209 1615 litteris
1229 1559 1432 1629 possim
1459 1559 1776 1631 pertingere
1801 1576 1815 1625 ;
1839 1574 2079 1615 conven-

473 1662 653 1709 turum
683 1660 738 1709 et
760 1652 856 1708 Dei
887 1666 1100 1719 servos,
1142 1661 1199 1708 ut
1230 1653 1283 1708 in
1329 1653 1461 1722 ipsis
1484 1640 1961 1721 concurrentibus,
1988 1669 2079 1710 or-

470 1747 557 1803 bis
599 1754 896 1813 terrarum,
939 1746 1066 1817 quid
1106 1745 1239 1803 ﬁdes
1282 1746 1490 1819 integra
1523 1762 1645 1819 quae
1695 1748 1765 1804 ab
1808 1750 2079 1805 universis

2182 531 2332 578 runt.
2360 522 2489 579 Haec
2519 524 2701 596 itaque
2728 534 2859 582 sunt
2882 526 3348 584 Ariomanitarum
3373 542 3563 599 opera.

2254 615 2367 673 VII.
2413 617 2629 687 Videte,
2660 620 2997 677 sanctissimi
3027 622 3307 691 fratres,si
3333 637 3444 679 non
3483 632 3570 678 est
3597 636 3787 693 perse-

2178 711 2348 777 cutio,
2378 711 2506 768 dum
2536 711 2651 768 hzec
2679 714 2917 785 patimur
2937 714 3028 787 qui
3054 714 3212 772 ﬁdem
3242 715 3574 772 catholicam
3599 725 3786 772 custo-

2179 803 2360 860 dimus
2393 822 2407 860 :
2437 815 2492 861 et
2518 806 2682 863 altius
2707 808 2969 880 cogitate,
3000 825 3129 865 num
3166 809 3321 866 valde
3349 810 3518 866 etiam
3542 809 3787 867 deterior

2179 896 2251 954 sit
2288 913 2450 969 quam
2498 899 2613 965 illa,
2645 915 2767 971 quae
2798 901 2961 958 ﬁebat
2992 917 3091 973 per
3120 902 3219 958 hos
3243 903 3337 973 qui
3368 902 3534 958 idolis
3573 904 3786 960 servie-

2179 988 2332 1046 bant.
2365 991 2444 1047 Illi
2476 991 2763 1049 mittebant
2808 994 2862 1050 in
2890 1010 3185 1065 carcerem,
3222 1011 3331 1052 non
3379 1006 3569 1061 tamen,
3597 998 3788 1067 prohi-

2181 1085 2383 1143 bebant
2421 1087 2486 1144 ad
2537 1102 2597 1144 se
2639 1089 2832 1146 venire
2880 1105 3028 1146 suos.
3076 1090 3349 1161 Quantum
3396 1105 3532 1164 ergo
3568 1100 3789 1146 salarias

2181 1177 2459 1237 Ecclesias
2496 1181 2865 1240 vulneraverit
2908 1200 3006 1255 per
3032 1183 3507 1242 Ariomanitarum
3550 1185 3792 1241 crudeli-

2182 1277 2384 1331 tatem!
2419 1275 2475 1331 In
2503 1277 2752 1334 custodia
2786 1279 3002 1350 publica
3035 1280 3278 1350 mittunt,
3310 1280 3402 1353 qui
3429 1280 3679 1337 liberare
3700 1279 3791 1335 de-

2182 1365 2331 1423 bent.
2375 1367 2706 1425 Violentiam
2741 1370 2970 1440 faciunt,
3016 1372 3109 1445 qui
3154 1385 3211 1429 ut
3249 1374 3533 1444 patiantur
3554 1373 3792 1445 justitim

2181 1475 2343 1517 causa
2371 1460 2607 1520 discunt.
2660 1464 2854 1522 Aliena
2883 1466 3168 1539 diripiunt,
3197 1468 3287 1538 qui
3328 1482 3426 1524 sua
3464 1467 3693 1539 direpta
3729 1482 3796 1523 ne

2181 1564 2454 1624 repetant,
2485 1556 2554 1613 de
2583 1557 2770 1614 divina
2807 1559 2927 1632 lege
2955 1560 3243 1617 docentur.
3275 1561 3554 1618 Prtetereo
3582 1570 3793 1633 quanta

2183 1646 2305 1702 illos
2336 1648 2534 1704 invasit
2557 1650 2878 1719 crudelitas,
2919 1652 3047 1708 dum
3083 1652 3433 1709 facultatibus
3468 1654 3795 1725 temporali-

2184 1738 2288 1795 bus
2311 1741 2571 1813 gaudent.
2619 1743 2675 1798 ln
2707 1760 2930 1801 carcere
2955 1746 3256 1803 latronibus
3303 1747 3507 1803 clausis
3546 1763 3576 1803 a
3610 1737 3799 1818 quaes-

472 1839 758 1896 catholicis
793 1816 1063 1911 episcopis
1089 1816 1443 1912 comprobata
1483 1816 1591 1910 est,
1624 1842 1694 1898 ab
1723 1841 2079 1900 Ariomanitis
2111 1816 2155 1877 Β
2184 1833 2435 1888 “Mariis
2485 1836 2570 1891 vel
2626 1851 2657 1892 a
2709 1837 2988 1908 iudicibus
3041 1854 3149 1894 non
3194 1838 3501 1910 denegatur
3552 1816 3797 1896 fac—ullas

472 1933 714 2002 patiatur
737 1946 876 2002 quos
900 1942 1028 1989 ante
1051 1933 1349 2000 damnavit,
1385 1937 1560 2003 possit
1594 1949 1916 2006 agnoscere.
1948 1936 2078 1994 ltem

473 2023 777 2095 subscripsi
805 2039 906 2096 ego
936 2025 1201 2082 Eusebius
1230 2027 1541 2099 episcopus.

547 2117 755 2189 Adjuro
784 2122 838 2175 te
866 2119 960 2190 qui
992 2119 1090 2175 has
1110 2119 1321 2176 litteras
1344 2120 1563 2191 legeris,
1598 2135 1694 2191 per
1718 2120 1958 2189 Patrem,
1994 2121 2081 2178 Fi-

473 2210 606 2266 lium
636 2221 693 2267 et
739 2211 1006 2282 Spiritum
1048 2222 1322 2283 sanctum,
1357 2223 1418 2270 ut
1462 2229 1573 2270 non
1619 2216 1950 2287 supprimas,
1982 2216 2078 2273 sed

473 2304 564 2360 alii
593 2304 854 2376 legendas
880 2305 1089 2362 tradas.

550 2397 639 2453 Vl.
685 2398 748 2454 lli
771 2413 905 2470 ergo
929 2399 1023 2455 vix
1051 2408 1246 2470 quarta
1268 2399 1359 2457 die
1389 2399 1456 2456 ad
1485 2400 1628 2457 hunc
1652 2400 1894 2458 libellum
1926 2412 1949 2442 ο
1977 2401 2077 2457 mi-

477 2491 650 2562 tigati,
679 2491 900 2563 jejunos
928 2491 996 2547 ad
1025 2491 1323 2562 hospitium
1381 2494 1434 2548 in
1485 2509 1594 2565 quo
1648 2509 2033 2552 manseramus
2058 2537 2074 2563 ,

473 2593 754 2640 revertere
775 2599 878 2641 nos
902 2586 1309 2657 compulerunt.
1339 2587 1603 2645 Viderunt
1624 2589 1861 2657 interea,
1885 2606 2077 2662 quem-

473 2677 769 2735 admodum
803 2695 904 2735 nos
926 2690 1269 2737 revertentes
1296 2683 1482 2754 populi
1502 2699 1627 2741 cum
1657 2686 1858 2757 gaudio
1886 2701 2075 2743 susce-

475 2778 696 2840 perunt.
743 2770 1010 2829 Lucernis
1061 2782 1307 2829 nostrum
1353 2774 1647 2846 hospitium
1697 2778 2075 2835 circumdede-

473 2874 622 2922 runt.
655 2863 936 2937 Caepimus
981 2878 1258 2926 annuente
1288 2869 1518 2927 Domino
1550 2872 1748 2928 iterum
1791 2874 2077 2945 egentibus

472 2960 811 3017 ministrare.
840 2961 959 3018 Non
991 2962 1099 3020 hoc
1128 2964 1390 3021 sustinuit
1411 2965 1653 3036 ipsorum
1685 2966 2073 3037 inhumanitas,

471 3062 530 3110 et
559 3064 807 3112 nostrum
838 3060 1082 3114 amorem
1131 3059 1184 3113 in
1235 3073 1393 3115 suum
1421 3059 1607 3115 odium
1630 3056 1657 3099 ἀ
1699 3061 2072 3132 perdiderunt.

474 3149 574 3207 Vix
605 3151 721 3207 fere
745 3152 938 3223 viginti
964 3162 1019 3209 et
1045 3153 1286 3225 quinque
1328 3155 1564 3212 tolerare
1593 3166 1896 3227 potuerunt
1932 3159 2069 3215 dies.

473 3245 781 3317 Erumpunt
805 3247 1009 3317 denuo,
1032 3257 1235 3322 etcum
1266 3250 1476 3319 perdita
1507 3251 1797 3308 multorum
1823 3268 1984 3310 manu
2006 3254 2073 3311 ad

471 3348 722 3394 nostrum
781 3340 1075 3411 hospitium
1127 3343 1352 3398 veniunt
1410 3345 1604 3400 armati
1655 3345 1925 3416 fustibus,
1979 3365 2078 3420 per

474 3430 653 3487 aliena
694 3433 937 3489 claustra
978 3435 1238 3505 parietem
1272 3448 1553 3508 rumpunt.
1587 3448 1642 3495 et
1669 3439 1736 3494 ad
1773 3455 1875 3497 nos
1907 3451 1932 3480 θ
1961 3442 2078 3497 vio-

2102 3210 2149 3275 C

2180 1924 2404 1982 videndi
2454 1941 2585 1983 suos
2641 1945 2653 1983 :
2699 1944 2727 1982 a
2785 1930 2944 1986 nobis
2984 1940 3040 1986 et
3079 1932 3256 1987 nostri
3289 1930 3666 2003 prohibentur
3703 1942 3797 1987 :et

2180 2020 2363 2077 devoti
2420 2020 2622 2080 fratres
2677 2039 2747 2079 ne
2796 2025 3037 2092 veniant,
3072 2040 3178 2081 non
3209 2025 3389 2080 solum
3420 2025 3488 2082 ab
3541 2024 3799 2096 hospitio

2180 2126 2440 2173 arcentur
2473 2133 2581 2189 quo
2620 2128 2896 2188 tenemur,
2942 2120 3040 2176 sed
3084 2135 3155 2177 ne
3193 2120 3394 2176 adeant
3422 2130 3446 2170 ε
3470 2135 3795 2187 carcerem,

2179 2211 2613 2269 comminatione
2633 2220 2932 2269 terrentur.
2957 2212 3050 2270 Sic
3076 2223 3305 2270 cunctos
3333 2213 3794 2285 subjugavcrunt,

2178 2315 2240 2363 ut
2288 2305 2729 2364 manifestissime
2758 2305 3151 2381 lIagnoverim.
3204 2307 3287 2364 Ab
3339 2306 3617 2379 episcopis
3670 2306 3800 2363 inci-

2179 2398 2324 2470 piam
2359 2398 2526 2455 :dum
2550 2399 2817 2457 honorem
2840 2402 3058 2472 quidam
3092 2401 3288 2457 timent
3326 2401 3602 2465 amittere,
3640 2401 3799 2469 ipsos

2176 2494 2341 2551 ﬁdem
2371 2493 2716 2565 perdidisse;
2741 2494 2982 2567 dumque
3010 2495 3297 2551 facultates
3326 2502 3571 2550 terrenas
3596 2503 3665 2549 et
3698 2495 3799 2549 im-

2177 2589 2474 2645 munitates
2500 2588 2698 2644 nolunt
2723 2588 2982 2659 perdere,
3013 2588 3270 2644 cmlestes
3294 2589 3583 2644 thesauros
3614 2596 3683 2643 et
3706 2603 3795 2643 ve-

2179 2700 2299 2742 ram
2328 2684 2683 2741 securitatem
2708 2683 2915 2740 nullam
2936 2682 3231 2754 judicasse.
3270 2683 3363 2739 Sic
3389 2697 3606 2753 quoque
3637 2682 3795 2738 ducti

2179 2778 2386 2842 caueri,
2416 2776 2545 2833 dum
2573 2778 2860 2848 episcopos
2890 2777 3007 2832 hzec
3029 2776 3287 2833 timentes
3309 2775 3537 2848 perdere
3566 2776 3789 2844 vident,

2179 2886 2365 2927 amare
2394 2877 2681 2941 coeperunt
2724 2884 2846 2941 qua:
2877 2884 3095 2941 semper
3144 2869 3349 2926 habere
3389 2883 3494 2924 non
3523 2880 3790 2940 possunt.

2253 2963 2391 3021 Vill.
2433 2964 2526 3021 Sic
2572 2963 2931 3022 Ariomanitae
2984 2964 3192 3020 divites
3240 2971 3464 3031 terrent,
3512 2949 3650 3019 dum
3710 2965 3795 3021 his

2180 3060 2637 3133 proscriptionem
2666 3059 2944 3115 minantur
2975 3076 2987 3115 :
3023 3060 3103 3115 sic
3130 3074 3413 3131 pauperes,
3441 3059 3571 3115 dum
3598 3069 3795 3130 potes-

2181 3163 2345 3212 tatem
2379 3156 2432 3211 in
2468 3170 2691 3213 carcere
2731 3155 3046 3213 recludeudi
3079 3154 3305 3211 habent.
3349 3155 3415 3212 Et
3457 3166 3671 3226 quanta
3706 3157 3792 3211 iu-

2180 3253 2332 3309 sania
2353 3253 2472 3308 est!
2503 3252 2563 3309 In
2593 3252 2714 3309 loco
2744 3266 2855 3323 quo
2885 3260 3155 3317 tenemur,
3180 3266 3286 3306 non
3318 3249 3491 3306 solum
3510 3250 3671 3306 viros
3696 3253 3790 3323 qui

2181 3346 2342 3402 nobis
2377 3346 2624 3402 serviunt
2662 3345 2715 3400 in
2747 3360 3025 3401 carcerem
3071 3345 3315 3410 mittunt,
3360 3343 3456 3399 sed
3484 3353 3545 3399 et
3572 3345 3791 3413 puellas

2178 3439 2622 3497 sanctimoniales
2661 3438 2780 3494 sine
2820 3438 2937 3495 ullo
2966 3437 3152 3495 divino
3183 3439 3379 3494 timore
3424 3437 3477 3492 in
3527 3438 3790 3494 custodia

472 3524 605 3580 lenti
639 3529 989 3595 perveniunt.
1016 3527 1217 3584 lterum
1261 3530 1503 3600 rapiunt,
1530 3532 1666 3588 etin
1690 3534 1927 3591 arctiore
1954 3551 2079 3592 cus-
2178 3533 2398 3605 publica
2435 3531 2745 3589 recludunt.
2784 3531 2890 3588 Sed
2924 3540 2983 3587 ut
3011 3531 3183 3602 gavisi
3216 3546 3325 3586 non
3369 3539 3498 3586 sunt
3527 3532 3787 3588 seniores

471 3619 620 3675 todia
642 3635 766 3676 cum
795 3622 915 3677 solo
942 3623 1267 3680 charissimo
1289 3624 1528 3697 'l‘egriuo
1557 3628 1878 3700 presbytero
1901 3633 2079 3687 reclu-
2179 3626 2332 3693 mali,
2361 3626 2451 3697 qui
2495 3623 2809 3696 pudicitiam
2856 3624 3125 3681 Susanna:
3168 3624 3372 3679 violare
3414 3625 3783 3695 qumrebant;

473 3715 631 3769 dunt.
666 3714 899 3771 Nostros
926 3732 1146 3788 quoque
1172 3718 1392 3787 fratres,
1437 3719 1492 3775 id
1519 3730 1604 3776 est
1644 3723 1999 3795 presbyteros
2024 3735 2081 3781 et
2181 3720 2254 3774 ila
2289 3733 2392 3774 nec
2430 3708 2830 3788 hi‘gaudcbunl
2867 3733 3106 3787 semper.
3136 3717 3228 3787 qui
3260 3716 3567 3773 Εοοιθεῖειηι
3594 3733 3789 3788 Perse-

473 3807 737 3865 diaconos
767 3825 959 3866 omnes
990 3812 1206 3882 rapiunt
1253 3823 1309 3868 et
1350 3813 1651 3870 includunt.
1683 3814 1810 3870 Post
1838 3816 2077 3873 triduum
2179 3812 2404 3867 culione
2433 3811 2587 3866 varia
2637 3819 2693 3866 el
2718 3810 3073 3881 depreSSione
3118 3810 3286 3865 nimia
3318 3825 3431 3865 sua!
3470 3809 3782 3866 inﬁdelilali

469 3909 745 3972 potestate
773 3918 869 3959 sua
913 3918 1011 3974 per
1037 3903 1155 3960 loca
1186 3904 1408 3961 diversa
1450 3906 1502 3962 in
1533 3908 1786 3963 exsilium
1833 3910 2074 3965 mittunt.

471 3995 627 4052 Alios
651 3995 848 4053 fratres
870 4000 961 4068 qui
993 3998 1062 4053 ad
1090 4014 1192 4055 nos
1220 4012 1489 4057 venerant
1520 4001 1841 4083 visitandos.
1870 4004 1922 4059 in
1954 4019 2076 4059 car-

472 4103 601 4144 cere
632 4090 850 4159 publico
879 4091 1120 4159 mittunt,
1155 4107 1250 4161 per
1278 4092 1541 4163 plurimos
1580 4093 1698 4150 dies
1722 4095 1970 4151 reclusos
1999 4106 2079 4151 te-

474 4189 628 4235 nent.
662 4182 996 4238 Advolantes
1024 4184 1220 4240 iterum
1263 4184 1331 4240 ad
1377 4185 1696 4256 hoSpitium,
1732 4189 1913 4242 omnia
1954 4204 2077 4259 quae

472 4283 569 4329 aut
596 4275 653 4329 in
702 4284 919 4347 sumptu
959 4285 1053 4332 aut
1090 4278 1424 4347 pauperibus
1474 4282 1688 4335 fuerant
1734 4289 2075 4351 comparata,

479 4364 499 4403 ί
530 4366 779 4422 diruunt.
822 4368 929 4424 Sed
981 4370 1107 4439 quia
1140 4370 1246 4425 hoc
1273 4373 1545 4441 publicum
1590 4373 1834 4444 ipsorum
1868 4375 2078 4433 facinus

472 4460 543 4515 ab
578 4460 833 4517 omnibus
858 4461 1068 4516 civibus
1113 4463 1429 4530 notabatur,
1477 4475 1801 4536 argumento
1842 4466 1945 4523 hoc
1992 4470 2075 4524 usi

2179 3914 2449 3960 conantur
2501 3902 2794 3973 subjicere.
2840 3904 2984 3959 Dixit
3031 3902 3175 3959 enim
3218 3912 3438 3959 sanctus
3478 3903 3676 3960 Daniel
3718 3905 3781 3959 ad

2179 4000 2302 4055 illos
2333 4017 2345 4053 :
2381 3998 2470 4055 Sic
2510 4000 2746 4053 timentes
2786 3998 2912 4068 ﬁlia:
2942 3996 3114 4053 Israel
3161 3999 3572 4054 concumbebrtnt
3607 4000 3776 4054 vobis-

2178 4107 2295 4146 cum
2315 4089 2482 4161 (Dan.
2507 4106 2625 4157 xm,
2655 4090 2772 4160 57).
2801 4089 2908 4148 Sed
2931 4089 3173 4155 recedat,
3199 4090 3558 4158 sanctissimi,
3592 4090 3780 4147 huma-

2179 4199 2281 4240 nus
2318 4184 2482 4239 timor
2526 4198 2554 4237 a
2588 4184 2784 4238 vestris
2830 4181 3048 4247 animis,
3094 4197 3217 4237 cum
3266 4183 3514 4239 habeatis
3566 4184 3776 4239 Domini

2177 4279 2628 4347 consolationem,
2664 4278 2754 4348 qui
2783 4277 2913 4333 dicit
2948 4297 2961 4333 :
2999 4276 3180 4333 Nolite
3205 4278 3386 4332 timere
3409 4278 3533 4334 illos
3557 4279 3649 4348 qui
3668 4294 3776 4333 cor.

2177 4389 2275 4444 pus
2300 4373 2575 4437 accidunt,
2622 4370 2850 4425 animam
2898 4378 3071 4423 autem
3117 4368 3353 4424 occidere
3405 4385 3509 4425 non
3567 4382 3775 4439 possunt

2176 4466 2389 4536 (.llattlt.
2446 4481 2500 4533 x,
2553 4465 2667 4534 18).
2713 4464 2955 4534 Tempus
3001 4473 3087 4519 est
3133 4462 3474 4533 probationis
3522 4474 3777 4534 :tempus

470 4565 623 4621 sunt,
653 4566 712 4610 ut
735 4556 915 4627 aliqua
938 4556 1234 4613 redderent
1256 4557 1482 4625 leviora,
1512 4567 1569 4614 et
1596 4576 1656 4617 se
1683 4562 1841 4618 nobis
1884 4572 2074 4619 nostra
2101 4566 2283 4662 D’cst,
2336 4573 2391 4617 ut
2435 4560 2648 4633 probati
2688 4559 3036 4615 innotescant
3065 4555 3081 4596 ί
3116 4557 3410 4613 manifesti.
3458 4556 3589 4615 Ideo
3626 4574 3774 4614 acoe-

471 4649 781 4706 reddidisse
799 4649 1093 4721 jactarent.
1140 4651 1401 4722 Sumptus
1435 4667 1563 4709 vero
1602 4653 1746 4725 apud
1787 4671 1849 4711 se
1882 4666 2072 4711 tenue-

472 4750 602 4797 runt
636 4759 649 4795 :
679 4751 732 4797 et
761 4751 884 4813 post
914 4751 1125 4798 tantum
1146 4743 1326 4800 scelus
1362 4746 1703 4816 qurerebant,
1734 4747 1779 4803 si
1808 4749 1928 4805 ﬁeri
1952 4764 2076 4819 pos-

475 4836 567 4903 sit,
601 4838 681 4893 sic
709 4852 935 4908 negare,
961 4846 1020 4892 ut
1049 4838 1257 4894 nullum
1288 4839 1357 4894 de
1382 4841 1519 4896 meis
1540 4842 1606 4895 ad
1638 4857 1724 4897 me
1746 4844 1933 4900 venire
1955 4859 2076 4914 per-

469 4918 772 4997 mitterent,
796 4933 887 5002 qui
910 4947 1066 4988 escas
1092 4935 1312 5004 corpori
1338 4937 1677 4992 necessarias
1709 4938 1951 4995 afferret.
1972 4939 2073 4996 Vix

467 5030 626 5077 sexta
670 5022 782 5089 die,
824 5024 1190 5081 clamantibus
1228 5026 1332 5081 sibi
1362 5027 1616 5097 diversis,
1671 5046 1835 5086 unum
1883 5034 2071 5090 venire

468 5115 858 5182 permiserunt.
884 5116 1155 5187 Quantum
1182 5118 1250 5174 ad
1270 5135 1331 5176 se
1357 5119 1480 5188 fuit,
1506 5123 1867 5179 ostenderunt
1898 5126 2071 5182 homi-

468 5207 609 5262 cidae
638 5210 873 5277 animos;
903 5227 1062 5282 quem
1092 5212 1353 5282 primum,
1385 5229 1495 5269 nea
1519 5216 1860 5287 malignitate
1886 5236 2071 5276 cessa-

469 5308 615 5369 rent,
646 5312 840 5372 quarta
870 5302 960 5360 die
986 5304 1335 5362 dimiserunt.
1369 5306 1723 5365 Postmodum
1769 5322 1926 5369 sexta
1956 5317 2066 5381 vix,

541 5514 566 5575 Ρ
592 5504 676 5560 AI.
716 5505 780 5559 Et
809 5510 1086 5575 quamdam
1112 5512 1252 5567 vobis
1274 5512 1513 5569 nebulam
1540 5517 1909 5573 excusationis.

540 5574 567 5614 δ
708 5574 953 5655 ςέᾳᾳδιιδ.
978 5581 1122 5655 Mox,
1155 5594 1213 5639 ut
1244 5584 1373 5655 ipsis
1396 5602 1543 5641 conc.

548 5658 570 5685 ο
597 5648 683 5729 ᾼΙ.
710 5647 978 5720 Mitigata.
1026 5647 1286 5725 Etpaulo
1316 5666 1441 5729 post
1473 5676 1486 5712 :
1526 5658 1778 5717 Viderunt
1819 5663 1876 5718 in
1899 5672 2058 5719 terra.
2098 5724 2103 5727 _

467 5716 746 5776 Mentlose.

535 5788 563 5826 ἀ
583 5789 670 5844 ΔΙ.
706 5789 1069 5849 Pcrviderunt.

542 5871 566 5901 ⁸
587 5862 677 5919 Al.
714 5860 972 5922 Veientes.
992 5863 1443 5941 Corruptissime.

2180 4665 2378 4727 perunt
2409 4654 2703 4709 humanum
2733 4651 3089 4725 adjutorium,
3117 4651 3247 4722 quia
3268 4650 3514 4706 divinum
3544 4668 3651 4707 non
3679 4651 3768 4706 lno

2177 4747 2310 4805 bent
2338 4766 2350 4804 :
2377 4746 2521 4819 quod
2547 4747 2591 4803 si
2617 4747 2902 4815 haberent,
2932 4760 3225 4817 numquam
3256 4755 3533 4816 potestate
3565 4757 3769 4804 terrena

2179 4843 2550 4900 innocentium
2581 4841 2685 4898 sibi
2712 4841 2924 4896 animas
2949 4840 3328 4911 subjugarent.

2253 4934 2346 4990 IX.
2391 4934 2551 4990 Multa
2574 4934 2640 4989 de
2673 4934 2888 4989 illorum
2914 4934 3096 5000 malis,
3122 4933 3320 5004 quibus
3343 4948 3450 4988 non
3477 4934 3631 4991 solus
3650 4949 3767 5005 ego,

2180 5044 2274 5086 seu
2301 5027 2517 5099 plurimi
2544 5014 2928 5095 deprimimur,
2950 5025 3320 5082 debueramus
3350 5028 3637 5091 scribere;
3680 5026 3767 5082 sed

2178 5137 2247 5180 ue
2284 5135 2573 5193 possemus
2604 5120 2707 5176 hoc
2748 5120 2949 5186 facere,
2999 5127 3054 5173 et
3101 5120 3347 5189 ipsorum
3391 5118 3767 5175 crudelitatem

2179 5217 2383 5273 litteris
2423 5215 2697 5279 intimare,
2750 5214 3059 5269 aretissima
3104 5213 3356 5268 custodia
3397 5215 3769 5270 servanturab

2178 5312 2333 5384 ipsis.
2358 5311 2486 5368 Ideo
2508 5312 2574 5367 ad
2604 5325 2727 5379 nos,
2754 5319 2810 5367 et
2829 5308 2923 5365 alii
2948 5308 3117 5364 nostri
3149 5317 3207 5365 et
3234 5309 3397 5365 amici
3421 5312 3768 5382 prohibentur

2249 5518 2269 5558 ί
2290 5517 2422 5590 Leg.
2449 5516 2727 5586 diripiunt.

2241 5601 2268 5641 ε
2294 5589 2596 5646 Νέατιεαηι
2625 5604 2908 5659 carcerem,
2937 5589 3180 5645 contmiu.
3212 5589 3300 5646 Al.
3331 5606 3396 5646 ne
3419 5589 3629 5656 adeant,
3652 5605 3762 5644 cer-

2171 5680 2345 5720 cerunt
2378 5662 2625 5717 commin.

2242 5733 2271 5772 ¹ι
2294 5734 2473 5789 Locus
2505 5733 2749 5787 mutilus.

2250 5804 2264 5842 ί
2294 5807 2380 5862 Al.
2407 5803 2755 5874 Mttnt'festati.
