3970 6408
241 280 352 338 953

1419 285 1510 344 DE
1550 284 1926 344 TRINITATE
1963 285 2362 346 CONFESSIO.

3433 297 3540 355 954

235 399 532 456 accedere.
561 399 668 456 Sed
709 400 986 458 concessit
1015 400 1146 457 mihi
1179 399 1440 456 Dominus
1461 399 1598 458 hanc
1629 402 1833 472 episto—
1857 401 1912 464 A
1939 403 2536 471 necessitate,scribere
2553 417 2659 460 non
2687 405 2864 476 potui.
2894 403 2968 460 lta
2993 404 3048 461 in
3075 405 3176 464 hac
3197 421 3292 463 vos
3317 421 3535 478 omnes,

235 493 348 550 lam
381 510 478 565 per
503 493 886 550 charissimum
929 503 1178 550 uestrum
1205 495 1272 550 ad
1301 509 1399 550 vos
1430 493 1624 566 Syrum
1653 495 1836 551 diaco-

235 603 372 643 num
419 588 660 656 mittere,
703 604 868 660 quem
921 589 976 644 in
1017 598 1286 660 potestate
1335 589 1584 645 mittendi
1635 589 1829 658 ltabui;

235 685 366 757 quia
409 685 746 756 providentia
791 685 1006 742 Domini
1046 685 1218 742 nostri
1256 701 1322 742 eo
1365 696 1613 758 tempore
1657 687 1724 742 ad
1755 688 1836 744 vi-

236 779 416 836 denda
443 781 560 836 loca
589 790 778 838 sancta
805 791 1140 852 accesserat,
1169 792 1372 838 etcum
1407 781 1626 839 caneris
1653 782 1834 839 fratri-

233 873 342 930 bus
363 874 612 930 inventus
641 867 748 932 non
777 883 880 931 est.

311 967 382 1024 Χ.
422 969 693 1026 Caeterum
723 971 814 1026 vix
837 969 979 1028 hanc
1007 970 1300 1042 epistolam
1328 973 1834 1046 quomodocumque

234 1063 691 1134 conscripsimus,
723 1063 888 1120 Deum
919 1079 1140 1136 semper
1175 1065 1537 1136 postulantes,
1571 1075 1628 1122 ut
1653 1076 1834 1122 custo-

231 1155 333 1211 des
365 1157 418 1210 in
463 1156 627 1212 horas
653 1155 974 1225 refrenaret,
1024 1167 1078 1213 et
1125 1157 1474 1226 concederet,
1515 1175 1584 1216 ne
1629 1161 1698 1215 ad
1734 1174 1833 1216 vos

229 1249 497 1306 diaconus
543 1251 790 1307 nuntium
821 1252 994 1323 magis
1025 1251 1230 1308 laboris
1273 1253 1466 1321 nostri,
1491 1245 1658 1324 quam
1699 1271 1834 1326 qua-

225 1338 550 1414 lescumque
594 1344 938 1400 salutationis
971 1346 1178 1401 litteras
1207 1345 1393 1402 ferret.
1423 1347 1654 1418 Propter
1687 1347 1830 1419 quod

225 1438 366 1492 satis
397 1451 495 1493 vos
541 1447 688 1509 peto,
739 1451 796 1493 ut
837 1455 960 1495 cum
1006 1441 1155 1495 omni
1199 1441 1480 1512 vigilantia
1510 1443 1831 1500 custodiatis

226 1529 418 1598 fidem,
461 1535 696 1590 servetis
735 1533 1108 1602 concordiam,
1159 1536 1500 1594 orationibus
1551 1539 1827 1596 incumba-

229 1625 324 1693 tis,
351 1625 526 1682 nostri
553 1641 826 1684 memores
861 1630 981 1684 sine
1021 1629 1424 1687 intermissione
1461 1632 1584 1688 sitis
1615 1651 1628 1688 :
1659 1643 1716 1688 ut
1748 1633 1832 1689 di-

221 1727 426 1789 gnetur
453 1719 712 1776 Dominus
740 1721 1038 1778 Ecclesiam
1067 1739 1218 1778 suam
1251 1723 1487 1780 liberare
1516 1741 1635 1796 qua:
1661 1741 1826 1797 super

225 1811 542 1866 universum
564 1813 755 1869 orbem
785 1813 1022 1882 laborat,
1047 1823 1102 1871 et
1123 1823 1182 1871 ut
1205 1831 1305 1870 nos
1331 1817 1420 1885 qui
1445 1817 1823 1888 deprimimur,

221 1906 502 1976 possimus
535 1908 816 1964 vobiscum
850 1911 1064 1966 liberati
1093 1911 1330 1982 gaudere
1361 1913 1533 1982 :quod
1565 1923 1828 1984 prtestare

220 1997 541 2068 dignabitur
587 2001 872 2067 Dominus,
923 2005 1230 2074 petentibus
1283 2005 1455 2073 vobis,
1501 2023 1594 2076 per
1638 2009 1823 2064 Denti-

219 2105 356 2146 num
387 2101 630 2148 nostrum
664 2094 852 2151 Jesum
879 2095 1154 2152 Christum
1177 2100 1266 2169 qui
1296 2109 1380 2155 est
1401 2115 1582 2156 secum
1611 2111 1635 2138 ιι
1663 2103 1827 2159 bene-

218 2185 406 2242 dictus
454 2202 484 2242 a
544 2189 758 2246 sarculis
805 2199 860 2247 et
909 2191 964 2248 in
1013 2191 1194 2248 omnia
1237 2193 1434 2250 saecula
1477 2197 1824 2266 saeculorum,

1937 495 2154 562 fratres,
2185 497 2280 552 sed
2309 507 2365 552 et
2401 505 2604 554 sanctae
2649 511 2891 566 sorores,
2925 497 3022 554 lilii
3053 509 3110 555 et
3135 499 3285 568 filiae,
3316 516 3534 558 omnem

1935 603 2126 645 sexum
2169 589 2410 661 appello,
2461 606 2680 647 omnem
2731 602 2950 647 mtatcm
2983 601 3128 664 peto,
3181 602 3240 649 ιιι
3268 595 3370 650 hac
3399 610 3534 652 cou-

1937 687 2070 741 tcnti
2099 685 2450 752 salutatione,
2482 697 2676 741 n05tro
2703 685 2988 757 obsequio,
3016 689 3182 744 etiam
3209 686 3314 745 hos
3339 689 3433 760 qui
3459 691 3538 746 fo-

1935 779 2014 835 ris
2039 788 2186 845 sunt,
2213 788 2272 834 et
2299 793 2399 834 nos
2425 779 2720 852 dignantur
2758 780 3012 852 diligere,
3057 781 3303 838 salutare
3347 783 3538 854 digne-

1933 873 2087 927 mini.
2121 872 2372 928 Salutant
2401 887 2500 928 vos
2523 873 2721 929 fratres
2765 875 2942 930 nostri
2985 875 3076 946 qui
3117 890 3332 932 mecum
3383 884 3534 947 sunt,

1931 967 2240 1038 presbyteri
2295 977 2350 1022 et
2379 967 2662 1035 diacones,
2709 967 2806 1023 sed
2857 977 2914 1023 et
2954 983 3146 1024 omnes
3185 970 3360 1024 nostri
3397 987 3410 1023 :
3442 971 3530 1041 qui

1935 1077 2040 1117 una
2071 1075 2281 1116 mecum
2307 1061 2440 1116 satis
2467 1071 2678 1132 petunt,
2711 1072 2769 1118 ut
2797 1063 2967 1118 nostri
2997 1077 3292 1128 memores,
3331 1078 3530 1120 omnes

1931 1166 2144 1212 vestros
2181 1165 2371 1212 nostro
2401 1157 2697 1228 dignemini
2725 1157 2992 1228 obsequio
3028 1159 3288 1215 salutare.
3318 1159 3528 1214 Traus-

1933 1249 2056 1304 misi
2081 1261 2344 1321 prteterea
2395 1251 2628 1319 litteras,
2661 1267 2796 1322 quas
2825 1252 2892 1306 ad
2923 1252 3296 1324 Patrophilum
3347 1263 3531 1311 custo—

1931 1343 2056 1400 dem
2081 1359 2262 1400 meum
2295 1343 2422 1410 feci,
2455 1353 2514 1400 ut
2535 1360 2598 1400 es
2632 1345 2716 1400 bis
2737 1347 3069 1416 agnoscatis,
3096 1361 3196 1402 nos
3221 1345 3532 1404 Ariomani-

1934 1447 2110 1493 tarum
2146 1427 2246 1494 nec
2271 1439 2432 1494 minis
2465 1453 2623 1508 posse
2654 1439 2868 1504 terreri,
2901 1455 3076 1510 neque
3105 1440 3352 1511 ipsorum
3405 1457 3526 1498 scr-

1932 1531 2151 1600 peutina
2183 1529 2382 1585 blanda
2409 1531 2708 1586 subtilitate
2741 1545 2903 1602 posse
2927 1531 2992 1586 ad
3023 1533 3262 1604 ipsorum
3292 1535 3530 1590 societa~

1933 1635 2040 1682 tem
2085 1625 2332 1697 perduci.
2393 1627 2654 1682 Divinitas
2709 1643 2807 1682 vos
2853 1637 3126 1701 protegat,
3167 1629 3533 1704 florentesque

1929 1720 2118 1775 vivere
2149 1728 2204 1774 et
2235 1719 2322 1775 hic
2361 1727 2418 1776 et
2449 1723 2502 1774 in
2562 1721 2744 1776 futuro
2772 1721 2940 1777 faciat
2970 1737 3094 1778 cum
3125 1725 3380 1780 omnibus
3406 1739 3529 1782 ves-

1857 1799 1904 1863 B
1935 1812 2052 1880 tris,
2089 1811 2286 1868 fratres
2315 1811 2622 1868 charissimi
2645 1821 2700 1868 et
2725 1815 2860 1869 satis
2891 1815 3368 1872 desideratissimi.

2490 1909 2826 1968 EPISTOLA
2871 1911 2958 1966 ΙΙΙ.

2183 2023 2251 2062 ΔΙ)
2277 2019 2583 2062 (ιιιιεαοιιιυκ
2613 1985 2912 2062 ἐνιδοορυιι
2949 2021 3283 2062 SPANENSEM.

1933 2099 2240 2156 Gratulatur
2273 2098 2526 2154 Eusebius
2553 2098 2806 2171 Gregorio
2831 2099 2971 2172 quod
3009 2101 3280 2155 restitisset
3325 2101 3450 2157 Osio
3483 2111 3531 2158 et

2003 2193 2240 2264 plurimis
2269 2192 2566 2248 cadentibus
2593 2191 2826 2249 Arimino
2849 2195 2900 2248 in
2925 2195 3392 2250 communicatione
3425 2194 3528 2250 Va-

215 2278 424 2336 Anten.
2001 2289 2150 2344 lentis
2180 2297 2224 2342 et
2257 2286 2483 2342 Ursacii.

297 2373 387 2429 Xl.
425 2373 630 2432 lterum
675 2387 820 2448 peto,
852 2392 910 2435 et
949 2396 1046 2438 vos
1084 2399 1182 2454 per
1233 2385 1670 2444 misericordiam
1720 2389 1816 2446 Dei

215 2483 378 2540 rogo,
409 2478 470 2524 ut
499 2473 868 2544 unusquisque
906 2475 958 2530 in
1007 2475 1108 2532 hac
1147 2479 1378 2550 cpistola
1426 2485 1814 2543 salutationem

210 2577 374 2619 suam
409 2575 720 2637 nuncupet;
750 2568 878 2640 quia
908 2569 1157 2642 singulis,
1185 2583 1244 2630 ut
1285 2575 1548 2647 solebam,
1581 2581 1816 2640 faciente

1925 2402 2084 2468 (Hanc
2109 2402 2364 2468 epistolam
2383 2401 2570 2468 videat!
2591 2409 2772 2468 tomum
2797 2400 2838 2450 Χ
2859 2409 3036 2454 nostrae
3061 2401 3370 2468 Patrologize,
3399 2410 3528 2468 inter

1986 2479 2136 2528 opera
2159 2465 2388 2514 historica
2415 2465 2664 2528 S.llilarii
2683 2503 2696 2528 ,
2724 2463 2920 2526 Fragm.
2946 2527 2949 2528 ν
2975 2481 3054 2526 xt,
3103 2465 3198 2516 col.
3247 2463 3366 2518 ’Πᾶς
3399 2467 3524 2518 Vide

1987 2527 2443 2594 etiatnuljlpistolas
2475 2527 2955 2594 Li_be_rii_:__pa_p:egad
2997 2529 3262 2579 Eusebium
3286 2569 3300 2594 ,
3343 2529 3524 2582 Patrol.

1987 2600 2100 2643 tom.
2131 2589 2267 2654 Vill,
2293 2590 2403 2641 coll.
2427 2591 2568 2654 1550,
2595 2591 2735 2653 15233,
2767 2589 2902 2641 1556.
2927 2595 2944 2654 )

294 2762 320 2792 ἰ
345 2754 506 2811 Deest
537 2755 654 2813 lucc
682 2773 785 2816 vox
816 2762 958 2832 apud
987 2763 1304 2836 Baronium,
1329 2783 1489 2839 quam
1515 2778 1698 2826 tamen
1719 2769 1920 2828 habent
1945 2770 2036 2825 alii
2063 2769 2220 2826 editi.

1055 2949 1772 3100 SANCTI
1833 2929 2666 3108 'EUSEBII

1103 3133 1696 3200 VERCELLENSIS
1725 3139 2074 3204 EPISCOPI
2103 3141 2206 3202 ET
2227 3139 2644 3203 MARTYRIS

681 3249 926 3380 DE
1011 3257 1402 3381 TRlN
1427 3261 1899 3386 l'l‘ATli

2015 3255 3030 3394 CONFESSIO

1251 3443 1328 3500 EX
1398 3461 1688 3503 ANECDOTIS
1725 3461 1906 3505 SACBIS
1937 3446 2168 3504 EUGENII
2195 3464 2264 3504 DE
2293 3446 2479 3504 [ιεγιε.

233 2865 3484 2897 mw

1637 3689 1718 3758 M
1728 3689 1872 3762 ON
1879 3690 2152 3763 ITUM
2162 3735 2188 3762 .

289 3791 576 3866 Postquam
616 3797 940 3868 pra'fationis
983 3799 1130 3854 initio
1158 3809 1406 3870 suscepta:
1444 3819 1476 3855 a
1515 3818 1568 3856 se
1598 3803 1986 3857 Anecdotorum
2015 3803 2326 3874 vulgationis
2363 3819 2480 3858 cum
2520 3801 2842 3857 occasionem
2881 3809 2990 3854 tum
3017 3797 3287 3853 utilitatem
3316 3809 3513 3850 ntemo-

207 3885 346 3938 ratvit
369 3926 384 3950 ,
415 3887 488 3940 sic
515 3889 843 3959 progreditur
863 3890 941 3943 vir
960 3891 1340 3945 eruditissimus
1368 3891 1432 3945 de
1458 3890 1607 3947 Levis
1649 3909 1667 3946 :
1707 3893 2006 3964 Exordiar,
2042 3893 2108 3950 de
2139 3895 2197 3950 S.
2253 3895 2491 3950 Eusebio
2535 3893 2873 3951 Vercellensi
2923 3892 3184 3964 episcopo
3221 3889 3380 3958 hujus
3423 3901 3522 3941 no-

211 3980 378 4036 minis
409 3983 584 4051 pritno
626 3984 884 4055 (Malleus
917 3985 1246 4041 Arianorum
1280 3985 1614 4058 appellatus)
1643 3988 2020 4058 confessionem
2049 3989 2172 4059 ﬁdei
2215 3989 2460 4044 adversus
2509 3988 2730 4042 Arianos
2778 3987 2881 4041 luci
2923 3983 3282 4039 mandandum
3317 3981 3514 4044 statui,

208 4087 374 4142 quam
405 4073 525 4130 fidei
544 4075 828 4130 formulam
853 4076 1027 4133 tribus
1053 4079 1104 4132 in
1129 4077 1268 4132 foliis
1298 4079 1726 4136 membranaccis
1752 4079 2152 4150 pertinentibus
2192 4081 2302 4152 jam
2327 4083 2391 4136 ad
2424 4082 2734 4152 perinsigue
2764 4079 3155 4134 monasterium
3183 4077 3510 4131 Sanctorum

211 4166 522 4235 Michaelis,
565 4179 618 4226 et
643 4170 879 4228 Januarii
912 4175 1164 4244 martyris
1195 4175 1260 4230 de
1291 4175 1526 4231 Luccdio
1551 4179 1749 4244 reperi,
1777 4187 1830 4232 ct
1852 4177 2082 4232 exscribi
2115 4179 2320 4232 curavi.
2355 4177 2508 4248 Quod
2541 4175 2930 4232 tuonasteriutn
2965 4174 3244 4229 conditum
3279 4171 3378 4226 fuit
3408 4185 3526 4226 sm—

209 4261 342 4316 culo
383 4263 648 4333 septimo,
689 4274 747 4320 ut
799 4281 898 4322 suo
931 4269 1052 4322 loco
1109 4267 1296 4323 videre
1327 4279 1440 4332 est,
1484 4280 1538 4324 et
1587 4271 1688 4325 sub
1727 4269 1952 4340 Speciali
1997 4271 2162 4325 tutela
2207 4269 2587 4341 episcoporum
2641 4269 3093 4322 Vercellcnsiutn.
3143 4267 3291 4336 Quos
3340 4273 3525 4320 autem

209 4357 576 4414 Vercellcnsis
619 4360 878 4416 Ecclesia:
919 4362 978 4418 S.
1025 4363 1294 4418 antistites
1337 4364 1538 4419 sarculo
1579 4363 1760 4420 forsan
1793 4373 1986 4419 octavo
2010 4367 2252 4436 regimen
2284 4355 2442 4434 hujus
2471 4364 2785 4419 monasterii
2817 4360 3520 4432 smnpsisse,ctretinuisse

209 4469 386 4524 usque
425 4455 490 4510 ad
545 4455 603 4510 S.
637 4456 954 4512 Bonominm
997 4459 1102 4512 vita
1149 4458 1390 4514 functum
1435 4459 1607 4525 1026,
1641 4475 1695 4513 ttt
1723 4459 1834 4514 kal.
1877 4459 2230 4529 Septembris.
2276 4459 2470 4514 Verum
2515 4459 2733 4529 quidem
2787 4468 2904 4524 est,
2947 4455 3088 4525 quod
3137 4469 3330 4518 nemo,
3362 4469 3520 4523 quem

205 4549 380 4604 sciam
413 4563 480 4602 ex
529 4549 926 4605 recentioribus
971 4551 1094 4606 huic
1141 4561 1332 4606 sancto
1381 4551 1713 4608 Vcrceliensi
1749 4552 2006 4625 episcopo
2027 4552 2262 4610 Eusebio
2293 4554 2567 4624 inscripsit
2604 4553 2762 4608 aliam
2807 4551 3205 4607 confessionem
3261 4549 3520 4604 adversus

203 4647 476 4712 Arianos,
515 4665 673 4716 quant
727 4648 874 4704 illam
929 4647 1224 4719 vulgariter
1272 4649 1594 4718 appellatam
1639 4647 1946 4718 Symbolum
1985 4651 2323 4719 quicumque,
2367 4650 2434 4704 de
2491 4665 2598 4719 quo
2655 4649 2899 4704 scribunt
2949 4647 3184 4702 Joannes
3208 4643 3519 4714 Stephanus

199 4741 496 4799 Ferrarius
521 4743 885 4800 Vercellcnsis
911 4743 1148 4809 Prmsul,
1181 4744 1241 4798 Ρ.
1267 4741 1556 4799 Corbellini
1577 4785 1592 4810 ,
1621 4741 1834 4798 Marcus
1856 4741 2111 4798 Aurelius
2142 4743 2416 4810 (Insanus,
2445 4743 2662 4811 aliique.
2689 4741 2795 4798 Sed
2820 4743 2864 4796 si
2895 4749 3100 4794 attente
3127 4737 3508 4808 perpendimus

199 4837 402 4913 qumS.
421 4839 612 4895 doctor
637 4840 1001 4910 scripsitcum
1031 4841 1090 4898 S.
1119 4841 1416 4896 Athanasio
1458 4842 1524 4895 ad
1569 4841 1974 4908 Autiochenos,
2001 4857 2108 4896 non
2139 4857 2426 4911 possumus
2470 4841 2592 4894 huic
2619 4838 2860 4909 opinioni
2893 4850 3216 4892 consensum
3263 4835 3506 4906 praebere

199 4933 456 5004 adeoque
487 4933 790 5004 Symbolum
811 4935 1113 5006 quicumque
1136 4935 1427 5008 conflatum
1461 4935 1856 5006 posterioribus
1882 4937 2096 4992 Strculis
2119 4936 2462 5004 iudicandum
2485 4935 2758 4989 duxerunt
2781 4930 3256 5002 pertnulti,quibus
3279 4931 3512 4986 libenter

197 5026 556 5082 assentimus.
584 5025 729 5098 Opus
753 5027 816 5082 de
845 5027 1052 5083 Unitate
1079 5028 1348 5085 Trinitatis
1389 5029 1672 5098 scripsisse
1697 5027 1756 5084 S.
1792 5027 2084 5084 EttScbium
2110 5027 2274 5083 tradit
2299 5025 2544 5083 laudatus
2565 5029 2855 5098 cpiscopus
2889 5025 3174 5080 Fcrreritts
3207 5023 3310 5078 fide
3343 5024 3506 5078 unius

199 5121 426 5178 Codicis
451 5123 502 5177 in
527 5122 778 5178 Vaticana
805 5121 1134 5177 Bibliotheca
1165 5121 1486 5188 existentis,
1518 5137 1678 5192 quem
1707 5119 1952 5190 sequitur
1977 5120 2311 5192 llyacinthus
2337 5119 2536 5176 Galizia
2573 5119 2689 5174 Vite
2719 5120 2797 5173 de’
2825 5121 3000 5178 Santi.
3035 5129 3167 5174 tom.
3191 5119 3230 5186 Ι,
3267 5135 3318 5188 p.
3381 5119 3509 5184 17⁸7,

199 5217 452 5274 scribens
484 5217 762 5286 exemplar
791 5215 950 5286 hujus
987 5215 1168 5285 Operis
1200 5216 1250 5269 in
1303 5215 1641 5270 Bibliotheca
1676 5214 1782 5268 PP.
1827 5211 2064 5268 Oratorii
2107 5213 2166 5268 Β.
2213 5211 2444 5284 Philippi
2498 5213 2642 5267 Nt-rii
2684 5211 2903 5266 Taurini
2931 5209 3202 5266 asservari
3257 5225 3321 5264 ex
3368 5209 3514 5264 dono

199 5308 422 5364 abbatis
452 5307 722 5364 Laurentii
749 5309 920 5365 Scoti.
945 5307 1100 5374 Quod
1127 5307 1410 5376 exemplar
1437 5306 1542 5360 vidi
1573 5321 1715 5362 anno
1743 5305 1907 5374 1762,
1933 5321 1999 5360 ex
2031 5319 2138 5375 quo
2161 5305 2305 5359 aliud
2336 5306 2704 5362 transcribere
2733 5319 3071 5360 curavcram.
3099 5303 3218 5372 Quo
3246 5303 3519 5372 exscripta

199 5403 374 5461 didici
405 5404 570 5460 alium
611 5403 809 5459 librum
837 5401 1124 5473 scripsisse
1148 5402 1210 5456 de
1240 5403 1437 5471 optimo
1466 5417 1648 5474 genere
1671 5399 2044 5471 interpretandi
2071 5417 2270 5454 sacrant
2293 5399 2622 5468 Scripturam
2651 5415 2815 5470 super
2843 5400 2938 5453 illa
2965 5397 3149 5452 verba:
3175 5395 3255 5452 lix
3277 5396 3514 5468 ,Egypw

201 5497 386 5554 vocavi
419 5498 585 5567 ﬁlium
607 5513 798 5564 nteant,
829 5503 889 5550 ut
921 5497 972 5550 in
1007 5497 1114 5550 fine
1155 5495 1276 5550 libri
1305 5511 1338 5550 ν
1371 5494 1568 5566 legitur
1601 5505 1723 5566 post
1767 5493 2158 5566 professionem
2189 5496 2533 5550 Arianorum.
2567 5495 2844 5550 Consultis
2896 5503 3074 5547 tamen
3107 5493 3258 5549 hisce
3288 5495 3522 5563 quinque

201 5591 406 5658 libris,
458 5607 554 5647 seu
599 5605 766 5660 opere
794 5590 864 5644 de
897 5588 1116 5646 Unitate
1154 5589 1436 5644 Trinitatis
1475 5603 1598 5644 cum
1641 5589 1900 5659 operibus
1932 5589 1995 5644 S.
2041 5589 2328 5646 Athanasii
2357 5591 2536 5661 reperi
2581 5591 2680 5646 hos
2727 5589 2919 5656 libros,
2943 5606 3037 5644 seu
3085 5607 3220 5660 opus
3257 5587 3516 5644 Faustino

205 5685 533 5759 presbytero
559 5682 912 5748 attributum,
951 5681 1054 5738 etsi
1093 5681 1311 5738 diverso
1337 5681 1528 5737 ordine
1573 5697 1734 5754 quam
1781 5683 1832 5736 in
1860 5681 2021 5738 editis
2051 5683 2398 5740 distributum
2431 5683 2523 5738 sit.
2553 5684 2934 5739 Perscrntatus
2967 5685 3130 5740 etiam
3163 5684 3233 5738 fui
3281 5683 3512 5737 maxima

205 5795 333 5837 cum
365 5777 646 5848 diligentia
679 5777 722 5832 si
747 5791 866 5846 quae
889 5775 943 5831 in
975 5775 1078 5830 hoc
1105 5791 1274 5845 opere
1295 5775 1581 5840 adessent,
1609 5790 1728 5844 qua:
1761 5775 1921 5831 nobis
1946 5783 2154 5832 certum
2179 5785 2456 5831 auctorem
2485 5776 2794 5831 indicarent
2813 5819 2826 5842 ,
2850 5785 2904 5832 et
2935 5777 3170 5832 tuaxime
3201 5775 3252 5828 in
3283 5773 3510 5846 epistola

209 5859 470 5946 angusta:
491 5861 760 5927 Flaccillre
786 5867 934 5936 'data,
963 5877 1066 5938 qua
1088 5855 1404 5936 opus'suutu
1433 5866 1671 5934 dicavit;
1697 5865 1830 5922 nihil
1867 5875 2044 5924 tamen
2069 5867 2288 5934 inveni,
2323 5867 2428 5925 nisi
2457 5867 2732 5926 variantes
2759 5869 2946 5940 plures
2975 5867 3235 5926 lectiones
3257 5907 3272 5936 ,
3315 5875 3370 5922 et
3395 5861 3520 5936 post
