3970 6408
405 272 516 330 955
1501 271 1748 329 SANCTI
1787 271 2056 331 EUSEBII
2095 271 2617 334 VERCELLENSIS

411 403 804 477 Professiottem
829 409 1081 466 Arianam
1109 450 1123 474 ,
1165 423 1286 480 qua:
1317 405 1406 464 hic
1445 408 1499 463 in
1531 409 1723 478 quinto
1753 408 1898 464 libro
1926 416 2142 475 exstat,
2169 409 2519 480 reperiuntur
2549 411 2702 480 plura
2733 409 2935 466 inedita
2957 452 2971 476 ,
2997 411 3143 467 inter
3175 427 3327 484 quae,
3362 423 3420 467 ut
3437 413 3548 484 jam
3570 413 3679 468 dixi
3699 455 3714 478 ,

415 512 689 558 memorat
716 519 873 559 suum
897 503 1091 558 librum
1128 503 1196 558 de
1223 504 1434 574 optimo
1461 517 1666 572 genere
1697 499 2091 570 interpretandi
2126 517 2334 556 sacram
2375 503 2733 572 Scripturarn.
2765 503 2903 560 Num
2939 520 3067 560 vero
3099 505 3199 560 hoc
3241 521 3379 576 opus
3405 522 3435 558 a
3460 506 3517 562 S.
3555 507 3722 561 Ense-

408 595 500 650 bio
535 598 907 667 conscriptum
948 599 1018 652 sit
1048 613 1076 651 a
1106 597 1291 652 multis
1314 596 1733 666 sapientiSsimis
1761 595 1891 650 viris
1917 595 2218 650 dubitatum
2251 596 2343 650 fuit
2370 637 2385 663 ,
2412 594 2558 651 inter
2586 611 2727 666 quos
2759 612 2867 651 non
2900 605 2983 652 est
3005 597 3338 652 omittendus
3367 599 3439 652 cl.
3468 597 3527 652 F.
3558 597 3724 652 Joan-

405 705 506 746 nes
538 691 778 760 Baptista
809 690 1091 747 Audifredi
1124 708 1188 745 ex
1219 689 1423 746 Ordine
1453 689 1631 746 Paed.
1657 688 2044 744 Casanatensis
2087 688 2430 744 bibliotheca:
2465 690 2786 759 praefectus,
2811 691 2902 760 qui
2927 706 3048 746 cum
3073 707 3196 746 eum
3223 692 3553 762 rogavissem
3575 738 3588 756 ,
3610 693 3723 761 jam

405 787 475 841 ab
504 801 647 842 anno
679 785 838 849 177i.
867 796 924 841 ut
944 802 1040 840 sua
1073 785 1321 857 pervigili
1347 802 1475 840 cttra
1501 793 1939 853 perscrutaretur
1962 784 2014 838 in
2041 781 2300 838 Vaticana
2326 782 2471 839 hunc
2501 783 2772 847 codicem,
2797 785 2930 840 mihi
2959 801 3052 840 sua
3075 786 3303 856 epistola
3331 790 3398 842 de
3418 787 3507 843 die
3535 787 3604 842 ‘29
3630 803 3728 842 no-

401 879 645 936 vembris
680 879 840 941 £776.
872 894 1195 950 responsum
1218 879 1369 933 dedit
1398 879 1453 934 in
1478 876 1666 933 codice
1691 876 1831 945 sign.
1871 873 2033 940 1519,
2048 890 2102 946 p.
2127 875 2254 936 255.
2286 885 2501 929 exstare
2535 893 2765 942 opus....
2803 876 2863 932 S.
2895 877 3100 932 Eusebii
3123 880 3352 948 episcopi
3379 879 3562 946 incipit
3594 878 3725 932 liber

406 972 470 1026 de
521 971 734 1027 Unitate
765 970 1055 1026 Trinitatis.
1089 971 1306 1027 Initium
1351 973 1536 1040 Operis
1585 971 1736 1024 hisce
1777 968 1964 1024 verbis
1992 968 2217 1037 incipit:
2248 967 2324 1023 Tu
2355 985 2484 1022 unus
2507 967 2686 1035 Pater,
2717 982 2763 1025 et
2793 967 3000 1034 Filius,
3026 982 3073 1025 et
3109 971 3172 1028 3.
3200 974 3458 1041 Spiritus.
3490 975 3578 1043 qui
3608 974 3728 1027 utri-

404 1072 558 1116 tatem
579 1105 592 1129 ,
625 1062 862 1116 deitatem
894 1063 1039 1116 nobis
1067 1063 1380 1126 declttrasti,
1409 1071 1544 1128 etc.,
1587 1059 1812 1129 explicit
1840 1069 2072 1130 quatuor
2097 1061 2270 1114 libris.
2301 1059 2464 1115 Liber
2496 1060 2718 1115 ultimus
2748 1061 2868 1116 ﬁnit
2899 1063 2983 1117 his
3010 1065 3222 1120 verbis:
3257 1064 3414 1120 Unita
3446 1078 3522 1120 est
3547 1084 3728 1121 eorum

401 1157 638 1225 Operatio
675 1156 728 1208 in
760 1158 1003 1226 tactura,
1049 1164 1104 1210 et
1130 1155 1375 1225 sequitur
1407 1153 1753 1210 immediate:
1787 1151 2019 1221 Explicit
2059 1150 2189 1207 liber
2214 1161 2450 1222 quartus.
2484 1150 2677 1222 Incipit
2709 1151 2836 1208 fiber
2872 1155 2936 1208 de
2977 1157 3296 1226 professione
3335 1155 3602 1212 Catholica
3624 1200 3641 1222 ,
3675 1167 3732 1214 et

407 1248 721 1304 immediate
761 1249 903 1304 alter
934 1248 1072 1302 liber
1103 1247 1181 1302 De
1209 1250 1531 1318 professione
1578 1246 1740 1316 impia
1780 1244 2095 1300 Arianorum
2140 1248 2231 1314 qui
2275 1247 2390 1302 linit
2427 1247 2577 1304 hisce
2617 1249 2833 1304 verbis:
2879 1249 2942 1306 Si
2971 1268 3122 1306 aures
3152 1254 3326 1307 surda:
3355 1264 3471 1308 sunt
3509 1265 3731 1309 cratera-

410 1359 527 1398 rum
553 1385 566 1407 ,
601 1356 736 1409 etc.,
770 1343 823 1397 in
850 1359 953 1409 qua
985 1358 1081 1397 sua
1113 1342 1350 1411 epistola
1390 1356 1496 1395 non
1528 1339 2086 1395 dubitavitaflirtnare
2118 1338 2361 1397 Faustini
2396 1344 2695 1415 presbyteri
2731 1360 2838 1400 non
2868 1361 3024 1413 esse,
3053 1347 3148 1402 sed
3183 1351 3360 1417 ponus
3390 1349 3446 1404 S.
3473 1349 3730 1407 Eusebii.

408 1433 724 1503 Quinimmo
755 1435 807 1490 in
838 1436 944 1491 alia
975 1449 1070 1490 sua
1109 1435 1339 1504 epistola
1371 1433 1440 1488 de
1465 1433 1554 1488 die
1599 1433 1666 1488 l3
1689 1424 1829 1500 jull'ii
1860 1432 1998 1488 1778
2035 1433 2358 1503 epistolam,
2392 1449 2489 1489 seu
2538 1436 2777 1492 libellum
2807 1437 2877 1492 de
2905 1438 3223 1495 Canonibus
3268 1440 3693 1510 Evangeliorum
3718 1485 3731 1510 ,

406 1532 499 1602 qui
546 1531 740 1602 legitur
790 1532 842 1587 iit
887 1529 1130 1600 pluribus
1164 1528 1497 1584 editionibus
1537 1527 1595 1582 8.
1629 1525 1957 1596 Scripturte,
1999 1540 2120 1581 esse
2157 1527 2400 1596 ejusdem
2449 1531 2690 1584 auctoris
2730 1531 3062 1598 affirmavit,
3113 1533 3324 1589 etiamsi
3375 1534 3617 1605 pluribus
3674 1537 3734 1592 8.

413 1623 711 1695 Scriptura:
742 1622 1076 1680 editionibus
1103 1620 1294 1677 Griece
1343 1630 1547 1676 tantum
1609 1621 1724 1674 hinc
1770 1621 2017 1691 legatur:
2064 1621 2282 1675 tandem
2323 1622 2635 1678 observavit
2686 1624 2742 1678 in
2789 1625 3027 1681 editione
3076 1626 3736 1697 Ortbodoxographornm

415 1717 558 1773 hanc
609 1717 898 1787 epistolam
940 1731 1156 1772 exsurre
1188 1716 1377 1770 lira-ce
1417 1725 1471 1768 et
1514 1714 1706 1768 Latine
1746 1714 2003 1782 scriptam
2048 1728 2115 1768 ex
2161 1717 2327 1768 reteri
2381 1716 2631 1771 versione
2675 1717 2892 1783 Latina,
2925 1729 2982 1774 ct
3031 1720 3081 1774 in
3118 1720 3355 1789 linguam
3389 1720 3627 1777 Latinam
3684 1725 3737 1780 in

415 1819 564 1866 torno
597 1810 662 1866 Vl
701 1809 1056 1866 Bibliotheca:
1095 1808 1284 1865 Greca:
1325 1806 1591 1873 Fabricii,
1631 1823 1753 1876 quae
1795 1806 2014 1878 quidem
2067 1809 2244 1863 omnia
2281 1811 2560 1864 rnatnriori
2598 1813 2832 1867 consilio
2867 1814 3146 1869 tractanda
3189 1826 3384 1882 erunt,
3432 1827 3484 1872 ut
3523 1821 3740 1876 veritas

411 1909 640 1964 oriatur.
675 1907 809 1962 Nam
858 1907 1070 1963 etiamsi
1118 1905 1270 1962 hisce
1301 1903 1780 1960 observationibus
1829 1904 2116 1974 perpensis
2163 1909 2445 1977 exemplar
2492 1907 2845 1966 Tattrinensis
2893 1909 3350 1982 Congregationis
3389 1914 3446 1970 S.
3487 1917 3744 1988 Philippi

413 2002 560 2058 Nerii
588 2001 915 2071 reperissent
945 1999 1229 2056 conformo
1259 2000 1436 2070 quoad
1473 1997 1856 2063 substantiam,
1891 2011 2014 2052 cum
2049 2007 2227 2053 tamen
2273 1998 2555 2067 siluisset,
2598 2019 2726 2058 num
2758 2005 2928 2061 codex
2962 2007 3054 2062 ille
3087 2007 3357 2063 Vaticana!
3381 2011 3742 2067 Bibliotheca:

418 2097 491 2150 sit
535 2096 587 2150 in
630 2097 950 2150 membrana
997 2095 1344 2162 conscriptus
1384 2105 1587 2157 necne,
1619 2089 1866 2144 siluisset
1903 2095 2280 2146 charactcrurn
2328 2093 2582 2161 formam,
2617 2106 2671 2150 et
2701 2097 2905 2152 codicis
2957 2108 3175 2154 atatem
3203 2103 3563 2169 lreticuisset,
3593 2104 3741 2181 mihi

412 2198 588 2250 visum
623 2193 708 2248 hic
741 2193 842 2248 fuit
880 2191 1138 2247 utendum
1179 2207 1286 2245 noti
1314 2203 1435 2244 esse
1464 2185 1687 2257 hujusce
1716 2187 1898 2256 operis
1931 2187 2285 2250 auctoritate,
2315 2190 2382 2242 ad
2415 2190 2809 2246 ostendendam
2839 2191 3101 2248 doctrina:
3133 2195 3393 2250 unitatem
3422 2196 3480 2251 S.
3509 2197 3742 2254 Eusebii

411 2289 674 2344 adversus
700 2289 930 2342 Arianos
955 2291 1008 2341 in
1035 2287 1133 2340 hac
1152 2285 1498 2341 confessione
1519 2298 1550 2337 a
1584 2281 1740 2336 nobis
1769 2279 1979 2335 edenda
2007 2321 2021 2344 ,
2053 2295 2228 2351 neque
2259 2284 2420 2337 etiam
2453 2292 2818 2354 opportunum
2849 2284 3015 2341 edere
3045 2304 3104 2340 ea
3139 2289 3320 2344 omnia
3344 2329 3356 2350 ,
3383 2307 3498 2359 qua:
3525 2291 3743 2347 inedita

414 2395 634 2454 reperta
667 2391 796 2439 sunt
826 2383 880 2438 in
905 2383 1007 2437 hoc
1032 2395 1200 2450 Opere
1228 2378 1483 2433 Faustino
1515 2375 1800 2432 attributo.
1851 2373 2049 2440 Quanti
2080 2374 2150 2428 sit
2193 2375 2441 2431 facienda
2489 2376 2766 2432 Confessio
2815 2377 2940 2433 fidei
2987 2380 3145 2451 hujus
3181 2384 3351 2437 nostri
3394 2382 3449 2438 8.
3491 2385 3743 2439 doctoris

413 2480 668 2544 Eusebii,
709 2479 972 2534 lectorem
1027 2478 1248 2531 remitto
1295 2473 1362 2528 ad
1415 2469 1884 2542 prazfatiunculatn
1930 2469 2234 2538 appositam
2281 2477 2406 2525 ante
2457 2481 2705 2536 textum,
2748 2480 2802 2526 ct
2834 2473 2898 2526 ad
2949 2488 3112 2542 parva
3143 2476 3533 2530 commentaria
3565 2492 3747 2545 super

417 2575 588 2643 ipsam
635 2571 1038 2628 confessionem
1089 2568 1252 2634 facta,
1308 2568 1358 2621 in
1413 2565 1611 2636 quibus
1651 2569 1799 2618 certa
1843 2573 1895 2616 et
1937 2561 2277 2617 evidentiora
2320 2574 2637 2634 argumenta
2679 2565 2950 2620 habentur
2980 2568 3046 2622 de
3091 2584 3220 2623 vero
3261 2583 3477 2626 auctore
3504 2572 3742 2641 hujusce

409 2668 638 2740 symboli
662 2709 676 2730 ,
711 2667 884 2736 deque
927 2680 1052 2720 vera
1084 2677 1197 2718 sua:
1235 2661 1361 2716 lidei
1399 2657 1767 2730 professione,
1798 2665 1855 2711 et
1883 2655 2156 2710 catholico
2183 2656 2470 2728 dogmate,
2515 2659 2585 2712 ita
2626 2671 2680 2714 ut
2719 2660 2978 2716 lectorem
3021 2679 3050 2716 a
3081 2662 3341 2728 consilio,
3374 2675 3426 2718 et
3451 2667 3731 2722 sententia

415 2781 534 2821 mea
575 2767 938 2820 discessurum
981 2779 1087 2816 non
1117 2759 1282 2815 credo
1315 2758 1463 2812 hisce
1493 2754 1750 2810 omnibus
1792 2753 2095 2824 perpensis.
2137 2751 2271 2807 Nam
2304 2752 2355 2805 itt
2406 2751 2518 2806 illis
2555 2767 2716 2823 quam
2745 2769 2987 2810 consona
3031 2756 3102 2812 sit
3144 2756 3389 2812 doctrina
3419 2759 3475 2813 8.
3508 2760 3740 2824 Eusebii

414 2858 522 2912 ill:c
546 2858 606 2914 8.
631 2853 1305 2927 ΔιιιειιιςιείἱξΛιειαηᾶτὶω,
1331 2851 1667 2920 reliquorum
1693 2860 2003 2903 saIiCIoruut

2134 2862 2277 2911 rum,
2306 2847 2590 2915 probatum
2623 2858 2727 2902 est.
2760 2848 2907 2916 Quas
2935 2866 3065 2906 vero
3094 2853 3394 2918 peculiares
3430 2857 3742 2910 sententias

419 2953 712 3025 prouilei-it
761 2952 820 3007 S.
871 2951 1142 3006 Eusebius
1180 2957 1236 3002 et
1279 2944 1591 3002 conformea
1634 2959 1806 2998 sacra:
1849 2942 2179 3012 Scripturzc,
2228 2942 2464 3012 antiquis
2491 2943 2780 3010 Patribus,
2826 2957 2879 3000 et
2927 2948 3174 3004 conciliis
3203 2949 3648 3008 demonstratum
3687 2955 3740 3008 in

412 3050 524 3105 illis
570 3048 690 3104 fuit.
725 3048 886 3104 llisce
923 3047 1002 3101 sic
1033 3045 1197 3101 editis
1241 3042 1462 3098 habebit
1494 3041 1665 3095 lector
1711 3055 1848 3094 nova
1898 3047 2218 3108 argumenta
2249 3039 2316 3092 ad
2366 3039 2692 3094 Arianorum
2737 3037 2988 3100 haeresim
3035 3044 3386 3113 confutanda,
3424 3064 3596 3105 novas
3639 3053 3742 3108 cir-

415 3141 776 3198 cumstantias
815 3139 880 3194 ad
915 3135 1292 3193 illustrandam
1335 3133 1620 3188 historiam
1651 3130 1798 3186 illius
1833 3130 2116 3199 temporis.

3610 275 3719 330 936

440 3252 3681 3280 ————-—_—-—————-—————————_

1420 3326 2141 3440 DISQUISITIO
2252 3330 2718 3416 PR/EVIA

1087 3494 1192 3557 DE
1235 3489 1544 3555 EUSEBII
1581 3483 2174 3552 VERCELLENSIS
2215 3485 2434 3552 FIDE!
2475 3491 3035 3570 EXPOSITIONE,

1506 3638 1625 3691 SEU
1661 3638 1745 3690 DE
1779 3637 2076 3691 AUCTORE
2110 3637 2312 3690 HUJUS
2350 3638 2648 3692 SYMBOLI.

488 3880 700 3938 Acriter
739 3878 852 3950 jam
905 3894 936 3933 a
968 3876 1154 3932 multis
1183 3873 1505 3931 clarissimis
1532 3870 1663 3928 viris
1691 3870 2026 3942 disputatum

419 3976 523 4031 fuit
550 3974 620 4030 de
645 3972 893 4046 symbolo
925 3971 1270 4040 Quicumque,
1292 3967 1415 4023 aliis
1439 3967 1496 4022 8.
1528 3966 1829 4022 Athanasio
1855 3963 2034 4019 vindi-

419 4069 672 4125 cantibus
711 4065 877 4130 illud,
908 4065 1032 4118 aliis
1077 4060 1368 4116 Anastasio
1411 4059 1637 4116 Sinaitte
1665 4101 1680 4125 ,
1733 4057 1918 4113 multis
1963 4055 2030 4111 ab

419 4174 642 4219 auctore
672 4161 866 4216 Latino
898 4159 1218 4215 adornatum
1260 4158 1426 4212 fuisse
1478 4155 1863 4226 pugnantibus,
1895 4169 2031 4207 non-

421 4256 586 4311 nullis
615 4271 645 4309 a
677 4253 887 4310 Gallico
911 4253 1182 4322 scriptore
1211 4251 1517 4306 confectum
1549 4249 2027 4316 contendentibus,

419 4364 487 4402 ex
524 4347 726 4419 quibus
779 4345 1029 4416 Vigilium
1084 4343 1439 4414 Tapsitanutn
1495 4343 1648 4398 multi
1695 4341 2032 4396 contendunt

421 4450 725 4506 auctorem,
755 4437 848 4493 alii
897 4436 1238 4492 Vincentium
1264 4435 1608 4492 Lirinensem
1632 4452 1646 4499 ;
1673 4445 1727 4490 et
1754 4449 1882 4488 suas
1906 4449 2030 4489 seu-

420 4536 619 4591 tentias
649 4532 877 4589 fulcinnt
907 4529 1243 4587 ostendendo
1271 4529 1323 4584 in
1355 4530 1446 4583 illo
1475 4527 1721 4600 symbolo
1748 4528 2032 4582 damnatas

421 4619 660 4686 [hereses
691 4625 1028 4698 Eutychetis,
1058 4632 1115 4680 et
1141 4623 1377 4681 Nestorii
1405 4630 1525 4694 post
1547 4622 1752 4676 obitum
1780 4622 1836 4677 8.
1855 4620 2028 4676 Atha-

422 4723 559 4798 nasii
579 4719 909 4778 exortas.At
932 4719 1059 4789 quid
1090 4717 1217 4772 inde
1246 4716 1429 4787 siquis
1452 4715 1658 4771 diceret
1681 4725 1898 4770 sanctos
1928 4714 2030 4768 Pa-

423 4828 533 4874 tres
564 4828 979 4888 praioccnpasse
1007 4853 1021 4878 ,
1071 4821 1126 4868 et
1173 4811 1495 4882 prmcavisse
1543 4810 1640 4864 has
1673 4810 1939 4892 haereses,
1971 4819 2030 4865 ut

413 4915 526 4986 jam
559 4912 910 4969 observatum
944 4921 1029 4966 est
1059 4911 1128 4966 ab
1180 4910 1481 4977 historicis,
1523 4924 1692 4980 penes
1739 4908 1924 4979 plures
1965 4909 2024 4966 8.

421 5009 612 5065 Patres
641 5006 1016 5079 antiquiores?
1035 5006 1186 5062 Tunc
1211 5006 1413 5060 nullius
1445 5006 1704 5060 momenti
1736 5016 1920 5060 essent
1945 5005 2028 5061 ha:

420 5103 682 5158 rationes.
728 5101 882 5171 Quod
935 5108 1117 5156 autem
1176 5098 1407 5169 alicujus
1449 5100 1652 5168 negotii
1695 5113 1726 5153 a
1777 5098 2028 5170 pluribus

417 5193 710 5264 Thcologis
751 5193 1054 5262 judicatutu
1091 5193 1229 5258 fuit,
1279 5192 1408 5247 illud
1457 5207 1582 5247 esse
1611 5191 1834 5260 dicam,
1881 5191 2026 5263 quod

419 5286 742 5341 auctoritate
765 5286 912 5341 illius
941 5286 1174 5359 sytnboli
1213 5299 1552 5357 nequaquam
1579 5283 1756 5340 Latini
1789 5285 1870 5340 usi
1899 5294 2028 5344 sunt

419 5381 486 5434 ad
517 5379 998 5435 demonstrandam
1050 5381 1314 5435 adversus
1367 5377 1590 5434 Graecos
1641 5379 2023 5436 schismaticos

421 5472 689 5544 originem
719 5473 861 5527 illam
894 5473 1128 5542 Spiritus
1160 5473 1333 5527 sancti
1359 5487 1389 5526 a
1415 5470 1580 5537 Filio,
1605 5487 1700 5527 seu
1729 5474 2023 5542 processio-

420 5583 557 5632 rtem,
591 5579 649 5620 ut
673 5566 872 5620 docent
893 5566 1178 5637 Theologi.
1199 5566 1297 5622 Coi
1332 5567 1525 5623 rationi
1553 5566 1710 5624 facile
1739 5567 2024 5638 quisquam

420 5678 699 5733 Opponere
744 5672 923 5730 posset
951 5664 1009 5717 S.
1040 5663 1301 5718 Basiliam
1334 5663 1582 5734 Magnum
1609 5707 1622 5728 ,
1657 5673 1708 5719 et
1736 5663 2023 5736 Didymnm

424 5755 853 5817 Alexandrinum
899 5755 1038 5812 hanc
1067 5762 1440 5828 processionem
1464 5757 1784 5830 agnovisse,
1819 5765 1874 5815 ct
1920 5768 2021 5818 tra-

444 5849 674 5928 didisse.
703 5867 935 5932 quorum
965 5853 1320 5918 auctoritates
1345 5862 1537 5920 contra
1565 5853 1785 5915 Gracos
1811 5853 2029 5914 fuerunt

2135 3873 2325 3930 relatte
2351 3891 2379 3928 a
2406 3875 2720 3947 Theologis.
2750 3875 2861 3932 Hos
2884 3885 3064 3933 autem
3089 3877 3281 3934 Patres
3306 3888 3469 3935 aetate
3482 3879 3539 3936 S.
3565 3881 3739 3935 Atha-

2134 3969 2297 4035 nasii,
2333 3981 2386 4026 et
2414 3972 2472 4026 8.
2502 3971 2721 4027 Eusebii
2753 3971 3122 4030 Vercellensis
3159 3975 3402 4045 episcopi
3435 3974 3607 4030 fuisse
3637 3991 3734 4030 ne.

2133 4079 2222 4118 mo
2255 4063 2524 4119 inliciatur
2552 4082 2564 4119 :
2596 4063 2842 4135 adeoque
2870 4081 3096 4121 necesse
3138 4081 3244 4121 non
3289 4067 3388 4122 fuit
3413 4082 3609 4122 onmes
3633 4067 3734 4123 Pa-

2135 4168 2268 4224 tres,
2301 4167 2356 4213 et
2383 4159 2583 4230 scripta
2616 4176 2806 4214 eorum
2833 4161 2938 4216 illis
2961 4161 3234 4231 obiicere,
3265 4171 3319 4216 et
3353 4164 3597 4216 maxime
3629 4161 3739 4216 for-

2129 4266 2224 4307 s.in
2249 4267 2368 4321 qua:
2397 4253 2448 4306 in
2482 4252 2728 4308 omnium
2756 4269 2850 4308 ore
2896 4255 3253 4310 versabantur
3275 4295 3290 4320 ,
3342 4265 3400 4310 ut
3440 4256 3733 4324 probetur,

2129 4362 2251 4416 quae
2282 4345 2574 4400 traditione
2599 4345 2892 4412 dabantur,
2923 4347 3248 4402 auctoritate
3294 4346 3518 4402 Patrum
3566 4348 3728 4403 robo—

2132 4449 2247 4495 rata
2275 4438 2462 4494 fuisse.
2490 4439 2644 4505 Nam,
2676 4440 2780 4494 etsi
2800 4456 2864 4494 ex
2893 4439 2998 4502 bis,
3029 4441 3123 4511 qui
3146 4456 3245 4511 pro
3272 4456 3440 4512 supra
3467 4444 3735 4497 enarratis

2131 4535 2446 4589 aucwribus
2474 4546 2732 4608 pugnant,
2765 4534 2920 4604 pauci
2951 4535 3057 4588 sint
3084 4576 3099 4600 ,
3131 4535 3226 4605 qui
3280 4549 3378 4606 pro
3409 4537 3466 4590 8.
3501 4535 3732 4590 Eusebio

2137 4627 2469 4684 Vcrcellensi
2523 4627 2885 4697 scripserint.
2937 4636 2992 4682 et
3045 4627 3379 4682 sententiam
3433 4627 3576 4682 hanc
3603 4637 3730 4681 tarn-

2130 4737 2290 4791 quatn
2316 4719 2975 4788 communetruetulcriut
3001 4720 3234 4775 :scimus
3266 4730 3445 4774 tamen
3470 4721 3729 4790 antiquis-

2131 4817 2274 4869 simo
2306 4825 2554 4884 tempore
2573 4813 2881 4884 symbolum
2909 4812 3038 4867 illud
3057 4812 3107 4866 in
3137 4809 3729 4867 EcclesiaVercellensi

2132 4909 2354 4966 recitari
2386 4906 2760 4973 consuevisse,
2803 4919 2857 4963 et
2903 4907 3252 4962 traditionem
3285 4908 3430 4962 illius
3471 4905 3728 4963 Ecclesir

2132 5020 2231 5060 nos
2278 5004 2512 5059 educere
2546 5002 2648 5057 hoc
2703 5002 3009 5073 symbolum
3042 5001 3236 5056 Latine
3266 5003 3536 5069 scriptum
3568 5002 3726 5054 fuisse

2131 5095 2476 5153 Alexandriae
2511 5095 2871 5164 praesentibus
2903 5094 3002 5152 SS.
3037 5095 3356 5161 Athanasio,
3397 5105 3452 5150 et
3493 5094 3721 5158 ASterin,

2135 5207 2191 5251 et
2223 5193 2281 5250 S.
2318 5192 2553 5248 Eusebio
2583 5191 2803 5246 laudato
2826 5233 2840 5258 ,
2883 5202 2937 5247 et
2968 5207 3089 5244 cum
3118 5190 3254 5244 actis
3287 5190 3397 5244 illic
3446 5189 3724 5244 celebratis

2134 5287 2326 5342 Latine
2357 5285 2583 5340 redditis
2610 5285 2678 5338 ab
2708 5283 2901 5339 eodem
2917 5283 3117 5337 oblatis
3139 5297 3354 5337 summo
3379 5280 3616 5351 pontifici
3636 5278 3720 5333 Li-

2132 5380 2308 5437 berio.
2341 5379 2542 5433 Omnes
2563 5376 2856 5445 scriptores
2889 5376 2955 5432 de
2988 5376 3232 5432 Ecclesia
3264 5374 3599 5431 Vercelleosi
3625 5383 3723 5424 tra-

2132 5475 2270 5529 dunt
2299 5474 2350 5528 in
2382 5474 2490 5528 ritu
2547 5470 2856 5526 Eusebiano
2883 5512 2898 5538 ,
2931 5480 2987 5525 et
3019 5470 3070 5524 in
3106 5468 3259 5524 horis
3290 5467 3566 5522 canonicis
3590 5464 3715 5517 anti-

2130 5569 2312 5638 quitus
2346 5568 2719 5636 praescriptam
2755 5566 2922 5620 fuisse
2941 5564 3313 5620 recitationem
3338 5563 3562 5632 hujusce
3588 5576 3720 5631 sym-

2135 5665 2240 5719 boli
2271 5706 2285 5729 ,
2313 5673 2364 5718 et
2397 5661 2594 5717 festum
2627 5661 2895 5718 celebrari
2945 5661 3013 5715 de
3059 5660 3406 5718 sanctissima
3437 5659 3714 5720 Trinitate,

2135 5776 2205 5818 ex
2235 5777 2344 5832 quo
2368 5761 2473 5815 ritu
2500 5758 2763 5814 Alt'ttinus
2792 5756 3022 5811 Flaccus
3052 5766 3299 5823 tempore
3327 5750 3508 5808 Caroli
3536 5747 3708 5817 Magni,

2138 5864 2198 5917 ut
2226 5849 2445 5922 novitiis
2469 5849 2848 5932 sacerdotibus
2891 5847 3134 5908 traderet
3165 5846 3384 5908 facilem
3419 5842 3710 5910 methodutn
