3970 6408
239 270 344 328 957
1419 255 1506 312 DE
1545 247 1920 308 TRINITATE
1960 241 2358 304 CONF'ESSIO.
3431 229 3538 287 958

235 378 550 438 celebrandi
577 392 817 446 sacrum,
849 375 1068 432 Missam
1107 373 1178 429 de
1197 369 1544 427 sanctissima
1567 367 1838 422 Trinitato
1863 367 1914 426 Α
1942 360 2247 417 emendatis
2274 357 2580 425 erroribus,
2610 363 2670 411 ut
2693 352 2926 426 quisque
2968 348 3258 420 impolluto
3313 355 3367 401 et
3399 341 3536 398 inof-

237 475 290 530 iu
345 473 588 529 Ecclesia
621 468 958 526 Vercellensi
999 465 1220 522 recitari
1261 463 1468 536 pluries
1493 465 1836 524 consuetam,
1945 455 2100 512 lenso
2120 455 2260 525 pede
2280 470 2380 512 eos
2403 455 2582 526 legero
2607 457 2813 523 posset.
2837 451 2895 505 In
2918 449 3019 504 hac
3043 462 3176 501 vero
3195 443 3542 502 confessione

235 565 430 622 diebus
451 561 740 622 dominicis
770 560 1106 634 praescripsit
1136 557 1228 632 (ne
1255 558 1432 612 dicam
1459 553 1628 608 alium
1656 547 1838 606 Alcui-
1944 553 2016 610 de
2056 551 2216 622 hujus
2265 561 2468 606 nostra:
2516 550 2697 606 carnis
2741 543 3154 602 resurrectione
3203 549 3548 610 pertracmns

236 674 365 714 lllllll
382 657 694 728 episcopum
707 655 1107 710 Vcrcellensem
1126 652 1228 705 hac
1253 650 1368 720 ipsa
1395 641 1840 717 tempeslaleEc-
1943 661 2190 702 errore“)
2251 643 2504 715 Origenis
2551 645 2692 698 circa
2743 653 3038 710 θοι-ροτυηι
3086 631 3549 691 resurrectionem

235 749 460 805 clesiam
517 747 664 802 illam
708 741 1224 812 administrantem)
1279 741 1452 795 donec
1492 735 1636 792 facili
1678 731 1840 788 modo
1943 739 2360 812 conipiLErgo
2383 738 2516 794 nulli
2547 735 2744 792 melius
2770 751 2928 804 quam
2955 732 3018 790 S.
3049 730 3288 786 Eusebio
3307 727 3554 784 tribue“-

235 849 466 913 possent
495 841 570 894 illi
605 839 887 894 sccl-dotes
927 837 1118 892 novitii
1151 835 1396 891 ediscere
1427 845 1582 886 usum
1611 827 1840 881 aliormn
1945 833 2072 888 dum
2125 832 2227 888 hoc
2269 831 2575 906 symbolum
2613 829 2920 884 crederem
2955 825 3024 880 Ει
3053 825 3156 878 ι,ορ
3193 821 3376 878 forsan
3419 815 3554 874 illud

235 937 599 1010 plurimorum
635 933 904 989 codicum.
964 929 1062 986 Cui
1091 928 1332 1000 Opinioni
1357 925 1521 982 robur
1543 938 1702 994 quam
1730 934 1844 974 ma-
1945 944 2092 994 esse,
2115 943 2182 984 εχ
2209 943 2316 998 quo
2337 926 2630 982 οοηίιηιυηι
2658 909 3550 994 posterioribustemporibusiuud

235 1031 444 1084 xinmm
477 1027 634 1082 affert
660 1026 891 1098 cpistola
931 1023 1188 1096 synodica
1223 1021 1385 1076 misSa
1431 1017 1500 1071 ab
1543 1012 1844 1072 Athanasio
1947 1025 2243 1093 νυιεειι-ίιειι
2271 1020 2602 1094 appellamm
2639 1018 2974 1086 Quicunque,

235 1121 308 1176 ad
339 1121 736 1186 Antiochenos,
767 1120 909 1174 circa
939 1116 1102 1172 ﬁnem
1135 1115 1251 1169 lucc
1283 1111 1492 1167 habens
1520 1129 1533 1165 :
1579 1107 1705 1163 llaec
1730 1106 1845 1177 qui-
2017 1117 2076 1174 Si
2109 1119 2324 1172 tandem
2365 1127 2482 1170 “cla
2515 1113 2758 1184 ejusdem
2791 1109 2849 1166 δ,
2885 1105 3104 1164 Eusebii
3141 1103 3558 1162 εοηείάρι-εηιυτ

235 1216 354 1270 dem
387 1231 478 1269 nos
509 1223 616 1268 tum
645 1215 768 1283 quia
795 1216 942 1285 nefas
988 1221 1066 1265 est
1106 1209 1375 1280 quicquam
1405 1206 1544 1260 ultra
1571 1202 1845 1258 Nicaenum

1983 1211 2016 1268 b
2046 1211 2278 1284 Ughello
2303 1209 2425 1264 Ital.
2456 1207 2581 1262 Sac.
2610 1216 2742 1261 tom.
2769 1203 2858 1266 1V,
2887 1217 2940 1272 p.
2974 1200 3098 1264 759,
3123 1198 3290 1264 edita,
3321 1195 3560 1266 ipsumet.

235 1311 517 1366 concilium
547 1309 826 1380 requirere,
857 1317 946 1361 aut
973 1306 1315 1360 contentiosas
1343 1301 1619 1356 sententias
1643 1297 1842 1364 recipe-
1949 1321 2050 1363 ηοε
2082 1307 2356 1360 instruunt
2381 1301 2786 1358 ουητεεείσωεηι
2825 1313 2980 1354 suam
3011 1295 3230 1352 Liberio
3263 1305 3422 1364 papa;
3453 1291 3554 1346 de.

233 1421 316 1470 re,
347 1415 454 1457 tum
485 1403 562 1458 uel
608 1402 670 1456 ob
717 1417 894 1474 pacem
925 1399 1114 1462 solum,
1150 1411 1194 1451 et
1233 1413 1297 1450 ne
1333 1394 1422 1466 qui
1453 1401 1588 1448 recte
1618 1389 1846 1446 sentiunt
1951 1401 2099 1456 disse
2139 1397 2362 1464 unum,
2395 1405 2688 1465 antequam
2721 1393 2824 1446 ίιθιο
2848 1406 3008 1444 suum
3043 1385 3322 1442 Vercellas
3359 1381 3560 1454 dirige.

235 1517 336 1572 pro
359 1500 561 1572 rejectis
591 1497 880 1552 habeantur
922 1495 989 1550 ad
1019 1495 1174 1548 istum
1202 1493 1410 1562 modum
1449 1487 1768 1548 censuimus,
1799 1492 1848 1537 et

1983 1505 2054 1552 et.
2085 1493 2316 1549 Sanctus
2344 1489 2519 1548 autem
2546 1487 2804 1542 Eusebius
2841 1484 3034 1538 athleta
3062 1479 3258 1538 Christi
3285 1479 3408 1532 data
3435 1491 3559 1530 con-

235 1609 420 1648 eomm
454 1591 860 1647 Coarsssroneu
901 1587 1072 1658 qualis
1101 1587 1278 1656 fuerit,
1313 1599 1428 1650 nos,
1458 1581 1544 1650 qui
1571 1578 1735 1633 relicti
1759 1593 1848 1631 su-

1983 1589 2175 1645 essione
2223 1586 2348 1658 ﬁdei
2391 1601 2536 1652 sum,
2583 1593 2630 1638 et
2662 1582 2830 1654 posita
2873 1577 3054 1632 Romae
3099 1577 3152 1630 in
3193 1589 3339 1630 sacra
3367 1571 3560 1626 scrinio

238 1703 360 1740 mus
390 1683 720 1740 Alexandria:
747 1726 760 1748 ,
807 1683 990 1754 paucis
1015 1679 1354 1734 indicavimus
1384 1692 1403 1742 ;
1442 1675 1596 1746 idque
1624 1675 1677 1728 in
1704 1687 1846 1726 com-

1983 1682 2266 1750 alefaciens
2290 1681 2494 1736 Liberio
2523 1693 2674 1750 papa:
2697 1691 2815 1730 cum
2837 1673 3031 1748 ueteris
3065 1668 3312 1742 fratribus
3341 1667 3435 1719 iter
3461 1680 3554 1734 ag-

241 1795 399 1834 mune
419 1797 523 1834 una
553 1795 670 1833 cum
699 1778 909 1848 reliquis
941 1773 1308 1829 comministris
1335 1786 1602 1826 sacrorum
1645 1766 1848 1822 Asteria
1877 1780 1880 1837 ς

1983 1795 2162 1834 ινεεεειε
2189 1787 2284 1832 est.
2314 1773 2447 1844 Quae
2476 1785 2656 1829 autem
2685 1770 2868 1826 omnia
2893 1781 3130 1824 consona
3163 1763 3416 1818 videntur
3437 1771 3560 1814 esse

241 1883 296 1930 et
337 1871 583 1927 Eusebio.
629 1869 766 1925 Nam
805 1869 990 1938 reliqui
1018 1883 1080 1922 ea:
1107 1867 1292 1920 nostris
1319 1864 1588 1934 quisquam
1629 1865 1696 1914 ad
1733 1876 1852 1914 suas

245 1967 544 2040 prouincias
573 1964 830 2020 abierunt.
873 1961 974 2016 Vos
1003 1975 1182 2015 rursus
1207 1959 1258 2012 in
1290 1972 1580 2022 commune,
1607 1953 1694 2008 ubi
1721 1953 1854 2008 sole-

247 2061 320 2116 tis
347 2067 620 2114 conuentus
649 2073 820 2125 agerc,
847 2057 946 2110 ista
967 2053 1196 2108 videbitis
1227 2049 1538 2120 pervulgari,
1565 2063 1720 2113 eoque
1747 2061 1856 2097 un-

251 2171 346 2210 nes
372 2163 592 2210 evocate.
621 2150 856 2222 Equum
899 2161 972 2205 est
1013 2149 1146 2204 enim
1187 2155 1245 2202 ut
1285 2149 1336 2201 in
1373 2161 1431 2200 eo
1478 2145 1592 2200 loco
1631 2143 1858 2216 primum

250 2247 475 2320 epistola
497 2247 750 2312 recitatur,
780 2257 885 2301 etc.
914 2245 1062 2315 Ergo
1088 2261 1152 2299 ex
1179 2243 1279 2298 hac
1304 2241 1630 2296 auctoritate
1657 2247 1711 2293 et
1731 2253 1860 2292 cou-

253 2341 500 2396 fessione
602 2337 820 2395 Eusebii
867 2349 921 2394 et
936 2335 1138 2392 Asturii
1161 2335 1392 2390 indicata
1413 2331 1769 2388 Antiochenis
1791 2329 1860 2386 ab

254 2433 560 2491 Athanasio
587 2433 929 2504 probatur,et
951 2449 1106 2486 suum
1131 2429 1438 2504 symbolum
1462 2443 1582 2483 cum
1605 2427 1862 2498 epistola.

333 2529 592 2598 Quantam
635 2531 852 2584 fuerunt
882 2525 992 2582 ilhc
1042 2527 1414 2582 confessiones
1436 2565 1452 2588 ,
1486 2539 1581 2578 seu
1613 2519 1862 2593 symbola
1901 2583 1904 2586 ,

257 2623 424 2679 nobis
453 2623 852 2692 incompertum
889 2631 994 2688 est,
1024 2637 1148 2675 num
1179 2619 1485 2692 symbolum
1519 2615 1862 2688 Quicumque,

259 2717 354 2772 vel
383 2717 496 2772 haec
525 2715 820 2783 confessio,
850 2731 1010 2787 quam
1037 2715 1178 2787 typis
1209 2715 1548 2768 mandamus.
1583 2711 1662 2768 De
1693 2711 1869 2782 primo

260 2811 606 2866 contendunt
637 2813 938 2879 scriptores
968 2811 1108 2864 inter
1129 2824 1212 2876 se,
1245 2815 1304 2863 ut
1332 2807 1681 2862 observatum
1711 2821 1868 2876 snpe-

264 2901 386 2958 rius
414 2902 534 2958 fuit.
566 2905 752 2960 Altera
785 2917 955 2969 vero,
996 2903 1067 2960 de
1099 2917 1208 2971 qua
1233 2903 1598 2972 quaestionem
1627 2901 1872 2956 institui-

267 3011 396 3052 mus
433 2996 712 3053 confessio
741 2996 860 3052 huc
886 3005 966 3052 est
991 3037 1005 3063 ,
1035 3011 1196 3067 quam
1238 2996 1358 3050 sine
1383 2995 1622 3051 auctoris
1655 2995 1876 3053 nomine

263 3091 446 3146 tribus
488 3091 540 3146 in
573 3089 724 3147 foliis
762 3091 1016 3146 maximis
1036 3087 1402 3160 conscriptam
1449 3089 1651 3144 sacculo
1689 3105 1767 3157 ix,
1817 3095 1876 3144 ut

1955 1873 2061 1936 eis,
2093 1883 2212 1940 quae
2251 1863 2869 1938 scripsitBuﬁnushist.
2893 1878 2932 1928 ι,
2956 1874 3079 1930 cap.
3098 1857 3194 1922 28,
3217 1854 3309 1918 ‘29,
3334 1853 3423 1920 50,
3450 1861 3562 1908 etc.

1957 1964 2152 2022 Narrat
2177 1963 2322 2017 enim
2353 1959 2650 2016 Eusebium
2679 1952 3067 2014 Alexandriam
3101 1947 3410 2020 perrexisse
3440 1957 3562 2000 cum

1957 2059 2080 2114 aliis
2118 2055 2526 2112 confessoribus
2570 2053 2672 2108 [ide
2715 2049 2946 2122 integris
2988 2047 3170 2116 ibique
3209 2043 3398 2100 mitius
3439 2055 3564 2096 cum

1959 2154 2130 2226 lapsis
2175 2151 2392 2224 egisse,
2437 2159 2490 2205 et
2539 2146 2978 2220 procurationem
3027 2139 3340 2198 Occidentis
3383 2135 3567 2192 eidem

1961 2247 2166 2312 delata,
2198 2255 2256 2300 ut
2285 2239 2505 2298 Asterio
2535 2239 2794 2304 Orientis,
2825 2236 3038 2290 additur
3065 2248 3188 2288 sane
3235 2231 3288 2284 in
3320 2230 3414 2283 illo
3446 2243 3569 2284 con-

1961 2343 2070 2398 cilii
2110 2342 2314 2396 decreto
2343 2339 2496 2393 etiam
2527 2335 2593 2390 de
2630 2333 2839 2401 Spiritu
2866 2339 3043 2386 sancto
3081 2326 3283 2402 plenior
3326 2324 3568 2393 disputa-

1965 2441 2058 2504 tio,
2091 2449 2144 2492 ut
2169 2433 2400 2510 ejusdem
2429 2430 2750 2492 substantiae,
2779 2443 2840 2480 ac
2866 2424 3090 2488 deitatis,
3126 2423 3276 2494 cujus
3309 2416 3488 2480 Pater,
3521 2421 3571 2468 et

1969 2533 2160 2598 Filius,
2188 2505 2368 2584 retium
2422 2526 2652 2597 Spiritus
2696 2531 2906 2578 sanctus
2955 2517 3245 2570 crederetur
3294 2511 3440 2582 (cap.
3472 2505 3566 2574 29,

1969 2643 2024 2698 p.
2057 2623 2209 2695 2H).
2242 2640 2334 2678 nec
2360 2620 2640 2692 quidquam
2675 2631 2884 2686 prorsus
2916 2612 2968 2666 in
2995 2609 3286 2671 Trinitate,
3312 2613 3400 2658 aut
3431 2618 3575 2656 crea-

1967 2692 2098 2784 tum,
2130 2692 2217 2772 aut
2235 2714 2474 2786 inferius,
2504 2708 2819 2780 posteriusue
2831 2705 3112 2758 diceretur.
3129 2695 3234 2754 Sed
3258 2705 3304 2750 et
3326 2695 3388 2748 de
3412 2692 3576 2764 diffe-

1971 2813 2138 2866 rentia
2192 2805 2633 2867 substantiarum,
2680 2810 2728 2855 et
2776 2795 3226 2852 subsistentiarum
3267 2805 3435 2845 sermo
3467 2787 3579 2858 ejus

1974 2921 2066 2976 per
2085 2903 2396 2974 scripturam
2435 2906 2604 2950 motus
2628 2901 2722 2947 est.
2755 2890 2924 2945 Graeci
2949 2889 3124 2947 οὐσίας
3141 2925 3156 2952 ,
3190 2894 3238 2938 et
3260 2882 3577 2939 ὑποστάσεις

1976 2969 2200 3060 uocant,
2231 2989 2446 3064 quidam
2477 2987 2664 3042 etenim
2695 2982 2930 3040 dicebant
2961 2977 3339 3040 substantiam,
3376 2983 3424 3027 et
3460 2969 3581 3024 sub-

1977 3089 2264 3145 sistentiam
2293 3099 2456 3140 unum
2499 3079 2662 3136 uideri
2695 3093 2712 3134 :
2743 3089 2787 3132 et
2815 3076 2936 3148 quia
2979 3082 3080 3128 tres
3121 3065 3434 3126 substantias
3480 3077 3583 3118 non

267 3186 612 3243 characteris
645 3185 815 3241 forma
859 3183 1020 3240 nobis
1047 3184 1289 3240 indicare
1332 3183 1566 3250 videtur,
1599 3198 1720 3253 qua:
1751 3184 1874 3253 qui-
1897 3165 1942 3228 C
1976 3185 2200 3238 dicimus
2217 3183 2270 3234 in
2289 3178 2534 3243 Deo,nec
2551 3183 2654 3228 tres
2679 3169 3032 3227 subsistentias
3047 3165 3218 3220 dicere
3235 3161 3582 3217 debeamus...

269 3278 398 3333 dem
431 3279 602 3333 tribus
643 3276 790 3333 foliis
819 3277 1256 3333 membranaceis
1281 3277 1440 3348 inter
1469 3277 1576 3330 alia
1595 3315 1612 3344 ,
1641 3283 1764 3346 quas
1807 3274 1878 3330 ad

269 3373 668 3427 monasterium
697 3369 795 3427 SS.
827 3367 1107 3427 Michaelis
1138 3379 1192 3426 et
1217 3369 1462 3426 Januarii
1501 3369 1572 3426 Μ.
1602 3370 1670 3425 de
1706 3367 1876 3426 Luce—

269 3467 367 3524 dio
407 3467 664 3524 dimcesis
716 3465 1078 3524 Vercellensis
1105 3467 1452 3537 pertinebant
1503 3467 1678 3522 relata
1725 3473 1872 3530 sunt,

270 3561 516 3618 exscribi
545 3561 878 3616 curavimus.
923 3559 1122 3616 Parma
1167 3544 1387 3630 quidem
1427 3559 1690 3614 dil’l‘erunt
1735 3558 1880 3612 inter

272 3669 340 3710 se
379 3655 687 3727 symbolum
730 3653 1086 3722 Quicumque,
1115 3659 1171 3710 et
1211 3647 1642 3708 hmo-confessio
1668 3694 1680 3716 ,
1726 3651 1774 3706 si
1812 3651 1879 3707 de

271 3749 420 3821 stylo
453 3747 749 3819 loquimur,
779 3753 964 3804 tatnen
1005 3747 1060 3802 in
1100 3747 1288 3803 multis
1326 3756 1452 3804 sunt
1487 3746 1796 3812 dissimilia,
1826 3753 1883 3802 et

276 3845 422 3902 hanc
445 3847 814 3916 antiquiorem
841 3844 938 3900 illo
964 3843 1270 3900 crederem.
1313 3841 1370 3898 Si
1401 3857 1536 3898 vero
1569 3841 1886 3896 considere-

279 3955 424 4006 mus,
441 3939 953 4012 hypostasisdogma
976 3935 1183 3994 eisdem
1203 3933 1412 3992 Grzecis
1437 3934 1616 3990 verbis
1633 3931 1764 3987 illud
1789 3947 1884 3987 ex-

279 4035 468 4108 plicat,
495 4034 688 4108 quibus
711 4033 769 4090 S.
791 4029 1128 4088 Athanasius
1155 4032 1206 4086 in
1237 4045 1334 4086 sua
1365 4029 1592 4102 epistola
1619 4027 1884 4101 synodica

287 4130 404 4199 jam
439 4128 944 4198 laudata,adeoque
973 4125 1268 4200 ὁμοούσιον,
1304 4127 1485 4186 οὐσίας
1531 4123 1784 4195 leguntur
1831 4121 1884 4177 in

279 4221 389 4276 hoe
412 4220 662 4293 symbolo
684 4217 750 4274 ad
779 4217 1159 4288 esplicandam
1185 4216 1332 4282 Filii,
1355 4225 1411 4271 et
1435 4215 1609 4270 Patris
1637 4215 1884 4269 subatano

283 4318 414 4370 tiam
448 4329 633 4378 unam,
666 4312 1027 4382 eamdemque
1053 4323 1198 4376 esse,
1231 4319 1286 4368 et
1317 4309 1592 4381 loquendo
1623 4307 1684 4368 S.
1717 4309 1890 4364 Euse—

281 4407 408 4463 bius
437 4405 505 4462 de
535 4403 924 4478 hypostasibus
943 4404 996 4458 in
1019 4419 1116 4458 sua
1147 4401 1492 4458 confessione
1517 4400 1654 4456 facta
1679 4403 1731 4456 in
1755 4415 1886 4472 syn-

281 4501 394 4558 odo
433 4498 825 4560 Alexandrina,
855 4504 912 4551 et
948 4498 1126 4552 relata
1153 4498 1206 4550 in
1232 4495 1338 4550 ﬁne
1358 4495 1604 4564 ejusdem
1635 4491 1886 4565 epistolae

1979 3277 2119 3342 Sed,
2163 3273 2302 3328 etde
2342 3267 2705 3324 incarnatione
2747 3261 2964 3318 Domini
3006 3255 3430 3329 comprehensum
3476 3257 3582 3315 est,

1977 3373 2100 3444 quia
2145 3385 2332 3442 corpus
2378 3364 2516 3438 quod
2565 3369 2860 3426 susceperat
2911 3353 3204 3419 Dominus,
3261 3364 3423 3420 neque
3473 3345 3584 3400 sint

1979 3481 2130 3520 sensu
2153 3506 2166 3530 ,
2197 3437 2358 3532 neque
2392 3437 2511 3514 sine
2551 3456 2726 3510 anima
2765 3450 3088 3519 suscepisset.
3119 3442 3318 3510 Quibus
3349 3437 3588 3496 omnibus

1981 3567 2155 3624 caute,
2181 3555 2546 3625 moderateque
2582 3543 2880 3618 compositis
2905 3540 3261 3608 unusquisque
3285 3537 3468 3590 itinere
3493 3547 3588 3586 suo

1981 3669 2100 3707 cum
2127 3667 2252 3721 pace
2269 3645 2517 3720 perrexit.
2536 3643 2616 3698 De
2633 3643 2781 3696 hisce
2805 3633 3116 3696 omnibusin
3133 3627 3594 3688 hacconfcssinne

1985 3753 2365 3818 pertractatur.
2399 3739 2710 3807 Quinimmo
2731 3732 2960 3790 Ruﬁnus
2983 3739 3038 3785 et
3059 3726 3352 3784 Eusebium
3388 3721 3580 3778 eodem

1981 3815 2078 3896 lib.
2109 3851 2214 3910 cap
2241 3835 2345 3900 30,
2376 3834 2806 3887 circumeuntem
2839 3823 3120 3880 Orientem
3145 3862 3160 3887 ,
3189 3828 3353 3887 atque
3379 3815 3592 3870 Italiam

1985 3907 2191 3987 medici
2215 3929 2439 4000 pariter,
2473 3933 2528 3981 et
2570 3919 2869 3978 sacerdotis
2903 3917 3212 3986 tangentem
3272 3911 3452 3966 oflicio
3494 3907 3596 3964 de-

1984 4023 2306 4095 scribit,qui
2338 4019 2572 4093 singulas
2597 4033 2824 4088 quasque
2847 4011 3106 4068 Ecclesias
3137 4009 3376 4082 abjurata
3405 4004 3594 4071 infide-

1985 4122 2136 4177 litate
2157 4119 2226 4173 ad
2254 4116 2526 4170 sanitatem
2560 4121 2694 4166 recte
2720 4109 2842 4179 ﬁdei
2863 4105 3156 4170 reuocabat,
3193 4102 3418 4156 maxime
3455 4098 3594 4168 quod

1989 4215 2257 4271 Hilarium
2301 4203 2767 4284 (Pictaviensem),
2819 4218 2972 4276 quem
3008 4199 3204 4254 dudum
3233 4213 3348 4252 cum
3395 4195 3590 4251 cceteris

1989 4305 2326 4380 Episcopisin
2345 4301 2586 4362 exsilium
2608 4311 2804 4354 trusum
2828 4313 2936 4352 esse
2959 4291 3374 4358 memorauimus,
3397 4305 3598 4361 regres-
3669 4311 3674 4314 -

1989 4419 2102 4457 sum
2120 4405 2260 4474 jam,
2292 4408 2338 4452 et
2369 4398 2424 4450 in
2456 4393 2620 4448 Italia
2649 4391 2874 4458 positum
2905 4387 3013 4442 hth
3041 4385 3218 4440 cadens
3245 4399 3368 4453 erga
3392 4383 3598 4434 instau-

1989 4470 2184 4548 randas
2209 4489 2489 4554 Ecclesias,
2519 4485 2778 4554 ﬁdensque
2799 4491 3004 4552 patrum
3031 4475 3378 4546 reparandum
3401 4470 3596 4536 reperit

273 4597 394 4666 jam
425 4593 657 4648 laudatae
683 4591 750 4646 ad
776 4558 1152 4646 Antiochenos
1180 4589 1254 4643 ait
1281 4603 1294 4641 :
1322 4558 1582 4655 Quantum
1613 4558 1792 4644 atlinel
1816 4590 1888 4644 ad
1915 4558 1964 4618 D
1988 4572 2303 4641 molientem.
2367 4579 2448 4637 En
2511 4577 2783 4652 quomodo
2847 4571 2990 4644 apud
3056 4568 3220 4624 Italos
3282 4576 3336 4622 et
3406 4563 3596 4620 Gallos

281 4689 607 4760 hypostases,
637 4689 803 4759 fateor
831 4701 911 4740 me
938 4700 1142 4755 quoque
1166 4683 1302 4738 idem
1331 4683 1544 4748 sentire,
1573 4699 1735 4754 neque
1755 4685 1810 4736 in
1832 4683 1886 4736 id

280 4783 457 4838 solum
486 4782 744 4836 calculum
772 4796 940 4834 meum
969 4777 1130 4842 addo,
1157 4776 1248 4831 sed
1287 4775 1440 4830 etiam
1477 4776 1889 4829 incarnationem

285 4872 579 4930 Saluatoris
609 4873 772 4927 nostri
807 4869 1096 4936 consentio,
1138 4885 1254 4924 eum
1281 4867 1533 4932 videlicet,
1567 4883 1684 4922 cum
1715 4865 1890 4922 Filius

287 4965 390 5022 Dei
411 4975 564 5032 esset,
589 4965 848 5020 hominem
869 4981 976 5018 esse
1000 4967 1218 5035 factum,
1239 4972 1288 5017 et
1313 4973 1523 5032 excepto
1550 4973 1756 5032 peccata
1781 4977 1892 5016 om-

287 5061 402 5126 nia,
433 5074 548 5130 qua:
575 5057 756 5112 ueteris
783 5066 930 5111 erant
959 5063 1150 5110 nostra:
1171 5055 1506 5108 humanitatis
1523 5053 1888 5126 assumpsisse.

289 5151 462 5224 quue
489 5161 642 5223 prout
684 5150 833 5206 habet
859 5149 1091 5222 epistolae
1123 5159 1486 5221 argumentum
1533 5149 1663 5204 meis
1692 5145 1888 5217 suffra-

288 5247 392 5318 giis
417 5243 691 5313 confirmo.

362 5337 506 5409 Quid
534 5354 666 5411 ergo
711 5338 914 5394 clarius
965 5337 1168 5394 habere
1213 5336 1632 5404 desideramus,
1687 5345 1798 5392 tum
1825 5351 1897 5392 ex

291 5436 354 5492 S.
382 5433 706 5500 Athanasio,
737 5445 848 5488 tum
875 5447 940 5488 es
967 5430 1203 5502 ipsomet
1224 5431 1280 5486 S.
1305 5431 1540 5487 Eusebio
1560 5431 1897 5501 approbante

291 5541 356 5585 ea
385 5525 590 5592 omnia,
619 5539 742 5597 qme
771 5525 831 5581 S.
859 5523 1188 5579 Athanasius
1218 5523 1457 5594 scripsit.
1486 5519 1801 5592 Quinimmo
1829 5540 1896 5580 ex

291 5621 350 5678 S.
388 5621 721 5691 Hieronymo
747 5617 924 5674 edocti
947 5605 1138 5673 sumus
1165 5618 1222 5672 S.
1255 5617 1554 5674 Eusebium
1591 5618 1899 5674 Vercellen-

294 5731 412 5773 sem
451 5713 751 5770 antistitem
801 5711 1052 5782 Origenls
1097 5713 1522 5770 commentarios
1569 5713 1623 5770 in
1677 5709 1900 5772 Davidis

333 5812 538 5874 salinas
567 5809 634 5868 de
659 5805 848 5878 Graeco
875 5805 930 5868 in
964 5803 1214 5872 Latinum
1247 5810 1593 5876 transtulisse
1613 5853 1629 5884 ,
1673 5809 1898 5894 ejusque

297 6036 332 6066 ἢ

1988 4679 2186 4746 dogma
2215 4685 2402 4731 contra
2423 4673 2660 4728 Arianos
2679 4667 2934 4726 dill‘usum
2983 4673 3040 4720 et
3057 4663 3454 4746 promulgatum
3472 4656 3596 4737 fuit.

2061 4770 2248 4840 Neque
2292 4766 2578 4822 crederem
2633 4779 2720 4820 me
2771 4761 3064 4830 deceptum
3127 4741 3400 4811 dicentem
3458 4753 3599 4807 hanc

1991 4863 2414 4924 confessionem,
2450 4873 2547 4913 seu
2582 4854 2894 4929 symbolum
2925 4847 3133 4908 auctori
3179 4845 3446 4904 Breviarii
3473 4843 3600 4902 ﬁdei

1995 4969 2208 5024 notum,
2233 4953 2378 5026 quod
2407 4951 2746 5007 Breviarium
2775 4947 2900 5004 ﬁdei
2929 4946 3196 5002 adversus
3219 4941 3455 4996 Arianos
3481 4939 3601 4994 Bal-

1996 5057 2154 5112 lerini
2183 5053 2382 5109 fratres
2409 5049 2580 5106 Leoni
2609 5047 2652 5116 ι.
2690 5047 2748 5102 S.
2781 5046 2841 5100 P.
2873 5044 2928 5099 in
2959 5041 3064 5098 ﬁde
3091 5041 3322 5094 duorum
3349 5033 3600 5091 codicum

1998 5147 2344 5204 tribuendum
2378 5144 2564 5198 volunt
2593 5185 2608 5210 ,
2654 5141 2755 5196 etsi
2792 5137 2920 5192 olim
2967 5132 3293 5194 Sirmundus
3317 5173 3331 5198 ,
3380 5128 3602 5186 Gallan-

1997 5242 2140 5308 dius,
2179 5249 2232 5296 et
2281 5236 2528 5294 nonnulli
2573 5235 2662 5290 alii
2711 5235 2924 5286 incerto
2965 5226 3194 5282 auctori.
3237 5223 3370 5278 Nam
3418 5222 3606 5292 plures

1999 5335 2286 5392 sententiae
2315 5333 2382 5388 de
2413 5330 2582 5386 verbo
2607 5327 2675 5383 ad
2719 5325 2944 5380 verbum
2975 5319 3319 5390 transcripta:
3347 5315 3604 5386 leguntur

2003 5431 2056 5484 in
2087 5429 2201 5482 illo.
2246 5425 2509 5482 Alcuinus
2539 5436 2670 5476 vero
2713 5417 2942 5473 Flaccus
2983 5415 3036 5468 in
3081 5427 3180 5467 suo
3217 5409 3361 5464 libro
3391 5408 3458 5462 de
3501 5405 3606 5461 ﬁde

2005 5517 2289 5578 Trinitatis
2318 5516 2384 5572 ad
2415 5513 2667 5571 Carolum
2707 5509 2978 5581 Magnum,
3024 5515 3080 5562 et
3109 5507 3161 5562 in
3200 5499 3606 5572 Qumslionibus

2004 5617 2072 5672 ad
2101 5611 2483 5684 Fredegesium
2513 5606 2742 5679 sparsim
2776 5603 3022 5675 quaedam
3047 5602 3232 5657 retulit
3269 5601 3388 5654 sine
3417 5605 3610 5651 aucto-

2003 5713 2080 5770 ris
2110 5709 2324 5766 nomine
2349 5735 2362 5773 ,-
2387 5719 2555 5777 pauca
2589 5709 2771 5759 autem
2805 5699 3038 5756 indicata
3069 5697 3195 5753 sunt
3224 5694 3337 5753 suis
3369 5695 3426 5752 in
3453 5691 3606 5762 locis,

2008 5823 2078 5874 ne
2107 5806 2208 5866 ‘siin
2239 5799 2504 5888 prolixior
2531 5809 2692 5882 quam
2725 5811 2814 5858 res
2839 5793 3096 5878 postulat.
