3970 6408
366 235 477 295 959

1144 358 1151 368 ι

1450 239 1699 300 SANCTI
1737 239 2009 299 EUSEBII
2052 235 2579 303 VERCELLENSIS

3571 242 3670 301 960

375 383 3665 408 mm

698 488 944 613 DE
1029 488 1155 616 s.
1243 414 2205 675 TRINITATE
2289 486 3377 659 CONFESSIO.

1484 678 2066 728 ﬁo

2074 683 2546 717 9——

443 769 485 825 1.
526 768 885 840 Conﬁtemur,
915 779 969 828 et
989 770 1267 829 credimus
1292 780 1558 843 sanctam,
1591 783 1756 848 atque
1778 775 1976 833 indivi-
2004 810 2053 872 Δ
2084 774 2251 832 Filius
2276 776 2384 831 Deo
2412 775 2580 844 Patri,
2607 775 2730 848 quia
2759 791 2868 831 non
2892 791 3014 833 esse
3040 777 3211 849 coepit
3238 778 3551 850 aliquando,
3581 794 3675 838 nec

370 862 536 921 duam
582 866 904 923 Trinitatem
950 867 1204 938 Patrem,
1251 879 1307 926 et
1341 870 1538 926 Filium
1565 910 1582 940 ,
1626 880 1683 928 et
1718 870 1977 942 Spiritum

371 969 623 1017 sanctum
654 977 822 1018 unum
849 963 1137 1021 Dominum
1166 966 1491 1023 naturaliter
1513 981 1637 1025 esse
1658 969 1817 1024 unius
1848 968 1980 1025 sub-

371 1057 610 1123 etantite,
634 1058 796 1114 unius
814 1067 1041 1126 naturae,
1061 1060 1222 1117 unius
1243 1077 1459 1133 quoque
1477 1062 1798 1135 majestatis,
1819 1073 1983 1136 atque

370 1149 628 1218 virtutis;
668 1160 724 1208 et
752 1152 968 1208 Patrem
1018 1154 1237 1224 quidem
1279 1170 1389 1212 non
1420 1155 1655 1224 factum,
1688 1173 1794 1213 non
1824 1172 1981 1214 crea-

371 1250 513 1311 tum,
539 1259 644 1300 non
670 1245 915 1316 genitum
946 1247 1288 1317 proﬁtemur.
1321 1249 1338 1303 Ι
1347 1265 1440 1321 pse
1461 1250 1605 1307 enim
1635 1267 1663 1307 a
1693 1252 1845 1308 nullo
1874 1252 1985 1309 ori—

373 1334 555 1406 ginem
577 1335 750 1404 duxit,
776 1352 844 1395 ex
868 1354 975 1409 quo
1004 1348 1059 1395 et
1087 1339 1255 1396 Filius
1282 1343 1644 1413 nativitatem,
1671 1353 1727 1401 et
1748 1344 1983 1417 Spiritus

372 1439 597 1485 sanctus
638 1432 1044 1501 processionem
1085 1436 1314 1506 accepit.
1353 1436 1499 1492 Fons
1536 1453 1698 1509 ergo,
1737 1448 1792 1494 et
1829 1440 1984 1510 origo

372 1519 492 1592 ipse
513 1531 597 1578 est
626 1524 792 1581 totius
812 1524 1143 1595 Divinitatis,
1167 1527 1521 1600 ipse'quoque
1550 1529 1711 1585 Pater
1728 1531 1985 1588 essentiae

373 1629 491 1671 sua:
512 1657 526 1681 ,
556 1616 648 1687 qui
691 1616 761 1673 de
790 1617 1051 1675 ineﬂabili
1082 1620 1384 1677 substantia
1418 1621 1587 1677 lilium
1627 1622 1983 1679 inell‘abiliter

374 1711 599 1782 genuit,
630 1727 731 1768 nec
764 1721 945 1771 tamen
980 1714 1128 1770 aliud
1152 1757 1168 1783 ,
1198 1731 1359 1787 quam
1405 1716 1553 1788 quod
1592 1719 1710 1789 ipse
1738 1728 1822 1775 est
1844 1761 1858 1788 ,
1887 1733 1983 1790 ge-

375 1805 533 1873 nuit;
564 1806 709 1863 Deus
732 1808 923 1878 Deum,
958 1810 1052 1866 lux
1080 1811 1280 1868 lucem.

448 1897 514 1954 ll.
556 1899 642 1955 Ab
670 1900 789 1972 ipso
819 1918 950 1975 ergo
977 1912 1061 1960 est
1091 1906 1272 1963 omnis
1299 1907 1598 1978 paternitas
1631 1907 1685 1963 in
1713 1907 1857 1965 coelo
1879 1949 1894 1977 ,
1929 1915 1986 1965 et

375 1991 429 2048 in
462 2002 630 2050 terra.
664 1994 861 2051 Filium
886 2011 1101 2069 quoque
1121 1998 1189 2055 de
1210 2001 1510 2056 substantia
1536 2000 1714 2057 Patris
1743 2001 1863 2058 sine
1883 2000 1986 2057 ini-

374 2084 453 2141 tio
488 2095 614 2143 ante
655 2087 857 2144 saacula
885 2100 1105 2159 natum,
1139 2105 1240 2147 nec
1269 2100 1447 2148 tamen
1475 2091 1676 2148 factum
1703 2108 1826 2150 esse
1852 2092 1987 2150 fate-

2082 866 2362 925 desiit.....
2384 866 2555 923 Filius
2578 868 2736 924 unius
2754 884 2879 925 cum
2906 868 3064 926 Patre
3086 872 3403 929 substantia:
3420 873 3671 942 creditur,

2082 960 2161 1015 sic
2186 959 2330 1032 quod
2363 969 2389 997 ³
2429 968 2483 1015 et
2506 959 2817 1015 homousion
2844 962 2988 1017 Patri
3015 963 3234 1031 dicitur,
3274 964 3382 1021 hoc
3422 976 3508 1021 est
3541 966 3675 1036 ejus-

2082 1052 2206 1109 dem
2232 1069 2355 1109 cum
2384 1053 2545 1110 Patre
2573 1056 2896 1111 substantia:
2917 1076 2930 1111 :
2948 1073 3056 1114 ouo
3071 1059 3215 1114 enim
3238 1058 3430 1116 Graece
3448 1058 3479 1098 δ
3502 1077 3670 1127 unum,

2085 1162 2202 1202 usu
2248 1162 2378 1203 vero
2419 1147 2704 1203 substantia
2753 1148 2987 1219 dicitur,
3027 1152 3171 1223 quod
3217 1161 3508 1226 utrumque
3549 1170 3674 1211 con-

2079 1240 2326 1311 junctum
2347 1250 2504 1297 sonat
2527 1258 2685 1298 unam
2709 1244 3089 1301 substantiam.
3110 1246 3226 1302 Non
3248 1249 3391 1303 enim
3408 1248 3476 1305 de
3492 1248 3672 1319 nihilo,

2084 1351 2260 1407 neque
2286 1337 2355 1393 de
2384 1337 2488 1392 alia
2511 1338 2842 1407 substantia,
2870 1339 2966 1396 sed
2997 1339 3064 1396 de
3090 1341 3267 1398 Patris
3297 1353 3477 1412 utero,
3503 1345 3556 1400 id
3579 1356 3674 1413 est,

2084 1429 2152 1487 de
2192 1430 2501 1487 Subslantia
2540 1432 2786 1504 ejusdem
2836 1432 3006 1490 Filius
3053 1437 3305 1507 genitus,
3348 1438 3437 1496 vel
3481 1449 3676 1497 natura:

2084 1523 2390 1580 credendus
2418 1534 2521 1581 est.

2158 1617 2244 1674 lll.
2271 1617 2647 1690 Scmpiternus
2668 1635 2801 1693 ergo
2822 1620 3006 1689 Pater,
3022 1623 3390 1693 sempiternus
3407 1636 3461 1682 et
3486 1625 3674 1695 Filius;

2084 1713 2226 1783 quod
2252 1714 2295 1768 si
2326 1712 2486 1769 Pater
2506 1729 2727 1786 semper
2750 1715 2872 1781 fuit,
2896 1730 3112 1787 semper
3139 1717 3326 1775 habuit
3352 1719 3574 1789 Filium,
3600 1725 3678 1780 cui

2085 1805 2248 1863 Pater
2278 1816 2455 1876 esset,
2493 1820 2548 1865 et
2592 1808 2663 1864 ob
2695 1808 2799 1866 hoc
2833 1808 3031 1866 Filium
3069 1811 3137 1866 de
3165 1812 3325 1868 Patre
3355 1825 3541 1871 natum
3570 1818 3679 1874 sine

2086 1898 2240 1956 initio
2266 1901 2614 1959 conﬁtemur.
2655 1901 2765 1959 Nec
2798 1904 3049 1960 eumdem
3094 1904 3291 1962 Filium
3334 1906 3432 1963 Dei
3465 1924 3565 1980 pro
3599 1925 3677 1978 eo,

2085 1994 2229 2066 quod
2269 1994 2338 2051 de
2372 1994 2534 2052 Patre
2572 1995 2644 2051 sit
2679 1996 2897 2068 genitus
2923 2008 2945 2037 ο
2973 1996 3225 2055 dissecta:
3255 2008 3467 2056 naturae
3504 1998 3533 2038 τι
3570 2017 3682 2073 por-

2089 2088 2379 2143 tiunculam
2419 2090 2782 2144 nominamus.
2829 2089 2935 2146 Sed
2964 2089 3265 2161 perfectum
3302 2093 3545 2162 Patrem,
3573 2112 3685 2167 per-

372 2196 518 2238 mur,
543 2183 680 2252 Quia
702 2201 803 2242 nec
828 2186 990 2244 Pater
1017 2189 1138 2245 sine
1358 2207 1459 2248 nec
1690 2192 1985 2265 aliquando
2014 2205 2064 2267 Β
2088 2181 2287 2237 fectum
2317 2181 2513 2237 Filium
2544 2184 2663 2238 sine
2693 2182 3073 2249 diminutione,
3099 2183 3219 2241 sine
3244 2185 3581 2258 dissectione
3604 2205 3686 2260 88'

373 2279 585 2335 exstitit
604 2281 721 2337 sine
742 2280 925 2350 Patre,
944 2291 1000 2339 et
1019 2293 1201 2340 tamen
1220 2299 1327 2341 non
1349 2284 1490 2342 sicut
1512 2285 1684 2344 Filius
1707 2286 1776 2342 de
1800 2287 1980 2355 Patre,
2005 2282 2015 2289 ’

375 2370 451 2427 ita
480 2371 641 2427 Pater
666 2373 735 2430 de
762 2373 920 2443 Filio,
950 2376 1073 2447 quia
1104 2392 1210 2433 non
1245 2377 1405 2434 Pater
1433 2393 1462 2433 a
1498 2379 1656 2449 Filio,
1688 2380 1784 2437 sed
1817 2379 1985 2437 Filius

373 2478 405 2518 a
447 2463 608 2521 Patre
644 2468 1052 2539 generationem
1093 2471 1324 2542 accepit.
1368 2471 1535 2528 Filius
1577 2487 1711 2544 ergo
1739 2473 1884 2530 Deus
1913 2472 1985 2529 de

372 2555 560 2615 Patre.
610 2560 772 2617 Pater
804 2573 983 2619 autem
1029 2563 1203 2631 Deus,
1248 2565 1346 2621 sed
1386 2581 1492 2622 non
1524 2567 1593 2623 de
1626 2565 1788 2623 Filio.
1826 2566 1985 2623 Pater

370 2651 590 2723 quidem
630 2653 795 2723 Filii,
842 2671 949 2713 non
987 2657 1133 2716 Deus
1167 2658 1234 2715 de
1270 2658 1432 2715 Filio.
1467 2659 1562 2717 ille
1600 2670 1780 2718 autem
1812 2661 1980 2720 Filius

366 2744 546 2803 Patris
569 2790 585 2818 ,
613 2757 669 2804 et
701 2749 842 2806 Deus
868 2750 938 2807 de
969 2752 1129 2809 Patre
1154 2795 1169 2822 ,
1202 2753 1429 2825 arqualis
1456 2764 1636 2812 tamen
1670 2771 1770 2827 per
1797 2756 1981 2812 omnia

446 2898 473 2927 ιι
509 2891 580 2947 Τὸ
618 2892 890 2966 ipsode-tos
934 2894 1204 2966 significat
1236 2894 1436 2951 Filium
1476 2912 1583 2951 non
1620 2897 1795 2952 solum
1829 2896 1981 2952 simi-

370 2958 477 3016 lem
507 2976 629 3019 esse
647 2958 826 3029 Patri,
851 2968 946 3022 sed
973 2958 1216 3037 Ejusdem
1242 2969 1465 3021 omnino
1485 2983 1606 3023 eum
1632 2969 1726 3025 illo
1748 2980 1977 3035 naturm,

370 3042 426 3087 et
454 3037 727 3108 essentia,
758 3038 1003 3108 adeoque
1034 3039 1121 3094 hic
1150 3037 1466 3108 proﬂigator
1496 3042 1695 3097 Ariana
1727 3043 1977 3106 haeresis,

371 3118 532 3182 quam
566 3106 977 3182 S.‘Athaiiasius
1016 3111 1067 3165 in
1112 3106 1364 3166 omnibus
1392 3111 1507 3167 suis
1537 3114 1818 3182 Operibus,
1840 3122 1896 3169 et
1926 3113 1977 3168 in

370 3176 454 3230 sui
493 3178 687 3252 essilio
715 3180 1018 3237 detestatus
1045 3190 1165 3247 est,
1201 3191 1259 3235 nt
1298 3176 1720 3252 probaret'cum
1763 3184 1980 3240 Nicena:

370 3249 571 3323 synodi
583 3252 822 3323 patribus
838 3268 1017 3309 veram
1032 3249 1646 3310 consubstantialitatcm
1665 3256 1780 3312 Filii
1792 3257 1980 3323 Dei,de

369 3333 479 3398 qua
506 3321 626 3398 ﬁde
646 3322 865 3398 Patrum
902 3324 1063 3395 hujus
1088 3334 1450 3398 sacrosanctze
1475 3328 1667 3398 synodi
1698 3321 1978 3382 historiam

373 3391 593 3467 scripsit
609 3394 753 3467 idem
776 3391 994 3452 sanctus
1016 3398 1208 3453 doctor
1230 3391 1580 3467 Athanasius,
1607 3408 1664 3454 ut
1690 3399 1875 3456 videre
1896 3409 1983 3456 est

375 3464 639 3555 pag.
668 3481 889 3523 suorum
928 3483 1205 3555 operum._
1264 3542 1275 3553 .
1320 3542 1333 3554 .
1458 3552 1468 3555 Δ

445 3532 472 3614 ξ’
514 3534 705 3614 Plures
730 3532 983 3614 numero;
996 3542 1084 3612 qui
1109 3541 1353 3605 Arimini,
1377 3552 1470 3614 aut
1499 3540 1679 3597 Nicea:
1701 3542 1981 3614 adfuerunt

371 3606 467 3659 sub
496 3613 805 3663 auctoritate
835 3613 987 3666 vestri
1010 3606 1250 3669 'nominis
1281 3616 1351 3669 ad
1386 3612 1529 3670 Usia:
1568 3606 1833 3669 licentiam
1861 3624 1982 3669 sunt

373 3684 575 3756 coacti,
609 3682 747 3756 quod
776 3682 982 3756 verbum
1013 3702 1045 3737 a
1074 3685 1215 3740 vobis
1244 3684 1508 3756 quondam
1536 3696 1715 3740 contra
1741 3685 1983 3741 Ariama-

369 3750 598 3828 nitarum
616 3752 855 3809 hwresim
882 3756 1149 3810 inventum
1171 3775 1202 3812 a
1230 3750 1380 3813 nobis
1398 3774 1601 3828 semper
1629 3767 1823 3817 sancte.
1852 3759 1983 3828 fide-

369 3820 595 3897 literque;
618 3834 884 3897 sumptum
922 3837 1016 3882 est.
1065 3829 1140 3886 Ita
1179 3830 1369 3886 Patres
1411 3820 1628 3885 concilii
1662 3820 1983 3887 Parisiensis

372 3904 517 3969 anno
566 3894 673 3969 562
714 3894 1016 3964 celebrati,
1062 3911 1120 3955 ut
1163 3903 1304 3957 inter
1339 3901 1644 3969 fragmenta
1684 3901 1744 3960 S.
1792 3903 1980 3958 Hilarii

375 3962 733 4044 Pictaviensis
759 3970 954 4042 legitur
977 3962 1110 4026 tom.
1146 3973 1208 4038 Il,
1236 3989 1357 4044 pag.
1391 3962 1517 4030 535.

443 4034 651 4093 Interea
678 4034 872 4112 legatos
901 4034 1250 4100 Ariminensis'
1278 4034 1487 4100 concilii
1506 4063 1571 4101 ea:
1602 4055 1748 4113 parte
1778 4054 1982 4101 nostro-

370 4114 790 4187 rum_cor_np_ellit
830 4113 1126 4187 Imperator
1172 4118 1311 4171 uniri
1352 4118 1707 4172 Iiwreticorum
1749 4134 1983 4173 commu-

371 4178 537 4260 nioni,
565 4178 860 4260 eisdemque
886 4178 1235 4257 conscriptam
1264 4190 1327 4243 ab
1356 4191 1605 4260 improbis
1635 4189 1790 4257 ﬁdem
1818 4192 1979 4260 tradit

367 4250 534 4305 verbis
570 4250 865 4330 fallentibus
903 4250 1185 4314 involutam
1210 4300 1226 4328 ,
1268 4277 1383 4327 quia
1407 4250 1718 4315 catholicam
1745 4259 1982 4330 discipli-

370 4337 491 4375 nam
538 4325 757 4393 perﬁdia
797 4328 983 4382 latente
1024 4325 1335 4398 loqueretur.
1395 4330 1536 4386 Nam
1591 4348 1725 4388 usm
1769 4325 1978 4387 verbum

372 4403 637 4465 tamquam
668 4398 982 4472 ambiguum,
1016 4411 1060 4455 et
1084 4413 1267 4458 temere
1297 4421 1327 4455 η
1372 4402 1620 4458 Pati-ibus
1646 4414 1977 4472 usurpatum,

372 4481 533 4545 neque
567 4471 961 4545 exauctoritate
990 4476 1367 4543 scripturarum
1394 4478 1681 4545 profectum
1702 4471 1794 4528 sub
1812 4477 1981 4544 specie

368 4537 518 4613 Etiam
547 4541 765 4596 rationis
786 4541 1080 4613 adhibebat,
1096 4537 1167 4599 'ne
1189 4548 1340 4600 unius
1367 4537 1665 4600 cum'Patre
1684 4537 1981 4601 substantia:

367 4606 419 4662 ἲ
421 4610 542 4665 ilius
578 4614 906 4680 crederetur,
936 4606 1113 4670 eadem
1160 4618 1285 4683 ﬁdes
1324 4619 1547 4673 similem
1584 4616 1733 4672 Patri
1779 4615 1829 4669 F
1831 4619 1980 4673 ilium

366 4684 627 4757 fatebatur
653 4702 671 4740 :
699 4687 788 4739 sed
816 4687 1032 4742 interius
1053 4689 1229 4743 aderat
1260 4694 1403 4755 fraus
1434 4701 1639 4757 parata,
1667 4699 1723 4743 ut
1748 4700 1878 4745 esset
1905 4691 1977 4745 si-

368 4753 530 4830 milis,
562 4771 665 4830 non
689 4767 820 4812 esset
848 4760 1085 4826 wqualis.
1139 4761 1213 4814 Ita
1241 4753 1508 4830 Snipitius
1535 4753 1771 4818 Severus
1800 4762 1852 4816 in
1881 4776 1977 4816 sua

370 4822 605 4904 Historia
646 4844 843 4904 sacra,
894 4822 988 4885 lib.
1023 4849 1084 4904 ιι1
1114 4847 1231 4904 cap.
1283 4822 1356 4890 45
1378 4878 1391 4900 ,
1427 4834 1568 4904 apud
1607 4832 1974 4899 Gallandium,

371 4896 709 4976 Bibliotheca
744 4901 846 4956 PP.
880 4911 1015 4976 tom.
1048 4896 1196 4970 VIII;
1219 4920 1338 4976 pag.
1372 4896 1498 4963 389.

442 4968 523 5025 En
562 4987 693 5043 ergo
723 4974 896 5029 sancti
929 4975 1147 5031 Eusebii
1172 4968 1371 5032 'séns'ns
1400 4977 1536 5033 adeo
1560 4976 1763 5031 clarior
1786 4983 1977 5030 contra

372 5038 477 5095 hoc
505 5038 764 5118 edictum,
799 5046 962 5116 hujus
990 5048 1182 5118 synodi
1214 5065 1280 5105 ne
1321 5048 1490 5104 fraudi
1521 5047 1974 5118 patrocinaretnr,

370 5120 426 5185 et
448 5115 561 5168 usia
590 5132 753 5172 unum
776 5160 790 5182 ,
822 5115 883 5173 et
906 5115 1175 5174 omousion
1193 5162 1205 5183 ,
1240 5121 1289 5175 id
1309 5131 1393 5175 est
1434 5115 1624 5176 eadem
1650 5120 1974 5185 substantia,

372 5182 565 5255 Latine
583 5191 689 5242 seri
700 5190 1123 5255 bendo,Gr:ecas
1145 5182 1305 5246 vnees
1327 5192 1542 5247 adhibet
1558 5199 1745 5246 noster
1756 5182 1976 5246 sanctus

367 5253 589 5321 doctor,
630 5270 687 5313 ut
721 5253 921 5333 clarius
948 5264 1267 5333 seexplicet
1292 5304 1306 5327 ,
1350 5264 1501 5333 juxta
1539 5278 1721 5318 mores
1750 5277 1973 5318 suorum

368 5332 888 5407 teniporum‘,_quod
921 5345 976 5407 et
1002 5332 1130 5407 fecit
1156 5335 1212 5389 S.
1252 5335 1490 5392 Hilarius
1529 5336 1648 5407 ejus
1676 5334 1976 5405 discipulus

366 5395 464 5453 lib.
490 5395 512 5452 ἰ
540 5398 604 5453 de
629 5395 1077 5469 Fide—Trinitatis,
1113 5424 1167 5461 n.
1206 5407 1292 5462 12.

450 5479 472 5507 ο
519 5471 593 5525 De
621 5472 724 5530 hac
751 5482 956 5530 naturae
984 5476 1315 5537 dissectione
1343 5493 1507 5534 nemo
1534 5489 1659 5534 ante
1679 5475 1972 5531 Tatianum

367 5549 530 5621 orat.‘
566 5556 766 5621 contra
805 5547 1028 5621 Grrecos
1067 5552 1204 5607 hanc
1251 5552 1543 5621 explicavit
1583 5547 1971 5619 impossibilcm

369 5618 619 5672 essehoc
646 5618 807 5675 modo
832 5637 855 5694 A:
890 5618 1063 5694 Natus
1099 5633 1172 5678 est
1208 5615 1378 5678 autem
1423 5639 1514 5694 per
1549 5615 1977 5694 coriimunicatio-
2007 5615 2059 5676 Ι)

369 5701 510 5765 nem,
542 5704 645 5743 non
675 5691 1171 5765 per‘abscissionem,
1194 5704 1252 5749 ct
1283 5697 1370 5750 hic
1400 5691 1741 5765 prosequitur
1766 5692 1826 5749 S.
1855 5692 1979 5748 Jus-

375 5758 521 5836 tinus
547 5761 1091 5836 contra_'l‘ripbone_m
1132 5778 1146 5817 ε
1195 5765 1360 5819 Filius
1386 5758 1598 5836 proprie
1629 5766 1746 5819 ideo
1783 5765 1983 5834 genitus

372 5830 584 5901 dicitur,
608 5833 696 5901 qui
723 5829 935 5890 Patrem
963 5829 1134 5900 habet,
1164 5836 1252 5904 qni
1278 5829 1397 5890 cuni
1418 5829 1614 5905 genuit.
1648 5836 1715 5891 Et
1739 5829 1984 5904 sequitur

2089 2278 2273 2334 nuisse
2294 2278 2608 2344 asserimns,
2628 2279 2750 2348 quia
2772 2278 2942 2334 solius
2959 2278 3257 2336 divinitatis
3272 2292 3357 2338 est
3372 2282 3687 2355 inzequalem

2086 2371 2282 2427 Filium
2322 2386 2428 2427 non
2461 2371 2682 2427 habere.
2729 2370 2827 2428 llic
2858 2372 3021 2428 etiam
3058 2372 3226 2430 Filius
3253 2374 3349 2432 Dei
3380 2384 3576 2433 natura
3612 2387 3691 2434 est

2084 2464 2278 2535 Filius,
2313 2475 2338 2503 ο
2371 2480 2476 2522 non
2509 2464 2834 2537 adoptione,
2872 2481 3031 2537 quem
3072 2466 3213 2525 Deus
3251 2467 3414 2525 Pater
3456 2485 3558 2527 nec
3596 2487 3686 2528 vo-

2085 2560 2316 2630 luntate,
2341 2576 2441 2617 nec
2469 2560 2796 2618 necessitate
2822 2563 3078 2633 genuisse
3100 2562 3410 2620 credendus
3438 2576 3545 2633 est,
3572 2566 3691 2638 quia

2089 2655 2235 2710 nulla
2266 2654 2320 2709 in
2350 2654 2461 2711 Deo
2487 2654 2786 2714 necessitas
2811 2653 2976 2726 capit,
3016 2653 3031 2693 ί
3068 2670 3169 2714 nec
3200 2657 3453 2716 voluntas
3478 2660 3690 2734 sapien-

2092 2750 2220 2806 tiam
2252 2749 2536 2821 praevenit.

2082 2895 2343 2951 Aleninus
2366 2893 2593 2949 Flaccus
2611 2892 2709 2949 lib.
2735 2909 2753 2947 ι
2774 2892 2836 2947 de
2861 2890 2998 2947 Fide
3017 2890 3079 2948 S.
3107 2888 3296 2947 Trinit.
3317 2906 3349 2964 n
3388 2889 3447 2958 5,
3466 2906 3592 2964 cap.
3610 2894 3693 2959 15.

2083 2982 2203 3037 pag.
2224 2967 2326 3021 717
2339 2966 2470 3021 edit.
2486 2967 2527 3019 Α
2537 2964 2715 3020 ntlrem
2733 2964 3177 3037 Quercetani,sed
3189 2979 3290 3017 non
3309 2963 3449 3037 inter
3462 2963 3693 3034 Patrem,

2081 3034 2129 3095 et
2154 3034 2351 3094 Filium
2376 3052 2587 3104 omsro,
2613 3037 2692 3092 vel
2717 3051 2934 3105 scrssto,
2966 3037 3090 3104 quia
3110 3034 3243 3088 alter
3261 3036 3314 3089 in
3334 3034 3503 3090 altero
3531 3048 3628 3092 est.

2153 3111 2214 3167 S.
2261 3111 2506 3166 Justinus
2577 3118 2814 3179 martyr,
2853 3107 3075 3178 Dialogo
3119 3114 3331 3179 contra,
3360 3106 3693 3179 Triphonem

2082 3182 2354 3248 Judmum,
2378 3197 2530 3237 num.
2561 3181 2632 3237 7t)
2662 3199 2675 3235 :
2703 3178 2872 3249 Quale
2893 3179 3145 3250 est,quod
3166 3179 3219 3233 in
3244 3178 3389 3234 nobis
3417 3178 3535 3248 ﬁeri
3565 3182 3697 3234 vide-

2082 3272 2229 3321 mus;
2254 3254 2475 3325 aliquem
2504 3254 2643 3308 enim
2683 3268 2971 3307 sermonem
3006 3257 3367 3334 proferentes,
3406 3268 3694 3308 sermonem

2082 3327 2376 3395 gignimus,
2409 3341 2500 3379 nec
2536 3335 2705 3378 tamen
2746 3341 2862 3378 cum
2915 3338 3253 3380 ABSCISStosa
3286 3338 3304 3376 :
3338 3327 3411 3395 ita
3451 3336 3507 3376 ut
3534 3342 3696 3380 sermo

2081 3394 2193 3464 ille,
2217 3399 2302 3468 qui
2323 3399 2376 3451 in
2404 3397 2549 3451 nobis
2570 3407 2668 3460 est,
2691 3396 2816 3468 dum
2838 3412 2955 3451 eum
2974 3396 3311 3468 proferimus,
3337 3394 3695 3451 imminuatur.

2087 3467 2256 3536 Quale
2276 3478 2350 3524 est
2372 3469 2525 3522 etiam
2544 3470 2681 3539 quod
2697 3467 2928 3522 videmus
2949 3467 3012 3523 ex
3030 3468 3151 3538 igne
3169 3467 3330 3521 alium
3356 3467 3527 3539 ignem
3558 3470 3697 3523 nasci

2085 3556 2187 3595 non
2217 3542 2489 3595 imminuto
2517 3557 2576 3594 eo
2605 3557 2669 3595 ea:
2689 3555 2792 3611 quo
2821 3540 2919 3594 istc
2944 3554 3192 3593 accensus
3224 3548 3333 3605 est;
3359 3550 3407 3591 et
3434 3540 3525 3609 qui
3552 3557 3619 3594 ex
3645 3558 3698 3595 eo

2084 3628 2331 3667 accensus
2352 3623 2445 3675 est,
2469 3621 2635 3667 exstat
2657 3612 2790 3680 ipse,
2812 3620 2861 3664 et
2882 3621 3120 3681 apparet,
3148 3626 3239 3664 nec
3267 3625 3383 3663 eum
3415 3610 3695 3678 inminuit,

2085 3699 2149 3755 ea:
2170 3702 2271 3755 quo
2291 3700 2539 3738 accensus
2558 3694 2654 3739 est.
2684 3681 2849 3737 Testis
2869 3684 2998 3737 mihi
3018 3684 3112 3736 erit
3136 3697 3360 3755 vannum,
3380 3696 3695 3751 εΑΡιεκτιΑτῑ,

2084 3754 2195 3827 ipse
2221 3773 2333 3811 esse
2363 3756 2499 3809 Dens
2542 3773 2604 3809 ex
2649 3754 2808 3809 Patre
2846 3756 3204 3827 universorum
3247 3754 3451 3827 genitus
3474 3796 3491 3817 ,
3521 3758 3615 3822 qui
3653 3767 3696 3810 et

2085 3825 2318 3891 verbum,
2344 3836 2391 3882 et
2420 3827 2699 3892 sapientia,
2725 3836 2775 3882 et
2801 3828 2986 3892 virtus,
3018 3836 3065 3881 et
3093 3825 3258 3897 gloria
3282 3834 3357 3897 est
3386 3825 3694 3881 Saluatoris.

2159 3898 2185 3937 ι¹
2227 3899 2449 3956 Sabellii
2479 3898 2730 3954 bmresim
2765 3896 3200 3970 proﬂigatur'hic
3219 3897 3279 3954 S.
3314 3896 3609 3970 Eusebius,
3643 3910 3698 3954 ut

2086 3970 2247 4026 etiam
2276 3973 2326 4027 in
2360 3971 2618 4042 operibus
2651 3971 2707 4027 S.
2746 3968 2956 4042 llilarii,
2986 3968 3123 4037 frag.
3157 3985 3232 4034 xl,
3258 3984 3355 4023 seu
3372 3969 3447 4042 _de
3477 3970 3583 4024 [ide
3610 3987 3695 4025 ca-

2088 4044 2287 4115 tholica
2310 4040 2553 4115 exposita
2576 4042 2718 4112 apud
2743 4041 3014 4115 Larissam
3037 4041 3316 4115 civitatem
3338 4040 3408 4097 ab
3428 4043 3696 4115 episcopis

2086 4111 2473 4171 Gal|icanis'ad
2515 4111 2822 4169 Orientales
2851 4113 3156 4182 episcopos,
3191 4130 3245 4168 η.
3278 4113 3314 4166 2
3359 4130 3373 4167 :
3418 4111 3559 4167 Nam
3602 4130 3697 4169 no-

2088 4202 2322 4242 IDUSION
2366 4202 2650 4257 sermonem
2691 4187 2759 4239 ad
2808 4200 3016 4249 veram,
3057 4192 3106 4239 et
3152 4184 3434 4257 legitimam
3465 4201 3541 4257 ea:
3589 4184 3698 4241 Deo

2086 4257 2247 4313 Patre
2268 4258 2517 4330 unigeniti
2538 4256 2633 4330 Dei
2651 4257 2964 4330 nativitatem
2980 4272 3163 4330 sumus
3183 4255 3411 4330 amplexi
3438 4255 3695 4330 detestan-

2085 4338 2160 4384 tes
2205 4327 2488 4384 secundum
2542 4327 3163 4400 Sabelliiiblasphemias
3214 4327 3383 4398 ipsam
3431 4328 3695 4400 unionem,

2083 4416 2246 4465 neque
2268 4416 2505 4464 ALIQUAII
2526 4416 2743 4456 esu-rent
2773 4397 2948 4455 Patris
2969 4415 3077 4454 esse
3099 4397 3292 4471 Filium
3312 4399 3658 4471 intelligentes
3678 4419 3697 4456 :

2080 4474 2173 4527 sed
2204 4490 2268 4529 ea:
2290 4483 2418 4537 toto,
2458 4484 2609 4543 atque
2645 4473 2870 4544 perfecto
2907 4470 3206 4526 innascibili
3239 4469 3350 4526 Deo
3388 4469 3699 4544 totumper-

2082 4544 2273 4613 [cctum
2304 4542 2622 4616 unigenitum
2648 4542 2819 4599 Deum
2840 4553 3040 4616 natum,
3070 4544 3228 4616 unius
3246 4559 3280 4597 a
3308 4542 3457 4616 nobis
3474 4542 3689 4611 idcirco,

2081 4612 2160 4672 vel
2183 4618 2331 4683 usiaz,
2361 4612 2439 4670 vel
2467 4615 2769 4671 substantia:
2790 4632 2905 4670 cum
2933 4612 3044 4669 Deo
3079 4613 3237 4669 Patre
3264 4615 3585 4686 confessum,
3611 4633 3700 4671 nec

2081 4698 2318 4743 creatura
2342 4689 2536 4760 potius,
2579 4696 2668 4760 aut
2697 4702 2955 4760 ADOPTIO,
2983 4696 3073 4741 aut
3102 4688 3388 4760 appellatio
3415 4686 3691 4760 videretur.

2159 4770 2182 4797 ο
2224 4762 2324 4816 llic
2344 4758 2547 4814 refellit
2570 4758 2895 4814 Arianorum
2926 4759 3201 4824 haeresim,
3231 4759 3301 4814 de
3323 4774 3430 4829 qna
3459 4758 3697 4814 Hilarius

2082 4831 2178 4886 lib.
2215 4848 2263 4886 vr
2296 4831 2363 4885 tle
2394 4831 2679 4897 Trinitate,
2715 4848 2769 4884 η.
2803 4829 2897 4896 26,
2926 4839 3115 4885 contra
3145 4829 3284 4886 hanc
3321 4833 3401 4885 sic
3430 4832 3690 4899 scripsu:

2084 4903 2408 4976 Quamquam
2441 4903 2614 4976 igitur
2643 4903 2754 4976 sola
2799 4902 3020 4976 simplex
3058 4903 3314 4973 confessio
3359 4913 3566 4957 natura
3603 4921 3695 4957 ποι

2081 4975 2223 5028 mina
2268 4973 2528 5041 ostendat,
2576 4984 2634 5028 ut
2662 4973 2727 5027 de
2763 4989 2862 5045 quo
2902 4973 3095 5045 dictum
3133 4984 3207 5027 est
3248 4987 3336 5028 mc
3381 4988 3483 5029 εει·
3527 4990 3695 5030 riuus

2081 5061 2249 5110 usus,
2277 5048 2345 5100 ad
2382 5062 2532 5115 quem
2561 5042 2875 5115 dictum'est
2916 5042 3074 5115 Pater
3112 5060 3257 5099 meus
3286 5047 3384 5109 hoc
3414 5045 3520 5098 sint
3559 5047 3695 5114 quod

2080 5111 2470 5188 nuncupantur,
2500 5127 2668 5188 tamen
2707 5133 2771 5171 ne
2798 5111 2897 5188 'aut
2929 5114 3226 5183 adeptionis
3257 5117 3310 5170 in
3343 5115 3486 5170 Filio
3512 5111 3695 5171 nomen

2079 5191 2168 5253 sit,
2192 5187 2280 5244 aut
2300 5187 2513 5243 honoris
2541 5190 2593 5242 in
2618 5187 2780 5243 Patre
2799 5187 3085 5251 videmnus,
3108 5203 3223 5257 qua:
3242 5189 3586 5259 proprietates
3609 5206 3696 5257 per

2080 5260 2281 5316 Filium
2310 5261 2379 5313 ad
2409 5259 2539 5314 Filii
2568 5276 2751 5314 nomen
2791 5259 3010 5329 adjecta:
3035 5259 3157 5329 sint.
3213 5260 3279 5314 Et
3326 5258 3468 5314 idem
3511 5259 3695 5314 doctor

2078 5343 2271 5388 contra
2303 5330 2722 5387 Constantinum
2748 5327 2877 5400 imp.
2908 5346 2966 5385 η.
2993 5331 3026 5385 9
3058 5347 3071 5383 :
3095 5327 3297 5384 Clamat
3325 5331 3419 5385 ille
3447 5348 3467 5384 :
3504 5330 3603 5385 Hic
3624 5341 3693 5386 est

2078 5403 2257 5459 Filius
2289 5420 2431 5458 meus
2459 5404 2707 5467 dilectus,
2736 5414 2875 5467 etc.,
2906 5411 2953 5457 et
2978 5409 3044 5455 .tu
3074 5400 3309 5457 decernis
3336 5419 3441 5457 non
3464 5419 3575 5458 esse
3601 5401 3692 5456 Fi-

2077 5477 2229 5543 lium,
2260 5492 2418 5545 neque
2444 5492 2554 5531 esse
2586 5474 2817 5541 Patrem,
2850 5474 2941 5530 sed
2968 5473 3262 5546 adeptionis
3288 5484 3531 5532 externas
3566 5492 3692 5530 nun-

2082 5551 2401 5629 cupationem
2504 5627 2510 5629 Α
2865 5619 2876 5629 _
3109 5618 3144 5629 ,,
3299 5616 3314 5629 .
3376 5618 3417 5629 ..
3559 5616 3573 5629 .
3633 5617 3662 5629 ..

2159 5620 2180 5659 τ
2224 5621 2338 5677 Νοη
2368 5627 2518 5677 esset
2559 5634 2833 5675 summum
2865 5619 3064 5675 bonum
3102 5618 3242 5673 Deus
3270 5616 3318 5673 si
3344 5616 3691 5690 aliquo‘indi-

2082 5702 2258 5764 geret.
2302 5692 2486 5761 Neque
2522 5697 2671 5748 esset
2712 5700 2949 5764 aeternus
2992 5690 3178 5764 Deus,
3225 5705 3329 5764 nec
3375 5691 3688 5754 immensus,

2086 5762 2261 5834 neque
2288 5764 2631 5831 principium,
2659 5763 2743 5817 vel
2774 5767 2925 5835 origo
2952 5762 3198 5835 omnium
3230 5762 3497 5835 bonorum
3528 5769 3684 5835 esset,

2085 5837 2131 5890 si
2161 5832 2341 5903 aliquo
2369 5834 2636 5903 indigeret
2658 5876 2672 5899 ,
2707 5832 2788 5889 \el
2821 5832 2877 5907 si
2897 5833 3135 5890 voluntas
3165 5833 3470 5904 sapientiam
3499 5832 3683 5905 prave;
