  <div class='ocr_page' id='page_1' title='image "/cluster/home/n/w/nwhite01/storage/ocr_20150623/12/hvd.32044015471980/494.png"; bbox 0 0 3716 6322; ppageno 0'>
   <div class='ocr_carea' id='block_1_1' title="bbox 22 295 2084 368">
    <p class='ocr_par' dir='ltr' id='par_1_1' title="bbox 22 295 2084 368">
     <span class='ocr_line' id='line_1_1' title="bbox 22 295 2084 368; baseline -0.001 0"><span class='ocrx_word' id='word_1_1' title='bbox 22 315 64 368; x_wconf 85' lang='lat'><strong>&#39;5</strong></span> <span class='ocrx_word' id='word_1_2' title='bbox 1141 305 1230 364; x_wconf 85' lang='lat' dir='ltr'><strong>DE</strong></span> <span class='ocrx_word' id='word_1_3' title='bbox 1269 295 1648 366; x_wconf 75' lang='lat' dir='ltr'><strong>TRINI&#39;I‘ATE</strong></span> <span class='ocrx_word' id='word_1_4' title='bbox 1689 299 2084 368; x_wconf 72' lang='lat' dir='ltr'><strong>CONFESSIO.</strong></span> 
     </span>
    </p>
   </div>
   <div class='ocr_carea' id='block_1_2' title="bbox 3155 311 3258 369">
    <p class='ocr_par' dir='ltr' id='par_1_2' title="bbox 3155 311 3258 369">
     <span class='ocr_line' id='line_1_2' title="bbox 3155 311 3258 369; baseline 0 -2"><span class='ocrx_word' id='word_1_5' title='bbox 3155 311 3258 369; x_wconf 66' lang='lat'><strong>966</strong></span> 
     </span>
    </p>
   </div>
   <div class='ocr_carea' id='block_1_3' title="bbox 21 425 3260 500">
    <p class='ocr_par' dir='ltr' id='par_1_3' title="bbox 21 425 3260 500">
     <span class='ocr_line' id='line_1_3' title="bbox 21 425 3260 500; baseline -0.001 -14"><span class='ocrx_word' id='word_1_6' title='bbox 21 443 36 486; x_wconf 89' lang='lat' dir='ltr'><strong>t</strong></span> <span class='ocrx_word' id='word_1_7' title='bbox 67 441 244 485; x_wconf 87' lang='lat' dir='ltr'><strong>tamen</strong></span> <span class='ocrx_word' id='word_1_8' title='bbox 275 427 566 497; x_wconf 80' lang='lat' dir='ltr'><strong>unicuique</strong></span> <span class='ocrx_word' id='word_1_9' title='bbox 595 435 1086 497; x_wconf 68' lang='lat' dir='ltr'><strong>persoutemaneus</strong></span> <span class='ocrx_word' id='word_1_10' title='bbox 1111 441 1202 480; x_wconf 90' lang='lat' dir='ltr'><strong>sua</strong></span> <span class='ocrx_word' id='word_1_11' title='bbox 1227 425 1549 496; x_wconf 75' lang='lat' dir='ltr'><strong>proprietas.</strong></span> <span class='ocrx_word' id='word_1_12' title='bbox 1585 429 1628 486; x_wconf 80' lang='grc' dir='ltr'>Α</span> <span class='ocrx_word' id='word_1_13' title='bbox 1659 425 1834 479; x_wconf 83' lang='lat' dir='ltr'><strong>denda</strong></span> <span class='ocrx_word' id='word_1_14' title='bbox 1866 437 1946 480; x_wconf 87' lang='lat' dir='ltr'><strong>est</strong></span> <span class='ocrx_word' id='word_1_15' title='bbox 1975 469 1988 492; x_wconf 90' lang='lat'><strong>,</strong></span> <span class='ocrx_word' id='word_1_16' title='bbox 2040 427 2164 497; x_wconf 87' lang='lat' dir='ltr'><strong>quia</strong></span> <span class='ocrx_word' id='word_1_17' title='bbox 2201 425 2580 496; x_wconf 88' lang='lat' dir='ltr'><strong>inseparabilia</strong></span> <span class='ocrx_word' id='word_1_18' title='bbox 2607 437 2734 484; x_wconf 89' lang='lat' dir='ltr'><strong>sunt</strong></span> <span class='ocrx_word' id='word_1_19' title='bbox 2763 441 2925 500; x_wconf 82' lang='lat' dir='ltr'><strong>opera</strong></span> <span class='ocrx_word' id='word_1_20' title='bbox 2955 425 3260 484; x_wconf 76' lang='lat' dir='ltr'><strong>Trinitatis.</strong></span> 
     </span>
    </p>
   </div>
   <div class='ocr_carea' id='block_1_4' title="bbox 22 517 1554 587">
    <p class='ocr_par' dir='ltr' id='par_1_4' title="bbox 22 517 1554 587">
     <span class='ocr_line' id='line_1_4' title="bbox 22 517 1554 587; baseline -0.001 -11"><span class='ocrx_word' id='word_1_21' title='bbox 22 537 114 578; x_wconf 84' lang='lat' dir='ltr'><strong>.ter</strong></span> <span class='ocrx_word' id='word_1_22' title='bbox 139 523 280 576; x_wconf 89' lang='lat' dir='ltr'><strong>enim</strong></span> <span class='ocrx_word' id='word_1_23' title='bbox 310 523 670 576; x_wconf 81' lang='lat' dir='ltr'><strong>aeternitatem</strong></span> <span class='ocrx_word' id='word_1_24' title='bbox 699 519 861 574; x_wconf 83' lang='lat' dir='ltr'><strong>habet</strong></span> <span class='ocrx_word' id='word_1_25' title='bbox 887 521 1004 575; x_wconf 85' lang='lat' dir='ltr'><strong>sine</strong></span> <span class='ocrx_word' id='word_1_26' title='bbox 1033 521 1314 576; x_wconf 83' lang='lat' dir='ltr'><strong>nativitate</strong></span> <span class='ocrx_word' id='word_1_27' title='bbox 1339 561 1354 587; x_wconf 91' lang='lat'><strong>,</strong></span> <span class='ocrx_word' id='word_1_28' title='bbox 1385 517 1554 574; x_wconf 81' lang='lat' dir='ltr'><strong>Filius</strong></span> 
     </span>
    </p>
   </div>
   <div class='ocr_carea' id='block_1_5' title="bbox 27 613 1556 683">
    <p class='ocr_par' dir='ltr' id='par_1_5' title="bbox 27 613 1556 683">
     <span class='ocr_line' id='line_1_5' title="bbox 27 613 1556 683; baseline -0.003 -11"><span class='ocrx_word' id='word_1_29' title='bbox 27 619 286 672; x_wconf 83' lang='lat' dir='ltr'><strong>tivitatem</strong></span> <span class='ocrx_word' id='word_1_30' title='bbox 315 629 436 670; x_wconf 90' lang='lat' dir='ltr'><strong>cum</strong></span> <span class='ocrx_word' id='word_1_31' title='bbox 465 615 770 670; x_wconf 71' lang='lat' dir='ltr'><strong>rotet-nitate</strong></span> <span class='ocrx_word' id='word_1_32' title='bbox 796 654 811 679; x_wconf 89' lang='lat'><strong>,</strong></span> <span class='ocrx_word' id='word_1_33' title='bbox 867 613 1102 683; x_wconf 86' lang='lat' dir='ltr'><strong>Spiritus</strong></span> <span class='ocrx_word' id='word_1_34' title='bbox 1145 627 1276 668; x_wconf 87' lang='lat' dir='ltr'><strong>vero</strong></span> <span class='ocrx_word' id='word_1_35' title='bbox 1321 613 1556 669; x_wconf 87' lang='lat' dir='ltr'><strong>Sanctus</strong></span> 
     </span>
    </p>
   </div>
   <div class='ocr_carea' id='block_1_6' title="bbox 21 703 1554 766">
    <p class='ocr_par' dir='ltr' id='par_1_6' title="bbox 21 703 1554 766">
     <span class='ocr_line' id='line_1_6' title="bbox 21 703 1554 766; baseline -0.002 -1"><span class='ocrx_word' id='word_1_36' title='bbox 21 707 359 766; x_wconf 81' lang='lat' dir='ltr'><strong>ocessionem</strong></span> <span class='ocrx_word' id='word_1_37' title='bbox 391 708 510 764; x_wconf 84' lang='lat' dir='ltr'><strong>sine</strong></span> <span class='ocrx_word' id='word_1_38' title='bbox 543 707 824 762; x_wconf 84' lang='lat' dir='ltr'><strong>nativitate</strong></span> <span class='ocrx_word' id='word_1_39' title='bbox 853 721 972 761; x_wconf 88' lang='lat' dir='ltr'><strong>cum</strong></span> <span class='ocrx_word' id='word_1_40' title='bbox 1005 706 1328 762; x_wconf 62' lang='lat' dir='ltr'><strong>aeternitate.</strong></span> <span class='ocrx_word' id='word_1_41' title='bbox 1368 705 1442 760; x_wconf 87' lang='lat' dir='ltr'><strong>De</strong></span> <span class='ocrx_word' id='word_1_42' title='bbox 1469 703 1554 762; x_wconf 89' lang='lat' dir='ltr'><strong>his</strong></span> 
     </span>
    </p>
   </div>
   <div class='ocr_carea' id='block_1_7' title="bbox 27 799 1554 872">
    <p class='ocr_par' dir='ltr' id='par_1_7' title="bbox 27 799 1554 872">
     <span class='ocr_line' id='line_1_7' title="bbox 27 799 1554 872; baseline 0.001 -16"><span class='ocrx_word' id='word_1_43' title='bbox 27 807 122 856; x_wconf 89' lang='lat' dir='ltr'><strong>bus</strong></span> <span class='ocrx_word' id='word_1_44' title='bbox 151 803 402 872; x_wconf 84' lang='lat' dir='ltr'><strong>personis</strong></span> <span class='ocrx_word' id='word_1_45' title='bbox 431 803 603 856; x_wconf 89' lang='lat' dir='ltr'><strong>solam</strong></span> <span class='ocrx_word' id='word_1_46' title='bbox 635 801 756 857; x_wconf 79' lang='lat' dir='ltr'><strong>Filii</strong></span> <span class='ocrx_word' id='word_1_47' title='bbox 787 815 1074 871; x_wconf 83' lang='lat' dir='ltr'><strong>personam</strong></span> <span class='ocrx_word' id='word_1_48' title='bbox 1107 813 1205 869; x_wconf 90' lang='lat' dir='ltr'><strong>pro</strong></span> <span class='ocrx_word' id='word_1_49' title='bbox 1227 799 1554 857; x_wconf 87' lang='lat' dir='ltr'><strong>liberatione</strong></span> 
     </span>
    </p>
   </div>
   <div class='ocr_carea' id='block_1_8' title="bbox 29 892 1554 965">
    <p class='ocr_par' dir='ltr' id='par_1_8' title="bbox 29 892 1554 965">
     <span class='ocr_line' id='line_1_8' title="bbox 29 892 1554 965; baseline -0.002 -15"><span class='ocrx_word' id='word_1_50' title='bbox 29 896 176 950; x_wconf 86' lang='lat' dir='ltr'><strong>mani</strong></span> <span class='ocrx_word' id='word_1_51' title='bbox 219 895 438 965; x_wconf 78' lang='lat' dir='ltr'><strong>generis</strong></span> <span class='ocrx_word' id='word_1_52' title='bbox 487 895 759 948; x_wconf 81' lang='lat' dir='ltr'><strong>hominem</strong></span> <span class='ocrx_word' id='word_1_53' title='bbox 807 909 994 948; x_wconf 86' lang='lat' dir='ltr'><strong>verum</strong></span> <span class='ocrx_word' id='word_1_54' title='bbox 1027 894 1146 948; x_wconf 86' lang='lat' dir='ltr'><strong>sine</strong></span> <span class='ocrx_word' id='word_1_55' title='bbox 1175 901 1402 963; x_wconf 86' lang='lat' dir='ltr'><strong>peccato</strong></span> <span class='ocrx_word' id='word_1_56' title='bbox 1429 901 1456 930; x_wconf 79' lang='grc' dir='ltr'>ι</span> <span class='ocrx_word' id='word_1_57' title='bbox 1483 892 1554 947; x_wconf 91' lang='lat' dir='ltr'><strong>de</strong></span> 
     </span>
    </p>
   </div>
   <div class='ocr_carea' id='block_1_9' title="bbox 21 986 1552 1057">
    <p class='ocr_par' dir='ltr' id='par_1_9' title="bbox 21 986 1552 1057">
     <span class='ocr_line' id='line_1_9' title="bbox 21 986 1552 1057; baseline -0.001 -15"><span class='ocrx_word' id='word_1_58' title='bbox 21 997 136 1044; x_wconf 87' lang='lat' dir='ltr'><strong>ueta</strong></span> <span class='ocrx_word' id='word_1_59' title='bbox 192 997 248 1042; x_wconf 86' lang='lat' dir='ltr'><strong>et</strong></span> <span class='ocrx_word' id='word_1_60' title='bbox 299 987 646 1042; x_wconf 86' lang='lat' dir='ltr'><strong>immaculata</strong></span> <span class='ocrx_word' id='word_1_61' title='bbox 679 986 846 1041; x_wconf 75' lang='lat' dir='ltr'><strong>Maria</strong></span> <span class='ocrx_word' id='word_1_62' title='bbox 875 986 1100 1057; x_wconf 78' lang='lat' dir='ltr'><strong>Virgine</strong></span> <span class='ocrx_word' id='word_1_63' title='bbox 1139 987 1414 1042; x_wconf 88' lang='lat' dir='ltr'><strong>credimus</strong></span> <span class='ocrx_word' id='word_1_64' title='bbox 1461 999 1552 1040; x_wconf 88' lang='lat' dir='ltr'><strong>as-</strong></span> 
     </span>
    </p>
   </div>
   <div class='ocr_carea' id='block_1_10' title="bbox 21 1081 1554 1154">
    <p class='ocr_par' dir='ltr' id='par_1_10' title="bbox 21 1081 1554 1154">
     <span class='ocr_line' id='line_1_10' title="bbox 21 1081 1554 1154; baseline -0.001 -16"><span class='ocrx_word' id='word_1_65' title='bbox 21 1085 251 1154; x_wconf 88' lang='lat' dir='ltr'><strong>mpsisse</strong></span> <span class='ocrx_word' id='word_1_66' title='bbox 278 1126 292 1150; x_wconf 92' lang='lat'><strong>,</strong></span> <span class='ocrx_word' id='word_1_67' title='bbox 322 1083 392 1137; x_wconf 83' lang='lat' dir='ltr'><strong>de</strong></span> <span class='ocrx_word' id='word_1_68' title='bbox 415 1099 520 1154; x_wconf 87' lang='lat' dir='ltr'><strong>qua</strong></span> <span class='ocrx_word' id='word_1_69' title='bbox 550 1097 688 1138; x_wconf 82' lang='lat' dir='ltr'><strong>novo</strong></span> <span class='ocrx_word' id='word_1_70' title='bbox 717 1081 912 1139; x_wconf 81' lang='lat' dir='ltr'><strong>ordine</strong></span> <span class='ocrx_word' id='word_1_71' title='bbox 937 1125 952 1149; x_wconf 89' lang='lat'><strong>,</strong></span> <span class='ocrx_word' id='word_1_72' title='bbox 983 1097 1229 1153; x_wconf 88' lang='lat' dir='ltr'><strong>novaque</strong></span> <span class='ocrx_word' id='word_1_73' title='bbox 1275 1082 1554 1136; x_wconf 85' lang='lat' dir='ltr'><strong>nativitate</strong></span> 
     </span>
    </p>
   </div>
   <div class='ocr_carea' id='block_1_11' title="bbox 21 1175 1552 1247">
    <p class='ocr_par' dir='ltr' id='par_1_11' title="bbox 21 1175 1552 1247">
     <span class='ocr_line' id='line_1_11' title="bbox 21 1175 1552 1247; baseline -0.001 -15"><span class='ocrx_word' id='word_1_74' title='bbox 21 1177 274 1244; x_wconf 79' lang='lat' dir='ltr'><strong>tgenitus</strong></span> <span class='ocrx_word' id='word_1_75' title='bbox 301 1219 314 1242; x_wconf 91' lang='lat'><strong>,</strong></span> <span class='ocrx_word' id='word_1_76' title='bbox 361 1177 486 1246; x_wconf 88' lang='lat' dir='ltr'><strong>quia</strong></span> <span class='ocrx_word' id='word_1_77' title='bbox 541 1179 738 1232; x_wconf 89' lang='lat' dir='ltr'><strong>intacta</strong></span> <span class='ocrx_word' id='word_1_78' title='bbox 767 1175 1060 1247; x_wconf 76' lang='lat' dir='ltr'><strong>Virginitas</strong></span> <span class='ocrx_word' id='word_1_79' title='bbox 1109 1175 1552 1232; x_wconf 84' lang='lat' dir='ltr'><strong>virilem&#39;coitum</strong></span> 
     </span>
    </p>
   </div>
   <div class='ocr_carea' id='block_1_12' title="bbox 23 1267 1554 1339">
    <p class='ocr_par' dir='ltr' id='par_1_12' title="bbox 23 1267 1554 1339">
     <span class='ocr_line' id='line_1_12' title="bbox 23 1267 1554 1339; baseline 0.001 -17"><span class='ocrx_word' id='word_1_80' title='bbox 23 1271 217 1333; x_wconf 58' lang='grc' dir='ltr'><strong>μιῇ-ῆι,</strong></span> <span class='ocrx_word' id='word_1_81' title='bbox 269 1279 323 1323; x_wconf 85' lang='grc' dir='ltr'><strong>ει</strong></span> <span class='ocrx_word' id='word_1_82' title='bbox 365 1267 596 1324; x_wconf 80' lang='lat' dir='ltr'><strong>fecunda</strong></span> <span class='ocrx_word' id='word_1_83' title='bbox 643 1285 740 1339; x_wconf 88' lang='lat' dir='ltr'><strong>per</strong></span> <span class='ocrx_word' id='word_1_84' title='bbox 787 1269 1050 1338; x_wconf 86' lang='lat' dir='ltr'><strong>Spiritum</strong></span> <span class='ocrx_word' id='word_1_85' title='bbox 1097 1279 1343 1325; x_wconf 82' lang='lat' dir='ltr'><strong>sanctum</strong></span> <span class='ocrx_word' id='word_1_86' title='bbox 1374 1269 1554 1324; x_wconf 86' lang='lat' dir='ltr'><strong>carnis</strong></span> 
     </span>
    </p>
   </div>
   <div class='ocr_carea' id='block_1_13' title="bbox 21 1361 1555 1433">
    <p class='ocr_par' dir='ltr' id='par_1_13' title="bbox 21 1361 1555 1433">
     <span class='ocr_line' id='line_1_13' title="bbox 21 1361 1555 1433; baseline -0.001 -15"><span class='ocrx_word' id='word_1_87' title='bbox 21 1364 235 1418; x_wconf 82' lang='lat' dir='ltr'><strong>iteriam</strong></span> <span class='ocrx_word' id='word_1_88' title='bbox 269 1361 618 1417; x_wconf 73' lang='lat' dir='ltr'><strong>ministravit.</strong></span> <span class='ocrx_word' id='word_1_89' title='bbox 679 1363 784 1428; x_wconf 88' lang='lat' dir='ltr'><strong>Qui</strong></span> <span class='ocrx_word' id='word_1_90' title='bbox 827 1371 1012 1433; x_wconf 88' lang='lat' dir='ltr'><strong>partus</strong></span> <span class='ocrx_word' id='word_1_91' title='bbox 1054 1361 1291 1426; x_wconf 73' lang='lat' dir='ltr'><strong>Virginis</strong></span> <span class='ocrx_word' id='word_1_92' title='bbox 1323 1377 1422 1416; x_wconf 81' lang='lat' dir='ltr'><strong>nec</strong></span> <span class='ocrx_word' id='word_1_93' title='bbox 1465 1375 1555 1416; x_wconf 83' lang='lat' dir='ltr'><strong>ra-</strong></span> 
     </span>
    </p>
   </div>
   <div class='ocr_carea' id='block_1_14' title="bbox 29 1455 1552 1526">
    <p class='ocr_par' dir='ltr' id='par_1_14' title="bbox 29 1455 1552 1526">
     <span class='ocr_line' id='line_1_14' title="bbox 29 1455 1552 1526; baseline -0.002 -14"><span class='ocrx_word' id='word_1_94' title='bbox 29 1475 98 1514; x_wconf 88' lang='lat' dir='ltr'><strong>ne</strong></span> <span class='ocrx_word' id='word_1_95' title='bbox 123 1457 402 1526; x_wconf 69' lang='lat' dir='ltr'><strong>colligitur</strong></span> <span class='ocrx_word' id='word_1_96' title='bbox 427 1500 442 1523; x_wconf 87' lang='lat'><strong>,</strong></span> <span class='ocrx_word' id='word_1_97' title='bbox 493 1473 592 1512; x_wconf 91' lang='lat' dir='ltr'><strong>nec</strong></span> <span class='ocrx_word' id='word_1_98' title='bbox 621 1457 874 1526; x_wconf 82' lang='lat' dir='ltr'><strong>exemplo</strong></span> <span class='ocrx_word' id='word_1_99' title='bbox 901 1466 1256 1512; x_wconf 78' lang='lat' dir='ltr'><strong>monstratur.</strong></span> <span class='ocrx_word' id='word_1_100' title='bbox 1307 1455 1462 1523; x_wconf 89' lang='lat' dir='ltr'><strong>Quod</strong></span> <span class='ocrx_word' id='word_1_101' title='bbox 1507 1456 1552 1509; x_wconf 93' lang='lat' dir='ltr'><strong>si</strong></span> 
     </span>
    </p>
   </div>
   <div class='ocr_carea' id='block_1_15' title="bbox 22 1547 1550 1620">
    <p class='ocr_par' dir='ltr' id='par_1_15' title="bbox 22 1547 1550 1620">
     <span class='ocr_line' id='line_1_15' title="bbox 22 1547 1550 1620; baseline -0.002 -16"><span class='ocrx_word' id='word_1_102' title='bbox 22 1554 157 1608; x_wconf 91' lang='lat' dir='ltr'><strong>.ione</strong></span> <span class='ocrx_word' id='word_1_103' title='bbox 187 1551 480 1620; x_wconf 76' lang='lat' dir='ltr'><strong>colligitur,</strong></span> <span class='ocrx_word' id='word_1_104' title='bbox 503 1559 714 1606; x_wconf 90' lang='lat' dir='ltr'><strong>nonest</strong></span> <span class='ocrx_word' id='word_1_105' title='bbox 739 1550 1009 1606; x_wconf 81' lang='lat' dir='ltr'><strong>mirabile.</strong></span> <span class='ocrx_word' id='word_1_106' title='bbox 1039 1551 1094 1606; x_wconf 87' lang='lat' dir='ltr'><strong>Si</strong></span> <span class='ocrx_word' id='word_1_107' title='bbox 1117 1547 1370 1618; x_wconf 65' lang='lat' dir='ltr'><strong>(exemplo</strong></span> <span class='ocrx_word' id='word_1_108' title='bbox 1391 1563 1550 1602; x_wconf 87' lang='lat' dir='ltr'><strong>mon-</strong></span> 
     </span>
    </p>
   </div>
   <div class='ocr_carea' id='block_1_16' title="bbox 25 1643 1555 1716">
    <p class='ocr_par' dir='ltr' id='par_1_16' title="bbox 25 1643 1555 1716">
     <span class='ocr_line' id='line_1_16' title="bbox 25 1643 1555 1716; baseline -0.001 -16"><span class='ocrx_word' id='word_1_109' title='bbox 25 1655 174 1711; x_wconf 78' lang='lat' dir='ltr'><strong>atur,</strong></span> <span class='ocrx_word' id='word_1_110' title='bbox 205 1661 312 1700; x_wconf 87' lang='lat' dir='ltr'><strong>non</strong></span> <span class='ocrx_word' id='word_1_111' title='bbox 341 1656 424 1700; x_wconf 82' lang='lat' dir='ltr'><strong>est</strong></span> <span class='ocrx_word' id='word_1_112' title='bbox 449 1644 749 1716; x_wconf 75' lang='lat' dir='ltr'><strong>singulare.</strong></span> <span class='ocrx_word' id='word_1_113' title='bbox 779 1644 890 1700; x_wconf 82' lang='lat' dir='ltr'><strong>Nec</strong></span> <span class='ocrx_word' id='word_1_114' title='bbox 915 1655 1094 1698; x_wconf 84' lang='lat' dir='ltr'><strong>tamen</strong></span> <span class='ocrx_word' id='word_1_115' title='bbox 1123 1643 1356 1714; x_wconf 84' lang='lat' dir='ltr'><strong>Spiritus</strong></span> <span class='ocrx_word' id='word_1_116' title='bbox 1397 1657 1555 1698; x_wconf 88' lang='lat' dir='ltr'><strong>sanc-</strong></span> 
     </span>
    </p>
   </div>
   <div class='ocr_carea' id='block_1_17' title="bbox 21 1735 1554 1806">
    <p class='ocr_par' dir='ltr' id='par_1_17' title="bbox 21 1735 1554 1806">
     <span class='ocr_line' id='line_1_17' title="bbox 21 1735 1554 1806; baseline -0.003 -12"><span class='ocrx_word' id='word_1_117' title='bbox 21 1755 36 1794; x_wconf 73' lang='lat'><strong>5</strong></span> <span class='ocrx_word' id='word_1_118' title='bbox 67 1739 236 1793; x_wconf 85' lang='lat' dir='ltr'><strong>Pater</strong></span> <span class='ocrx_word' id='word_1_119' title='bbox 265 1751 386 1794; x_wconf 85' lang='lat' dir='ltr'><strong>esse</strong></span> <span class='ocrx_word' id='word_1_120' title='bbox 415 1737 722 1794; x_wconf 87' lang='lat' dir='ltr'><strong>credendus</strong></span> <span class='ocrx_word' id='word_1_121' title='bbox 748 1747 832 1794; x_wconf 89' lang='lat' dir='ltr'><strong>est</strong></span> <span class='ocrx_word' id='word_1_122' title='bbox 859 1737 984 1793; x_wconf 78' lang='lat' dir='ltr'><strong>Filii</strong></span> <span class='ocrx_word' id='word_1_123' title='bbox 1017 1751 1118 1806; x_wconf 90' lang='lat' dir='ltr'><strong>pro</strong></span> <span class='ocrx_word' id='word_1_124' title='bbox 1143 1751 1208 1792; x_wconf 89' lang='lat' dir='ltr'><strong>eo</strong></span> <span class='ocrx_word' id='word_1_125' title='bbox 1234 1780 1248 1804; x_wconf 92' lang='lat'><strong>,</strong></span> <span class='ocrx_word' id='word_1_126' title='bbox 1277 1736 1418 1806; x_wconf 84' lang='lat' dir='ltr'><strong>quod</strong></span> <span class='ocrx_word' id='word_1_127' title='bbox 1444 1735 1554 1790; x_wconf 79' lang='lat' dir='ltr'><strong>Ma-</strong></span> 
     </span>
    </p>
   </div>
   <div class='ocr_carea' id='block_1_18' title="bbox 1659 515 3266 592">
    <p class='ocr_par' dir='ltr' id='par_1_18' title="bbox 1659 515 3266 592">
     <span class='ocr_line' id='line_1_18' title="bbox 1659 515 3266 592; baseline 0.002 -20"><span class='ocrx_word' id='word_1_128' title='bbox 1659 515 1822 572; x_wconf 84' lang='lat' dir='ltr'><strong>Solus</strong></span> <span class='ocrx_word' id='word_1_129' title='bbox 1863 525 2039 572; x_wconf 80' lang='lat' dir='ltr'><strong>laiuen</strong></span> <span class='ocrx_word' id='word_1_130' title='bbox 2075 519 2240 573; x_wconf 85' lang='lat' dir='ltr'><strong>Filius</strong></span> <span class='ocrx_word' id='word_1_131' title='bbox 2267 519 2496 574; x_wconf 83' lang='lat' dir='ltr'><strong>formam</strong></span> <span class='ocrx_word' id='word_1_132' title='bbox 2531 521 2742 592; x_wconf 86' lang='lat' dir='ltr'><strong>accepit</strong></span> <span class='ocrx_word' id='word_1_133' title='bbox 2789 521 2840 576; x_wconf 90' lang='lat' dir='ltr'><strong>in</strong></span> <span class='ocrx_word' id='word_1_134' title='bbox 2888 519 3266 591; x_wconf 82' lang='lat' dir='ltr'><strong>singularitate</strong></span> 
     </span>
    </p>
   </div>
   <div class='ocr_carea' id='block_1_19' title="bbox 1657 611 3258 686">
    <p class='ocr_par' dir='ltr' id='par_1_19' title="bbox 1657 611 3258 686">
     <span class='ocr_line' id='line_1_19' title="bbox 1657 611 3258 686; baseline 0.003 -22"><span class='ocrx_word' id='word_1_135' title='bbox 1657 625 1904 680; x_wconf 63' lang='lat' dir='ltr'><strong>personat</strong></span> <span class='ocrx_word' id='word_1_136' title='bbox 1926 653 1939 676; x_wconf 89' lang='lat'><strong>,</strong></span> <span class='ocrx_word' id='word_1_137' title='bbox 1971 611 2164 666; x_wconf 64' lang='lat' dir='ltr'><strong>nonin</strong></span> <span class='ocrx_word' id='word_1_138' title='bbox 2197 614 2402 670; x_wconf 87' lang='lat' dir='ltr'><strong>unitate</strong></span> <span class='ocrx_word' id='word_1_139' title='bbox 2429 613 2634 670; x_wconf 64' lang='lat' dir='ltr'><strong>Divina?</strong></span> <span class='ocrx_word' id='word_1_140' title='bbox 2664 626 2892 672; x_wconf 60' lang='lat' dir='ltr'><strong>natura}.</strong></span> <span class='ocrx_word' id='word_1_141' title='bbox 2943 613 3000 670; x_wconf 88' lang='lat' dir='ltr'><strong>In</strong></span> <span class='ocrx_word' id='word_1_142' title='bbox 3031 613 3084 671; x_wconf 88' lang='lat' dir='ltr'><strong>id</strong></span> <span class='ocrx_word' id='word_1_143' title='bbox 3113 613 3258 686; x_wconf 87' lang='lat' dir='ltr'><strong>quod</strong></span> 
     </span>
    </p>
   </div>
   <div class='ocr_carea' id='block_1_20' title="bbox 1657 703 3252 778">
    <p class='ocr_par' dir='ltr' id='par_1_20' title="bbox 1657 703 3252 778">
     <span class='ocr_line' id='line_1_20' title="bbox 1657 703 3252 778; baseline 0.006 -24"><span class='ocrx_word' id='word_1_144' title='bbox 1657 711 1742 758; x_wconf 87' lang='lat' dir='ltr'><strong>est</strong></span> <span class='ocrx_word' id='word_1_145' title='bbox 1781 705 2062 774; x_wconf 89' lang='lat' dir='ltr'><strong>proprium</strong></span> <span class='ocrx_word' id='word_1_146' title='bbox 2113 703 2274 770; x_wconf 87' lang='lat' dir='ltr'><strong>Filii,</strong></span> <span class='ocrx_word' id='word_1_147' title='bbox 2325 721 2432 762; x_wconf 91' lang='lat' dir='ltr'><strong>non</strong></span> <span class='ocrx_word' id='word_1_148' title='bbox 2476 707 2619 778; x_wconf 89' lang='lat' dir='ltr'><strong>quod</strong></span> <span class='ocrx_word' id='word_1_149' title='bbox 2651 723 2942 764; x_wconf 77' lang='lat' dir='ltr'><strong>commune</strong></span> <span class='ocrx_word' id='word_1_150' title='bbox 2969 707 3252 776; x_wconf 79' lang='lat' dir='ltr'><strong>Trinitati,</strong></span> 
     </span>
    </p>
   </div>
   <div class='ocr_carea' id='block_1_21' title="bbox 1657 795 3263 872">
    <p class='ocr_par' dir='ltr' id='par_1_21' title="bbox 1657 795 3263 872">
     <span class='ocr_line' id='line_1_21' title="bbox 1657 795 3263 872; baseline 0.002 -21"><span class='ocrx_word' id='word_1_151' title='bbox 1657 811 1778 866; x_wconf 61' lang='lat' dir='ltr'><strong>quae</strong></span> <span class='ocrx_word' id='word_1_152' title='bbox 1809 795 1980 852; x_wconf 80' lang='lat' dir='ltr'><strong>forma</strong></span> <span class='ocrx_word' id='word_1_153' title='bbox 2011 797 2100 852; x_wconf 91' lang='lat' dir='ltr'><strong>illa</strong></span> <span class='ocrx_word' id='word_1_154' title='bbox 2145 799 2211 853; x_wconf 87' lang='lat' dir='ltr'><strong>ad</strong></span> <span class='ocrx_word' id='word_1_155' title='bbox 2261 801 2522 854; x_wconf 85' lang='lat' dir='ltr'><strong>unitatem</strong></span> <span class='ocrx_word' id='word_1_156' title='bbox 2575 811 2820 868; x_wconf 67' lang='lat' dir='ltr'><strong>personae</strong></span> <span class='ocrx_word' id='word_1_157' title='bbox 2849 801 3066 872; x_wconf 85' lang='lat' dir='ltr'><strong>quidem</strong></span> <span class='ocrx_word' id='word_1_158' title='bbox 3097 801 3263 855; x_wconf 86' lang='lat' dir='ltr'><strong>allata</strong></span> 
     </span>
    </p>
   </div>
   <div class='ocr_carea' id='block_1_22' title="bbox 1657 889 3261 960">
    <p class='ocr_par' dir='ltr' id='par_1_22' title="bbox 1657 889 3261 960">
     <span class='ocr_line' id='line_1_22' title="bbox 1657 889 3261 960; baseline 0.002 -16"><span class='ocrx_word' id='word_1_159' title='bbox 1657 899 1740 946; x_wconf 88' lang='lat' dir='ltr'><strong>est</strong></span> <span class='ocrx_word' id='word_1_160' title='bbox 1761 933 1773 954; x_wconf 88' lang='lat'><strong>,</strong></span> <span class='ocrx_word' id='word_1_161' title='bbox 1805 889 1940 945; x_wconf 88' lang='lat' dir='ltr'><strong>adeo</strong></span> <span class='ocrx_word' id='word_1_162' title='bbox 1967 903 2024 945; x_wconf 89' lang='lat' dir='ltr'><strong>ut</strong></span> <span class='ocrx_word' id='word_1_163' title='bbox 2057 889 2230 946; x_wconf 83' lang='lat' dir='ltr'><strong>Filius</strong></span> <span class='ocrx_word' id='word_1_164' title='bbox 2261 893 2390 960; x_wconf 90' lang='lat' dir='ltr'><strong>Dei,</strong></span> <span class='ocrx_word' id='word_1_165' title='bbox 2445 904 2499 950; x_wconf 90' lang='lat' dir='ltr'><strong>et</strong></span> <span class='ocrx_word' id='word_1_166' title='bbox 2529 891 2698 950; x_wconf 87' lang='lat' dir='ltr'><strong>Filius</strong></span> <span class='ocrx_word' id='word_1_167' title='bbox 2730 893 2968 951; x_wconf 84' lang='lat' dir='ltr'><strong>hominis</strong></span> <span class='ocrx_word' id='word_1_168' title='bbox 3010 909 3149 949; x_wconf 92' lang='lat' dir='ltr'><strong>unus</strong></span> <span class='ocrx_word' id='word_1_169' title='bbox 3190 893 3261 948; x_wconf 90' lang='lat' dir='ltr'><strong>sit</strong></span> 
     </span>
    </p>
   </div>
   <div class='ocr_carea' id='block_1_23' title="bbox 1657 981 3261 1048">
    <p class='ocr_par' dir='ltr' id='par_1_23' title="bbox 1657 981 3261 1048">
     <span class='ocr_line' id='line_1_23' title="bbox 1657 981 3261 1048; baseline 0.003 -12"><span class='ocrx_word' id='word_1_170' title='bbox 1657 981 1924 1048; x_wconf 65' lang='lat' dir='ltr'><strong>Christus,</strong></span> <span class='ocrx_word' id='word_1_171' title='bbox 1951 983 2002 1036; x_wconf 90' lang='lat' dir='ltr'><strong>id</strong></span> <span class='ocrx_word' id='word_1_172' title='bbox 2029 983 2380 1040; x_wconf 72' lang='lat' dir='ltr'><strong>estChristus</strong></span> <span class='ocrx_word' id='word_1_173' title='bbox 2411 985 2462 1040; x_wconf 91' lang='lat' dir='ltr'><strong>in</strong></span> <span class='ocrx_word' id='word_1_174' title='bbox 2497 985 2579 1040; x_wconf 83' lang='lat' dir='ltr'><strong>Itis</strong></span> <span class='ocrx_word' id='word_1_175' title='bbox 2610 987 2821 1042; x_wconf 86' lang='lat' dir='ltr'><strong>duabus</strong></span> <span class='ocrx_word' id='word_1_176' title='bbox 2851 989 3058 1042; x_wconf 87' lang='lat' dir='ltr'><strong>naturis</strong></span> <span class='ocrx_word' id='word_1_177' title='bbox 3087 987 3261 1042; x_wconf 89' lang='lat' dir='ltr'><strong>tribus</strong></span> 
     </span>
    </p>
   </div>
   <div class='ocr_carea' id='block_1_24' title="bbox 1657 1075 3256 1149">
    <p class='ocr_par' dir='ltr' id='par_1_24' title="bbox 1657 1075 3256 1149">
     <span class='ocr_line' id='line_1_24' title="bbox 1657 1075 3256 1149; baseline 0.005 -22"><span class='ocrx_word' id='word_1_178' title='bbox 1657 1085 1832 1128; x_wconf 82' lang='lat' dir='ltr'><strong>exSIat</strong></span> <span class='ocrx_word' id='word_1_179' title='bbox 1855 1075 2174 1134; x_wconf 87' lang='lat' dir='ltr'><strong>substantiis</strong></span> <span class='ocrx_word' id='word_1_180' title='bbox 2203 1077 2528 1149; x_wconf 88' lang='lat' dir='ltr'><strong>verbi,quod</strong></span> <span class='ocrx_word' id='word_1_181' title='bbox 2553 1077 2618 1134; x_wconf 88' lang='lat' dir='ltr'><strong>ad</strong></span> <span class='ocrx_word' id='word_1_182' title='bbox 2645 1079 2818 1135; x_wconf 84' lang='lat' dir='ltr'><strong>solius</strong></span> <span class='ocrx_word' id='word_1_183' title='bbox 2843 1079 2938 1136; x_wconf 90' lang='lat' dir='ltr'><strong>Dei</strong></span> <span class='ocrx_word' id='word_1_184' title='bbox 2963 1081 3256 1138; x_wconf 87' lang='lat' dir='ltr'><strong>essentiam</strong></span> 
     </span>
    </p>
   </div>
   <div class='ocr_carea' id='block_1_25' title="bbox 1659 1165 3253 1244">
    <p class='ocr_par' dir='ltr' id='par_1_25' title="bbox 1659 1165 3253 1244">
     <span class='ocr_line' id='line_1_25' title="bbox 1659 1165 3253 1244; baseline 0.005 -24"><span class='ocrx_word' id='word_1_185' title='bbox 1659 1165 2004 1222; x_wconf 80' lang='lat' dir='ltr'><strong>referendum</strong></span> <span class='ocrx_word' id='word_1_186' title='bbox 2039 1177 2142 1236; x_wconf 89' lang='lat' dir='ltr'><strong>est,</strong></span> <span class='ocrx_word' id='word_1_187' title='bbox 2189 1171 2437 1240; x_wconf 86' lang='lat' dir='ltr'><strong>corporis</strong></span> <span class='ocrx_word' id='word_1_188' title='bbox 2467 1179 2524 1226; x_wconf 80' lang='lat' dir='ltr'><strong>et</strong></span> <span class='ocrx_word' id='word_1_189' title='bbox 2549 1172 2762 1236; x_wconf 73' lang='lat' dir='ltr'><strong>animre,</strong></span> <span class='ocrx_word' id='word_1_190' title='bbox 2796 1173 2938 1244; x_wconf 86' lang='lat' dir='ltr'><strong>quod</strong></span> <span class='ocrx_word' id='word_1_191' title='bbox 2971 1173 3036 1228; x_wconf 87' lang='lat' dir='ltr'><strong>ad</strong></span> <span class='ocrx_word' id='word_1_192' title='bbox 3065 1191 3253 1230; x_wconf 85' lang='lat' dir='ltr'><strong>verum</strong></span> 
     </span>
    </p>
   </div>
   <div class='ocr_carea' id='block_1_26' title="bbox 1659 1257 3256 1336">
    <p class='ocr_par' dir='ltr' id='par_1_26' title="bbox 1659 1257 3256 1336">
     <span class='ocr_line' id='line_1_26' title="bbox 1659 1257 3256 1336; baseline 0.004 -22"><span class='ocrx_word' id='word_1_193' title='bbox 1659 1257 1934 1315; x_wconf 87' lang='lat' dir='ltr'><strong>hominem</strong></span> <span class='ocrx_word' id='word_1_194' title='bbox 1967 1261 2228 1331; x_wconf 85' lang='lat' dir='ltr'><strong>pertinet.</strong></span> <span class='ocrx_word' id='word_1_195' title='bbox 2265 1263 2440 1318; x_wconf 87' lang='lat' dir='ltr'><strong>liabet</strong></span> <span class='ocrx_word' id='word_1_196' title='bbox 2467 1265 2627 1335; x_wconf 88' lang='lat' dir='ltr'><strong>igitur</strong></span> <span class='ocrx_word' id='word_1_197' title='bbox 2655 1265 2705 1319; x_wconf 89' lang='lat' dir='ltr'><strong>in</strong></span> <span class='ocrx_word' id='word_1_198' title='bbox 2732 1281 2790 1320; x_wconf 89' lang='lat' dir='ltr'><strong>se</strong></span> <span class='ocrx_word' id='word_1_199' title='bbox 2819 1265 3088 1336; x_wconf 80' lang='lat' dir='ltr'><strong>geminam</strong></span> <span class='ocrx_word' id='word_1_200' title='bbox 3128 1267 3256 1322; x_wconf 89' lang='lat' dir='ltr'><strong>sub-</strong></span> 
     </span>
    </p>
   </div>
   <div class='ocr_carea' id='block_1_27' title="bbox 1657 1347 3260 1414">
    <p class='ocr_par' dir='ltr' id='par_1_27' title="bbox 1657 1347 3260 1414">
     <span class='ocr_line' id='line_1_27' title="bbox 1657 1347 3260 1414; baseline 0.005 -8"><span class='ocrx_word' id='word_1_201' title='bbox 1657 1353 1910 1406; x_wconf 75' lang='lat' dir='ltr'><strong>stantiam</strong></span> <span class='ocrx_word' id='word_1_202' title='bbox 1943 1347 2242 1409; x_wconf 85' lang='lat' dir='ltr'><strong>divinitatis</strong></span> <span class='ocrx_word' id='word_1_203' title='bbox 2274 1369 2385 1408; x_wconf 72' lang='lat' dir='ltr'><strong>sum</strong></span> <span class='ocrx_word' id='word_1_204' title='bbox 2417 1363 2471 1410; x_wconf 92' lang='lat' dir='ltr'><strong>et</strong></span> <span class='ocrx_word' id='word_1_205' title='bbox 2499 1355 2852 1412; x_wconf 85' lang='lat' dir='ltr'><strong>humanitatis</strong></span> <span class='ocrx_word' id='word_1_206' title='bbox 2897 1367 3118 1412; x_wconf 78' lang='lat' dir='ltr'><strong>nostrae.</strong></span> <span class='ocrx_word' id='word_1_207' title='bbox 3163 1357 3260 1414; x_wconf 89' lang='lat' dir='ltr'><strong>llic</strong></span> 
     </span>
    </p>
   </div>
   <div class='ocr_carea' id='block_1_28' title="bbox 1657 1443 3262 1523">
    <p class='ocr_par' dir='ltr' id='par_1_28' title="bbox 1657 1443 3262 1523">
     <span class='ocr_line' id='line_1_28' title="bbox 1657 1443 3262 1523; baseline 0.006 -23"><span class='ocrx_word' id='word_1_208' title='bbox 1657 1444 1820 1500; x_wconf 85' lang='lat' dir='ltr'><strong>etiam</strong></span> <span class='ocrx_word' id='word_1_209' title='bbox 1853 1459 1950 1515; x_wconf 88' lang='lat' dir='ltr'><strong>per</strong></span> <span class='ocrx_word' id='word_1_210' title='bbox 1979 1443 2102 1511; x_wconf 87' lang='lat' dir='ltr'><strong>hoc,</strong></span> <span class='ocrx_word' id='word_1_211' title='bbox 2135 1448 2278 1518; x_wconf 90' lang='lat' dir='ltr'><strong>quod</strong></span> <span class='ocrx_word' id='word_1_212' title='bbox 2310 1447 2377 1503; x_wconf 89' lang='lat' dir='ltr'><strong>de</strong></span> <span class='ocrx_word' id='word_1_213' title='bbox 2411 1449 2522 1504; x_wconf 75' lang='lat' dir='ltr'><strong>lteo</strong></span> <span class='ocrx_word' id='word_1_214' title='bbox 2551 1447 2712 1505; x_wconf 87' lang='lat' dir='ltr'><strong>Patre</strong></span> <span class='ocrx_word' id='word_1_215' title='bbox 2739 1449 2856 1505; x_wconf 86' lang='lat' dir='ltr'><strong>sine</strong></span> <span class='ocrx_word' id='word_1_216' title='bbox 2888 1449 3019 1506; x_wconf 89' lang='lat' dir='ltr'><strong>vitio</strong></span> <span class='ocrx_word' id='word_1_217' title='bbox 3060 1449 3262 1523; x_wconf 86' lang='lat' dir='ltr'><strong>prodiit</strong></span> 
     </span>
    </p>
   </div>
   <div class='ocr_carea' id='block_1_29' title="bbox 1657 1539 3264 1616">
    <p class='ocr_par' dir='ltr' id='par_1_29' title="bbox 1657 1539 3264 1616">
     <span class='ocr_line' id='line_1_29' title="bbox 1657 1539 3264 1616; baseline 0.005 -20"><span class='ocrx_word' id='word_1_218' title='bbox 1657 1551 1816 1598; x_wconf 88' lang='lat' dir='ltr'><strong>natus</strong></span> <span class='ocrx_word' id='word_1_219' title='bbox 1845 1549 2080 1598; x_wconf 87' lang='lat' dir='ltr'><strong>tantum.</strong></span> <span class='ocrx_word' id='word_1_220' title='bbox 2105 1539 2242 1598; x_wconf 83' lang='lat' dir='ltr'><strong>Nam</strong></span> <span class='ocrx_word' id='word_1_221' title='bbox 2273 1557 2450 1616; x_wconf 85' lang='lat' dir='ltr'><strong>neque</strong></span> <span class='ocrx_word' id='word_1_222' title='bbox 2477 1543 2672 1612; x_wconf 83' lang='lat' dir='ltr'><strong>factus,</strong></span> <span class='ocrx_word' id='word_1_223' title='bbox 2703 1557 2879 1616; x_wconf 87' lang='lat' dir='ltr'><strong>neque</strong></span> <span class='ocrx_word' id='word_1_224' title='bbox 2913 1547 3264 1616; x_wconf 67' lang='lat' dir='ltr'><strong>praedestina-</strong></span> 
     </span>
    </p>
   </div>
   <div class='ocr_carea' id='block_1_30' title="bbox 1657 1637 2054 1707">
    <p class='ocr_par' dir='ltr' id='par_1_30' title="bbox 1657 1637 2054 1707">
     <span class='ocr_line' id='line_1_30' title="bbox 1657 1637 2054 1707; baseline 0.003 -16"><span class='ocrx_word' id='word_1_225' title='bbox 1657 1641 1746 1692; x_wconf 86' lang='lat' dir='ltr'><strong>tus</strong></span> <span class='ocrx_word' id='word_1_226' title='bbox 1772 1637 2054 1707; x_wconf 84' lang='lat' dir='ltr'><strong>accipitur.</strong></span> 
     </span>
    </p>
   </div>
   <div class='ocr_carea' id='block_1_31' title="bbox 1730 1727 3260 1804">
    <p class='ocr_par' dir='ltr' id='par_1_31' title="bbox 1730 1727 3260 1804">
     <span class='ocr_line' id='line_1_31' title="bbox 1730 1727 3260 1804; baseline 0.003 -20"><span class='ocrx_word' id='word_1_227' title='bbox 1730 1727 1874 1785; x_wconf 81' lang='lat' dir='ltr'><strong>XIV.</strong></span> <span class='ocrx_word' id='word_1_228' title='bbox 1912 1731 2016 1786; x_wconf 87' lang='lat' dir='ltr'><strong>Per</strong></span> <span class='ocrx_word' id='word_1_229' title='bbox 2047 1731 2152 1786; x_wconf 89' lang='lat' dir='ltr'><strong>hoc</strong></span> <span class='ocrx_word' id='word_1_230' title='bbox 2179 1741 2398 1799; x_wconf 87' lang='lat' dir='ltr'><strong>tamen,</strong></span> <span class='ocrx_word' id='word_1_231' title='bbox 2443 1733 2586 1804; x_wconf 88' lang='lat' dir='ltr'><strong>quod</strong></span> <span class='ocrx_word' id='word_1_232' title='bbox 2619 1733 2686 1786; x_wconf 89' lang='lat' dir='ltr'><strong>de</strong></span> <span class='ocrx_word' id='word_1_233' title='bbox 2717 1731 2884 1788; x_wconf 85' lang='lat' dir='ltr'><strong>Maria</strong></span> <span class='ocrx_word' id='word_1_234' title='bbox 2919 1731 3136 1804; x_wconf 84' lang='lat' dir='ltr'><strong>Virgine</strong></span> <span class='ocrx_word' id='word_1_235' title='bbox 3163 1749 3260 1788; x_wconf 87' lang='lat' dir='ltr'><strong>na-</strong></span> 
     </span>
    </p>
   </div>
   <div class='ocr_carea' id='block_1_32' title="bbox 22 1823 3254 1900">
    <p class='ocr_par' dir='ltr' id='par_1_32' title="bbox 22 1823 3254 1900">
     <span class='ocr_line' id='line_1_32' title="bbox 22 1823 3254 1900; baseline -0.001 -16"><span class='ocrx_word' id='word_1_236' title='bbox 22 1832 246 1885; x_wconf 85' lang='lat' dir='ltr'><strong>:eodem</strong></span> <span class='ocrx_word' id='word_1_237' title='bbox 279 1831 484 1900; x_wconf 80' lang='lat' dir='ltr'><strong>Spiritu</strong></span> <span class='ocrx_word' id='word_1_238' title='bbox 515 1841 704 1886; x_wconf 89' lang='lat' dir='ltr'><strong>sancto</strong></span> <span class='ocrx_word' id='word_1_239' title='bbox 735 1830 1054 1884; x_wconf 82' lang='lat' dir='ltr'><strong>obumbrata</strong></span> <span class='ocrx_word' id='word_1_240' title='bbox 1103 1829 1354 1896; x_wconf 84' lang='lat' dir='ltr'><strong>concepit</strong></span> <span class='ocrx_word' id='word_1_241' title='bbox 1375 1827 1435 1892; x_wconf 73' lang='grc' dir='ltr'><strong>δ,</strong></span> <span class='ocrx_word' id='word_1_242' title='bbox 1483 1845 1550 1884; x_wconf 84' lang='grc' dir='ltr'>ηε</span> <span class='ocrx_word' id='word_1_243' title='bbox 1581 1827 1628 1887; x_wconf 86' lang='grc' dir='ltr'><strong>Β</strong></span> <span class='ocrx_word' id='word_1_244' title='bbox 1657 1831 1742 1879; x_wconf 87' lang='lat' dir='ltr'><strong>tus</strong></span> <span class='ocrx_word' id='word_1_245' title='bbox 1768 1834 1850 1878; x_wconf 90' lang='lat' dir='ltr'><strong>est</strong></span> <span class='ocrx_word' id='word_1_246' title='bbox 1875 1866 1888 1886; x_wconf 92' lang='lat'><strong>,</strong></span> <span class='ocrx_word' id='word_1_247' title='bbox 1919 1833 1971 1879; x_wconf 89' lang='lat' dir='ltr'><strong>et</strong></span> <span class='ocrx_word' id='word_1_248' title='bbox 2003 1823 2420 1893; x_wconf 66' lang='lat' dir='ltr'><strong>praedesunatus</strong></span> <span class='ocrx_word' id='word_1_249' title='bbox 2447 1841 2570 1882; x_wconf 89' lang='lat' dir='ltr'><strong>esse</strong></span> <span class='ocrx_word' id='word_1_250' title='bbox 2593 1825 2903 1882; x_wconf 87' lang='lat' dir='ltr'><strong>credendus</strong></span> <span class='ocrx_word' id='word_1_251' title='bbox 2936 1837 3038 1882; x_wconf 88' lang='lat' dir='ltr'><strong>est.</strong></span> <span class='ocrx_word' id='word_1_252' title='bbox 3065 1826 3254 1882; x_wconf 71' lang='lat' dir='ltr'><strong>Amhaa</strong></span> 
     </span>
    </p>
   </div>
   <div class='ocr_carea' id='block_1_33' title="bbox 27 1921 1546 1992">
    <p class='ocr_par' dir='ltr' id='par_1_33' title="bbox 27 1921 1546 1992">
     <span class='ocr_line' id='line_1_33' title="bbox 27 1921 1546 1992; baseline -0.003 -13"><span class='ocrx_word' id='word_1_253' title='bbox 27 1933 136 1980; x_wconf 81' lang='lat' dir='ltr'><strong>tres</strong></span> <span class='ocrx_word' id='word_1_254' title='bbox 161 1923 284 1979; x_wconf 78' lang='lat' dir='ltr'><strong>Filii</strong></span> <span class='ocrx_word' id='word_1_255' title='bbox 315 1923 597 1978; x_wconf 83' lang='lat' dir='ltr'><strong>videamur</strong></span> <span class='ocrx_word' id='word_1_256' title='bbox 621 1939 868 1978; x_wconf 80' lang='lat' dir='ltr'><strong>asserere</strong></span> <span class='ocrx_word' id='word_1_257' title='bbox 895 1967 906 1982; x_wconf 87' lang='lat'><strong>.</strong></span> <span class='ocrx_word' id='word_1_258' title='bbox 933 1923 1078 1992; x_wconf 89' lang='lat' dir='ltr'><strong>quod</strong></span> <span class='ocrx_word' id='word_1_259' title='bbox 1114 1922 1264 1976; x_wconf 82' lang='lat' dir='ltr'><strong>nefas</strong></span> <span class='ocrx_word' id='word_1_260' title='bbox 1293 1927 1382 1976; x_wconf 78' lang='lat' dir='ltr'><strong>est</strong></span> <span class='ocrx_word' id='word_1_261' title='bbox 1417 1921 1546 1975; x_wconf 88' lang='lat' dir='ltr'><strong>dici.</strong></span> 
     </span>
    </p>
   </div>
   <div class='ocr_carea' id='block_1_34' title="bbox 57 2015 1550 2088">
    <p class='ocr_par' dir='ltr' id='par_1_34' title="bbox 57 2015 1550 2088">
     <span class='ocr_line' id='line_1_34' title="bbox 57 2015 1550 2088; baseline 0 -20"><span class='ocrx_word' id='word_1_262' title='bbox 57 2032 164 2086; x_wconf 85' lang='lat' dir='ltr'><strong>quo</strong></span> <span class='ocrx_word' id='word_1_263' title='bbox 207 2017 445 2071; x_wconf 85' lang='lat' dir='ltr'><strong>mirabili</strong></span> <span class='ocrx_word' id='word_1_264' title='bbox 477 2026 744 2088; x_wconf 89' lang='lat' dir='ltr'><strong>conceptu</strong></span> <span class='ocrx_word' id='word_1_265' title='bbox 792 2016 1094 2071; x_wconf 81' lang='lat' dir='ltr'><strong>ardilicaute</strong></span> <span class='ocrx_word' id='word_1_266' title='bbox 1129 2017 1234 2071; x_wconf 85' lang='lat' dir='ltr'><strong>sibi</strong></span> <span class='ocrx_word' id='word_1_267' title='bbox 1271 2015 1550 2082; x_wconf 77' lang='lat' dir='ltr'><strong>Sapientia</strong></span> 
     </span>
    </p>
   </div>
   <div class='ocr_carea' id='block_1_35' title="bbox 21 2107 1552 2182">
    <p class='ocr_par' dir='ltr' id='par_1_35' title="bbox 21 2107 1552 2182">
     <span class='ocr_line' id='line_1_35' title="bbox 21 2107 1552 2182; baseline -0.003 -18"><span class='ocrx_word' id='word_1_268' title='bbox 21 2113 240 2176; x_wconf 86' lang='lat' dir='ltr'><strong>lomum,</strong></span> <span class='ocrx_word' id='word_1_269' title='bbox 281 2109 500 2164; x_wconf 73' lang='lat' dir='ltr'><strong>Verbum</strong></span> <span class='ocrx_word' id='word_1_270' title='bbox 521 2127 642 2164; x_wconf 75' lang='lat' dir='ltr'><strong>cura</strong></span> <span class='ocrx_word' id='word_1_271' title='bbox 659 2114 856 2182; x_wconf 79' lang='lat' dir='ltr'><strong>factum</strong></span> <span class='ocrx_word' id='word_1_272' title='bbox 883 2119 976 2172; x_wconf 79' lang='lat' dir='ltr'><strong>est,</strong></span> <span class='ocrx_word' id='word_1_273' title='bbox 995 2117 1042 2162; x_wconf 79' lang='lat' dir='ltr'><strong>et</strong></span> <span class='ocrx_word' id='word_1_274' title='bbox 1067 2108 1314 2163; x_wconf 77' lang='lat' dir='ltr'><strong>habitauit</strong></span> <span class='ocrx_word' id='word_1_275' title='bbox 1331 2109 1386 2160; x_wconf 77' lang='lat' dir='ltr'><strong>in</strong></span> <span class='ocrx_word' id='word_1_276' title='bbox 1403 2107 1552 2161; x_wconf 77' lang='lat' dir='ltr'><strong>nobis</strong></span> 
     </span>
    </p>
   </div>
   <div class='ocr_carea' id='block_1_36' title="bbox 23 2203 1552 2276">
    <p class='ocr_par' dir='ltr' id='par_1_36' title="bbox 23 2203 1552 2276">
     <span class='ocr_line' id='line_1_36' title="bbox 23 2203 1552 2276; baseline -0.003 -16"><span class='ocrx_word' id='word_1_277' title='bbox 23 2223 150 2260; x_wconf 79' lang='lat' dir='ltr'><strong>oon.</strong></span> <span class='ocrx_word' id='word_1_278' title='bbox 205 2221 260 2272; x_wconf 75' lang='grc' dir='ltr'>ι,</span> <span class='ocrx_word' id='word_1_279' title='bbox 293 2203 360 2260; x_wconf 81' lang='lat' dir='ltr'><strong>M-</strong></span> <span class='ocrx_word' id='word_1_280' title='bbox 387 2203 428 2276; x_wconf 92' lang='lat'><strong>).</strong></span> <span class='ocrx_word' id='word_1_281' title='bbox 479 2203 590 2258; x_wconf 81' lang='lat' dir='ltr'><strong>Nec</strong></span> <span class='ocrx_word' id='word_1_282' title='bbox 619 2212 800 2258; x_wconf 85' lang='lat' dir='ltr'><strong>tamen</strong></span> <span class='ocrx_word' id='word_1_283' title='bbox 835 2205 1060 2258; x_wconf 80' lang='lat' dir='ltr'><strong>verbum</strong></span> <span class='ocrx_word' id='word_1_284' title='bbox 1087 2204 1266 2272; x_wconf 87' lang='lat' dir='ltr'><strong>ipsum</strong></span> <span class='ocrx_word' id='word_1_285' title='bbox 1301 2205 1352 2255; x_wconf 92' lang='lat' dir='ltr'><strong>in</strong></span> <span class='ocrx_word' id='word_1_286' title='bbox 1381 2215 1552 2256; x_wconf 83' lang='lat' dir='ltr'><strong>carne</strong></span> 
     </span>
    </p>
   </div>
   <div class='ocr_carea' id='block_1_37' title="bbox 22 2295 1552 2369">
    <p class='ocr_par' dir='ltr' id='par_1_37' title="bbox 22 2295 1552 2369">
     <span class='ocr_line' id='line_1_37' title="bbox 22 2295 1552 2369; baseline -0.001 -17"><span class='ocrx_word' id='word_1_287' title='bbox 22 2315 310 2363; x_wconf 77' lang='lat' dir='ltr'><strong>aversum,</strong></span> <span class='ocrx_word' id='word_1_288' title='bbox 355 2307 518 2369; x_wconf 84' lang='lat' dir='ltr'><strong>atque</strong></span> <span class='ocrx_word' id='word_1_289' title='bbox 547 2307 812 2352; x_wconf 82' lang='lat' dir='ltr'><strong>mutatum</strong></span> <span class='ocrx_word' id='word_1_290' title='bbox 837 2305 958 2364; x_wconf 85' lang='lat' dir='ltr'><strong>est,</strong></span> <span class='ocrx_word' id='word_1_291' title='bbox 1007 2305 1064 2351; x_wconf 88' lang='lat' dir='ltr'><strong>ut</strong></span> <span class='ocrx_word' id='word_1_292' title='bbox 1105 2295 1398 2351; x_wconf 79' lang='lat' dir='ltr'><strong>desisteret</strong></span> <span class='ocrx_word' id='word_1_293' title='bbox 1429 2307 1552 2350; x_wconf 81' lang='lat' dir='ltr'><strong>esse</strong></span> 
     </span>
    </p>
   </div>
   <div class='ocr_carea' id='block_1_38' title="bbox 27 2388 1552 2465">
    <p class='ocr_par' dir='ltr' id='par_1_38' title="bbox 27 2388 1552 2465">
     <span class='ocr_line' id='line_1_38' title="bbox 27 2388 1552 2465; baseline -0.003 -19"><span class='ocrx_word' id='word_1_294' title='bbox 27 2409 112 2460; x_wconf 87' lang='lat' dir='ltr'><strong>us,</strong></span> <span class='ocrx_word' id='word_1_295' title='bbox 143 2393 285 2465; x_wconf 81' lang='lat' dir='ltr'><strong>quod</strong></span> <span class='ocrx_word' id='word_1_296' title='bbox 311 2392 472 2447; x_wconf 90' lang='lat' dir='ltr'><strong>homo</strong></span> <span class='ocrx_word' id='word_1_297' title='bbox 489 2406 614 2448; x_wconf 80' lang='lat' dir='ltr'><strong>esse</strong></span> <span class='ocrx_word' id='word_1_298' title='bbox 643 2391 926 2446; x_wconf 87' lang='lat' dir='ltr'><strong>voluisset.</strong></span> <span class='ocrx_word' id='word_1_299' title='bbox 949 2389 1054 2446; x_wconf 79' lang='lat' dir='ltr'><strong>Sed</strong></span> <span class='ocrx_word' id='word_1_300' title='bbox 1079 2389 1152 2444; x_wconf 82' lang='lat' dir='ltr'><strong>ita</strong></span> <span class='ocrx_word' id='word_1_301' title='bbox 1189 2388 1410 2444; x_wconf 78' lang='lat' dir='ltr'><strong>Verbum</strong></span> <span class='ocrx_word' id='word_1_302' title='bbox 1431 2405 1552 2442; x_wconf 78' lang='lat' dir='ltr'><strong>caro</strong></span> 
     </span>
    </p>
   </div>
   <div class='ocr_carea' id='block_1_39' title="bbox 21 2481 1552 2550">
    <p class='ocr_par' dir='ltr' id='par_1_39' title="bbox 21 2481 1552 2550">
     <span class='ocr_line' id='line_1_39' title="bbox 21 2481 1552 2550; baseline -0.001 -13"><span class='ocrx_word' id='word_1_303' title='bbox 21 2497 146 2541; x_wconf 71' lang='lat' dir='ltr'><strong>etum</strong></span> <span class='ocrx_word' id='word_1_304' title='bbox 171 2497 268 2550; x_wconf 83' lang='lat' dir='ltr'><strong>est,</strong></span> <span class='ocrx_word' id='word_1_305' title='bbox 301 2495 358 2540; x_wconf 90' lang='lat' dir='ltr'><strong>ut</strong></span> <span class='ocrx_word' id='word_1_306' title='bbox 385 2499 490 2540; x_wconf 90' lang='lat' dir='ltr'><strong>non</strong></span> <span class='ocrx_word' id='word_1_307' title='bbox 519 2495 728 2540; x_wconf 88' lang='lat' dir='ltr'><strong>tantum</strong></span> <span class='ocrx_word' id='word_1_308' title='bbox 760 2485 836 2539; x_wconf 86' lang='lat' dir='ltr'><strong>ibi</strong></span> <span class='ocrx_word' id='word_1_309' title='bbox 865 2485 934 2538; x_wconf 86' lang='lat' dir='ltr'><strong>sit</strong></span> <span class='ocrx_word' id='word_1_310' title='bbox 967 2487 1191 2538; x_wconf 77' lang='lat' dir='ltr'><strong>verbum</strong></span> <span class='ocrx_word' id='word_1_311' title='bbox 1223 2483 1344 2548; x_wconf 86' lang='lat' dir='ltr'><strong>Dei,</strong></span> <span class='ocrx_word' id='word_1_312' title='bbox 1373 2493 1428 2538; x_wconf 88' lang='lat' dir='ltr'><strong>et</strong></span> <span class='ocrx_word' id='word_1_313' title='bbox 1455 2481 1552 2536; x_wconf 85' lang='lat' dir='ltr'><strong>ho-</strong></span> 
     </span>
    </p>
   </div>
   <div class='ocr_carea' id='block_1_40' title="bbox 22 2574 1554 2644">
    <p class='ocr_par' dir='ltr' id='par_1_40' title="bbox 22 2574 1554 2644">
     <span class='ocr_line' id='line_1_40' title="bbox 22 2574 1554 2644; baseline -0.005 -10"><span class='ocrx_word' id='word_1_314' title='bbox 22 2583 108 2636; x_wconf 88' lang='lat' dir='ltr'><strong>nis</strong></span> <span class='ocrx_word' id='word_1_315' title='bbox 141 2595 294 2644; x_wconf 85' lang='lat' dir='ltr'><strong>caro,</strong></span> <span class='ocrx_word' id='word_1_316' title='bbox 319 2579 418 2635; x_wconf 88' lang='lat' dir='ltr'><strong>sed</strong></span> <span class='ocrx_word' id='word_1_317' title='bbox 440 2581 606 2634; x_wconf 85' lang='lat' dir='ltr'><strong>etiam</strong></span> <span class='ocrx_word' id='word_1_318' title='bbox 633 2577 916 2632; x_wconf 86' lang='lat' dir='ltr'><strong>rationalis</strong></span> <span class='ocrx_word' id='word_1_319' title='bbox 945 2575 1188 2631; x_wconf 81' lang='lat' dir='ltr'><strong>hominis</strong></span> <span class='ocrx_word' id='word_1_320' title='bbox 1233 2574 1438 2640; x_wconf 87' lang='lat' dir='ltr'><strong>anima,</strong></span> <span class='ocrx_word' id='word_1_321' title='bbox 1471 2585 1554 2628; x_wconf 77' lang='lat' dir='ltr'><strong>ot-</strong></span> 
     </span>
    </p>
   </div>
   <div class='ocr_carea' id='block_1_41' title="bbox 21 2669 1555 2740">
    <p class='ocr_par' dir='ltr' id='par_1_41' title="bbox 21 2669 1555 2740">
     <span class='ocr_line' id='line_1_41' title="bbox 21 2669 1555 2740; baseline -0.003 -12"><span class='ocrx_word' id='word_1_322' title='bbox 21 2691 46 2728; x_wconf 84' lang='lat' dir='ltr'><strong>e</strong></span> <span class='ocrx_word' id='word_1_323' title='bbox 77 2675 184 2730; x_wconf 89' lang='lat' dir='ltr'><strong>hoc</strong></span> <span class='ocrx_word' id='word_1_324' title='bbox 217 2681 389 2728; x_wconf 90' lang='lat' dir='ltr'><strong>totum</strong></span> <span class='ocrx_word' id='word_1_325' title='bbox 415 2713 430 2740; x_wconf 87' lang='lat'><strong>,</strong></span> <span class='ocrx_word' id='word_1_326' title='bbox 479 2683 534 2728; x_wconf 90' lang='lat' dir='ltr'><strong>et</strong></span> <span class='ocrx_word' id='word_1_327' title='bbox 561 2673 702 2727; x_wconf 85' lang='lat' dir='ltr'><strong>Deus</strong></span> <span class='ocrx_word' id='word_1_328' title='bbox 731 2671 946 2726; x_wconf 81' lang='lat' dir='ltr'><strong>dicatur</strong></span> <span class='ocrx_word' id='word_1_329' title='bbox 977 2679 1198 2740; x_wconf 81' lang='lat' dir='ltr'><strong>propter</strong></span> <span class='ocrx_word' id='word_1_330' title='bbox 1238 2669 1408 2724; x_wconf 89' lang='lat' dir='ltr'><strong>Deum</strong></span> <span class='ocrx_word' id='word_1_331' title='bbox 1431 2709 1447 2737; x_wconf 94' lang='lat'><strong>,</strong></span> <span class='ocrx_word' id='word_1_332' title='bbox 1497 2676 1555 2724; x_wconf 87' lang='lat' dir='ltr'><strong>et</strong></span> 
     </span>
    </p>
   </div>
   <div class='ocr_carea' id='block_1_42' title="bbox 21 2763 1554 2838">
    <p class='ocr_par' dir='ltr' id='par_1_42' title="bbox 21 2763 1554 2838">
     <span class='ocr_line' id='line_1_42' title="bbox 21 2763 1554 2838; baseline -0.002 -17"><span class='ocrx_word' id='word_1_333' title='bbox 21 2783 112 2821; x_wconf 86' lang='lat' dir='ltr'><strong>mo</strong></span> <span class='ocrx_word' id='word_1_334' title='bbox 145 2777 372 2838; x_wconf 89' lang='lat' dir='ltr'><strong>propter</strong></span> <span class='ocrx_word' id='word_1_335' title='bbox 399 2765 696 2821; x_wconf 86' lang='lat' dir='ltr'><strong>hominem.</strong></span> <span class='ocrx_word' id='word_1_336' title='bbox 733 2765 789 2819; x_wconf 83' lang='lat' dir='ltr'><strong>In</strong></span> <span class='ocrx_word' id='word_1_337' title='bbox 817 2779 926 2835; x_wconf 91' lang='lat' dir='ltr'><strong>quo</strong></span> <span class='ocrx_word' id='word_1_338' title='bbox 954 2764 1050 2818; x_wconf 92' lang='lat' dir='ltr'><strong>Dei</strong></span> <span class='ocrx_word' id='word_1_339' title='bbox 1095 2763 1236 2819; x_wconf 90' lang='lat' dir='ltr'><strong>Filio</strong></span> <span class='ocrx_word' id='word_1_340' title='bbox 1271 2763 1406 2818; x_wconf 89' lang='lat' dir='ltr'><strong>duas</strong></span> <span class='ocrx_word' id='word_1_341' title='bbox 1435 2777 1554 2818; x_wconf 88' lang='lat' dir='ltr'><strong>cre-</strong></span> 
     </span>
    </p>
   </div>
   <div class='ocr_carea' id='block_1_43' title="bbox 21 2856 1554 2926">
    <p class='ocr_par' dir='ltr' id='par_1_43' title="bbox 21 2856 1554 2926">
     <span class='ocr_line' id='line_1_43' title="bbox 21 2856 1554 2926; baseline -0.003 -10"><span class='ocrx_word' id='word_1_342' title='bbox 21 2877 129 2916; x_wconf 86' lang='lat' dir='ltr'><strong>nns</strong></span> <span class='ocrx_word' id='word_1_343' title='bbox 154 2877 277 2916; x_wconf 87' lang='lat' dir='ltr'><strong>esse</strong></span> <span class='ocrx_word' id='word_1_344' title='bbox 305 2869 526 2916; x_wconf 84' lang='lat' dir='ltr'><strong>naturas</strong></span> <span class='ocrx_word' id='word_1_345' title='bbox 549 2902 564 2926; x_wconf 89' lang='lat'><strong>,</strong></span> <span class='ocrx_word' id='word_1_346' title='bbox 617 2875 778 2916; x_wconf 91' lang='lat' dir='ltr'><strong>unam</strong></span> <span class='ocrx_word' id='word_1_347' title='bbox 809 2858 1116 2916; x_wconf 75' lang='lat' dir='ltr'><strong>Dirinitatis</strong></span> <span class='ocrx_word' id='word_1_348' title='bbox 1141 2897 1158 2924; x_wconf 87' lang='lat'><strong>,</strong></span> <span class='ocrx_word' id='word_1_349' title='bbox 1199 2859 1424 2914; x_wconf 77' lang='lat' dir='ltr'><strong>alteram</strong></span> <span class='ocrx_word' id='word_1_350' title='bbox 1453 2856 1554 2912; x_wconf 59' lang='lat' dir='ltr'><strong>hu.</strong></span> 
     </span>
    </p>
   </div>
   <div class='ocr_carea' id='block_1_44' title="bbox 22 2955 250 3008">
    <p class='ocr_par' dir='ltr' id='par_1_44' title="bbox 22 2955 250 3008">
     <span class='ocr_line' id='line_1_44' title="bbox 22 2955 250 3008; baseline 0.009 -4"><span class='ocrx_word' id='word_1_351' title='bbox 22 2955 250 3008; x_wconf 83' lang='lat' dir='ltr'><strong>.nitatis.</strong></span> 
     </span>
    </p>
   </div>
   <div class='ocr_carea' id='block_1_45' title="bbox 21 3044 1555 3115">
    <p class='ocr_par' dir='ltr' id='par_1_45' title="bbox 21 3044 1555 3115">
     <span class='ocr_line' id='line_1_45' title="bbox 21 3044 1555 3115; baseline -0.001 -15"><span class='ocrx_word' id='word_1_352' title='bbox 21 3045 136 3100; x_wconf 72' lang='lat' dir='ltr'><strong>XII.</strong></span> <span class='ocrx_word' id='word_1_353' title='bbox 169 3047 319 3114; x_wconf 86' lang='lat' dir='ltr'><strong>Quas</strong></span> <span class='ocrx_word' id='word_1_354' title='bbox 349 3046 420 3100; x_wconf 86' lang='lat' dir='ltr'><strong>ita</strong></span> <span class='ocrx_word' id='word_1_355' title='bbox 453 3046 506 3100; x_wconf 84' lang='lat' dir='ltr'><strong>in</strong></span> <span class='ocrx_word' id='word_1_356' title='bbox 535 3059 596 3100; x_wconf 88' lang='lat' dir='ltr'><strong>se</strong></span> <span class='ocrx_word' id='word_1_357' title='bbox 623 3059 732 3100; x_wconf 87' lang='lat' dir='ltr'><strong>una</strong></span> <span class='ocrx_word' id='word_1_358' title='bbox 761 3044 964 3100; x_wconf 82' lang='lat' dir='ltr'><strong>Christi</strong></span> <span class='ocrx_word' id='word_1_359' title='bbox 997 3059 1226 3115; x_wconf 85' lang='lat' dir='ltr'><strong>persona</strong></span> <span class='ocrx_word' id='word_1_360' title='bbox 1251 3045 1424 3098; x_wconf 78' lang='lat' dir='ltr'><strong>univit</strong></span> <span class='ocrx_word' id='word_1_361' title='bbox 1449 3085 1462 3110; x_wconf 87' lang='lat'><strong>,</strong></span> <span class='ocrx_word' id='word_1_362' title='bbox 1497 3053 1555 3100; x_wconf 90' lang='lat' dir='ltr'><strong>ut</strong></span> 
     </span>
    </p>
   </div>
   <div class='ocr_carea' id='block_1_46' title="bbox 21 3137 1555 3204">
    <p class='ocr_par' dir='ltr' id='par_1_46' title="bbox 21 3137 1555 3204">
     <span class='ocr_line' id='line_1_46' title="bbox 21 3137 1555 3204; baseline -0.001 -10"><span class='ocrx_word' id='word_1_363' title='bbox 21 3155 46 3194; x_wconf 71' lang='grc' dir='ltr'>[ε</span> <span class='ocrx_word' id='word_1_364' title='bbox 77 3139 349 3194; x_wconf 87' lang='lat' dir='ltr'><strong>Divinitas</strong></span> <span class='ocrx_word' id='word_1_365' title='bbox 377 3141 446 3194; x_wconf 85' lang='lat' dir='ltr'><strong>ab</strong></span> <span class='ocrx_word' id='word_1_366' title='bbox 475 3137 808 3194; x_wconf 86' lang='lat' dir='ltr'><strong>humanitate</strong></span> <span class='ocrx_word' id='word_1_367' title='bbox 833 3181 849 3204; x_wconf 92' lang='lat'><strong>,</strong></span> <span class='ocrx_word' id='word_1_368' title='bbox 883 3155 984 3194; x_wconf 84' lang='lat' dir='ltr'><strong>nec</strong></span> <span class='ocrx_word' id='word_1_369' title='bbox 1015 3139 1324 3194; x_wconf 84' lang='lat' dir='ltr'><strong>huiuanitas</strong></span> <span class='ocrx_word' id='word_1_370' title='bbox 1351 3155 1380 3194; x_wconf 88' lang='lat' dir='ltr'><strong>a</strong></span> <span class='ocrx_word' id='word_1_371' title='bbox 1417 3137 1555 3194; x_wconf 71' lang='lat' dir='ltr'><strong>Divi-</strong></span> 
     </span>
    </p>
   </div>
   <div class='ocr_carea' id='block_1_47' title="bbox 1655 1917 3262 1990">
    <p class='ocr_par' dir='ltr' id='par_1_47' title="bbox 1655 1917 3262 1990">
     <span class='ocr_line' id='line_1_47' title="bbox 1655 1917 3262 1990; baseline 0.001 -18"><span class='ocrx_word' id='word_1_372' title='bbox 1655 1917 1834 1973; x_wconf 84' lang='lat' dir='ltr'><strong>tamen</strong></span> <span class='ocrx_word' id='word_1_373' title='bbox 1876 1918 1930 1974; x_wconf 91' lang='lat' dir='ltr'><strong>in</strong></span> <span class='ocrx_word' id='word_1_374' title='bbox 1953 1920 2044 1974; x_wconf 89' lang='lat' dir='ltr'><strong>illo</strong></span> <span class='ocrx_word' id='word_1_375' title='bbox 2071 1920 2453 1990; x_wconf 84' lang='lat' dir='ltr'><strong>generationes</strong></span> <span class='ocrx_word' id='word_1_376' title='bbox 2475 1921 2774 1986; x_wconf 84' lang='lat' dir='ltr'><strong>mirabiles,</strong></span> <span class='ocrx_word' id='word_1_377' title='bbox 2802 1921 2950 1990; x_wconf 86' lang='lat' dir='ltr'><strong>quia,</strong></span> <span class='ocrx_word' id='word_1_378' title='bbox 2979 1931 3031 1976; x_wconf 89' lang='lat' dir='ltr'><strong>et</strong></span> <span class='ocrx_word' id='word_1_379' title='bbox 3061 1921 3128 1976; x_wconf 89' lang='lat' dir='ltr'><strong>de</strong></span> <span class='ocrx_word' id='word_1_380' title='bbox 3161 1921 3262 1976; x_wconf 87' lang='lat' dir='ltr'><strong>Pa-</strong></span> 
     </span>
    </p>
   </div>
   <div class='ocr_carea' id='block_1_48' title="bbox 1655 2011 3260 2082">
    <p class='ocr_par' dir='ltr' id='par_1_48' title="bbox 1655 2011 3260 2082">
     <span class='ocr_line' id='line_1_48' title="bbox 1655 2011 3260 2082; baseline 0.004 -20"><span class='ocrx_word' id='word_1_381' title='bbox 1655 2019 1735 2066; x_wconf 90' lang='lat' dir='ltr'><strong>tre</strong></span> <span class='ocrx_word' id='word_1_382' title='bbox 1765 2019 1890 2066; x_wconf 87' lang='lat' dir='ltr'><strong>ante</strong></span> <span class='ocrx_word' id='word_1_383' title='bbox 1919 2011 2114 2066; x_wconf 68' lang='lat' dir='ltr'><strong>szecula</strong></span> <span class='ocrx_word' id='word_1_384' title='bbox 2147 2015 2266 2066; x_wconf 87' lang='lat' dir='ltr'><strong>sine</strong></span> <span class='ocrx_word' id='word_1_385' title='bbox 2299 2021 2474 2067; x_wconf 88' lang='lat' dir='ltr'><strong>matre</strong></span> <span class='ocrx_word' id='word_1_386' title='bbox 2501 2017 2738 2082; x_wconf 85' lang='lat' dir='ltr'><strong>genitus,</strong></span> <span class='ocrx_word' id='word_1_387' title='bbox 2773 2019 2829 2066; x_wconf 85' lang='lat' dir='ltr'><strong>et</strong></span> <span class='ocrx_word' id='word_1_388' title='bbox 2855 2013 2908 2067; x_wconf 89' lang='lat' dir='ltr'><strong>in</strong></span> <span class='ocrx_word' id='word_1_389' title='bbox 2942 2011 3048 2066; x_wconf 85' lang='lat' dir='ltr'><strong>line</strong></span> <span class='ocrx_word' id='word_1_390' title='bbox 3087 2025 3260 2068; x_wconf 66' lang='lat' dir='ltr'><strong>satcu-</strong></span> 
     </span>
    </p>
   </div>
   <div class='ocr_carea' id='block_1_49' title="bbox 1653 2105 3258 2177">
    <p class='ocr_par' dir='ltr' id='par_1_49' title="bbox 1653 2105 3258 2177">
     <span class='ocr_line' id='line_1_49' title="bbox 1653 2105 3258 2177; baseline 0.001 -15"><span class='ocrx_word' id='word_1_391' title='bbox 1653 2106 1828 2162; x_wconf 88' lang='lat' dir='ltr'><strong>Iornm</strong></span> <span class='ocrx_word' id='word_1_392' title='bbox 1861 2107 1927 2162; x_wconf 91' lang='lat' dir='ltr'><strong>de</strong></span> <span class='ocrx_word' id='word_1_393' title='bbox 1945 2115 2118 2161; x_wconf 88' lang='lat' dir='ltr'><strong>matre</strong></span> <span class='ocrx_word' id='word_1_394' title='bbox 2141 2108 2258 2161; x_wconf 92' lang='lat' dir='ltr'><strong>sine</strong></span> <span class='ocrx_word' id='word_1_395' title='bbox 2283 2117 2436 2176; x_wconf 84' lang='lat' dir='ltr'><strong>patre</strong></span> <span class='ocrx_word' id='word_1_396' title='bbox 2465 2115 2548 2161; x_wconf 90' lang='lat' dir='ltr'><strong>est</strong></span> <span class='ocrx_word' id='word_1_397' title='bbox 2562 2117 2872 2177; x_wconf 86' lang='lat' dir='ltr'><strong>generatus.</strong></span> <span class='ocrx_word' id='word_1_398' title='bbox 2895 2105 3050 2176; x_wconf 84' lang='lat' dir='ltr'><strong>Quod</strong></span> <span class='ocrx_word' id='word_1_399' title='bbox 3077 2117 3258 2164; x_wconf 87' lang='lat' dir='ltr'><strong>tamen</strong></span> 
     </span>
    </p>
   </div>
   <div class='ocr_carea' id='block_1_50' title="bbox 1653 2199 3256 2273">
    <p class='ocr_par' dir='ltr' id='par_1_50' title="bbox 1653 2199 3256 2273">
     <span class='ocr_line' id='line_1_50' title="bbox 1653 2199 3256 2273; baseline 0.001 -15"><span class='ocrx_word' id='word_1_400' title='bbox 1653 2199 1951 2258; x_wconf 43' lang='lat' dir='ltr'><strong>secundum</strong></span> <span class='ocrx_word' id='word_1_401' title='bbox 1983 2201 2126 2273; x_wconf 88' lang='lat' dir='ltr'><strong>quod</strong></span> <span class='ocrx_word' id='word_1_402' title='bbox 2155 2211 2241 2258; x_wconf 89' lang='lat' dir='ltr'><strong>est</strong></span> <span class='ocrx_word' id='word_1_403' title='bbox 2269 2201 2414 2257; x_wconf 86' lang='lat' dir='ltr'><strong>Deus</strong></span> <span class='ocrx_word' id='word_1_404' title='bbox 2441 2203 2650 2258; x_wconf 85' lang='lat' dir='ltr'><strong>creavit</strong></span> <span class='ocrx_word' id='word_1_405' title='bbox 2677 2201 2927 2270; x_wconf 82' lang='lat' dir='ltr'><strong>Mariam,</strong></span> <span class='ocrx_word' id='word_1_406' title='bbox 2953 2201 3256 2259; x_wconf 72' lang='lat' dir='ltr'><strong>secundum</strong></span> 
     </span>
    </p>
   </div>
   <div class='ocr_carea' id='block_1_51' title="bbox 1655 2293 3264 2366">
    <p class='ocr_par' dir='ltr' id='par_1_51' title="bbox 1655 2293 3264 2366">
     <span class='ocr_line' id='line_1_51' title="bbox 1655 2293 3264 2366; baseline 0.002 -16"><span class='ocrx_word' id='word_1_407' title='bbox 1655 2297 1800 2364; x_wconf 84' lang='lat' dir='ltr'><strong>quod</strong></span> <span class='ocrx_word' id='word_1_408' title='bbox 1835 2297 1997 2350; x_wconf 92' lang='lat' dir='ltr'><strong>homo</strong></span> <span class='ocrx_word' id='word_1_409' title='bbox 2029 2301 2115 2352; x_wconf 86' lang='lat' dir='ltr'><strong>est</strong></span> <span class='ocrx_word' id='word_1_410' title='bbox 2146 2305 2364 2352; x_wconf 89' lang='lat' dir='ltr'><strong>creatus</strong></span> <span class='ocrx_word' id='word_1_411' title='bbox 2399 2313 2462 2352; x_wconf 83' lang='lat' dir='ltr'><strong>ex</strong></span> <span class='ocrx_word' id='word_1_412' title='bbox 2497 2295 2687 2366; x_wconf 75' lang='lat' dir='ltr'><strong>Maria,</strong></span> <span class='ocrx_word' id='word_1_413' title='bbox 2737 2299 2854 2366; x_wconf 88' lang='lat' dir='ltr'><strong>ipse</strong></span> <span class='ocrx_word' id='word_1_414' title='bbox 2895 2293 3056 2354; x_wconf 81' lang='lat' dir='ltr'><strong>Pater</strong></span> <span class='ocrx_word' id='word_1_415' title='bbox 3085 2293 3264 2354; x_wconf 74' lang='lat' dir='ltr'><strong>Mariae</strong></span> 
     </span>
    </p>
   </div>
   <div class='ocr_carea' id='block_1_52' title="bbox 1655 2389 2326 2455">
    <p class='ocr_par' dir='ltr' id='par_1_52' title="bbox 1655 2389 2326 2455">
     <span class='ocr_line' id='line_1_52' title="bbox 1655 2389 2326 2455; baseline -0.003 -10"><span class='ocrx_word' id='word_1_416' title='bbox 1655 2391 1848 2446; x_wconf 87' lang='lat' dir='ltr'><strong>matris</strong></span> <span class='ocrx_word' id='word_1_417' title='bbox 1878 2405 2012 2455; x_wconf 65' lang='lat' dir='ltr'><strong>sitat,</strong></span> <span class='ocrx_word' id='word_1_418' title='bbox 2048 2399 2100 2446; x_wconf 87' lang='grc' dir='ltr'><strong>ει</strong></span> <span class='ocrx_word' id='word_1_419' title='bbox 2133 2389 2326 2446; x_wconf 85' lang='lat' dir='ltr'><strong>Filius.</strong></span> 
     </span>
    </p>
   </div>
   <div class='ocr_carea' id='block_1_53' title="bbox 1727 2483 3264 2557">
    <p class='ocr_par' dir='ltr' id='par_1_53' title="bbox 1727 2483 3264 2557">
     <span class='ocr_line' id='line_1_53' title="bbox 1727 2483 3264 2557; baseline 0.001 -17"><span class='ocrx_word' id='word_1_420' title='bbox 1727 2483 1844 2540; x_wconf 80' lang='lat' dir='ltr'><strong>XV.</strong></span> <span class='ocrx_word' id='word_1_421' title='bbox 1897 2486 2028 2540; x_wconf 88' lang='lat' dir='ltr'><strong>item</strong></span> <span class='ocrx_word' id='word_1_422' title='bbox 2085 2501 2184 2556; x_wconf 89' lang='lat' dir='ltr'><strong>per</strong></span> <span class='ocrx_word' id='word_1_423' title='bbox 2231 2483 2336 2540; x_wconf 88' lang='lat' dir='ltr'><strong>hoc</strong></span> <span class='ocrx_word' id='word_1_424' title='bbox 2368 2483 2514 2555; x_wconf 86' lang='lat' dir='ltr'><strong>quod</strong></span> <span class='ocrx_word' id='word_1_425' title='bbox 2547 2485 2692 2540; x_wconf 89' lang='lat' dir='ltr'><strong>Deus</strong></span> <span class='ocrx_word' id='word_1_426' title='bbox 2738 2495 2856 2552; x_wconf 78' lang='grc' dir='ltr'>εει,</span> <span class='ocrx_word' id='word_1_427' title='bbox 2905 2485 3128 2557; x_wconf 63' lang='lat' dir='ltr'><strong>aequalis</strong></span> <span class='ocrx_word' id='word_1_428' title='bbox 3180 2494 3264 2542; x_wconf 87' lang='lat' dir='ltr'><strong>est</strong></span> 
     </span>
    </p>
   </div>
   <div class='ocr_carea' id='block_1_54' title="bbox 1657 2575 3260 2648">
    <p class='ocr_par' dir='ltr' id='par_1_54' title="bbox 1657 2575 3260 2648">
     <span class='ocr_line' id='line_1_54' title="bbox 1657 2575 3260 2648; baseline 0 -14"><span class='ocrx_word' id='word_1_429' title='bbox 1657 2577 1840 2648; x_wconf 84' lang='lat' dir='ltr'><strong>Patri,</strong></span> <span class='ocrx_word' id='word_1_430' title='bbox 1891 2593 1988 2648; x_wconf 85' lang='lat' dir='ltr'><strong>per</strong></span> <span class='ocrx_word' id='word_1_431' title='bbox 2019 2577 2120 2634; x_wconf 92' lang='lat' dir='ltr'><strong>hoc</strong></span> <span class='ocrx_word' id='word_1_432' title='bbox 2173 2579 2314 2648; x_wconf 90' lang='lat' dir='ltr'><strong>quod</strong></span> <span class='ocrx_word' id='word_1_433' title='bbox 2363 2579 2548 2645; x_wconf 89' lang='lat' dir='ltr'><strong>homo,</strong></span> <span class='ocrx_word' id='word_1_434' title='bbox 2582 2579 2759 2633; x_wconf 91' lang='lat' dir='ltr'><strong>minor</strong></span> <span class='ocrx_word' id='word_1_435' title='bbox 2788 2588 2871 2634; x_wconf 89' lang='lat' dir='ltr'><strong>est</strong></span> <span class='ocrx_word' id='word_1_436' title='bbox 2901 2577 3080 2634; x_wconf 84' lang='lat' dir='ltr'><strong>Patre.</strong></span> <span class='ocrx_word' id='word_1_437' title='bbox 3127 2575 3260 2634; x_wconf 87' lang='lat' dir='ltr'><strong>Item</strong></span> 
     </span>
    </p>
   </div>
   <div class='ocr_carea' id='block_1_55' title="bbox 1655 2671 3262 2742">
    <p class='ocr_par' dir='ltr' id='par_1_55' title="bbox 1655 2671 3262 2742">
     <span class='ocr_line' id='line_1_55' title="bbox 1655 2671 3262 2742; baseline 0.001 -16"><span class='ocrx_word' id='word_1_438' title='bbox 1655 2682 1713 2728; x_wconf 82' lang='lat' dir='ltr'><strong>et</strong></span> <span class='ocrx_word' id='word_1_439' title='bbox 1753 2672 1948 2742; x_wconf 83' lang='lat' dir='ltr'><strong>major,</strong></span> <span class='ocrx_word' id='word_1_440' title='bbox 2001 2681 2052 2727; x_wconf 85' lang='lat' dir='ltr'><strong>et</strong></span> <span class='ocrx_word' id='word_1_441' title='bbox 2103 2673 2282 2727; x_wconf 90' lang='lat' dir='ltr'><strong>minor</strong></span> <span class='ocrx_word' id='word_1_442' title='bbox 2325 2687 2448 2728; x_wconf 86' lang='lat' dir='ltr'><strong>esse</strong></span> <span class='ocrx_word' id='word_1_443' title='bbox 2496 2671 2799 2728; x_wconf 82' lang='lat' dir='ltr'><strong>credendus</strong></span> <span class='ocrx_word' id='word_1_444' title='bbox 2839 2683 2941 2729; x_wconf 88' lang='lat' dir='ltr'><strong>est.</strong></span> <span class='ocrx_word' id='word_1_445' title='bbox 2997 2671 3054 2728; x_wconf 90' lang='lat' dir='ltr'><strong>In</strong></span> <span class='ocrx_word' id='word_1_446' title='bbox 3090 2671 3262 2728; x_wconf 78' lang='lat' dir='ltr'><strong>forma</strong></span> 
     </span>
    </p>
   </div>
   <div class='ocr_carea' id='block_1_56' title="bbox 1656 2759 3264 2834">
    <p class='ocr_par' dir='ltr' id='par_1_56' title="bbox 1656 2759 3264 2834">
     <span class='ocr_line' id='line_1_56' title="bbox 1656 2759 3264 2834; baseline -0.005 -13"><span class='ocrx_word' id='word_1_447' title='bbox 1656 2764 1801 2821; x_wconf 88' lang='lat' dir='ltr'><strong>enim</strong></span> <span class='ocrx_word' id='word_1_448' title='bbox 1835 2763 1930 2818; x_wconf 82' lang='lat' dir='ltr'><strong>Dei</strong></span> <span class='ocrx_word' id='word_1_449' title='bbox 1961 2763 2126 2818; x_wconf 88' lang='lat' dir='ltr'><strong>etiam</strong></span> <span class='ocrx_word' id='word_1_450' title='bbox 2159 2763 2276 2834; x_wconf 90' lang='lat' dir='ltr'><strong>ipse</strong></span> <span class='ocrx_word' id='word_1_451' title='bbox 2307 2763 2486 2820; x_wconf 83' lang='lat' dir='ltr'><strong>Filius</strong></span> <span class='ocrx_word' id='word_1_452' title='bbox 2516 2759 2540 2800; x_wconf 76' lang='grc' dir='ltr'><strong>ιι</strong></span> <span class='ocrx_word' id='word_1_453' title='bbox 2565 2779 2625 2820; x_wconf 82' lang='grc' dir='ltr'><strong>εε</strong></span> <span class='ocrx_word' id='word_1_454' title='bbox 2655 2765 2769 2834; x_wconf 89' lang='lat' dir='ltr'><strong>ipso</strong></span> <span class='ocrx_word' id='word_1_455' title='bbox 2791 2764 2967 2834; x_wconf 88' lang='lat' dir='ltr'><strong>major</strong></span> <span class='ocrx_word' id='word_1_456' title='bbox 2997 2773 3264 2832; x_wconf 79' lang='lat' dir='ltr'><strong>estprop-</strong></span> 
     </span>
    </p>
   </div>
   <div class='ocr_carea' id='block_1_57' title="bbox 1659 2857 3267 2932">
    <p class='ocr_par' dir='ltr' id='par_1_57' title="bbox 1659 2857 3267 2932">
     <span class='ocr_line' id='line_1_57' title="bbox 1659 2857 3267 2932; baseline 0 -18"><span class='ocrx_word' id='word_1_457' title='bbox 1659 2867 1742 2914; x_wconf 89' lang='lat' dir='ltr'><strong>ter</strong></span> <span class='ocrx_word' id='word_1_458' title='bbox 1775 2858 2173 2912; x_wconf 87' lang='lat' dir='ltr'><strong>humanitatem</strong></span> <span class='ocrx_word' id='word_1_459' title='bbox 2221 2869 2578 2930; x_wconf 75' lang='lat' dir='ltr'><strong>assumptum.</strong></span> <span class='ocrx_word' id='word_1_460' title='bbox 2611 2857 2748 2926; x_wconf 84' lang='lat' dir='ltr'><strong>Quia</strong></span> <span class='ocrx_word' id='word_1_461' title='bbox 2779 2859 3046 2914; x_wconf 88' lang='lat' dir='ltr'><strong>Divinitas</strong></span> <span class='ocrx_word' id='word_1_462' title='bbox 3092 2859 3267 2932; x_wconf 86' lang='lat' dir='ltr'><strong>major</strong></span> 
     </span>
    </p>
   </div>
   <div class='ocr_carea' id='block_1_58' title="bbox 1657 2951 3266 3024">
    <p class='ocr_par' dir='ltr' id='par_1_58' title="bbox 1657 2951 3266 3024">
     <span class='ocr_line' id='line_1_58' title="bbox 1657 2951 3266 3024; baseline 0.001 -16"><span class='ocrx_word' id='word_1_463' title='bbox 1657 2961 1762 3008; x_wconf 81' lang='lat' dir='ltr'><strong>est.</strong></span> <span class='ocrx_word' id='word_1_464' title='bbox 1792 2952 1848 3014; x_wconf 77' lang='lat' dir='ltr'><strong>In</strong></span> <span class='ocrx_word' id='word_1_465' title='bbox 1881 2953 2058 3008; x_wconf 72' lang='lat' dir='ltr'><strong>[arma</strong></span> <span class='ocrx_word' id='word_1_466' title='bbox 2099 2961 2286 3008; x_wconf 87' lang='lat' dir='ltr'><strong>autem</strong></span> <span class='ocrx_word' id='word_1_467' title='bbox 2327 2953 2564 3008; x_wconf 87' lang='lat' dir='ltr'><strong>hominis</strong></span> <span class='ocrx_word' id='word_1_468' title='bbox 2607 2952 2774 3008; x_wconf 80' lang='lat' dir='ltr'><strong>etiam</strong></span> <span class='ocrx_word' id='word_1_469' title='bbox 2827 2953 2942 3024; x_wconf 81' lang='lat' dir='ltr'><strong>ipse</strong></span> <span class='ocrx_word' id='word_1_470' title='bbox 2973 2951 3150 3008; x_wconf 81' lang='lat' dir='ltr'><strong>Filius</strong></span> <span class='ocrx_word' id='word_1_471' title='bbox 3203 2967 3266 3009; x_wconf 84' lang='lat' dir='ltr'><strong>se</strong></span> 
     </span>
    </p>
   </div>
   <div class='ocr_carea' id='block_1_59' title="bbox 1659 3045 3268 3118">
    <p class='ocr_par' dir='ltr' id='par_1_59' title="bbox 1659 3045 3268 3118">
     <span class='ocr_line' id='line_1_59' title="bbox 1659 3045 3268 3118; baseline 0.002 -18"><span class='ocrx_word' id='word_1_472' title='bbox 1659 3047 1778 3117; x_wconf 89' lang='lat' dir='ltr'><strong>ipso</strong></span> <span class='ocrx_word' id='word_1_473' title='bbox 1798 3047 1972 3116; x_wconf 86' lang='lat' dir='ltr'><strong>major</strong></span> <span class='ocrx_word' id='word_1_474' title='bbox 1999 3053 2084 3102; x_wconf 83' lang='lat' dir='ltr'><strong>est</strong></span> <span class='ocrx_word' id='word_1_475' title='bbox 2103 3045 2168 3100; x_wconf 86' lang='lat' dir='ltr'><strong>ad</strong></span> <span class='ocrx_word' id='word_1_476' title='bbox 2195 3046 2610 3114; x_wconf 76' lang='lat' dir='ltr'><strong>humanitatem,</strong></span> <span class='ocrx_word' id='word_1_477' title='bbox 2633 3063 2752 3118; x_wconf 75' lang='lat' dir='ltr'><strong>qua:</strong></span> <span class='ocrx_word' id='word_1_478' title='bbox 2781 3051 2961 3102; x_wconf 87' lang='lat' dir='ltr'><strong>minor</strong></span> <span class='ocrx_word' id='word_1_479' title='bbox 2983 3047 3268 3104; x_wconf 82' lang='lat' dir='ltr'><strong>divinitate</strong></span> 
     </span>
    </p>
   </div>
   <div class='ocr_carea' id='block_1_60' title="bbox 1658 3139 3273 3214">
    <p class='ocr_par' dir='ltr' id='par_1_60' title="bbox 1658 3139 3273 3214">
     <span class='ocr_line' id='line_1_60' title="bbox 1658 3139 3273 3214; baseline 0.004 -22"><span class='ocrx_word' id='word_1_480' title='bbox 1658 3139 1944 3210; x_wconf 68' lang='lat' dir='ltr'><strong>accipitur.</strong></span> <span class='ocrx_word' id='word_1_481' title='bbox 1981 3139 2056 3194; x_wconf 87' lang='lat' dir='ltr'><strong>Ita</strong></span> <span class='ocrx_word' id='word_1_482' title='bbox 2085 3139 2381 3196; x_wconf 83' lang='lat' dir='ltr'><strong>secundum</strong></span> <span class='ocrx_word' id='word_1_483' title='bbox 2405 3139 2908 3212; x_wconf 78' lang='lat' dir='ltr'><strong>divinitatem,qnte</strong></span> <span class='ocrx_word' id='word_1_484' title='bbox 2936 3141 3166 3214; x_wconf 79' lang='lat' dir='ltr'><strong>:equalis</strong></span> <span class='ocrx_word' id='word_1_485' title='bbox 3186 3149 3273 3198; x_wconf 86' lang='lat' dir='ltr'><strong>est</strong></span> 
     </span>
    </p>
   </div>
   <div class='ocr_carea' id='block_1_61' title="bbox 25 3221 3270 3306">
    <p class='ocr_par' dir='ltr' id='par_1_61' title="bbox 25 3221 3270 3306">
     <span class='ocr_line' id='line_1_61' title="bbox 25 3221 3270 3306; baseline 0.001 -18"><span class='ocrx_word' id='word_1_486' title='bbox 25 3247 122 3288; x_wconf 86' lang='lat' dir='ltr'><strong>ate</strong></span> <span class='ocrx_word' id='word_1_487' title='bbox 181 3233 358 3305; x_wconf 81' lang='lat' dir='ltr'><strong>possit</strong></span> <span class='ocrx_word' id='word_1_488' title='bbox 414 3233 704 3302; x_wconf 86' lang='lat' dir='ltr'><strong>aliquando</strong></span> <span class='ocrx_word' id='word_1_489' title='bbox 751 3233 982 3302; x_wconf 83' lang='lat' dir='ltr'><strong>sejungi.</strong></span> <span class='ocrx_word' id='word_1_490' title='bbox 1067 3223 1226 3290; x_wconf 83' lang='lat' dir='ltr'><strong>Unde</strong></span> <span class='ocrx_word' id='word_1_491' title='bbox 1285 3231 1556 3304; x_wconf 79' lang='lat' dir='ltr'><strong>perfectus</strong></span> <span class='ocrx_word' id='word_1_492' title='bbox 1583 3221 1628 3283; x_wconf 91' lang='lat' dir='ltr'>C</span> <span class='ocrx_word' id='word_1_493' title='bbox 1663 3234 1846 3300; x_wconf 80' lang='lat' dir='ltr'><strong>Patri,</strong></span> <span class='ocrx_word' id='word_1_494' title='bbox 1877 3234 2016 3304; x_wconf 87' lang='lat' dir='ltr'><strong>ipse,</strong></span> <span class='ocrx_word' id='word_1_495' title='bbox 2069 3246 2126 3292; x_wconf 91' lang='lat' dir='ltr'><strong>et</strong></span> <span class='ocrx_word' id='word_1_496' title='bbox 2157 3233 2317 3292; x_wconf 88' lang='lat' dir='ltr'><strong>Pater</strong></span> <span class='ocrx_word' id='word_1_497' title='bbox 2367 3236 2542 3304; x_wconf 82' lang='lat' dir='ltr'><strong>major</strong></span> <span class='ocrx_word' id='word_1_498' title='bbox 2571 3247 2656 3292; x_wconf 84' lang='lat' dir='ltr'><strong>est</strong></span> <span class='ocrx_word' id='word_1_499' title='bbox 2685 3235 2926 3300; x_wconf 83' lang='lat' dir='ltr'><strong>homine.</strong></span> <span class='ocrx_word' id='word_1_500' title='bbox 2957 3253 3122 3306; x_wconf 84' lang='lat' dir='ltr'><strong>quem</strong></span> <span class='ocrx_word' id='word_1_501' title='bbox 3155 3241 3270 3293; x_wconf 86' lang='lat' dir='ltr'><strong>sola</strong></span> 
     </span>
    </p>
   </div>
   <div class='ocr_carea' id='block_1_62' title="bbox 23 3325 1558 3396">
    <p class='ocr_par' dir='ltr' id='par_1_62' title="bbox 23 3325 1558 3396">
     <span class='ocr_line' id='line_1_62' title="bbox 23 3325 1558 3396; baseline 0.003 -18"><span class='ocrx_word' id='word_1_502' title='bbox 23 3343 118 3392; x_wconf 85' lang='lat' dir='ltr'><strong>ns,</strong></span> <span class='ocrx_word' id='word_1_503' title='bbox 155 3325 434 3394; x_wconf 64' lang='lat' dir='ltr'><strong>perfectus</strong></span> <span class='ocrx_word' id='word_1_504' title='bbox 465 3326 638 3380; x_wconf 80' lang='lat' dir='ltr'><strong>Homo</strong></span> <span class='ocrx_word' id='word_1_505' title='bbox 665 3327 718 3380; x_wconf 87' lang='lat' dir='ltr'><strong>in</strong></span> <span class='ocrx_word' id='word_1_506' title='bbox 755 3328 964 3381; x_wconf 86' lang='lat' dir='ltr'><strong>unitate</strong></span> <span class='ocrx_word' id='word_1_507' title='bbox 995 3341 1262 3396; x_wconf 71' lang='lat' dir='ltr'><strong>personae,</strong></span> <span class='ocrx_word' id='word_1_508' title='bbox 1297 3341 1438 3382; x_wconf 82' lang='lat' dir='ltr'><strong>unus</strong></span> <span class='ocrx_word' id='word_1_509' title='bbox 1471 3336 1558 3382; x_wconf 80' lang='lat' dir='ltr'><strong>est</strong></span> 
     </span>
    </p>
   </div>
   <div class='ocr_carea' id='block_1_63' title="bbox 23 3417 1554 3492">
    <p class='ocr_par' dir='ltr' id='par_1_63' title="bbox 23 3417 1554 3492">
     <span class='ocr_line' id='line_1_63' title="bbox 23 3417 1554 3492; baseline 0 -18"><span class='ocrx_word' id='word_1_510' title='bbox 23 3423 220 3478; x_wconf 84' lang='lat' dir='ltr'><strong>ristus.</strong></span> <span class='ocrx_word' id='word_1_511' title='bbox 267 3419 378 3475; x_wconf 85' lang='lat' dir='ltr'><strong>Nec</strong></span> <span class='ocrx_word' id='word_1_512' title='bbox 405 3431 582 3475; x_wconf 89' lang='lat' dir='ltr'><strong>tamen</strong></span> <span class='ocrx_word' id='word_1_513' title='bbox 623 3421 745 3492; x_wconf 89' lang='lat' dir='ltr'><strong>quia</strong></span> <span class='ocrx_word' id='word_1_514' title='bbox 777 3419 912 3474; x_wconf 88' lang='lat' dir='ltr'><strong>duas</strong></span> <span class='ocrx_word' id='word_1_515' title='bbox 940 3421 1174 3474; x_wconf 81' lang='lat' dir='ltr'><strong>diximus</strong></span> <span class='ocrx_word' id='word_1_516' title='bbox 1207 3421 1256 3474; x_wconf 94' lang='lat' dir='ltr'><strong>in</strong></span> <span class='ocrx_word' id='word_1_517' title='bbox 1285 3417 1426 3474; x_wconf 86' lang='lat' dir='ltr'><strong>Filio</strong></span> <span class='ocrx_word' id='word_1_518' title='bbox 1453 3419 1554 3475; x_wconf 79' lang='lat' dir='ltr'><strong>Dei</strong></span> 
     </span>
    </p>
   </div>
   <div class='ocr_carea' id='block_1_64' title="bbox 21 3511 1549 3580">
    <p class='ocr_par' dir='ltr' id='par_1_64' title="bbox 21 3511 1549 3580">
     <span class='ocr_line' id='line_1_64' title="bbox 21 3511 1549 3580; baseline -0.002 -14"><span class='ocrx_word' id='word_1_519' title='bbox 21 3531 68 3570; x_wconf 56' lang='grc' dir='ltr'>δε</span> <span class='ocrx_word' id='word_1_520' title='bbox 127 3523 372 3576; x_wconf 87' lang='lat' dir='ltr'><strong>naturas,</strong></span> <span class='ocrx_word' id='word_1_521' title='bbox 403 3513 539 3567; x_wconf 89' lang='lat' dir='ltr'><strong>duas</strong></span> <span class='ocrx_word' id='word_1_522' title='bbox 569 3511 914 3566; x_wconf 87' lang='lat' dir='ltr'><strong>eausabimus</strong></span> <span class='ocrx_word' id='word_1_523' title='bbox 937 3513 988 3566; x_wconf 89' lang='lat' dir='ltr'><strong>in</strong></span> <span class='ocrx_word' id='word_1_524' title='bbox 1015 3527 1082 3568; x_wconf 88' lang='lat' dir='ltr'><strong>eo</strong></span> <span class='ocrx_word' id='word_1_525' title='bbox 1111 3527 1234 3568; x_wconf 81' lang='lat' dir='ltr'><strong>esse</strong></span> <span class='ocrx_word' id='word_1_526' title='bbox 1267 3526 1549 3580; x_wconf 85' lang='lat' dir='ltr'><strong>personas,</strong></span> 
     </span>
    </p>
   </div>
   <div class='ocr_carea' id='block_1_65' title="bbox 22 3603 1550 3674">
    <p class='ocr_par' dir='ltr' id='par_1_65' title="bbox 22 3603 1550 3674">
     <span class='ocr_line' id='line_1_65' title="bbox 22 3603 1550 3674; baseline -0.004 -12"><span class='ocrx_word' id='word_1_527' title='bbox 22 3607 286 3662; x_wconf 88' lang='lat' dir='ltr'><strong>Trinitati</strong></span> <span class='ocrx_word' id='word_1_528' title='bbox 299 3647 312 3668; x_wconf 84' lang='grc'>,</span> <span class='ocrx_word' id='word_1_529' title='bbox 330 3605 472 3674; x_wconf 85' lang='lat' dir='ltr'><strong>quod</strong></span> <span class='ocrx_word' id='word_1_530' title='bbox 487 3605 648 3668; x_wconf 83' lang='lat' dir='ltr'><strong>absit,</strong></span> <span class='ocrx_word' id='word_1_531' title='bbox 663 3603 1182 3660; x_wconf 76' lang='lat' dir='ltr'><strong>aceederevideatur</strong></span> <span class='ocrx_word' id='word_1_532' title='bbox 1195 3604 1550 3672; x_wconf 85' lang='lat' dir='ltr'><strong>quateruitas.</strong></span> 
     </span>
    </p>
   </div>
   <div class='ocr_carea' id='block_1_66' title="bbox 21 3697 1554 3766">
    <p class='ocr_par' dir='ltr' id='par_1_66' title="bbox 21 3697 1554 3766">
     <span class='ocr_line' id='line_1_66' title="bbox 21 3697 1554 3766; baseline -0.005 -10"><span class='ocrx_word' id='word_1_533' title='bbox 21 3701 166 3756; x_wconf 72' lang='lat' dir='ltr'><strong>XIII.</strong></span> <span class='ocrx_word' id='word_1_534' title='bbox 217 3701 366 3756; x_wconf 89' lang='lat' dir='ltr'><strong>Deus</strong></span> <span class='ocrx_word' id='word_1_535' title='bbox 409 3699 553 3754; x_wconf 89' lang='lat' dir='ltr'><strong>enim</strong></span> <span class='ocrx_word' id='word_1_536' title='bbox 589 3700 814 3754; x_wconf 88' lang='lat' dir='ltr'><strong>verbum</strong></span> <span class='ocrx_word' id='word_1_537' title='bbox 865 3713 974 3753; x_wconf 89' lang='lat' dir='ltr'><strong>non</strong></span> <span class='ocrx_word' id='word_1_538' title='bbox 1017 3697 1226 3766; x_wconf 80' lang='lat' dir='ltr'><strong>accepit</strong></span> <span class='ocrx_word' id='word_1_539' title='bbox 1267 3709 1554 3765; x_wconf 89' lang='lat' dir='ltr'><strong>personam</strong></span> 
     </span>
    </p>
   </div>
   <div class='ocr_carea' id='block_1_67' title="bbox 21 3787 1558 3858">
    <p class='ocr_par' dir='ltr' id='par_1_67' title="bbox 21 3787 1558 3858">
     <span class='ocr_line' id='line_1_67' title="bbox 21 3787 1558 3858; baseline -0.005 -8"><span class='ocrx_word' id='word_1_540' title='bbox 21 3797 214 3858; x_wconf 85' lang='lat' dir='ltr'><strong>minis,</strong></span> <span class='ocrx_word' id='word_1_541' title='bbox 251 3791 347 3848; x_wconf 87' lang='lat' dir='ltr'><strong>sed</strong></span> <span class='ocrx_word' id='word_1_542' title='bbox 377 3801 623 3846; x_wconf 88' lang='lat' dir='ltr'><strong>naturam</strong></span> <span class='ocrx_word' id='word_1_543' title='bbox 650 3833 664 3856; x_wconf 92' lang='lat'><strong>,</strong></span> <span class='ocrx_word' id='word_1_544' title='bbox 694 3801 748 3846; x_wconf 89' lang='lat' dir='ltr'><strong>et</strong></span> <span class='ocrx_word' id='word_1_545' title='bbox 773 3792 825 3846; x_wconf 90' lang='lat' dir='ltr'><strong>in</strong></span> <span class='ocrx_word' id='word_1_546' title='bbox 856 3799 1114 3846; x_wconf 70' lang='lat' dir='ltr'><strong>mternam</strong></span> <span class='ocrx_word' id='word_1_547' title='bbox 1143 3803 1428 3858; x_wconf 88' lang='lat' dir='ltr'><strong>personam</strong></span> <span class='ocrx_word' id='word_1_548' title='bbox 1473 3787 1558 3842; x_wconf 87' lang='lat' dir='ltr'><strong>Di-</strong></span> 
     </span>
    </p>
   </div>
   <div class='ocr_carea' id='block_1_68' title="bbox 21 3881 1552 3956">
    <p class='ocr_par' dir='ltr' id='par_1_68' title="bbox 21 3881 1552 3956">
     <span class='ocr_line' id='line_1_68' title="bbox 21 3881 1552 3956; baseline -0.008 -10"><span class='ocrx_word' id='word_1_549' title='bbox 21 3893 204 3946; x_wconf 78' lang='lat' dir='ltr'><strong>titatis</strong></span> <span class='ocrx_word' id='word_1_550' title='bbox 263 3889 618 3956; x_wconf 85' lang='lat' dir='ltr'><strong>temporalem</strong></span> <span class='ocrx_word' id='word_1_551' title='bbox 681 3887 894 3956; x_wconf 85' lang='lat' dir='ltr'><strong>accepit</strong></span> <span class='ocrx_word' id='word_1_552' title='bbox 929 3885 1290 3940; x_wconf 85' lang='lat' dir='ltr'><strong>substantiam</strong></span> <span class='ocrx_word' id='word_1_553' title='bbox 1355 3881 1552 3936; x_wconf 68' lang='lat' dir='ltr'><strong>carnis.</strong></span> 
     </span>
    </p>
   </div>
   <div class='ocr_carea' id='block_1_69' title="bbox 22 3977 1554 4042">
    <p class='ocr_par' dir='ltr' id='par_1_69' title="bbox 22 3977 1554 4042">
     <span class='ocr_line' id='line_1_69' title="bbox 22 3977 1554 4042; baseline -0.007 -1"><span class='ocrx_word' id='word_1_554' title='bbox 22 4005 80 4041; x_wconf 88' lang='lat' dir='ltr'><strong>m</strong></span> <span class='ocrx_word' id='word_1_555' title='bbox 113 4001 240 4040; x_wconf 87' lang='lat' dir='ltr'><strong>eum</strong></span> <span class='ocrx_word' id='word_1_556' title='bbox 273 3983 434 4039; x_wconf 89' lang='lat' dir='ltr'><strong>unius</strong></span> <span class='ocrx_word' id='word_1_557' title='bbox 477 3983 804 4038; x_wconf 70' lang='lat' dir='ltr'><strong>substantia:</strong></span> <span class='ocrx_word' id='word_1_558' title='bbox 839 3981 1116 4035; x_wconf 85' lang='lat' dir='ltr'><strong>credimus</strong></span> <span class='ocrx_word' id='word_1_559' title='bbox 1147 3993 1272 4036; x_wconf 80' lang='lat' dir='ltr'><strong>esse</strong></span> <span class='ocrx_word' id='word_1_560' title='bbox 1303 3977 1516 4033; x_wconf 86' lang='lat' dir='ltr'><strong>Patrem</strong></span> <span class='ocrx_word' id='word_1_561' title='bbox 1539 4017 1554 4042; x_wconf 90' lang='lat'><strong>,</strong></span> 
     </span>
    </p>
   </div>
   <div class='ocr_carea' id='block_1_70' title="bbox 23 4073 1556 4145">
    <p class='ocr_par' dir='ltr' id='par_1_70' title="bbox 23 4073 1556 4145">
     <span class='ocr_line' id='line_1_70' title="bbox 23 4073 1556 4145; baseline -0.007 -10"><span class='ocrx_word' id='word_1_562' title='bbox 23 4081 262 4144; x_wconf 75' lang='lat' dir='ltr'><strong>Filium,</strong></span> <span class='ocrx_word' id='word_1_563' title='bbox 294 4087 348 4132; x_wconf 90' lang='lat' dir='ltr'><strong>et</strong></span> <span class='ocrx_word' id='word_1_564' title='bbox 375 4077 636 4145; x_wconf 87' lang='lat' dir='ltr'><strong>Spiritum</strong></span> <span class='ocrx_word' id='word_1_565' title='bbox 665 4088 936 4140; x_wconf 86' lang='lat' dir='ltr'><strong>sanctum,</strong></span> <span class='ocrx_word' id='word_1_566' title='bbox 968 4087 1076 4128; x_wconf 89' lang='lat' dir='ltr'><strong>non</strong></span> <span class='ocrx_word' id='word_1_567' title='bbox 1103 4085 1281 4127; x_wconf 88' lang='lat' dir='ltr'><strong>tamen</strong></span> <span class='ocrx_word' id='word_1_568' title='bbox 1305 4073 1556 4139; x_wconf 83' lang='lat' dir='ltr'><strong>dicimus,</strong></span> 
     </span>
    </p>
   </div>
   <div class='ocr_carea' id='block_1_71' title="bbox 31 4165 1558 4242">
    <p class='ocr_par' dir='ltr' id='par_1_71' title="bbox 31 4165 1558 4242">
     <span class='ocr_line' id='line_1_71' title="bbox 31 4165 1558 4242; baseline -0.004 -16"><span class='ocrx_word' id='word_1_569' title='bbox 31 4172 210 4242; x_wconf 86' lang='lat' dir='ltr'><strong>hujus</strong></span> <span class='ocrx_word' id='word_1_570' title='bbox 240 4169 523 4224; x_wconf 85' lang='lat' dir='ltr'><strong>Trinitatis</strong></span> <span class='ocrx_word' id='word_1_571' title='bbox 557 4169 820 4224; x_wconf 85' lang='lat' dir='ltr'><strong>unitatem</strong></span> <span class='ocrx_word' id='word_1_572' title='bbox 869 4167 1032 4222; x_wconf 83' lang='lat' dir='ltr'><strong>Maria</strong></span> <span class='ocrx_word' id='word_1_573' title='bbox 1065 4167 1228 4237; x_wconf 78' lang='lat' dir='ltr'><strong>Virgo</strong></span> <span class='ocrx_word' id='word_1_574' title='bbox 1267 4165 1558 4237; x_wconf 84' lang='lat' dir='ltr'><strong>genuerit,</strong></span> 
     </span>
    </p>
   </div>
   <div class='ocr_carea' id='block_1_72' title="bbox 21 4263 1558 4332">
    <p class='ocr_par' dir='ltr' id='par_1_72' title="bbox 21 4263 1558 4332">
     <span class='ocr_line' id='line_1_72' title="bbox 21 4263 1558 4332; baseline -0.003 -10"><span class='ocrx_word' id='word_1_575' title='bbox 21 4269 36 4322; x_wconf 92' lang='grc' dir='ltr'><strong>Ι</strong></span> <span class='ocrx_word' id='word_1_576' title='bbox 79 4265 464 4320; x_wconf 83' lang='lat' dir='ltr'><strong>tantummodo</strong></span> <span class='ocrx_word' id='word_1_577' title='bbox 498 4263 716 4330; x_wconf 85' lang='lat' dir='ltr'><strong>Filium,</strong></span> <span class='ocrx_word' id='word_1_578' title='bbox 749 4264 838 4332; x_wconf 88' lang='lat' dir='ltr'><strong>qui</strong></span> <span class='ocrx_word' id='word_1_579' title='bbox 869 4264 1016 4318; x_wconf 86' lang='lat' dir='ltr'><strong>solus</strong></span> <span class='ocrx_word' id='word_1_580' title='bbox 1039 4274 1288 4318; x_wconf 83' lang='lat' dir='ltr'><strong>naturam</strong></span> <span class='ocrx_word' id='word_1_581' title='bbox 1319 4271 1558 4318; x_wconf 84' lang='lat' dir='ltr'><strong>nostram</strong></span> 
     </span>
    </p>
   </div>
   <div class='ocr_carea' id='block_1_73' title="bbox 25 4355 1560 4428">
    <p class='ocr_par' dir='ltr' id='par_1_73' title="bbox 25 4355 1560 4428">
     <span class='ocr_line' id='line_1_73' title="bbox 25 4355 1560 4428; baseline -0.003 -14"><span class='ocrx_word' id='word_1_582' title='bbox 25 4363 254 4415; x_wconf 86' lang='lat' dir='ltr'><strong>unitate</strong></span> <span class='ocrx_word' id='word_1_583' title='bbox 295 4373 406 4412; x_wconf 70' lang='lat' dir='ltr'><strong>sure</strong></span> <span class='ocrx_word' id='word_1_584' title='bbox 453 4369 698 4428; x_wconf 71' lang='lat' dir='ltr'><strong>persona:</strong></span> <span class='ocrx_word' id='word_1_585' title='bbox 748 4357 1062 4424; x_wconf 89' lang='lat' dir='ltr'><strong>assumpsit.</strong></span> <span class='ocrx_word' id='word_1_586' title='bbox 1122 4355 1560 4412; x_wconf 86' lang='lat' dir='ltr'><strong>Inearnationem</strong></span> 
     </span>
    </p>
   </div>
   <div class='ocr_carea' id='block_1_74' title="bbox 21 4449 1562 4528">
    <p class='ocr_par' dir='ltr' id='par_1_74' title="bbox 21 4449 1562 4528">
     <span class='ocr_line' id='line_1_74' title="bbox 21 4449 1562 4528; baseline -0.003 -17"><span class='ocrx_word' id='word_1_587' title='bbox 21 4469 178 4528; x_wconf 82' lang='lat' dir='ltr'><strong>nque</strong></span> <span class='ocrx_word' id='word_1_588' title='bbox 209 4454 374 4524; x_wconf 85' lang='lat' dir='ltr'><strong>hujus</strong></span> <span class='ocrx_word' id='word_1_589' title='bbox 403 4453 522 4508; x_wconf 88' lang='lat' dir='ltr'><strong>Filii</strong></span> <span class='ocrx_word' id='word_1_590' title='bbox 552 4451 652 4508; x_wconf 89' lang='lat' dir='ltr'><strong>Dei</strong></span> <span class='ocrx_word' id='word_1_591' title='bbox 694 4459 806 4506; x_wconf 88' lang='lat' dir='ltr'><strong>tota</strong></span> <span class='ocrx_word' id='word_1_592' title='bbox 849 4449 1089 4507; x_wconf 88' lang='lat' dir='ltr'><strong>Trinitas</strong></span> <span class='ocrx_word' id='word_1_593' title='bbox 1137 4467 1398 4522; x_wconf 87' lang='lat' dir='ltr'><strong>operasse</strong></span> <span class='ocrx_word' id='word_1_594' title='bbox 1437 4466 1562 4508; x_wconf 87' lang='lat' dir='ltr'><strong>cre-</strong></span> 
     </span>
    </p>
   </div>
   <div class='ocr_carea' id='block_1_75' title="bbox 1663 3327 3274 3402">
    <p class='ocr_par' dir='ltr' id='par_1_75' title="bbox 1663 3327 3274 3402">
     <span class='ocr_line' id='line_1_75' title="bbox 1663 3327 3274 3402; baseline -0.001 -18"><span class='ocrx_word' id='word_1_595' title='bbox 1663 3327 1786 3384; x_wconf 87' lang='lat' dir='ltr'><strong>Filii</strong></span> <span class='ocrx_word' id='word_1_596' title='bbox 1811 3343 2042 3398; x_wconf 83' lang='lat' dir='ltr'><strong>persona</strong></span> <span class='ocrx_word' id='word_1_597' title='bbox 2069 3329 2392 3398; x_wconf 74' lang='lat' dir='ltr'><strong>assumpsit.</strong></span> <span class='ocrx_word' id='word_1_598' title='bbox 2423 3329 2558 3384; x_wconf 85' lang='lat' dir='ltr'><strong>Item</strong></span> <span class='ocrx_word' id='word_1_599' title='bbox 2589 3330 2642 3383; x_wconf 89' lang='lat' dir='ltr'><strong>in</strong></span> <span class='ocrx_word' id='word_1_600' title='bbox 2676 3345 2765 3396; x_wconf 89' lang='lat' dir='ltr'><strong>eo,</strong></span> <span class='ocrx_word' id='word_1_601' title='bbox 2795 3330 2942 3401; x_wconf 86' lang='lat' dir='ltr'><strong>quod</strong></span> <span class='ocrx_word' id='word_1_602' title='bbox 2974 3331 3142 3401; x_wconf 70' lang='lat' dir='ltr'><strong>quaeri</strong></span> <span class='ocrx_word' id='word_1_603' title='bbox 3175 3345 3274 3402; x_wconf 87' lang='lat' dir='ltr'><strong>po-</strong></span> 
     </span>
    </p>
   </div>
   <div class='ocr_carea' id='block_1_76' title="bbox 1665 3421 3274 3494">
    <p class='ocr_par' dir='ltr' id='par_1_76' title="bbox 1665 3421 3274 3494">
     <span class='ocr_line' id='line_1_76' title="bbox 1665 3421 3274 3494; baseline 0.002 -18"><span class='ocrx_word' id='word_1_604' title='bbox 1665 3431 1769 3477; x_wconf 84' lang='lat' dir='ltr'><strong>test</strong></span> <span class='ocrx_word' id='word_1_605' title='bbox 1793 3463 1806 3488; x_wconf 94' lang='lat'><strong>,</strong></span> <span class='ocrx_word' id='word_1_606' title='bbox 1833 3421 2004 3477; x_wconf 83' lang='lat' dir='ltr'><strong>Filius</strong></span> <span class='ocrx_word' id='word_1_607' title='bbox 2026 3423 2103 3478; x_wconf 89' lang='lat' dir='ltr'><strong>sic</strong></span> <span class='ocrx_word' id='word_1_608' title='bbox 2136 3423 2381 3494; x_wconf 70' lang='lat' dir='ltr'><strong>mqualis,</strong></span> <span class='ocrx_word' id='word_1_609' title='bbox 2416 3429 2473 3478; x_wconf 90' lang='lat' dir='ltr'><strong>et</strong></span> <span class='ocrx_word' id='word_1_610' title='bbox 2507 3423 2682 3480; x_wconf 87' lang='lat' dir='ltr'><strong>minor</strong></span> <span class='ocrx_word' id='word_1_611' title='bbox 2705 3439 2827 3480; x_wconf 73' lang='lat' dir='ltr'><strong>es~e</strong></span> <span class='ocrx_word' id='word_1_612' title='bbox 2870 3423 3133 3480; x_wconf 80' lang='lat' dir='ltr'><strong>creditur.</strong></span> <span class='ocrx_word' id='word_1_613' title='bbox 3167 3421 3274 3480; x_wconf 85' lang='lat' dir='ltr'><strong>Re-</strong></span> 
     </span>
    </p>
   </div>
   <div class='ocr_carea' id='block_1_77' title="bbox 1663 3513 3270 3590">
    <p class='ocr_par' dir='ltr' id='par_1_77' title="bbox 1663 3513 3270 3590">
     <span class='ocr_line' id='line_1_77' title="bbox 1663 3513 3270 3590; baseline -0.001 -18"><span class='ocrx_word' id='word_1_614' title='bbox 1663 3513 2028 3586; x_wconf 84' lang='lat' dir='ltr'><strong>Spundeatuns</strong></span> <span class='ocrx_word' id='word_1_615' title='bbox 2047 3517 2330 3570; x_wconf 80' lang='lat' dir='ltr'><strong>secmtdum</strong></span> <span class='ocrx_word' id='word_1_616' title='bbox 2356 3521 2576 3588; x_wconf 80' lang='lat' dir='ltr'><strong>formant</strong></span> <span class='ocrx_word' id='word_1_617' title='bbox 2601 3515 2696 3570; x_wconf 86' lang='lat' dir='ltr'><strong>Dei</strong></span> <span class='ocrx_word' id='word_1_618' title='bbox 2723 3517 2854 3572; x_wconf 75' lang='lat' dir='ltr'><strong>servi</strong></span> <span class='ocrx_word' id='word_1_619' title='bbox 2878 3515 3105 3590; x_wconf 69' lang='lat' dir='ltr'><strong>(Philip.</strong></span> <span class='ocrx_word' id='word_1_620' title='bbox 3131 3533 3191 3583; x_wconf 84' lang='lat' dir='ltr'><strong>tt,</strong></span> <span class='ocrx_word' id='word_1_621' title='bbox 3213 3515 3270 3589; x_wconf 88' lang='grc'><strong>7)</strong></span> 
     </span>
    </p>
   </div>
   <div class='ocr_carea' id='block_1_78' title="bbox 1659 3607 3269 3679">
    <p class='ocr_par' dir='ltr' id='par_1_78' title="bbox 1659 3607 3269 3679">
     <span class='ocr_line' id='line_1_78' title="bbox 1659 3607 3269 3679; baseline 0.002 -17"><span class='ocrx_word' id='word_1_622' title='bbox 1659 3607 1840 3662; x_wconf 89' lang='lat' dir='ltr'><strong>minor</strong></span> <span class='ocrx_word' id='word_1_623' title='bbox 1867 3618 1922 3662; x_wconf 91' lang='lat' dir='ltr'><strong>et</strong></span> <span class='ocrx_word' id='word_1_624' title='bbox 1951 3607 2114 3662; x_wconf 87' lang='lat' dir='ltr'><strong>Patre</strong></span> <span class='ocrx_word' id='word_1_625' title='bbox 2139 3615 2196 3662; x_wconf 88' lang='lat' dir='ltr'><strong>et</strong></span> <span class='ocrx_word' id='word_1_626' title='bbox 2239 3607 2446 3678; x_wconf 84' lang='lat' dir='ltr'><strong>Spiritu</strong></span> <span class='ocrx_word' id='word_1_627' title='bbox 2475 3619 2686 3662; x_wconf 80' lang='lat' dir='ltr'><strong>saneto.</strong></span> <span class='ocrx_word' id='word_1_628' title='bbox 2729 3607 2865 3675; x_wconf 88' lang='lat' dir='ltr'><strong>Quia</strong></span> <span class='ocrx_word' id='word_1_629' title='bbox 2901 3623 3000 3664; x_wconf 86' lang='lat' dir='ltr'><strong>nec</strong></span> <span class='ocrx_word' id='word_1_630' title='bbox 3030 3609 3269 3679; x_wconf 84' lang='lat' dir='ltr'><strong>Spiritus</strong></span> 
     </span>
    </p>
   </div>
   <div class='ocr_carea' id='block_1_79' title="bbox 1659 3699 3269 3774">
    <p class='ocr_par' dir='ltr' id='par_1_79' title="bbox 1659 3699 3269 3774">
     <span class='ocr_line' id='line_1_79' title="bbox 1659 3699 3269 3774; baseline 0 -17"><span class='ocrx_word' id='word_1_631' title='bbox 1659 3701 1894 3758; x_wconf 87' lang='lat' dir='ltr'><strong>Sanetus</strong></span> <span class='ocrx_word' id='word_1_632' title='bbox 1925 3701 2126 3757; x_wconf 88' lang='lat' dir='ltr'><strong>dicitur</strong></span> <span class='ocrx_word' id='word_1_633' title='bbox 2157 3701 2318 3757; x_wconf 83' lang='lat' dir='ltr'><strong>Pater</strong></span> <span class='ocrx_word' id='word_1_634' title='bbox 2349 3711 2394 3755; x_wconf 76' lang='grc' dir='ltr'>ε.</span> <span class='ocrx_word' id='word_1_635' title='bbox 2432 3699 2539 3758; x_wconf 88' lang='lat' dir='ltr'><strong>Sed</strong></span> <span class='ocrx_word' id='word_1_636' title='bbox 2573 3701 2686 3757; x_wconf 89' lang='lat' dir='ltr'><strong>sola</strong></span> <span class='ocrx_word' id='word_1_637' title='bbox 2713 3701 2838 3758; x_wconf 87' lang='lat' dir='ltr'><strong>Filii</strong></span> <span class='ocrx_word' id='word_1_638' title='bbox 2869 3717 3104 3774; x_wconf 88' lang='lat' dir='ltr'><strong>persona</strong></span> <span class='ocrx_word' id='word_1_639' title='bbox 3147 3715 3269 3758; x_wconf 86' lang='lat' dir='ltr'><strong>sus-</strong></span> 
     </span>
    </p>
   </div>
   <div class='ocr_carea' id='block_1_80' title="bbox 1659 3795 3270 3866">
    <p class='ocr_par' dir='ltr' id='par_1_80' title="bbox 1659 3795 3270 3866">
     <span class='ocr_line' id='line_1_80' title="bbox 1659 3795 3270 3866; baseline 0.001 -16"><span class='ocrx_word' id='word_1_640' title='bbox 1659 3795 1808 3866; x_wconf 81' lang='lat' dir='ltr'><strong>cepit</strong></span> <span class='ocrx_word' id='word_1_641' title='bbox 1831 3809 2074 3860; x_wconf 86' lang='lat' dir='ltr'><strong>carnem,</strong></span> <span class='ocrx_word' id='word_1_642' title='bbox 2137 3811 2233 3865; x_wconf 89' lang='lat' dir='ltr'><strong>per</strong></span> <span class='ocrx_word' id='word_1_643' title='bbox 2263 3810 2426 3864; x_wconf 88' lang='lat' dir='ltr'><strong>quam</strong></span> <span class='ocrx_word' id='word_1_644' title='bbox 2471 3795 2649 3850; x_wconf 89' lang='lat' dir='ltr'><strong>minor</strong></span> <span class='ocrx_word' id='word_1_645' title='bbox 2699 3811 2826 3850; x_wconf 88' lang='lat' dir='ltr'><strong>esse</strong></span> <span class='ocrx_word' id='word_1_646' title='bbox 2870 3795 3110 3852; x_wconf 86' lang='lat' dir='ltr'><strong>creditur</strong></span> <span class='ocrx_word' id='word_1_647' title='bbox 3159 3795 3270 3852; x_wconf 87' lang='lat' dir='ltr'><strong>illis</strong></span> 
     </span>
    </p>
   </div>
   <div class='ocr_carea' id='block_1_81' title="bbox 1663 3887 3272 3958">
    <p class='ocr_par' dir='ltr' id='par_1_81' title="bbox 1663 3887 3272 3958">
     <span class='ocr_line' id='line_1_81' title="bbox 1663 3887 3272 3958; baseline 0.001 -14"><span class='ocrx_word' id='word_1_648' title='bbox 1663 3889 1918 3958; x_wconf 79' lang='lat' dir='ltr'><strong>personis</strong></span> <span class='ocrx_word' id='word_1_649' title='bbox 1967 3888 2205 3944; x_wconf 85' lang='lat' dir='ltr'><strong>duabus.</strong></span> <span class='ocrx_word' id='word_1_650' title='bbox 2265 3887 2404 3944; x_wconf 91' lang='lat' dir='ltr'><strong>Item</strong></span> <span class='ocrx_word' id='word_1_651' title='bbox 2451 3888 2538 3942; x_wconf 90' lang='lat' dir='ltr'><strong>hic</strong></span> <span class='ocrx_word' id='word_1_652' title='bbox 2587 3887 2756 3942; x_wconf 78' lang='lat' dir='ltr'><strong>Filius</strong></span> <span class='ocrx_word' id='word_1_653' title='bbox 2785 3903 2812 3941; x_wconf 85' lang='lat' dir='ltr'><strong>a</strong></span> <span class='ocrx_word' id='word_1_654' title='bbox 2868 3888 2978 3943; x_wconf 90' lang='lat' dir='ltr'><strong>Deo</strong></span> <span class='ocrx_word' id='word_1_655' title='bbox 3008 3889 3170 3944; x_wconf 83' lang='lat' dir='ltr'><strong>Patre</strong></span> <span class='ocrx_word' id='word_1_656' title='bbox 3215 3897 3272 3945; x_wconf 88' lang='lat' dir='ltr'><strong>et</strong></span> 
     </span>
    </p>
   </div>
   <div class='ocr_carea' id='block_1_82' title="bbox 1663 3977 3269 4050">
    <p class='ocr_par' dir='ltr' id='par_1_82' title="bbox 1663 3977 3269 4050">
     <span class='ocr_line' id='line_1_82' title="bbox 1663 3977 3269 4050; baseline 0.002 -15"><span class='ocrx_word' id='word_1_657' title='bbox 1663 3977 1872 4048; x_wconf 86' lang='lat' dir='ltr'><strong>Spiritu</strong></span> <span class='ocrx_word' id='word_1_658' title='bbox 1903 3989 2092 4035; x_wconf 85' lang='lat' dir='ltr'><strong>sancto</strong></span> <span class='ocrx_word' id='word_1_659' title='bbox 2127 3979 2568 4050; x_wconf 84' lang='lat' dir='ltr'><strong>inseparabiliter</strong></span> <span class='ocrx_word' id='word_1_660' title='bbox 2583 3979 2854 4036; x_wconf 75' lang='lat' dir='ltr'><strong>discretus</strong></span> <span class='ocrx_word' id='word_1_661' title='bbox 2871 3981 3118 4038; x_wconf 87' lang='lat' dir='ltr'><strong>creditur</strong></span> <span class='ocrx_word' id='word_1_662' title='bbox 3145 3997 3269 4038; x_wconf 81' lang='lat' dir='ltr'><strong>esse</strong></span> 
     </span>
    </p>
   </div>
   <div class='ocr_carea' id='block_1_83' title="bbox 1667 4071 3268 4144">
    <p class='ocr_par' dir='ltr' id='par_1_83' title="bbox 1667 4071 3268 4144">
     <span class='ocr_line' id='line_1_83' title="bbox 1667 4071 3268 4144; baseline 0.002 -16"><span class='ocrx_word' id='word_1_663' title='bbox 1667 4087 1898 4144; x_wconf 86' lang='lat' dir='ltr'><strong>persona</strong></span> <span class='ocrx_word' id='word_1_664' title='bbox 1926 4073 1998 4128; x_wconf 85' lang='lat' dir='ltr'><strong>ab</strong></span> <span class='ocrx_word' id='word_1_665' title='bbox 2025 4072 2245 4130; x_wconf 91' lang='lat' dir='ltr'><strong>homine</strong></span> <span class='ocrx_word' id='word_1_666' title='bbox 2275 4083 2554 4144; x_wconf 80' lang='lat' dir='ltr'><strong>assumpto</strong></span> <span class='ocrx_word' id='word_1_667' title='bbox 2586 4090 2650 4130; x_wconf 84' lang='lat' dir='ltr'><strong>ex</strong></span> <span class='ocrx_word' id='word_1_668' title='bbox 2685 4071 2872 4130; x_wconf 87' lang='lat' dir='ltr'><strong>Maria.</strong></span> <span class='ocrx_word' id='word_1_669' title='bbox 2903 4073 3034 4132; x_wconf 88' lang='lat' dir='ltr'><strong>Item</strong></span> <span class='ocrx_word' id='word_1_670' title='bbox 3068 4092 3190 4130; x_wconf 77' lang='lat' dir='ltr'><strong>cum</strong></span> <span class='ocrx_word' id='word_1_671' title='bbox 3213 4077 3268 4132; x_wconf 86' lang='lat' dir='ltr'><strong>in</strong></span> 
     </span>
    </p>
   </div>
   <div class='ocr_carea' id='block_1_84' title="bbox 1669 4168 3273 4238">
    <p class='ocr_par' dir='ltr' id='par_1_84' title="bbox 1669 4168 3273 4238">
     <span class='ocr_line' id='line_1_84' title="bbox 1669 4168 3273 4238; baseline 0.002 -16"><span class='ocrx_word' id='word_1_672' title='bbox 1669 4169 1889 4224; x_wconf 87' lang='lat' dir='ltr'><strong>homine</strong></span> <span class='ocrx_word' id='word_1_673' title='bbox 1933 4183 2038 4224; x_wconf 82' lang='lat' dir='ltr'><strong>una</strong></span> <span class='ocrx_word' id='word_1_674' title='bbox 2089 4179 2266 4224; x_wconf 79' lang='lat' dir='ltr'><strong>exstat</strong></span> <span class='ocrx_word' id='word_1_675' title='bbox 2297 4183 2528 4238; x_wconf 83' lang='lat' dir='ltr'><strong>persona</strong></span> <span class='ocrx_word' id='word_1_676' title='bbox 2563 4169 2582 4208; x_wconf 73' lang='grc' dir='ltr'>ί</span> <span class='ocrx_word' id='word_1_677' title='bbox 2606 4210 2622 4235; x_wconf 83' lang='grc'><strong>,</strong></span> <span class='ocrx_word' id='word_1_678' title='bbox 2649 4183 2773 4224; x_wconf 87' lang='lat' dir='ltr'><strong>cum</strong></span> <span class='ocrx_word' id='word_1_679' title='bbox 2819 4168 2981 4225; x_wconf 84' lang='lat' dir='ltr'><strong>Patre</strong></span> <span class='ocrx_word' id='word_1_680' title='bbox 3021 4185 3152 4226; x_wconf 85' lang='lat' dir='ltr'><strong>vero</strong></span> <span class='ocrx_word' id='word_1_681' title='bbox 3179 4211 3194 4236; x_wconf 85' lang='grc'>,</span> <span class='ocrx_word' id='word_1_682' title='bbox 3217 4181 3273 4228; x_wconf 88' lang='grc' dir='ltr'><strong>ει</strong></span> 
     </span>
    </p>
   </div>
   <div class='ocr_carea' id='block_1_85' title="bbox 1668 4261 3267 4334">
    <p class='ocr_par' dir='ltr' id='par_1_85' title="bbox 1668 4261 3267 4334">
     <span class='ocr_line' id='line_1_85' title="bbox 1668 4261 3267 4334; baseline 0.001 -16"><span class='ocrx_word' id='word_1_683' title='bbox 1668 4261 1876 4334; x_wconf 85' lang='lat' dir='ltr'><strong>Spiritu</strong></span> <span class='ocrx_word' id='word_1_684' title='bbox 1925 4271 2114 4318; x_wconf 82' lang='lat' dir='ltr'><strong>sancto</strong></span> <span class='ocrx_word' id='word_1_685' title='bbox 2172 4271 2364 4318; x_wconf 84' lang='lat' dir='ltr'><strong>natura</strong></span> <span class='ocrx_word' id='word_1_686' title='bbox 2420 4263 2732 4318; x_wconf 85' lang='lat' dir='ltr'><strong>Divinitatis</strong></span> <span class='ocrx_word' id='word_1_687' title='bbox 2764 4279 2878 4319; x_wconf 76' lang='lat' dir='ltr'><strong>suae</strong></span> <span class='ocrx_word' id='word_1_688' title='bbox 2925 4265 3267 4330; x_wconf 82' lang='lat' dir='ltr'><strong>substantia,</strong></span> 
     </span>
    </p>
   </div>
   <div class='ocr_carea' id='block_1_86' title="bbox 1671 4351 3272 4428">
    <p class='ocr_par' dir='ltr' id='par_1_86' title="bbox 1671 4351 3272 4428">
     <span class='ocr_line' id='line_1_86' title="bbox 1671 4351 3272 4428; baseline 0 -15"><span class='ocrx_word' id='word_1_689' title='bbox 1671 4358 1871 4413; x_wconf 90' lang='lat' dir='ltr'><strong>missus</strong></span> <span class='ocrx_word' id='word_1_690' title='bbox 1899 4365 2082 4412; x_wconf 88' lang='lat' dir='ltr'><strong>tamen</strong></span> <span class='ocrx_word' id='word_1_691' title='bbox 2119 4355 2296 4411; x_wconf 80' lang='lat' dir='ltr'><strong>Filius</strong></span> <span class='ocrx_word' id='word_1_692' title='bbox 2323 4371 2429 4410; x_wconf 91' lang='lat' dir='ltr'><strong>non</strong></span> <span class='ocrx_word' id='word_1_693' title='bbox 2455 4351 2632 4410; x_wconf 83' lang='lat' dir='ltr'><strong>solum</strong></span> <span class='ocrx_word' id='word_1_694' title='bbox 2667 4369 2694 4411; x_wconf 90' lang='lat' dir='ltr'><strong>a</strong></span> <span class='ocrx_word' id='word_1_695' title='bbox 2727 4355 2912 4423; x_wconf 88' lang='lat' dir='ltr'><strong>Patre,</strong></span> <span class='ocrx_word' id='word_1_696' title='bbox 2939 4355 3034 4412; x_wconf 90' lang='lat' dir='ltr'><strong>sed</strong></span> <span class='ocrx_word' id='word_1_697' title='bbox 3074 4371 3104 4410; x_wconf 86' lang='lat' dir='ltr'><strong>a</strong></span> <span class='ocrx_word' id='word_1_698' title='bbox 3150 4357 3272 4428; x_wconf 89' lang='lat' dir='ltr'><strong>Spi-</strong></span> 
     </span>
    </p>
   </div>
   <div class='ocr_carea' id='block_1_87' title="bbox 1675 4451 3272 4524">
    <p class='ocr_par' dir='ltr' id='par_1_87' title="bbox 1675 4451 3272 4524">
     <span class='ocr_line' id='line_1_87' title="bbox 1675 4451 3272 4524; baseline -0.001 -16"><span class='ocrx_word' id='word_1_699' title='bbox 1675 4453 1778 4508; x_wconf 89' lang='lat' dir='ltr'><strong>ritu</strong></span> <span class='ocrx_word' id='word_1_700' title='bbox 1831 4453 2038 4508; x_wconf 85' lang='lat' dir='ltr'><strong>Saucto</strong></span> <span class='ocrx_word' id='word_1_701' title='bbox 2089 4461 2114 4500; x_wconf 73' lang='lat'><strong><em>8</em></strong></span> <span class='ocrx_word' id='word_1_702' title='bbox 2154 4451 2356 4508; x_wconf 88' lang='lat' dir='ltr'><strong>missus</strong></span> <span class='ocrx_word' id='word_1_703' title='bbox 2400 4467 2524 4510; x_wconf 82' lang='lat' dir='ltr'><strong>esse</strong></span> <span class='ocrx_word' id='word_1_704' title='bbox 2575 4451 2886 4508; x_wconf 85' lang='lat' dir='ltr'><strong>credendus</strong></span> <span class='ocrx_word' id='word_1_705' title='bbox 2933 4463 3038 4508; x_wconf 90' lang='lat' dir='ltr'><strong>est.</strong></span> <span class='ocrx_word' id='word_1_706' title='bbox 3087 4452 3142 4506; x_wconf 88' lang='lat' dir='ltr'><strong>In</strong></span> <span class='ocrx_word' id='word_1_707' title='bbox 3171 4468 3272 4524; x_wconf 83' lang='lat' dir='ltr'><strong>eo,</strong></span> 
     </span>
    </p>
   </div>
   <div class='ocr_carea' id='block_1_88' title="bbox 22 4578 3273 4664">
    <p class='ocr_par' dir='ltr' id='par_1_88' title="bbox 22 4578 3273 4664">
     <span class='ocr_line' id='line_1_88' title="bbox 22 4578 3273 4664; baseline 0 -19"><span class='ocrx_word' id='word_1_708' title='bbox 22 4605 40 4632; x_wconf 84' lang='grc' dir='ltr'><strong>ι</strong></span> <span class='ocrx_word' id='word_1_709' title='bbox 85 4578 146 4645; x_wconf 76' lang='lat' dir='ltr'><strong>S.</strong></span> <span class='ocrx_word' id='word_1_710' title='bbox 181 4589 426 4646; x_wconf 81' lang='lat' dir='ltr'><strong>Hilarius</strong></span> <span class='ocrx_word' id='word_1_711' title='bbox 457 4587 559 4643; x_wconf 82' lang='lat' dir='ltr'><strong>hoc</strong></span> <span class='ocrx_word' id='word_1_712' title='bbox 587 4597 963 4664; x_wconf 69' lang='lat' dir='ltr'><strong>argumentum</strong></span> <span class='ocrx_word' id='word_1_713' title='bbox 1011 4589 1064 4642; x_wconf 89' lang='lat' dir='ltr'><strong>in</strong></span> <span class='ocrx_word' id='word_1_714' title='bbox 1103 4598 1334 4664; x_wconf 82' lang='lat' dir='ltr'><strong>tractatu</strong></span> <span class='ocrx_word' id='word_1_715' title='bbox 1365 4593 1560 4662; x_wconf 84' lang='lat' dir='ltr'><strong>psaim.</strong></span> <span class='ocrx_word' id='word_1_716' title='bbox 1593 4597 1646 4659; x_wconf 90' lang='lat' dir='ltr'><strong>D</strong></span> <span class='ocrx_word' id='word_1_717' title='bbox 1673 4593 1856 4664; x_wconf 84' lang='lat' dir='ltr'><strong>gelista</strong></span> <span class='ocrx_word' id='word_1_718' title='bbox 1879 4592 2154 4660; x_wconf 77' lang='lat' dir='ltr'><strong>cenﬁrmat</strong></span> <span class='ocrx_word' id='word_1_719' title='bbox 2183 4593 2360 4646; x_wconf 85' lang='lat' dir='ltr'><strong>omnia</strong></span> <span class='ocrx_word' id='word_1_720' title='bbox 2381 4609 2412 4646; x_wconf 89' lang='lat' dir='ltr'><strong>a</strong></span> <span class='ocrx_word' id='word_1_721' title='bbox 2437 4589 2577 4646; x_wconf 84' lang='lat' dir='ltr'><strong>Filio</strong></span> <span class='ocrx_word' id='word_1_722' title='bbox 2603 4609 2712 4648; x_wconf 71' lang='lat' dir='ltr'><strong>esse</strong></span> <span class='ocrx_word' id='word_1_723' title='bbox 2738 4601 2981 4646; x_wconf 83' lang='lat' dir='ltr'><strong>creata...</strong></span> <span class='ocrx_word' id='word_1_724' title='bbox 3015 4589 3144 4646; x_wconf 87' lang='lat' dir='ltr'><strong>Cum</strong></span> <span class='ocrx_word' id='word_1_725' title='bbox 3167 4601 3273 4648; x_wconf 68' lang='lat' dir='ltr'><strong>tam</strong></span> 
     </span>
    </p>
   </div>
   <div class='ocr_carea' id='block_1_89' title="bbox 21 4657 1562 4732">
    <p class='ocr_par' dir='ltr' id='par_1_89' title="bbox 21 4657 1562 4732">
     <span class='ocr_line' id='line_1_89' title="bbox 21 4657 1562 4732; baseline 0 -12"><span class='ocrx_word' id='word_1_726' title='bbox 21 4679 230 4728; x_wconf 74' lang='lat' dir='ltr'><strong>xxvm,</strong></span> <span class='ocrx_word' id='word_1_727' title='bbox 261 4677 359 4732; x_wconf 75' lang='lat' dir='ltr'><strong>per</strong></span> <span class='ocrx_word' id='word_1_728' title='bbox 396 4671 568 4716; x_wconf 87' lang='lat' dir='ltr'><strong>totum</strong></span> <span class='ocrx_word' id='word_1_729' title='bbox 601 4657 804 4732; x_wconf 82' lang='lat' dir='ltr'><strong>diserte</strong></span> <span class='ocrx_word' id='word_1_730' title='bbox 841 4669 1152 4732; x_wconf 78' lang='lat' dir='ltr'><strong>pertractat,</strong></span> <span class='ocrx_word' id='word_1_731' title='bbox 1175 4669 1228 4714; x_wconf 90' lang='lat' dir='ltr'><strong>et</strong></span> <span class='ocrx_word' id='word_1_732' title='bbox 1259 4662 1310 4716; x_wconf 93' lang='lat' dir='ltr'><strong>in</strong></span> <span class='ocrx_word' id='word_1_733' title='bbox 1336 4657 1476 4719; x_wconf 77' lang='lat' dir='ltr'><strong>libro</strong></span> <span class='ocrx_word' id='word_1_734' title='bbox 1505 4683 1562 4732; x_wconf 68' lang='grc' dir='ltr'><strong>κ,</strong></span> 
     </span>
    </p>
   </div>
   <div class='ocr_carea' id='block_1_90' title="bbox 37 4731 1566 4806">
    <p class='ocr_par' dir='ltr' id='par_1_90' title="bbox 37 4731 1566 4806">
     <span class='ocr_line' id='line_1_90' title="bbox 37 4731 1566 4806; baseline 0.001 -16"><span class='ocrx_word' id='word_1_735' title='bbox 37 4747 64 4790; x_wconf 79' lang='grc'>1</span> <span class='ocrx_word' id='word_1_736' title='bbox 85 4737 140 4800; x_wconf 87' lang='lat'><strong>&#39;7,</strong></span> <span class='ocrx_word' id='word_1_737' title='bbox 173 4731 556 4806; x_wconf 80' lang='lat' dir='ltr'><strong>de_Trinitate.</strong></span> <span class='ocrx_word' id='word_1_738' title='bbox 592 4731 727 4806; x_wconf 66' lang='lat' dir='ltr'><strong>Quae</strong></span> <span class='ocrx_word' id='word_1_739' title='bbox 747 4731 964 4806; x_wconf 83' lang='lat' dir='ltr'><strong>quidem</strong></span> <span class='ocrx_word' id='word_1_740' title='bbox 995 4733 1420 4806; x_wconf 81' lang='lat' dir='ltr'><strong>respondenteis</strong></span> <span class='ocrx_word' id='word_1_741' title='bbox 1443 4731 1566 4806; x_wconf 68' lang='lat' dir='ltr'><strong>utne</strong></span> 
     </span>
    </p>
   </div>
   <div class='ocr_carea' id='block_1_91' title="bbox 22 4801 1562 4878">
    <p class='ocr_par' dir='ltr' id='par_1_91' title="bbox 22 4801 1562 4878">
     <span class='ocr_line' id='line_1_91' title="bbox 22 4801 1562 4878; baseline 0.001 -16"><span class='ocrx_word' id='word_1_742' title='bbox 22 4809 48 4862; x_wconf 77' lang='grc' dir='ltr'><strong>’ἰ</strong></span> <span class='ocrx_word' id='word_1_743' title='bbox 65 4809 180 4861; x_wconf 80' lang='lat' dir='ltr'><strong>uita</strong></span> <span class='ocrx_word' id='word_1_744' title='bbox 206 4803 434 4878; x_wconf 72' lang='lat' dir='ltr'><strong>luerunt</strong></span> <span class='ocrx_word' id='word_1_745' title='bbox 457 4805 510 4858; x_wconf 93' lang='lat' dir='ltr'><strong>in</strong></span> <span class='ocrx_word' id='word_1_746' title='bbox 539 4801 1180 4878; x_wconf 69' lang='lat' dir='ltr'><strong>cont-iiioAlexandrino,</strong></span> <span class='ocrx_word' id='word_1_747' title='bbox 1204 4819 1424 4876; x_wconf 85' lang='lat' dir='ltr'><strong>propter</strong></span> <span class='ocrx_word' id='word_1_748' title='bbox 1445 4801 1562 4878; x_wconf 74' lang='lat' dir='ltr'><strong>qua:</strong></span> 
     </span>
    </p>
   </div>
   <div class='ocr_carea' id='block_1_92' title="bbox 35 4875 1564 4949">
    <p class='ocr_par' dir='ltr' id='par_1_92' title="bbox 35 4875 1564 4949">
     <span class='ocr_line' id='line_1_92' title="bbox 35 4875 1564 4949; baseline 0.001 -15"><span class='ocrx_word' id='word_1_749' title='bbox 35 4877 328 4934; x_wconf 81' lang='lat' dir='ltr'><strong>Eusebius</strong></span> <span class='ocrx_word' id='word_1_750' title='bbox 377 4891 434 4930; x_wconf 89' lang='lat' dir='ltr'><strong>se</strong></span> <span class='ocrx_word' id='word_1_751' title='bbox 480 4875 830 4949; x_wconf 73' lang='lat' dir='ltr'><strong>snb~crihens</strong></span> <span class='ocrx_word' id='word_1_752' title='bbox 880 4877 1127 4949; x_wconf 63' lang='lat' dir='ltr'><strong>epistolas</strong></span> <span class='ocrx_word' id='word_1_753' title='bbox 1175 4875 1564 4949; x_wconf 27' lang='lat' dir='ltr'><strong>synodicae—ad</strong></span> 
     </span>
    </p>
   </div>
   <div class='ocr_carea' id='block_1_93' title="bbox 33 4947 1567 5008">
    <p class='ocr_par' dir='ltr' id='par_1_93' title="bbox 33 4947 1567 5008">
     <span class='ocr_line' id='line_1_93' title="bbox 33 4947 1567 5008; baseline 0.001 -4"><span class='ocrx_word' id='word_1_754' title='bbox 33 4971 44 5004; x_wconf 88' lang='grc' dir='ltr'><strong>ι</strong></span> <span class='ocrx_word' id='word_1_755' title='bbox 67 4951 342 5006; x_wconf 71' lang='grc' dir='ltr'>εοοιιειιυε</span> <span class='ocrx_word' id='word_1_756' title='bbox 371 4953 550 5004; x_wconf 61' lang='lat' dir='ltr'><strong>missae</strong></span> <span class='ocrx_word' id='word_1_757' title='bbox 579 4965 606 5000; x_wconf 90' lang='lat' dir='ltr'><strong>a</strong></span> <span class='ocrx_word' id='word_1_758' title='bbox 628 4949 685 5003; x_wconf 87' lang='lat' dir='ltr'><strong>S.</strong></span> <span class='ocrx_word' id='word_1_759' title='bbox 708 4947 1008 5002; x_wconf 83' lang='lat' dir='ltr'><strong>Athanasio</strong></span> <span class='ocrx_word' id='word_1_760' title='bbox 1031 4947 1248 5004; x_wconf 74' lang='lat' dir='ltr'><strong>scribit:</strong></span> <span class='ocrx_word' id='word_1_761' title='bbox 1277 4950 1388 5008; x_wconf 85' lang='lat' dir='ltr'><strong>Sed</strong></span> <span class='ocrx_word' id='word_1_762' title='bbox 1413 4952 1567 5007; x_wconf 85' lang='lat' dir='ltr'><strong>etiam</strong></span> 
     </span>
    </p>
   </div>
   <div class='ocr_carea' id='block_1_94' title="bbox 27 5019 1207 5078">
    <p class='ocr_par' dir='ltr' id='par_1_94' title="bbox 27 5019 1207 5078">
     <span class='ocr_line' id='line_1_94' title="bbox 27 5019 1207 5078; baseline -0.002 0"><span class='ocrx_word' id='word_1_763' title='bbox 27 5024 377 5078; x_wconf 82' lang='lat' dir='ltr'><strong>nrnatianem</strong></span> <span class='ocrx_word' id='word_1_764' title='bbox 408 5019 695 5074; x_wconf 77' lang='lat' dir='ltr'><strong>Saluatoris</strong></span> <span class='ocrx_word' id='word_1_765' title='bbox 726 5023 886 5074; x_wconf 78' lang='lat' dir='ltr'><strong>nostri</strong></span> <span class='ocrx_word' id='word_1_766' title='bbox 917 5023 1207 5076; x_wconf 78' lang='lat' dir='ltr'><strong>consensio.</strong></span> 
     </span>
    </p>
   </div>
   <div class='ocr_carea' id='block_1_95' title="bbox 22 5089 1571 5168">
    <p class='ocr_par' dir='ltr' id='par_1_95' title="bbox 22 5089 1571 5168">
     <span class='ocr_line' id='line_1_95' title="bbox 22 5089 1571 5168; baseline 0.008 -30"><span class='ocrx_word' id='word_1_767' title='bbox 22 5112 44 5138; x_wconf 73' lang='grc' dir='ltr'><strong>ε)</strong></span> <span class='ocrx_word' id='word_1_768' title='bbox 85 5099 146 5153; x_wconf 88' lang='lat' dir='ltr'><strong>S.</strong></span> <span class='ocrx_word' id='word_1_769' title='bbox 183 5093 428 5150; x_wconf 76' lang='lat' dir='ltr'><strong>Hdarius</strong></span> <span class='ocrx_word' id='word_1_770' title='bbox 455 5091 524 5148; x_wconf 83' lang='lat' dir='ltr'><strong>de</strong></span> <span class='ocrx_word' id='word_1_771' title='bbox 546 5089 699 5168; x_wconf 68' lang='lat' dir='ltr'><strong>Trin.</strong></span> <span class='ocrx_word' id='word_1_772' title='bbox 737 5091 836 5168; x_wconf 78' lang='lat' dir='ltr'><strong>lib.</strong></span> <span class='ocrx_word' id='word_1_773' title='bbox 869 5108 902 5146; x_wconf 68' lang='grc' dir='ltr'><strong>χ</strong></span> <span class='ocrx_word' id='word_1_774' title='bbox 929 5107 1028 5168; x_wconf 85' lang='lat' dir='ltr'><strong>,_tt.</strong></span> <span class='ocrx_word' id='word_1_775' title='bbox 1067 5093 1131 5148; x_wconf 75' lang='grc'><strong>15</strong></span> <span class='ocrx_word' id='word_1_776' title='bbox 1158 5111 1182 5168; x_wconf 93' lang='lat'><strong>:_</strong></span> <span class='ocrx_word' id='word_1_777' title='bbox 1231 5093 1390 5168; x_wconf 83' lang='lat' dir='ltr'><strong>Virgo</strong></span> <span class='ocrx_word' id='word_1_778' title='bbox 1431 5097 1571 5152; x_wconf 83' lang='lat' dir='ltr'><strong>enim</strong></span> 
     </span>
    </p>
   </div>
   <div class='ocr_carea' id='block_1_96' title="bbox 22 5164 1398 5238">
    <p class='ocr_par' dir='ltr' id='par_1_96' title="bbox 22 5164 1398 5238">
     <span class='ocr_line' id='line_1_96' title="bbox 22 5164 1398 5238; baseline -0.005 -15"><span class='ocrx_word' id='word_1_779' title='bbox 22 5171 170 5224; x_wconf 71' lang='lat' dir='ltr'><strong>ranisi</strong></span> <span class='ocrx_word' id='word_1_780' title='bbox 195 5185 259 5220; x_wconf 70' lang='lat' dir='ltr'><strong>ex</strong></span> <span class='ocrx_word' id='word_1_781' title='bbox 279 5183 374 5220; x_wconf 84' lang='lat' dir='ltr'><strong>suo</strong></span> <span class='ocrx_word' id='word_1_782' title='bbox 395 5175 571 5220; x_wconf 79' lang='lat' dir='ltr'><strong>sancto</strong></span> <span class='ocrx_word' id='word_1_783' title='bbox 600 5164 806 5232; x_wconf 80' lang='lat' dir='ltr'><strong>Spiritu</strong></span> <span class='ocrx_word' id='word_1_784' title='bbox 826 5165 1020 5238; x_wconf 80' lang='lat' dir='ltr'><strong>genuit,</strong></span> <span class='ocrx_word' id='word_1_785' title='bbox 1043 5165 1182 5238; x_wconf 77' lang='lat' dir='ltr'><strong>quod</strong></span> <span class='ocrx_word' id='word_1_786' title='bbox 1206 5164 1398 5238; x_wconf 66' lang='lat' dir='ltr'><strong>genuit.</strong></span> 
     </span>
    </p>
   </div>
   <div class='ocr_carea' id='block_1_97' title="bbox 22 5237 1570 5307">
    <p class='ocr_par' dir='ltr' id='par_1_97' title="bbox 22 5237 1570 5307">
     <span class='ocr_line' id='line_1_97' title="bbox 22 5237 1570 5307; baseline -0.003 -10"><span class='ocrx_word' id='word_1_787' title='bbox 22 5257 42 5284; x_wconf 74' lang='grc' dir='ltr'><strong>ε</strong></span> <span class='ocrx_word' id='word_1_788' title='bbox 91 5241 167 5296; x_wconf 79' lang='lat' dir='ltr'><strong>Ac</strong></span> <span class='ocrx_word' id='word_1_789' title='bbox 213 5239 438 5294; x_wconf 76' lang='lat' dir='ltr'><strong>Vri-bunt</strong></span> <span class='ocrx_word' id='word_1_790' title='bbox 467 5255 588 5292; x_wconf 80' lang='lat' dir='ltr'><strong>caro</strong></span> <span class='ocrx_word' id='word_1_791' title='bbox 625 5239 832 5307; x_wconf 76' lang='lat' dir='ltr'><strong>factum.</strong></span> <span class='ocrx_word' id='word_1_792' title='bbox 859 5247 951 5290; x_wconf 81' lang='lat' dir='ltr'><strong>aut</strong></span> <span class='ocrx_word' id='word_1_793' title='bbox 971 5237 1117 5302; x_wconf 85' lang='lat' dir='ltr'><strong>aliud</strong></span> <span class='ocrx_word' id='word_1_794' title='bbox 1139 5254 1268 5302; x_wconf 83' lang='lat' dir='ltr'><strong>esse,</strong></span> <span class='ocrx_word' id='word_1_795' title='bbox 1292 5255 1448 5306; x_wconf 81' lang='lat' dir='ltr'><strong>quant</strong></span> <span class='ocrx_word' id='word_1_796' title='bbox 1479 5256 1570 5292; x_wconf 85' lang='lat' dir='ltr'><strong>no-</strong></span> 
     </span>
    </p>
   </div>
   <div class='ocr_carea' id='block_1_98' title="bbox 21 5309 1566 5434">
    <p class='ocr_par' dir='ltr' id='par_1_98' title="bbox 21 5309 1566 5434">
     <span class='ocr_line' id='line_1_98' title="bbox 21 5309 1566 5434; baseline -0.003 -64"><span class='ocrx_word' id='word_1_797' title='bbox 21 5332 78 5370; x_wconf 74' lang='lat' dir='ltr'><strong>w:</strong></span> <span class='ocrx_word' id='word_1_798' title='bbox 105 5313 286 5366; x_wconf 83' lang='lat' dir='ltr'><strong>carnis</strong></span> <span class='ocrx_word' id='word_1_799' title='bbox 309 5309 450 5378; x_wconf 78' lang='lat' dir='ltr'><strong>Deus</strong></span> <span class='ocrx_word' id='word_1_800' title='bbox 475 5327 594 5364; x_wconf 85' lang='lat' dir='ltr'><strong>caro</strong></span> <span class='ocrx_word' id='word_1_801' title='bbox 625 5313 792 5434; x_wconf 72' lang='lat' dir='ltr'><strong>{:u&#39;tus</strong></span> <span class='ocrx_word' id='word_1_802' title='bbox 812 5319 958 5364; x_wconf 84' lang='lat' dir='ltr'><strong>esset.</strong></span> <span class='ocrx_word' id='word_1_803' title='bbox 986 5309 1044 5362; x_wconf 92' lang='lat' dir='ltr'><strong>S.</strong></span> <span class='ocrx_word' id='word_1_804' title='bbox 1073 5309 1306 5362; x_wconf 76' lang='lat' dir='ltr'><strong>Hilarius</strong></span> <span class='ocrx_word' id='word_1_805' title='bbox 1323 5309 1394 5364; x_wconf 82' lang='lat' dir='ltr'><strong>de</strong></span> <span class='ocrx_word' id='word_1_806' title='bbox 1414 5309 1566 5367; x_wconf 85' lang='lat' dir='ltr'><strong>Trin.</strong></span> 
     </span>
     <span class='ocr_line' id='line_1_99' title="bbox 22 5379 1566 5434; baseline 0 0"><span class='ocrx_word' id='word_1_807' title='bbox 22 5429 34 5434; x_wconf 88' lang='lat'><strong>-</strong></span> <span class='ocrx_word' id='word_1_808' title='bbox 87 5403 138 5434; x_wconf 71' lang='lat' dir='ltr'><strong>tu</strong></span> <span class='ocrx_word' id='word_1_809' title='bbox 167 5428 182 5434; x_wconf 80' lang='grc'><strong>-</strong></span> <span class='ocrx_word' id='word_1_810' title='bbox 212 5403 268 5434; x_wconf 91' lang='lat' dir='ltr'><strong>n.</strong></span> <span class='ocrx_word' id='word_1_811' title='bbox 309 5381 374 5434; x_wconf 69' lang='grc'><strong>16</strong></span> <span class='ocrx_word' id='word_1_812' title='bbox 401 5423 412 5434; x_wconf 94' lang='grc'><em>.</em></span> <span class='ocrx_word' id='word_1_813' title='bbox 445 5394 498 5434; x_wconf 89' lang='lat' dir='ltr'><strong>et</strong></span> <span class='ocrx_word' id='word_1_814' title='bbox 541 5381 592 5434; x_wconf 80' lang='lat' dir='ltr'><strong>in</strong></span> <span class='ocrx_word' id='word_1_815' title='bbox 651 5383 766 5434; x_wconf 75' lang='lat' dir='ltr'><strong>llil&#39;t)</strong></span> <span class='ocrx_word' id='word_1_816' title='bbox 809 5381 878 5434; x_wconf 90' lang='lat' dir='ltr'><strong>de</strong></span> <span class='ocrx_word' id='word_1_817' title='bbox 915 5381 1184 5434; x_wconf 86' lang='lat' dir='ltr'><strong>Svuodis.</strong></span> <span class='ocrx_word' id='word_1_818' title='bbox 1216 5397 1312 5434; x_wconf 86' lang='lat' dir='ltr'><strong>seu</strong></span> <span class='ocrx_word' id='word_1_819' title='bbox 1343 5381 1410 5434; x_wconf 88' lang='lat' dir='ltr'><strong>de</strong></span> <span class='ocrx_word' id='word_1_820' title='bbox 1437 5379 1566 5434; x_wconf 83' lang='lat' dir='ltr'><strong>Fide</strong></span> 
     </span>
    </p>
   </div>
   <div class='ocr_carea' id='block_1_99' title="bbox 22 5379 1570 5453">
    <p class='ocr_par' dir='ltr' id='par_1_99' title="bbox 22 5379 1570 5453">
     <span class='ocr_line' id='line_1_100' title="bbox 22 5379 1570 5453; baseline 0 -15"><span class='ocrx_word' id='word_1_821' title='bbox 22 5429 34 5438; x_wconf 93' lang='lat'><strong>.</strong></span> <span class='ocrx_word' id='word_1_822' title='bbox 87 5403 138 5441; x_wconf 64' lang='grc' dir='ltr'>χι</span> <span class='ocrx_word' id='word_1_823' title='bbox 167 5428 182 5450; x_wconf 86' lang='grc'><strong><em>,</em></strong></span> <span class='ocrx_word' id='word_1_824' title='bbox 212 5403 268 5438; x_wconf 90' lang='lat' dir='ltr'><strong>n.</strong></span> <span class='ocrx_word' id='word_1_825' title='bbox 309 5381 374 5438; x_wconf 72' lang='lat'><strong>16</strong></span> <span class='ocrx_word' id='word_1_826' title='bbox 401 5423 412 5442; x_wconf 85' lang='lat'><strong>.</strong></span> <span class='ocrx_word' id='word_1_827' title='bbox 445 5394 498 5435; x_wconf 88' lang='lat' dir='ltr'><strong>et</strong></span> <span class='ocrx_word' id='word_1_828' title='bbox 541 5381 592 5436; x_wconf 87' lang='lat' dir='ltr'><strong>in</strong></span> <span class='ocrx_word' id='word_1_829' title='bbox 627 5379 766 5436; x_wconf 87' lang='lat' dir='ltr'><strong>libro</strong></span> <span class='ocrx_word' id='word_1_830' title='bbox 809 5381 878 5436; x_wconf 89' lang='lat' dir='ltr'><strong>de</strong></span> <span class='ocrx_word' id='word_1_831' title='bbox 915 5381 1184 5453; x_wconf 69' lang='lat' dir='ltr'><strong>Synodis,</strong></span> <span class='ocrx_word' id='word_1_832' title='bbox 1216 5397 1312 5436; x_wconf 88' lang='lat' dir='ltr'><strong>seu</strong></span> <span class='ocrx_word' id='word_1_833' title='bbox 1343 5381 1410 5438; x_wconf 88' lang='lat' dir='ltr'><strong>de</strong></span> <span class='ocrx_word' id='word_1_834' title='bbox 1437 5379 1570 5438; x_wconf 83' lang='lat' dir='ltr'><strong>Fide</strong></span> 
     </span>
    </p>
   </div>
   <div class='ocr_carea' id='block_1_100' title="bbox 21 5451 1504 5524">
    <p class='ocr_par' dir='ltr' id='par_1_100' title="bbox 21 5451 1504 5524">
     <span class='ocr_line' id='line_1_101' title="bbox 21 5451 1504 5524; baseline -0.006 -12"><span class='ocrx_word' id='word_1_835' title='bbox 21 5461 178 5512; x_wconf 58' lang='lat' dir='ltr'><strong>irent.</strong></span> <span class='ocrx_word' id='word_1_836' title='bbox 214 5455 502 5508; x_wconf 83' lang='lat' dir='ltr'><strong>anathema</strong></span> <span class='ocrx_word' id='word_1_837' title='bbox 530 5469 584 5506; x_wconf 93' lang='lat' dir='ltr'><strong>n.</strong></span> <span class='ocrx_word' id='word_1_838' title='bbox 619 5453 706 5514; x_wconf 79' lang='lat' dir='ltr'><strong>H,</strong></span> <span class='ocrx_word' id='word_1_839' title='bbox 735 5469 854 5524; x_wconf 77' lang='lat' dir='ltr'><strong>tiag.</strong></span> <span class='ocrx_word' id='word_1_840' title='bbox 887 5451 1011 5508; x_wconf 58' lang='lat'><strong>381.</strong></span> <span class='ocrx_word' id='word_1_841' title='bbox 1122 5522 1130 5524; x_wconf 23' lang='grc' dir='ltr'><strong>Α</strong></span> <span class='ocrx_word' id='word_1_842' title='bbox 1489 5469 1504 5483; x_wconf 81' lang='lat'><strong><em>&#39;</em></strong></span> 
     </span>
    </p>
   </div>
   <div class='ocr_carea' id='block_1_101' title="bbox 21 5522 1572 5596">
    <p class='ocr_par' dir='ltr' id='par_1_101' title="bbox 21 5522 1572 5596">
     <span class='ocr_line' id='line_1_102' title="bbox 21 5522 1572 5596; baseline -0.004 -14"><span class='ocrx_word' id='word_1_843' title='bbox 21 5529 52 5568; x_wconf 65' lang='grc' dir='ltr'><em>α</em></span> <span class='ocrx_word' id='word_1_844' title='bbox 95 5528 222 5582; x_wconf 82' lang='lat' dir='ltr'><strong>Hac</strong></span> <span class='ocrx_word' id='word_1_845' title='bbox 247 5541 400 5580; x_wconf 83' lang='lat' dir='ltr'><strong>carne</strong></span> <span class='ocrx_word' id='word_1_846' title='bbox 439 5527 608 5596; x_wconf 83' lang='lat' dir='ltr'><strong>major</strong></span> <span class='ocrx_word' id='word_1_847' title='bbox 632 5533 705 5578; x_wconf 84' lang='lat' dir='ltr'><strong>est</strong></span> <span class='ocrx_word' id='word_1_848' title='bbox 729 5522 888 5578; x_wconf 76' lang='lat' dir='ltr'><strong>Patre</strong></span> <span class='ocrx_word' id='word_1_849' title='bbox 917 5543 930 5578; x_wconf 89' lang='lat'><strong>:</strong></span> <span class='ocrx_word' id='word_1_850' title='bbox 960 5522 1176 5594; x_wconf 66' lang='lat' dir='ltr'><strong>aqualis</strong></span> <span class='ocrx_word' id='word_1_851' title='bbox 1201 5525 1372 5596; x_wconf 65' lang='lat' dir='ltr'><strong>verba,</strong></span> <span class='ocrx_word' id='word_1_852' title='bbox 1401 5524 1572 5596; x_wconf 78' lang='lat' dir='ltr'><strong>major</strong></span> 
     </span>
    </p>
   </div>
   <div class='ocr_carea' id='block_1_102' title="bbox 25 5594 1574 5667">
    <p class='ocr_par' dir='ltr' id='par_1_102' title="bbox 25 5594 1574 5667">
     <span class='ocr_line' id='line_1_103' title="bbox 25 5594 1574 5667; baseline -0.004 -13"><span class='ocrx_word' id='word_1_853' title='bbox 25 5617 142 5660; x_wconf 76' lang='lat' dir='ltr'><strong>&#39;ne.</strong></span> <span class='ocrx_word' id='word_1_854' title='bbox 199 5597 420 5667; x_wconf 76' lang='lat' dir='ltr'><strong>a&#39;qualis</strong></span> <span class='ocrx_word' id='word_1_855' title='bbox 457 5594 534 5652; x_wconf 63' lang='lat' dir='ltr'><strong>ei.</strong></span> <span class='ocrx_word' id='word_1_856' title='bbox 573 5611 856 5667; x_wconf 82' lang='lat' dir='ltr'><strong>per__quem</strong></span> <span class='ocrx_word' id='word_1_857' title='bbox 883 5598 1004 5666; x_wconf 68' lang='lat' dir='ltr'><strong>{erit</strong></span> <span class='ocrx_word' id='word_1_858' title='bbox 1043 5611 1158 5658; x_wconf 86' lang='lat' dir='ltr'><strong>nos,</strong></span> <span class='ocrx_word' id='word_1_859' title='bbox 1206 5594 1376 5667; x_wconf 68' lang='lat' dir='ltr'><strong>ntqjor</strong></span> <span class='ocrx_word' id='word_1_860' title='bbox 1401 5611 1468 5667; x_wconf 4' lang='lat' dir='ltr'><strong>eo,</strong></span> <span class='ocrx_word' id='word_1_861' title='bbox 1487 5595 1574 5663; x_wconf 81' lang='lat' dir='ltr'><strong>qui</strong></span> 
     </span>
    </p>
   </div>
   <div class='ocr_carea' id='block_1_103' title="bbox 22 5663 1571 5738">
    <p class='ocr_par' dir='ltr' id='par_1_103' title="bbox 22 5663 1571 5738">
     <span class='ocr_line' id='line_1_104' title="bbox 22 5663 1571 5738; baseline -0.005 -12"><span class='ocrx_word' id='word_1_862' title='bbox 22 5683 139 5726; x_wconf 77' lang='grc' dir='ltr'>-ιιιε</span> <span class='ocrx_word' id='word_1_863' title='bbox 165 5679 243 5722; x_wconf 79' lang='lat' dir='ltr'><strong>est</strong></span> <span class='ocrx_word' id='word_1_864' title='bbox 261 5663 476 5738; x_wconf 71' lang='lat' dir='ltr'><strong>propter</strong></span> <span class='ocrx_word' id='word_1_865' title='bbox 505 5663 618 5718; x_wconf 82' lang='lat' dir='ltr'><strong>nos.</strong></span> <span class='ocrx_word' id='word_1_866' title='bbox 647 5665 784 5738; x_wconf 77' lang='lat' dir='ltr'><strong>Nam</strong></span> <span class='ocrx_word' id='word_1_867' title='bbox 812 5663 950 5738; x_wconf 82' lang='lat' dir='ltr'><strong>quod</strong></span> <span class='ocrx_word' id='word_1_868' title='bbox 980 5667 1115 5721; x_wconf 88' lang='lat' dir='ltr'><strong>Deus</strong></span> <span class='ocrx_word' id='word_1_869' title='bbox 1137 5667 1202 5720; x_wconf 87' lang='lat' dir='ltr'><strong>sit</strong></span> <span class='ocrx_word' id='word_1_870' title='bbox 1238 5663 1429 5738; x_wconf 65' lang='lat' dir='ltr'><strong>Filius,</strong></span> <span class='ocrx_word' id='word_1_871' title='bbox 1454 5666 1571 5719; x_wconf 84' lang='lat' dir='ltr'><strong>licet</strong></span> 
     </span>
    </p>
   </div>
   <div class='ocr_carea' id='block_1_104' title="bbox 21 5735 1569 5802">
    <p class='ocr_par' dir='ltr' id='par_1_104' title="bbox 21 5735 1569 5802">
     <span class='ocr_line' id='line_1_105' title="bbox 21 5735 1569 5802; baseline -0.005 -5"><span class='ocrx_word' id='word_1_872' title='bbox 21 5745 133 5798; x_wconf 59' lang='lat' dir='ltr'><strong>vita</strong></span> <span class='ocrx_word' id='word_1_873' title='bbox 159 5735 456 5794; x_wconf 80' lang='lat' dir='ltr'><strong>testimonia</strong></span> <span class='ocrx_word' id='word_1_874' title='bbox 485 5737 722 5802; x_wconf 77' lang='lat' dir='ltr'><strong>superius</strong></span> <span class='ocrx_word' id='word_1_875' title='bbox 753 5735 917 5802; x_wconf 81' lang='lat' dir='ltr'><strong>posita</strong></span> <span class='ocrx_word' id='word_1_876' title='bbox 935 5738 1188 5792; x_wconf 71' lang='lat' dir='ltr'><strong>evidenter</strong></span> <span class='ocrx_word' id='word_1_877' title='bbox 1218 5735 1526 5801; x_wconf 85' lang='lat' dir='ltr'><strong>perdoceaut</strong></span> <span class='ocrx_word' id='word_1_878' title='bbox 1553 5777 1569 5802; x_wconf 95' lang='lat'><strong>,</strong></span> 
     </span>
    </p>
   </div>
   <div class='ocr_carea' id='block_1_105' title="bbox 22 5805 1576 5882">
    <p class='ocr_par' dir='ltr' id='par_1_105' title="bbox 22 5805 1576 5882">
     <span class='ocr_line' id='line_1_106' title="bbox 22 5805 1576 5882; baseline -0.004 -14"><span class='ocrx_word' id='word_1_879' title='bbox 22 5830 142 5868; x_wconf 76' lang='lat' dir='ltr'><strong>neu</strong></span> <span class='ocrx_word' id='word_1_880' title='bbox 203 5811 380 5863; x_wconf 83' lang='lat' dir='ltr'><strong>adhuc</strong></span> <span class='ocrx_word' id='word_1_881' title='bbox 409 5823 586 5882; x_wconf 56' lang='lat' dir='ltr'><strong>prima</strong></span> <span class='ocrx_word' id='word_1_882' title='bbox 619 5807 814 5882; x_wconf 67' lang='lat' dir='ltr'><strong>credidi</strong></span> <span class='ocrx_word' id='word_1_883' title='bbox 863 5808 1273 5882; x_wconf 61' lang='lat' dir='ltr'><strong>subjungenda._</strong></span> <span class='ocrx_word' id='word_1_884' title='bbox 1299 5805 1360 5860; x_wconf 84' lang='lat' dir='ltr'><strong>in</strong></span> <span class='ocrx_word' id='word_1_885' title='bbox 1392 5806 1576 5882; x_wconf 52' lang='lat' dir='ltr'><strong>genesi</strong></span> 
     </span>
    </p>
   </div>
   <div class='ocr_carea' id='block_1_106' title="bbox 22 5877 1576 5954">
    <p class='ocr_par' dir='ltr' id='par_1_106' title="bbox 22 5877 1576 5954">
     <span class='ocr_line' id='line_1_107' title="bbox 22 5877 1576 5954; baseline -0.005 -14"><span class='ocrx_word' id='word_1_886' title='bbox 22 5888 228 5954; x_wconf 53' lang='lat' dir='ltr'><strong>’s&#39;ptum</strong></span> <span class='ocrx_word' id='word_1_887' title='bbox 257 5891 330 5934; x_wconf 80' lang='lat' dir='ltr'><strong>est</strong></span> <span class='ocrx_word' id='word_1_888' title='bbox 363 5877 611 5934; x_wconf 72' lang='lat' dir='ltr'><strong>:Crcat‘it</strong></span> <span class='ocrx_word' id='word_1_889' title='bbox 639 5879 782 5935; x_wconf 88' lang='lat' dir='ltr'><strong>Deus</strong></span> <span class='ocrx_word' id='word_1_890' title='bbox 803 5877 1098 5936; x_wconf 47' lang='lat' dir='ltr'><strong>caluum}.</strong></span> <span class='ocrx_word' id='word_1_891' title='bbox 1124 5890 1170 5934; x_wconf 86' lang='lat' dir='ltr'><strong>et</strong></span> <span class='ocrx_word' id='word_1_892' title='bbox 1201 5880 1372 5950; x_wconf 83' lang='lat' dir='ltr'><strong>utique</strong></span> <span class='ocrx_word' id='word_1_893' title='bbox 1400 5877 1544 5934; x_wconf 78' lang='lat' dir='ltr'><strong>Euan</strong></span> <span class='ocrx_word' id='word_1_894' title='bbox 1563 5901 1576 5910; x_wconf 84' lang='lat'><strong>-</strong></span> 
     </span>
    </p>
   </div>
   <div class='ocr_carea' id='block_1_107' title="bbox 1671 4664 3274 4737">
    <p class='ocr_par' dir='ltr' id='par_1_107' title="bbox 1671 4664 3274 4737">
     <span class='ocr_line' id='line_1_108' title="bbox 1671 4664 3274 4737; baseline -0.002 -17"><span class='ocrx_word' id='word_1_895' title='bbox 1671 4665 2028 4737; x_wconf 76' lang='lat' dir='ltr'><strong>prtesentibns,</strong></span> <span class='ocrx_word' id='word_1_896' title='bbox 2043 4680 2197 4732; x_wconf 84' lang='lat' dir='ltr'><strong>quam</strong></span> <span class='ocrx_word' id='word_1_897' title='bbox 2218 4665 2492 4734; x_wconf 64' lang='lat' dir='ltr'><strong>praeteritis</strong></span> <span class='ocrx_word' id='word_1_898' title='bbox 2522 4665 2846 4737; x_wconf 66' lang='lat' dir='ltr'><strong>testimoniis,</strong></span> <span class='ocrx_word' id='word_1_899' title='bbox 2865 4680 2980 4737; x_wconf 63' lang='lat' dir='ltr'><strong>qua:</strong></span> <span class='ocrx_word' id='word_1_900' title='bbox 3006 4665 3068 4718; x_wconf 83' lang='lat' dir='ltr'><strong>de</strong></span> <span class='ocrx_word' id='word_1_901' title='bbox 3084 4664 3274 4737; x_wconf 44' lang='lat' dir='ltr'><strong>Scrip-</strong></span> 
     </span>
    </p>
   </div>
   <div class='ocr_carea' id='block_1_108' title="bbox 1671 4733 3274 4806">
    <p class='ocr_par' dir='ltr' id='par_1_108' title="bbox 1671 4733 3274 4806">
     <span class='ocr_line' id='line_1_109' title="bbox 1671 4733 3274 4806; baseline -0.001 -14"><span class='ocrx_word' id='word_1_902' title='bbox 1671 4733 1798 4792; x_wconf 80' lang='lat' dir='ltr'><strong>turis</strong></span> <span class='ocrx_word' id='word_1_903' title='bbox 1830 4737 2019 4790; x_wconf 81' lang='lat' dir='ltr'><strong>sanctis</strong></span> <span class='ocrx_word' id='word_1_904' title='bbox 2049 4733 2336 4806; x_wconf 63' lang='lat' dir='ltr'><strong>praetulata</strong></span> <span class='ocrx_word' id='word_1_905' title='bbox 2365 4733 2668 4798; x_wconf 80' lang='lat' dir='ltr'><strong>sunt,Deus</strong></span> <span class='ocrx_word' id='word_1_906' title='bbox 2717 4751 2828 4790; x_wconf 75' lang='lat' dir='ltr'><strong>esse</strong></span> <span class='ocrx_word' id='word_1_907' title='bbox 2861 4733 3034 4790; x_wconf 75' lang='lat' dir='ltr'><strong>Filius</strong></span> <span class='ocrx_word' id='word_1_908' title='bbox 3057 4733 3274 4790; x_wconf 68' lang='lat' dir='ltr'><strong>dentur:-</strong></span> 
     </span>
    </p>
   </div>
   <div class='ocr_carea' id='block_1_109' title="bbox 1671 4805 3274 4874">
    <p class='ocr_par' dir='ltr' id='par_1_109' title="bbox 1671 4805 3274 4874">
     <span class='ocr_line' id='line_1_110' title="bbox 1671 4805 3274 4874; baseline 0.001 -12"><span class='ocrx_word' id='word_1_909' title='bbox 1671 4817 1858 4864; x_wconf 82' lang='lat' dir='ltr'><strong>stretur</strong></span> <span class='ocrx_word' id='word_1_910' title='bbox 1889 4847 1904 4872; x_wconf 86' lang='lat'><strong>,</strong></span> <span class='ocrx_word' id='word_1_911' title='bbox 1937 4805 2096 4860; x_wconf 79' lang='lat' dir='ltr'><strong>mirer</strong></span> <span class='ocrx_word' id='word_1_912' title='bbox 2135 4823 2228 4859; x_wconf 82' lang='lat' dir='ltr'><strong>cur</strong></span> <span class='ocrx_word' id='word_1_913' title='bbox 2273 4805 2405 4874; x_wconf 82' lang='lat' dir='ltr'><strong>forte</strong></span> <span class='ocrx_word' id='word_1_914' title='bbox 2445 4823 2560 4860; x_wconf 81' lang='lat' dir='ltr'><strong>eum</strong></span> <span class='ocrx_word' id='word_1_915' title='bbox 2584 4809 2744 4874; x_wconf 85' lang='lat' dir='ltr'><strong>aliqui</strong></span> <span class='ocrx_word' id='word_1_916' title='bbox 2773 4821 3012 4862; x_wconf 68' lang='lat' dir='ltr'><strong>IIINOBEII</strong></span> <span class='ocrx_word' id='word_1_917' title='bbox 3056 4808 3274 4863; x_wconf 80' lang='lat' dir='ltr'><strong>dicendo</strong></span> 
     </span>
    </p>
   </div>
   <div class='ocr_carea' id='block_1_110' title="bbox 1673 4877 3274 4948">
    <p class='ocr_par' dir='ltr' id='par_1_110' title="bbox 1673 4877 3274 4948">
     <span class='ocr_line' id='line_1_111' title="bbox 1673 4877 3274 4948; baseline 0.002 -16"><span class='ocrx_word' id='word_1_918' title='bbox 1673 4877 2024 4948; x_wconf 73' lang='lat' dir='ltr'><strong>Marp/tentare</strong></span> <span class='ocrx_word' id='word_1_919' title='bbox 2055 4893 2158 4930; x_wconf 86' lang='lat' dir='ltr'><strong>non</strong></span> <span class='ocrx_word' id='word_1_920' title='bbox 2190 4885 2442 4948; x_wconf 81' lang='lat' dir='ltr'><strong>metuunt,</strong></span> <span class='ocrx_word' id='word_1_921' title='bbox 2467 4894 2586 4930; x_wconf 84' lang='lat' dir='ltr'><strong>cum</strong></span> <span class='ocrx_word' id='word_1_922' title='bbox 2607 4895 2862 4944; x_wconf 72' lang='lat' dir='ltr'><strong>nusquam</strong></span> <span class='ocrx_word' id='word_1_923' title='bbox 2885 4879 3094 4932; x_wconf 79' lang='lat' dir='ltr'><strong>omnino</strong></span> <span class='ocrx_word' id='word_1_924' title='bbox 3138 4877 3274 4934; x_wconf 65' lang='lat' dir='ltr'><strong>licus</strong></span> 
     </span>
    </p>
   </div>
   <div class='ocr_carea' id='block_1_111' title="bbox 1672 4947 3269 5020">
    <p class='ocr_par' dir='ltr' id='par_1_111' title="bbox 1672 4947 3269 5020">
     <span class='ocr_line' id='line_1_112' title="bbox 1672 4947 3269 5020; baseline -0.001 -14"><span class='ocrx_word' id='word_1_925' title='bbox 1672 4947 1842 5006; x_wconf 68' lang='lat' dir='ltr'><strong>minbr</strong></span> <span class='ocrx_word' id='word_1_926' title='bbox 1858 4966 1966 5002; x_wconf 80' lang='lat' dir='ltr'><strong>esse</strong></span> <span class='ocrx_word' id='word_1_927' title='bbox 1987 4947 2560 5020; x_wconf 73' lang='lat' dir='ltr'><strong>legatur-.Breviarinm</strong></span> <span class='ocrx_word' id='word_1_928' title='bbox 2585 4949 2708 5003; x_wconf 88' lang='lat' dir='ltr'><strong>Iidei</strong></span> <span class='ocrx_word' id='word_1_929' title='bbox 2727 4951 2995 5006; x_wconf 81' lang='lat' dir='ltr'><strong>adversus</strong></span> <span class='ocrx_word' id='word_1_930' title='bbox 3016 4950 3269 5007; x_wconf 82' lang='lat' dir='ltr'><strong>Arianos.</strong></span> 
     </span>
    </p>
   </div>
   <div class='ocr_carea' id='block_1_112' title="bbox 1749 5019 2692 5088">
    <p class='ocr_par' dir='ltr' id='par_1_112' title="bbox 1749 5019 2692 5088">
     <span class='ocr_line' id='line_1_113' title="bbox 1749 5019 2692 5088; baseline -0.005 -11"><span class='ocrx_word' id='word_1_931' title='bbox 1749 5033 1771 5060; x_wconf 81' lang='grc' dir='ltr'>θ</span> <span class='ocrx_word' id='word_1_932' title='bbox 1808 5019 2008 5088; x_wconf 87' lang='lat' dir='ltr'><strong>Supple</strong></span> <span class='ocrx_word' id='word_1_933' title='bbox 2038 5019 2130 5072; x_wconf 71' lang='lat' dir='ltr'><strong>nec</strong></span> <span class='ocrx_word' id='word_1_934' title='bbox 2155 5019 2435 5088; x_wconf 75' lang='lat' dir='ltr'><strong>assumpsit</strong></span> <span class='ocrx_word' id='word_1_935' title='bbox 2463 5035 2692 5074; x_wconf 82' lang='lat' dir='ltr'><strong>carnem.</strong></span> 
     </span>
    </p>
   </div>
   <div class='ocr_carea' id='block_1_113' title="bbox 1749 5091 3273 5158">
    <p class='ocr_par' dir='ltr' id='par_1_113' title="bbox 1749 5091 3273 5158">
     <span class='ocr_line' id='line_1_114' title="bbox 1749 5091 3273 5158; baseline 0 -10"><span class='ocrx_word' id='word_1_936' title='bbox 1749 5091 1769 5132; x_wconf 78' lang='grc' dir='ltr'>ί</span> <span class='ocrx_word' id='word_1_937' title='bbox 1803 5091 2024 5148; x_wconf 80' lang='lat' dir='ltr'><strong>Scilicet</strong></span> <span class='ocrx_word' id='word_1_938' title='bbox 2049 5105 2280 5158; x_wconf 88' lang='lat' dir='ltr'><strong>persona</strong></span> <span class='ocrx_word' id='word_1_939' title='bbox 2309 5093 2544 5146; x_wconf 86' lang='lat' dir='ltr'><strong>discreta</strong></span> <span class='ocrx_word' id='word_1_940' title='bbox 2567 5092 2894 5156; x_wconf 84' lang='lat' dir='ltr'><strong>abhomine.</strong></span> <span class='ocrx_word' id='word_1_941' title='bbox 2929 5107 3022 5148; x_wconf 81' lang='lat' dir='ltr'><strong>seu</strong></span> <span class='ocrx_word' id='word_1_942' title='bbox 3083 5093 3273 5150; x_wconf 83' lang='lat' dir='ltr'><strong>huma-</strong></span> 
     </span>
    </p>
   </div>
   <div class='ocr_carea' id='block_1_114' title="bbox 1675 5162 3273 5234">
    <p class='ocr_par' dir='ltr' id='par_1_114' title="bbox 1675 5162 3273 5234">
     <span class='ocr_line' id='line_1_115' title="bbox 1675 5162 3273 5234; baseline 0.003 -16"><span class='ocrx_word' id='word_1_943' title='bbox 1675 5165 1846 5220; x_wconf 84' lang='lat' dir='ltr'><strong>nitate</strong></span> <span class='ocrx_word' id='word_1_944' title='bbox 1889 5172 2166 5234; x_wconf 70' lang='lat' dir='ltr'><strong>aSsumpta</strong></span> <span class='ocrx_word' id='word_1_945' title='bbox 2199 5179 2262 5218; x_wconf 78' lang='lat' dir='ltr'><strong>ex</strong></span> <span class='ocrx_word' id='word_1_946' title='bbox 2299 5162 2484 5217; x_wconf 82' lang='lat' dir='ltr'><strong>Maria.</strong></span> <span class='ocrx_word' id='word_1_947' title='bbox 2521 5162 2762 5232; x_wconf 83' lang='lat' dir='ltr'><strong>Namque</strong></span> <span class='ocrx_word' id='word_1_948' title='bbox 2819 5167 3002 5234; x_wconf 85' lang='lat' dir='ltr'><strong>posuit</strong></span> <span class='ocrx_word' id='word_1_949' title='bbox 3052 5165 3273 5230; x_wconf 83' lang='lat' dir='ltr'><strong>semper</strong></span> 
     </span>
    </p>
   </div>
   <div class='ocr_carea' id='block_1_115' title="bbox 1677 5233 3276 5307">
    <p class='ocr_par' dir='ltr' id='par_1_115' title="bbox 1677 5233 3276 5307">
     <span class='ocr_line' id='line_1_116' title="bbox 1677 5233 3276 5307; baseline 0.003 -18"><span class='ocrx_word' id='word_1_950' title='bbox 1677 5237 1934 5290; x_wconf 81' lang='lat' dir='ltr'><strong>hominem</strong></span> <span class='ocrx_word' id='word_1_951' title='bbox 1966 5249 2062 5302; x_wconf 89' lang='lat' dir='ltr'><strong>pro</strong></span> <span class='ocrx_word' id='word_1_952' title='bbox 2091 5233 2426 5291; x_wconf 82' lang='lat' dir='ltr'><strong>humanitate</strong></span> <span class='ocrx_word' id='word_1_953' title='bbox 2469 5239 2920 5307; x_wconf 83' lang='lat' dir='ltr'><strong>quotiescumque</strong></span> <span class='ocrx_word' id='word_1_954' title='bbox 2955 5235 3008 5290; x_wconf 83' lang='lat' dir='ltr'><strong>id</strong></span> <span class='ocrx_word' id='word_1_955' title='bbox 3039 5237 3276 5294; x_wconf 79' lang='lat' dir='ltr'><strong>nominis</strong></span> 
     </span>
    </p>
   </div>
   <div class='ocr_carea' id='block_1_116' title="bbox 1675 5307 3276 5381">
    <p class='ocr_par' dir='ltr' id='par_1_116' title="bbox 1675 5307 3276 5381">
     <span class='ocr_line' id='line_1_117' title="bbox 1675 5307 3276 5381; baseline 0.004 -21"><span class='ocrx_word' id='word_1_956' title='bbox 1675 5307 1990 5381; x_wconf 78' lang='lat' dir='ltr'><strong>usurpavit,</strong></span> <span class='ocrx_word' id='word_1_957' title='bbox 2023 5315 2082 5360; x_wconf 87' lang='lat' dir='ltr'><strong>ut</strong></span> <span class='ocrx_word' id='word_1_958' title='bbox 2104 5307 2292 5381; x_wconf 80' lang='lat' dir='ltr'><strong>videre</strong></span> <span class='ocrx_word' id='word_1_959' title='bbox 2320 5315 2404 5362; x_wconf 84' lang='lat' dir='ltr'><strong>est</strong></span> <span class='ocrx_word' id='word_1_960' title='bbox 2450 5307 2694 5381; x_wconf 80' lang='lat' dir='ltr'><strong>pluribus</strong></span> <span class='ocrx_word' id='word_1_961' title='bbox 2728 5309 2780 5364; x_wconf 83' lang='lat' dir='ltr'><strong>in</strong></span> <span class='ocrx_word' id='word_1_962' title='bbox 2823 5309 2992 5376; x_wconf 87' lang='lat' dir='ltr'><strong>locis,</strong></span> <span class='ocrx_word' id='word_1_963' title='bbox 3027 5309 3276 5381; x_wconf 70' lang='lat' dir='ltr'><strong>adeoque</strong></span> 
     </span>
    </p>
   </div>
   <div class='ocr_carea' id='block_1_117' title="bbox 1675 5377 3276 5452">
    <p class='ocr_par' dir='ltr' id='par_1_117' title="bbox 1675 5377 3276 5452">
     <span class='ocr_line' id='line_1_118' title="bbox 1675 5377 3276 5452; baseline 0.004 -20"><span class='ocrx_word' id='word_1_964' title='bbox 1675 5379 1766 5452; x_wconf 84' lang='lat' dir='ltr'><strong>hic</strong></span> <span class='ocrx_word' id='word_1_965' title='bbox 1806 5378 2158 5452; x_wconf 82' lang='lat' dir='ltr'><strong>solummodo</strong></span> <span class='ocrx_word' id='word_1_966' title='bbox 2189 5377 2292 5432; x_wconf 89' lang='lat' dir='ltr'><strong>hoc</strong></span> <span class='ocrx_word' id='word_1_967' title='bbox 2317 5379 2566 5434; x_wconf 85' lang='lat' dir='ltr'><strong>annotari</strong></span> <span class='ocrx_word' id='word_1_968' title='bbox 2613 5380 2684 5436; x_wconf 89' lang='lat' dir='ltr'><strong>ab</strong></span> <span class='ocrx_word' id='word_1_969' title='bbox 2725 5383 2980 5436; x_wconf 87' lang='lat' dir='ltr'><strong>omnibus</strong></span> <span class='ocrx_word' id='word_1_970' title='bbox 3007 5377 3276 5452; x_wconf 57' lang='lat' dir='ltr'><strong>opimus</strong></span> 
     </span>
    </p>
   </div>
   <div class='ocr_carea' id='block_1_118' title="bbox 1673 5451 2640 5520">
    <p class='ocr_par' dir='ltr' id='par_1_118' title="bbox 1673 5451 2640 5520">
     <span class='ocr_line' id='line_1_119' title="bbox 1673 5451 2640 5520; baseline 0 -14"><span class='ocrx_word' id='word_1_971' title='bbox 1673 5451 1884 5520; x_wconf 77' lang='lat' dir='ltr'><strong>longior</strong></span> <span class='ocrx_word' id='word_1_972' title='bbox 1915 5453 2042 5510; x_wconf 84' lang='lat' dir='ltr'><strong>sim.</strong></span> <span class='ocrx_word' id='word_1_973' title='bbox 2072 5465 2234 5519; x_wconf 84' lang='lat' dir='ltr'><strong>quam</strong></span> <span class='ocrx_word' id='word_1_974' title='bbox 2261 5466 2352 5504; x_wconf 88' lang='lat' dir='ltr'><strong>res</strong></span> <span class='ocrx_word' id='word_1_975' title='bbox 2383 5453 2640 5520; x_wconf 86' lang='lat' dir='ltr'><strong>postulat.</strong></span> 
     </span>
    </p>
   </div>
   <div class='ocr_carea' id='block_1_119' title="bbox 1745 5515 3271 5596">
    <p class='ocr_par' dir='ltr' id='par_1_119' title="bbox 1745 5515 3271 5596">
     <span class='ocr_line' id='line_1_120' title="bbox 1745 5515 3271 5596; baseline 0.011 -26"><span class='ocrx_word' id='word_1_976' title='bbox 1745 5515 1792 5596; x_wconf 30' lang='lat' dir='ltr'><strong>si</strong></span> <span class='ocrx_word' id='word_1_977' title='bbox 1805 5515 1956 5589; x_wconf 82' lang='lat' dir='ltr'><strong>Quod</strong></span> <span class='ocrx_word' id='word_1_978' title='bbox 1979 5521 2043 5576; x_wconf 85' lang='lat' dir='ltr'><strong>de</strong></span> <span class='ocrx_word' id='word_1_979' title='bbox 2070 5515 2486 5596; x_wconf 52' lang='lat' dir='ltr'><strong>c&#39;wlodescendit</strong></span> <span class='ocrx_word' id='word_1_980' title='bbox 2508 5563 2523 5588; x_wconf 88' lang='lat'><strong>,</strong></span> <span class='ocrx_word' id='word_1_981' title='bbox 2551 5533 2810 5596; x_wconf 67' lang='lat' dir='ltr'><strong>concepte</strong></span> <span class='ocrx_word' id='word_1_982' title='bbox 2837 5527 2900 5582; x_wconf 79' lang='lat' dir='ltr'><strong>de</strong></span> <span class='ocrx_word' id='word_1_983' title='bbox 2925 5528 3129 5596; x_wconf 80' lang='lat' dir='ltr'><strong>Spiritu</strong></span> <span class='ocrx_word' id='word_1_984' title='bbox 3161 5530 3271 5586; x_wconf 60' lang='lat' dir='ltr'><strong>orti»</strong></span> 
     </span>
    </p>
   </div>
   <div class='ocr_carea' id='block_1_120' title="bbox 1672 5591 3269 5666">
    <p class='ocr_par' dir='ltr' id='par_1_120' title="bbox 1672 5591 3269 5666">
     <span class='ocr_line' id='line_1_121' title="bbox 1672 5591 3269 5666; baseline 0.004 -19"><span class='ocrx_word' id='word_1_985' title='bbox 1672 5593 1805 5666; x_wconf 84' lang='lat' dir='ltr'><strong>ginis</strong></span> <span class='ocrx_word' id='word_1_986' title='bbox 1834 5611 1993 5648; x_wconf 80' lang='lat' dir='ltr'><strong>causa</strong></span> <span class='ocrx_word' id='word_1_987' title='bbox 2020 5602 2114 5646; x_wconf 84' lang='lat' dir='ltr'><strong>est.</strong></span> <span class='ocrx_word' id='word_1_988' title='bbox 2163 5591 2210 5645; x_wconf 87' lang='grc' dir='ltr'><em>Ν</em></span> <span class='ocrx_word' id='word_1_989' title='bbox 2216 5609 2282 5647; x_wconf 87' lang='lat' dir='ltr'><strong>on</strong></span> <span class='ocrx_word' id='word_1_990' title='bbox 2311 5595 2448 5647; x_wconf 84' lang='lat' dir='ltr'><strong>enim</strong></span> <span class='ocrx_word' id='word_1_991' title='bbox 2476 5597 2680 5665; x_wconf 83' lang='lat' dir='ltr'><strong>corpori</strong></span> <span class='ocrx_word' id='word_1_992' title='bbox 2707 5594 2880 5651; x_wconf 84' lang='lat' dir='ltr'><strong>Maria</strong></span> <span class='ocrx_word' id='word_1_993' title='bbox 2909 5591 3158 5666; x_wconf 79' lang='lat' dir='ltr'><strong>originem</strong></span> <span class='ocrx_word' id='word_1_994' title='bbox 3181 5601 3269 5654; x_wconf 84' lang='lat' dir='ltr'><strong>de-</strong></span> 
     </span>
    </p>
   </div>
   <div class='ocr_carea' id='block_1_121' title="bbox 1675 5658 3276 5741">
    <p class='ocr_par' dir='ltr' id='par_1_121' title="bbox 1675 5658 3276 5741">
     <span class='ocr_line' id='line_1_122' title="bbox 1675 5658 3276 5741; baseline 0.003 -21"><span class='ocrx_word' id='word_1_995' title='bbox 1675 5658 1751 5720; x_wconf 59' lang='lat' dir='ltr'><strong>dit</strong></span> <span class='ocrx_word' id='word_1_996' title='bbox 1798 5682 1818 5741; x_wconf 63' lang='grc' dir='ltr'>ξ</span> <span class='ocrx_word' id='word_1_997' title='bbox 1857 5667 1975 5720; x_wconf 87' lang='lat' dir='ltr'><strong>licet</strong></span> <span class='ocrx_word' id='word_1_998' title='bbox 2023 5665 2092 5718; x_wconf 88' lang='lat' dir='ltr'><strong>ad</strong></span> <span class='ocrx_word' id='word_1_999' title='bbox 2110 5665 2471 5741; x_wconf 82' lang='lat' dir='ltr'><strong>_incremenla,_</strong></span> <span class='ocrx_word' id='word_1_1000' title='bbox 2509 5658 2814 5741; x_wconf 66' lang='lat' dir='ltr'><strong>partumque</strong></span> <span class='ocrx_word' id='word_1_1001' title='bbox 2855 5658 3084 5741; x_wconf 66' lang='lat' dir='ltr'><strong>corporis</strong></span> <span class='ocrx_word' id='word_1_1002' title='bbox 3127 5687 3276 5725; x_wconf 84' lang='lat' dir='ltr'><strong>omne</strong></span> 
     </span>
    </p>
   </div>
   <div class='ocr_carea' id='block_1_122' title="bbox 1679 5736 3278 5807">
    <p class='ocr_par' dir='ltr' id='par_1_122' title="bbox 1679 5736 3278 5807">
     <span class='ocr_line' id='line_1_123' title="bbox 1679 5736 3278 5807; baseline 0.003 -17"><span class='ocrx_word' id='word_1_1003' title='bbox 1679 5737 1818 5806; x_wconf 82' lang='lat' dir='ltr'><strong>quod</strong></span> <span class='ocrx_word' id='word_1_1004' title='bbox 1861 5752 2013 5807; x_wconf 60' lang='lat' dir='ltr'><strong>sexus</strong></span> <span class='ocrx_word' id='word_1_1005' title='bbox 2039 5737 2122 5790; x_wconf 84' lang='lat' dir='ltr'><strong>sui</strong></span> <span class='ocrx_word' id='word_1_1006' title='bbox 2149 5745 2224 5790; x_wconf 85' lang='lat' dir='ltr'><strong>est</strong></span> <span class='ocrx_word' id='word_1_1007' title='bbox 2262 5736 2499 5791; x_wconf 81' lang='lat' dir='ltr'><strong>naturale</strong></span> <span class='ocrx_word' id='word_1_1008' title='bbox 2525 5736 2820 5794; x_wconf 80' lang='lat' dir='ltr'><strong>contulerit.</strong></span> <span class='ocrx_word' id='word_1_1009' title='bbox 2857 5736 3009 5807; x_wconf 79' lang='lat' dir='ltr'><strong>Quod</strong></span> <span class='ocrx_word' id='word_1_1010' title='bbox 3035 5757 3151 5795; x_wconf 78' lang='lat' dir='ltr'><strong>vero</strong></span> <span class='ocrx_word' id='word_1_1011' title='bbox 3181 5741 3278 5795; x_wconf 85' lang='lat' dir='ltr'><strong>ho-</strong></span> 
     </span>
    </p>
   </div>
   <div class='ocr_carea' id='block_1_123' title="bbox 1681 5805 3280 5880">
    <p class='ocr_par' dir='ltr' id='par_1_123' title="bbox 1681 5805 3280 5880">
     <span class='ocr_line' id='line_1_124' title="bbox 1681 5805 3280 5880; baseline 0.003 -19"><span class='ocrx_word' id='word_1_1012' title='bbox 1681 5805 1840 5880; x_wconf 70' lang='lat' dir='ltr'><strong>minis</strong></span> <span class='ocrx_word' id='word_1_1013' title='bbox 1869 5805 2040 5860; x_wconf 81' lang='lat' dir='ltr'><strong>Filius</strong></span> <span class='ocrx_word' id='word_1_1014' title='bbox 2066 5816 2162 5880; x_wconf 76' lang='lat' dir='ltr'><strong>est,</strong></span> <span class='ocrx_word' id='word_1_1015' title='bbox 2187 5817 2435 5880; x_wconf 72' lang='lat' dir='ltr'><strong>suscepta:</strong></span> <span class='ocrx_word' id='word_1_1016' title='bbox 2469 5825 2522 5860; x_wconf 75' lang='lat' dir='ltr'><strong>tn</strong></span> <span class='ocrx_word' id='word_1_1017' title='bbox 2567 5808 2776 5878; x_wconf 78' lang='lat' dir='ltr'><strong>Virgine</strong></span> <span class='ocrx_word' id='word_1_1018' title='bbox 2796 5805 2967 5864; x_wconf 72' lang='lat' dir='ltr'><strong>carnis</strong></span> <span class='ocrx_word' id='word_1_1019' title='bbox 2988 5821 3059 5863; x_wconf 86' lang='lat' dir='ltr'><strong>est</strong></span> <span class='ocrx_word' id='word_1_1020' title='bbox 3077 5824 3280 5880; x_wconf 85' lang='lat' dir='ltr'><strong>partus.</strong></span> 
     </span>
    </p>
   </div>
   <div class='ocr_carea' id='block_1_124' title="bbox 1691 5878 3285 5950">
    <p class='ocr_par' dir='ltr' id='par_1_124' title="bbox 1691 5878 3285 5950">
     <span class='ocr_line' id='line_1_125' title="bbox 1691 5878 3285 5950; baseline 0.004 -19"><span class='ocrx_word' id='word_1_1021' title='bbox 1691 5878 1840 5946; x_wconf 83' lang='lat' dir='ltr'><strong>Quod</strong></span> <span class='ocrx_word' id='word_1_1022' title='bbox 1873 5887 2042 5930; x_wconf 71' lang='grc' dir='ltr'>(ωτι-ιιι</span> <span class='ocrx_word' id='word_1_1023' title='bbox 2063 5878 2116 5930; x_wconf 85' lang='lat' dir='ltr'><strong>iu</strong></span> <span class='ocrx_word' id='word_1_1024' title='bbox 2147 5879 2302 5942; x_wconf 67' lang='lat' dir='ltr'><strong>tostis,</strong></span> <span class='ocrx_word' id='word_1_1025' title='bbox 2335 5889 2378 5930; x_wconf 74' lang='lat' dir='ltr'><strong>et</strong></span> <span class='ocrx_word' id='word_1_1026' title='bbox 2401 5889 2600 5934; x_wconf 70' lang='lat' dir='ltr'><strong>natura:</strong></span> <span class='ocrx_word' id='word_1_1027' title='bbox 2613 5897 2813 5950; x_wconf 82' lang='lat' dir='ltr'><strong>semper</strong></span> <span class='ocrx_word' id='word_1_1028' title='bbox 2835 5878 3090 5935; x_wconf 83' lang='lat' dir='ltr'><strong>manentis</strong></span> <span class='ocrx_word' id='word_1_1029' title='bbox 3113 5891 3285 5950; x_wconf 55' lang='lat' dir='ltr'><strong>potes.</strong></span> 
     </span>
    </p>
   </div>
  </div>
