3970 6408
478 320 582 377 967

1081 319 1327 381 SANCTI
1363 319 1636 384 EUSEBII
1677 322 2196 387 VERCELLENSIS
2239 329 2324 386 DE
2367 327 2738 388 TRiNlTATE
2775 326 3175 390 CONFESSIO.

3670 333 3779 391 968

475 438 620 509 quod
654 438 770 508 ipse
823 451 922 510 per
954 438 1282 512 Prophetam
1319 442 1494 499 dicit:
1540 443 1608 498 Et
1635 461 1771 499 nunc
1815 444 2069 501 Dominus
2097 452 2148 512 Α
2179 450 2336 505 linem
2377 449 2705 506 sreculorum
2738 448 2912 506 Judex
2941 449 3184 504 omnium
3227 445 3478 504 vivorum
3525 456 3580 505 et
3625 464 3778 505 mor-

478 534 616 588 misit
637 551 745 600 me,
778 543 823 587 et
853 533 1068 604 spiritus
1095 536 1208 602 eius
1237 535 1395 608 (Isai.
1429 553 1591 593 vaut
1612 580 1626 604 ,
1664 539 1778 610 16).
1804 540 1846 594 Δ
1873 555 1932 594 se
1960 541 2076 610 ipso

478 640 694 696 quoque
728 627 926 682 missus
977 628 1244 698 accipitur
1275 638 1300 665 ει
1325 645 1424 700 pro
1453 645 1543 695 co,
1573 630 1717 701 quod
1746 630 1865 686 sine
1917 647 2078 702 para-

477 719 638 784 bolis,
663 735 769 773 non
795 721 977 776 solum
1009 722 1285 788 voluntas,
1311 724 1408 779 sed
1438 725 1762 795 etoperatio
1786 728 1952 781 totius
1981 726 2078 780 tri-

478 811 660 866 nitatis
682 813 1016 883 agnoscitur.
1053 814 1149 870 llic
1179 816 1326 872 enim
1373 817 1467 888 qui
1489 826 1617 873 ante
1657 819 1857 874 saecula
1888 819 2081 892 unige-

476 905 620 960 nitus
645 916 730 961 est
751 917 976 964 vocatus
1007 908 1393 979 spiritualiter,
1428 912 1823 982 primogenitus
1857 923 1938 968 est
1969 914 2078 968 lac-

475 1007 580 1052 tus.
606 997 935 1070 Uuigenitus
961 1013 1186 1072 propter
1212 1002 1523 1059 Divinitatis
1545 1004 1928 1060 substantiam.
1956 1005 2077 1060 Pri~

475 1092 778 1162 mogenitus
807 1101 1032 1163 propter
1059 1107 1357 1166 assumpta:
1385 1099 1570 1153 carnis
1589 1107 1859 1164 naturam,
1892 1099 1944 1152 in
1974 1114 2079 1169 qua

474 1187 712 1256 suscepti
748 1186 985 1243 hominis
1017 1188 1356 1260 lormajuxta
1381 1192 1751 1262 evangelicam
1785 1192 2077 1248 veritatem

475 1276 502 1316 ι’
535 1279 652 1334 sine
681 1289 908 1351 peccato
936 1293 1255 1352 conceptus,
1299 1283 1418 1339 sine
1466 1293 1696 1355 peccato
1743 1295 1934 1351 natus,
1961 1285 2079 1341 sine

474 1384 703 1442 peccato
728 1385 974 1432 mortuus
997 1375 1267 1440 creditur.
1296 1378 1388 1448 qui
1415 1379 1564 1434 solus
1589 1393 1684 1446 pro
1709 1378 1866 1434 nobis
1887 1393 2080 1448 pecca-

477 1478 564 1522 tor
589 1477 676 1524 est
703 1467 899 1535 lactus,
924 1469 978 1524 id
999 1477 1085 1526 est
1111 1470 1438 1526 sacriﬁcium
1466 1487 1562 1540 pro
1592 1473 1829 1542 peccatis
1850 1472 2076 1528 nostris.

477 1561 542 1616 Et
566 1571 748 1619 tamen
775 1565 1084 1632 passionem
1118 1565 1324 1636 ipsam,
1356 1566 1506 1622 salva
1537 1567 1834 1624 Divinitate
1857 1583 1955 1623 sua
1978 1581 2079 1639 pro

471 1654 691 1713 delictis
736 1658 942 1714 nostris
993 1659 1283 1725 sustinuit,
1341 1662 1612 1732 mortique
1649 1661 1966 1732 judicatus,
2023 1669 2080 1718 et

484 1750 632 1805 cruci
665 1764 850 1806 veram
881 1751 1063 1808 carnis
1105 1763 1338 1809 mortem
1382 1753 1617 1826 excepit.
1647 1755 1829 1811 Tertia
1859 1771 2080 1828 quoque

2183 555 2421 601 tuorum.

2251 638 2415 695 XVII.
2460 638 2588 696 Inde
2609 653 2732 695 cum
2763 639 2967 695 sanctis
2991 639 3247 695 omnibus
3269 638 3454 695 veniet
3481 638 3548 694 ad
3578 637 3779 696 facien-

2180 733 2308 788 dum
2356 732 2656 803 judicium,
2709 733 2941 788 reddere
2998 732 3292 804 unicuique
3319 731 3626 789 mercedem
3656 747 3782 803 pro-

2183 829 2297 899 prie
2327 829 2564 884 debitam
2591 869 2606 897 ,
2648 839 2800 900 prout
2830 828 3044 900 quisque
3071 829 3283 900 gesserit
3315 829 3368 883 in
3397 844 3613 898 corpore
3639 829 3780 896 posi-

2181 933 2261 977 tus
2283 966 2298 990 ,
2327 925 2432 978 sive
2460 923 2651 978 bonum
2672 966 2686 991 ,
2715 923 2819 978 sive
2847 923 3040 977 malum
3071 923 3089 993 (
3117 921 3136 977 Ι
3161 923 3282 978 Cor.
3315 937 3380 989 v,
3424 921 3543 992 10).

2254 1013 2554 1070 Ecclesiam
2579 1024 2821 1070 sanetam
2845 1013 3164 1070 catholicam
3193 1013 3372 1085 pretio
3391 1014 3478 1070 sui
3508 1014 3783 1086 sanguinis

2179 1116 2548 1179 comparatam
2578 1123 2701 1164 cum
2748 1124 2815 1164 co
2855 1108 3126 1164 credimus
3156 1108 3207 1163 in
3241 1116 3564 1178 perpetuum
3591 1123 3782 1178 regna-

2181 1208 2378 1255 turam.
2412 1201 2556 1256 intra
2583 1200 2740 1273 cujus
2768 1202 3031 1272 gremium
3061 1201 3344 1256 constituti
3389 1217 3556 1256 unum
3589 1201 3786 1272 baptis-

2183 1311 2269 1351 ma
2315 1297 2619 1364 credimus;
2650 1307 2705 1352 et
2748 1297 3071 1353 conﬁtemur
3108 1296 3163 1351 in
3195 1297 3518 1352 remissione
3545 1297 3786 1353 omnium

2184 1399 2553 1459 peccatorum.
2589 1390 2702 1448 Sub
2727 1407 2833 1462 qua
2861 1390 2987 1456 ﬁde,
3017 1399 3073 1446 et
3109 1389 3516 1446 resurrectione
3545 1401 3787 1447 mortuo-

2183 1497 2304 1537 rum
2334 1483 2603 1539 veraciter
2629 1483 2939 1551 credimus,
2973 1492 3029 1539 et
3054 1481 3221 1538 futuri
3250 1482 3438 1539 saeculi
3466 1484 3669 1555 gaudia
3694 1501 3786 1540 ex-

2184 1585 2517 1647 spectamus.

2255 1671 2369 1728 l’loc
2416 1679 2625 1727 tantum
2672 1673 2834 1728 nobis
2860 1673 3270 1742 orandum‘est,
3302 1685 3358 1732 et
3386 1675 3692 1747 petendum
3738 1687 3791 1732 ut

2183 1783 2305 1824 cum
2341 1776 2601 1839 peracto,
2635 1769 2894 1839 ﬁnitoque
2917 1769 3122 1840 judicio
3152 1770 3438 1827 tradiderit
3464 1772 3644 1827 Filius
3707 1787 3792 1828 re-

485 1841 578 1898 die
627 1844 828 1902 virtute
875 1844 1093 1918 propria
1141 1846 1438 1904 suscitatus
1507 1848 1578 1906 de
1641 1850 1894 1921 sepulcro
1957 1865 2080 1906 sur-
2107 1855 2155 1916 B
2182 1877 2346 1933 suum
2379 1862 2488 1918 Βοο
2517 1870 2572 1917 el
2599 1861 2768 1927 Patri,
2798 1863 3095 1933 participes
3126 1877 3225 1919 nos
3250 1861 3453 1920 efﬁciat
3479 1865 3637 1935 regni
3665 1865 3753 1918 sui
3773 1905 3790 1929 ν

478 1937 638 1993 rexit.

541 2031 682 2087 XVI.
727 2033 840 2090 Hoc
865 2049 996 2106 ergo
1024 2035 1279 2107 exemplo
1317 2037 1510 2108 capitis
1541 2038 1714 2092 nostri
1747 2039 2076 2094 conlitemur

468 2140 652 2182 veram
686 2126 802 2182 ﬁeri
852 2127 1315 2185 resurrectionem
1357 2129 1536 2184 carnis
1567 2129 1808 2184 omnium
1839 2139 2080 2185 mortuo—

470 2234 614 2274 rum.
649 2217 764 2274 Nec
809 2220 862 2274 in
913 2220 1096 2288 aeria,
1140 2223 1224 2277 vel
1267 2222 1512 2293 qualibet
1553 2223 1660 2278 alia
1709 2239 1877 2280 carne
1923 2235 1978 2290 ο,
2022 2231 2082 2279 ut

469 2313 690 2386 quidam
715 2313 954 2369 delirant
983 2323 1394 2372 resurrecturos
1422 2331 1519 2372 vos
1548 2316 1826 2373 credimus
1850 2360 1865 2385 ,
1898 2318 1995 2373 sed
2027 2318 2078 2373 in

471 2407 608 2472 ista,
639 2422 744 2478 qua
771 2406 1026 2476 vivimus,
1054 2408 1404 2465 consistimus
1437 2420 1492 2465 et
1519 2425 1823 2466 movemus.
1852 2410 2081 2467 Peracto

472 2500 635 2570 huius
663 2510 867 2557 sancte
894 2502 1319 2558 resurrectionis
1361 2504 1616 2574 exemplo
1649 2503 1789 2559 idem
1823 2503 2083 2561 Dominus

472 2603 691 2662 noster,
725 2606 890 2666 atque
919 2595 1174 2652 Salvator
1204 2607 1488 2666 paternam
1517 2597 1866 2655 ascendendo
1892 2598 2079 2655 sedem

471 2690 768 2760 repetivit,
801 2688 871 2745 de
900 2705 1006 2760 qua
1040 2706 1336 2763 numquam
1370 2708 1469 2763 per
1496 2693 1838 2749 divinitatem
1869 2693 2080 2750 disces-

469 2783 558 2840 sit.
591 2783 725 2839 llluc
752 2783 820 2838 ad
846 2783 1126 2840 dexteram
1156 2783 1334 2840 Patris
1377 2785 1576 2841 sedens
1624 2794 1973 2857 exspectatus
2023 2786 2077 2842 in

472 2955 549 3000 tas
577 2956 673 3008 est,
704 2961 820 3016 qua:
847 2946 1068 3011 initiata,
1117 2945 1427 3016 conditaque
1457 2961 1549 3015 per
1585 2961 1640 3000 se
1668 2961 1842 3009 carne,
1886 2962 1987 3000 non
2017 2962 2071 3001 se

473 3034 540 3073 ea:
570 3018 845 3086 inﬁnitatis
868 3033 976 3072 sua:
1001 3019 1187 3089 virtute
1208 3017 1344 3089 intra
1371 3020 1632 3089 regionem
1658 3017 1858 3088 deﬁniti
1889 3034 2074 3085 corpo-

473 3090 547 3143 ris
575 3091 869 3143 coarctavit.
905 3090 962 3147 8.
1009 3089 1114 3144 Hil.
1148 3087 1216 3143 de
1245 3088 1397 3144 Trin.
1425 3087 1516 3143 lib.
1545 3105 1606 3152 x,
1640 3107 1694 3144 n.
1727 3087 1795 3144 16
1814 3130 1827 3152 ,
1856 3104 1910 3159 p.
1938 3090 2065 3145 551.

548 3170 575 3199 α
597 3160 703 3216 Sed
734 3165 867 3230 forte
893 3161 1015 3215 dicit
1039 3160 1226 3230 aliquis
1243 3159 1300 3214 :1
1310 3162 1402 3214 deo
1427 3163 1594 3214 minor
1621 3169 1716 3225 est,
1737 3163 1860 3230 quia
1883 3162 2069 3216 missus

475 3233 686 3304 legitur.
723 3231 786 3286 Et
815 3234 938 3303 quid
959 3233 1197 3305 dicturus
1216 3242 1290 3286 est
1313 3249 1429 3285 cum
1470 3233 1592 3305 legit
1623 3231 1820 3305 Isaiam
1855 3233 2071 3305 praphe-

477 3303 580 3357 tam
607 3320 670 3358 ex
698 3320 918 3374 persona
947 3304 1136 3359 Christi
1167 3304 1416 3357 dicentem
1447 3317 1465 3357 :
1494 3303 1756 3358 Dominus
1783 3305 1932 3359 misit
1953 3303 2068 3368 'mc,

2185 1965 2243 2012 ut
2285 1956 2377 2027 qui
2406 1970 2504 2027 per
2533 1957 2672 2012 hanc
2705 1956 2863 2013 ﬁdem
2908 1956 2984 2012 illi
3014 1956 3345 2014 inhaeremus
3383 1973 3508 2014 cum
3534 1959 3634 2015 illo
3676 1958 3792 2015 sine

2187 2053 2295 2108 ﬁne
2329 2066 2639 2123 regnemus.

2256 2144 2383 2201 Haec
2406 2141 2433 2183 ἀ
2464 2155 2549 2202 est
2578 2145 2940 2202 confessionis
2986 2155 3187 2203 nostra:
3207 2147 3346 2230 ﬁdes
3374 2146 3621 2218 exposita
3655 2189 3670 2213 ,
3700 2161 3792 2218 per

2186 2257 2348 2314 quam
2382 2241 2758 2297 ltmreticorum
2801 2241 2995 2312 dogma
3042 2242 3358 2314 perimitur,
3389 2259 3485 2314 per
3511 2259 3690 2314 quam
3735 2245 3792 2297 ﬁ-

2187 2336 2390 2393 delium
2424 2336 2598 2392 corda
2630 2330 3112 2408 mundantur,°per
3139 2354 3300 2408 quam
3329 2337 3488 2394 etiam
3520 2338 3589 2393 ad
3618 2339 3791 2395 Deum

2186 2433 2426 2502 gloriose
2454 2431 2758 2500 acceditur,
2783 2431 2939 2502 cujus
2965 2442 3316 2489 sacrosancto
3339 2447 3532 2504 sapore
3561 2433 3679 2489 sub
3702 2435 3792 2489 tri-

2185 2525 2368 2581 duano
2391 2525 2600 2582 dierum
2623 2524 2833 2595 jejunio
2859 2526 3118 2581 continua
3146 2526 3466 2582 relationum
3487 2527 3792 2583 collatione

2185 2630 2462 2678 ructantes
2483 2619 2550 2675 ad
2576 2634 2638 2674 ea
2657 2659 2672 2684 ,
2697 2633 2818 2690 quze
2846 2619 3076 2676 subnixa
3103 2628 3230 2676 sunt
3257 2621 3499 2691 sequenti
3550 2619 3657 2678 dic
3700 2636 3792 2678 es-

2185 2715 2436 2787 ponenda
2485 2713 2857 2770 transivimus.

2172 2945 2390 2999 {uertant
2439 2940 2784 3012 Bardcsanus
2832 2937 3038 3010 Syrus,
3087 2951 3143 2998 et
3195 2940 3284 2994 alii
3329 2941 3550 3012 plures,
3590 2956 3785 3001 contra

2171 3032 2308 3088 quos
2342 3017 2534 3088 Patres
2561 3011 2941 3088 Aquileienses
2966 3012 3038 3088 _in
3072 3011 3668 3088 symbolo’apostolico
3695 3020 3787 3072 ad-

2173 3081 2429 3143 diderunt
2471 3086 2539 3140 ad
2587 3083 2740 3139 illum
2784 3081 3075 3138 articulum
3102 3081 3291 3140 carnis
3323 3081 3791 3146 resurrectionem

2173 3175 2476 3230 pronomen
2508 3157 2698 3230 hujus,
2731 3163 2787 3209 ut
2830 3153 3027 3230 docet_
3056 3156 3408 3230 Ruﬁnuslib.
3457 3174 3472 3212 ι
3518 3158 3786 3217 Invectiv.

2176 3227 2226 3287 in
2269 3231 2326 3287 8.
2361 3227 2680 3301 llierOnym.
2706 3242 2856 3301 num.
2881 3229 2914 3282 ιι
2944 3244 2956 3280 :
2991 3228 3156 3284 Sacra
3184 3227 3513 3296 aquileiensis
3547 3231 3788 3288 Ecclesia

2175 3305 2271 3358 Dei
2298 3303 2483 3370 spirittt
2513 3298 2718 3372 futuras
2745 3298 3014 3353 adversum
3039 3318 3131 3355 nos
3157 3301 3444 3355 calumnias
3468 3306 3788 3372 prwvidente

475 3384 531 3430 et
561 3371 798 3454 Spiritus
837 3376 1039 3454 ejus.._._
1079 3374 1409 3454 Credendum
1437 3386 1517 3454 est
1542 3376 1696 3454 mitti,
1750 3377 1836 3445 qui
1883 3377 2068 3454 ubique
2097 3391 2142 3454 ρ
2174 3375 2442 3454 ubitradit
2459 3371 2634 3427 carnis
2661 3371 3257 3454 resurrectionemmddit
3289 3374 3443 3452 unius
3459 3371 3788 3454 pronominis

474 3447 989 3520 esseidignoscitur;
1006 3448 1162 3520 Brev_.
1197 3447 1447 3520 tid._adv.
1491 3448 1654 3504 Arian
1677 3487 1693 3511 ,
1735 3457 1794 3501 ut
1823 3448 2069 3518 sequitur

477 3519 537 3574 8.
575 3515 831 3573 Hilarius.
863 3521 918 3570 Α
943 3517 1086 3573 Filio
1118 3515 1451 3572 Paracletum
1479 3520 1691 3572 missum
1715 3515 2065 3585 meminimus,

474 3599 522 3644 et
549 3591 601 3644 in
655 3591 914 3659 principio
945 3592 1040 3644 hoc
1068 3589 1198 3660 fides
1239 3591 1354 3658 ipsa
1383 3590 1638 3659 exposuit.
1673 3591 1780 3644 Sed
1804 3591 1924 3654 quia
1959 3591 2068 3660 [rec

470 3672 684 3731 quenter
716 3679 805 3730 per
826 3661 1169 3729 indiﬂ'erentis
1208 3670 1408 3715 natura:
1448 3662 1686 3716 virtutem
1731 3679 1889 3732 Opera
1931 3680 2026 3716 sua
2051 3702 2067 3731 ,

471 3749 630 3803 Opera
662 3732 838 3788 Patris
867 3750 977 3788 esse
1015 3734 1148 3788 dixit
1176 3734 1373 3799 dicens,
1411 3732 1567 3788 Joan.
1599 3750 1656 3798 χ,
1687 3735 1777 3790 37.
1811 3732 2069 3789 Missurus

471 3819 671 3873 quoque
700 3803 1035 3860 Paracletum
1055 3806 1209 3859 sicuti
1261 3807 1553 3875 frequenter
1594 3806 1873 3873 spopondit
1908 3806 2067 3859 inter-

470 3876 596 3931 dum
625 3894 738 3932 eunt
763 3887 811 3932 et
839 3877 1140 3933 mittendum
1169 3874 1300 3931 dixit
1325 3874 1358 3930 α
1378 3874 1556 3948 Patre,
1583 3876 1707 3930 dum
1732 3893 1898 3942 omne,
1931 3879 2068 3948 quod

469 3960 665 4019 ageret,
691 3950 772 4021 pie
799 3953 994 4022 referre
1015 3958 1118 4015 est,
1146 3949 1330 4003 solitus
1369 3947 1438 4022 ad
1473 3947 1706 4022 Patrem,
1744 3965 1808 4002 ea:
1832 3947 2067 4019 quo/ta:-

465 4022 615 4092 (elici
640 4023 959 4092 occasionem
986 4025 1277 4092 frequenter
1323 4021 1620 4092 arripiunt,
1651 4031 1705 4074 ut
1747 4022 1918 4091 ipsum
1958 4037 2068 4076 esse

469 4089 668 4161 Filium
695 4089 1022 4148 Paracletum
1051 4089 1352 4146 mittendum
1379 4109 1411 4145 a
1445 4091 1604 4145 Patre
1645 4093 1711 4147 sit
1738 4089 2062 4161 precaturus,

465 4160 816 4235 (li/ferentium
854 4165 996 4218 missi
1041 4165 1369 4235 rogantisque
1396 4164 1671 4234 signi/iret.
1707 4160 1796 4219 Sic
1828 4164 1887 4218 S.
1922 4164 2064 4218 llila-

470 4233 584 4307 rius
615 4234 710 4288 lib.
755 4235 830 4307 tle
877 4233 1378 4307 Synodis‘rQrient”
1427 4250 1522 4290 seu
1568 4236 1636 4290 de
1678 4235 1782 4289 lide
1809 4235 2064 4307 Orienta-

470 4303 713 4376 liumin.
745 4306 850 4370 2t),
893 4303 1017 4376 pag.
1067 4305 1234 4371 494.;
1282 4317 1338 4360 et
1382 4307 1645 4376 sequitur,
1679 4322 1828 4361 num.
1859 4307 1922 4360 2-1
1956 4324 1968 4359 :
2005 4306 2067 4361 Si

467 4376 584 4445 quis
605 4375 870 4448 Spiritum
898 4375 1150 4432 sanctum
1193 4387 1387 4448 partem
1411 4375 1546 4432 dicat
1595 4376 1774 4432 Patris
1804 4377 1882 4432 vel
1912 4377 2060 4446 Filii,

467 4445 744 4501 anathema
769 4449 856 4504 sit.

540 4517 567 4557 δ
592 4520 747 4586 QUod
798 4520 885 4576 hic
931 4521 1144 4591 legatur
1174 4536 1187 4573 ε
1235 4519 1344 4574 sine
1373 4529 1580 4588 peccato
1609 4529 1906 4589 conceptus,
1953 4521 2064 4576 sine

467 4600 674 4660 peccato
701 4605 874 4656 natus,
932 4593 1041 4646 sine
1094 4602 1304 4663 peccato
1352 4601 1583 4645 mortuus
1633 4591 1898 4658 creditur,
1946 4592 2062 4654 lta'c

464 4664 634 4718 credo
689 4663 976 4720 referenda
1007 4680 1129 4719 esse
1183 4663 1248 4716 ad
1301 4663 1504 4716 illamet
1549 4663 1709 4718 verba
1747 4664 1805 4720 S.
1843 4664 2060 4720 Eusebii

460 4735 856 4807 subscribentis
895 4737 1144 4805 epistola:
1191 4735 1467 4807 synodica:
1513 4733 1624 4804 jam
1665 4734 1899 4807 laudata:
1927 4751 1956 4788 a
1984 4736 2056 4807 AS.

465 4805 769 4862 Athanasio
796 4809 862 4864 ad
890 4793 1267 4863 A'ntiochenos
1297 4807 1478 4860 missa:
1506 4793 1557 4860 i'n
1586 4808 1691 4861 ﬁne
1707 4806 1862 4876 cujus
1888 4805 2060 4876 scrip-
2088 4793 2138 4851 Ι)

465 4879 536 4932 sit
567 4878 708 4935 idem
738 4881 1009 4936 Eusebius
1045 4897 1059 4934 :
1107 4879 1174 4933 Et
1202 4888 1410 4950 excepto
1463 4889 1673 4948 peccata
1697 4879 1897 4945 omnia,
1945 4894 2059 4948 qua:

462 4951 646 5005 veteris
674 4963 818 5006 erant
846 4962 1034 5006 nostra:
1055 4951 1393 5004 humanitatis
1412 4991 1426 5015 ,
1450 4961 1558 5006 etc.

539 5032 561 5059 ο
605 5023 682 5077 Ex
715 5023 816 5079 hoc
844 5033 1034 5093 aperte
1074 5023 1284 5078 eruitur
1316 5037 1554 5093 pugnare
1599 5021 1890 5077 Eusebium
1935 5035 2064 5076 con-

463 5099 547 5145 tra
569 5108 810 5151 errorem
838 5095 1093 5166 Origenis
1115 5093 1371 5166 docentis
1395 5108 1500 5147 non
1529 5109 1786 5166 carnem,
1819 5093 1922 5166 sed
1944 5108 2066 5166 cor-

467 5177 598 5231 pora
647 5163 1001 5235 suscitanda,
1055 5181 1231 5235 neque
1277 5165 1466 5220 eadem
1497 5206 1510 5230 ,
1557 5165 1649 5220 sed
1689 5165 1792 5220 alia
1840 5163 2062 5219 subtilia

461 5247 617 5308 aerea
649 5238 924 5301 ctelestia,
957 5253 1078 5308 quae
1107 5237 1357 5292 indutura
1387 5245 1513 5290 sunt
1545 5239 1739 5290 animm
1771 5238 1888 5290 loco
1918 5251 2067 5290 cras-

464 5304 627 5360 sioris
654 5310 798 5363 illius
823 5304 1120 5365 materialis
1138 5351 1152 5375 ,
1176 5318 1231 5364 et
1257 5309 1438 5364 carnei
1461 5349 1475 5373 ,
1505 5309 1649 5378 quod
1677 5322 1819 5362 nunc
1842 5317 2067 5376 regunt,

463 5382 519 5451 et
565 5378 825 5451 animant.
874 5381 1028 5447 Quod
1079 5381 1312 5451 dogma,
1355 5394 1450 5434 seu
1507 5380 1753 5434 timresim
1803 5378 1857 5434 in
1907 5378 2062 5451 Com.

459 5444 662 5521 Psalm.
703 5458 832 5504 tom.
881 5444 914 5506 ι’
942 5452 1074 5506 edit.
1104 5444 1302 5507 VEnet.
1340 5461 1547 5507 recent.
1582 5465 1704 5521 pag.
1749 5451 1886 5511 598,
1923 5450 2063 5517 599,

463 5517 714 5594 tradidit,
745 5533 799 5576 et
827 5523 1094 5594 inAMatth.
1126 5538 1245 5594 pag.
1279 5522 1415 5589 544,
1451 5517 1598 5588 446,
1629 5517 1759 5577 tom.
1785 5521 1939 5586 Xlll,
1971 5537 2066 5576 seu

460 5595 598 5644 tom.
640 5589 744 5660 Ill,
775 5589 1336 5662 conﬁrmavitltfuam
1378 5596 1629 5651 haeresim
1676 5595 1847 5649 secuti
1876 5602 2064 5664 postea

2173 3449 2462 3519 syllabam,
2503 3455 2676 3519 etpro
2716 3461 2810 3506 eo,
2860 3443 2996 3512 quod
3024 3445 3200 3498 dicunt
3241 3446 3414 3497 carnis
3452 3452 3787 3505 resurrectio.

2175 3517 2289 3574 nem
2316 3561 2327 3582 ,
2360 3535 2450 3572 nos
2477 3517 2698 3570 dicimus
2723 3531 2740 3568 :
2769 3529 2930 3569 nutus
2956 3531 3143 3571 CARNIS
3173 3529 3676 3575 BESUBRECTIONEI.

2247 3591 2304 3646 In
2334 3591 2438 3645 hoc
2468 3586 2718 3659 symbolo
2743 3601 2846 3640 nec
2870 3587 2926 3640 in
2954 3589 3130 3652 aeria,
3169 3590 3248 3643 vel
3281 3589 3510 3658 qualibet
3540 3593 3647 3646 alia
3674 3610 3786 3646 car-

2174 3681 2237 3719 ne
2260 3704 2274 3726 ,
2302 3673 2355 3717 ut
2379 3662 2588 3736 quidam
2619 3659 2845 3736 delirant
2873 3670 3257 3736 resurrecturos
3287 3673 3387 3714 nos
3415 3661 3607 3717 tradit.
3642 3665 3785 3736 Ergo

2173 3744 2363 3792 Contra
2393 3731 2516 3787 illos
2537 3771 2553 3794 ,
2585 3733 2677 3802 qui
2705 3731 3158 3802 resurrectionem
3189 3731 3383 3786 aliena:
3415 3736 3603 3788 carnis
3629 3778 3644 3800 ,
3690 3731 3784 3791 seu

2175 3807 2456 3870 materizc,
2517 3801 2676 3873 quam
2735 3801 2893 3874 hujus
2948 3803 3121 3857 nostri
3167 3803 3416 3874 corporis
3473 3805 3782 3862 docuerunt

2173 3882 2365 3950 dogma
2405 3878 2712 3950 statuitur,
2724 3873 2971 3950 adeoque
2997 3915 3012 3939 ,
3035 3875 3186 3950 sicut
3218 3873 3331 3950 jam
3378 3876 3433 3928 in
3467 3881 3784 3944 praefatione

2172 3945 2408 4006 diximus
2437 3964 2556 4004 cum
2584 3947 2642 4002 S.
2671 3945 3002 4016 Hieronymo
3029 3945 3089 4000 S.
3123 3946 3414 4001 Eusebium
3447 3963 3786 4006 commenta-

2174 4026 2283 4079 rios
2308 4023 2637 4092 psalmorum
2663 4017 2913 4092 Qrigcnis
2937 4017 3005 4092 de
3024 4017 3216 4092 Graeco
3241 4018 3292 4071 in
3317 4018 3570 4092 Latinum
3597 4038 3786 4079 cmen-

2171 4088 2616 4150 datis'erroribus
2645 4088 2864 4164 dedisse
2885 4129 2898 4151 ,
2933 4088 3094 4164 facile
3125 4091 3322 4164 cuique
3349 4090 3468 4164 erit
3497 4093 3587 4148 hic
3617 4109 3782 4164 agno-

2171 4182 2324 4224 scere
2349 4208 2364 4231 ,
2398 4173 2589 4220 contra
2619 4175 2778 4232 quem
2813 4161 2916 4232 hoc
2961 4161 3154 4231 dogma
3194 4162 3477 4217 deﬁnitum
3514 4161 3676 4220 fuerit
3717 4169 3782 4220 ab

2172 4248 2394 4293 auctore
2417 4231 2987 4308 liuius_eonfession_is
3031 4233 3425 4308 maximegcum
3471 4236 3521 4289 in
3556 4239 3784 4308 reliquis

2169 4304 2607 4382 symbolis,nihil
2637 4313 2900 4382 statutum
2930 4304 3101 4382 fuerit
3121 4315 3228 4358 tam
3244 4306 3453 4382 clarum
3469 4320 3657 4382 contra
3680 4304 3780 4364 ’ρι’-

2170 4375 2349 4437 rorem
2381 4377 2634 4452 Origenis
2664 4375 2837 4452 verbo
2869 4375 3403 4452 ipsarcfcrentibus,
3445 4389 3511 4452 ut
3535 4381 3620 4435 hic
3650 4382 3782 4452 legi-

2170 4463 2280 4508 tur.
2313 4454 2386 4506 De
2408 4447 2508 4524 qua
2537 4449 2787 4524 0rigc‘nis
2815 4447 3034 4524 ltmresi,
3060 4449 3138 4502 sic
3159 4447 3216 4504 8.
3250 4447 3584 4524 Epiphanius
3610 4447 3782 4524 srrip-

2168 4525 2238 4580 sit
2269 4517 2555 4594 speciatim
2588 4521 2640 4575 in
2673 4519 2769 4574 lib.
2800 4517 3106 4575 Ancoratus
3135 4535 3257 4594 pag.
3283 4517 3417 4575 mihi
3449 4522 3557 4578 556
3583 4543 3596 4575 :
3629 4525 3693 4578 At
3721 4517 3782 4581 de

2169 4597 2249 4652 his
2287 4593 2413 4650 satis
2465 4593 2659 4646 dictum
2707 4606 2815 4664 esse
2844 4601 2968 4663 puto
2993 4633 3008 4656 ,
3040 4593 3220 4664 paucis
3263 4608 3290 4645 ε
3319 4593 3496 4648 multis
3536 4599 3784 4664 exemplis

2167 4687 2198 4723 a
2231 4669 2375 4722 nobis
2404 4665 2711 4738 productis;
2724 4660 2973 4738 Ca’terum
3001 4660 3063 4738 de
3094 4663 3206 4726 his,
3236 4665 3323 4735 qui
3357 4664 3642 4721 Christiani
3671 4660 3779 4724 esse

2166 4733 2432 4803 videntur,
2464 4752 2639 4791 verum
2673 4733 2886 4808 Origeni
2911 4736 3124 4790 credunt
3151 4746 3198 4789 et
3229 4733 3550 4791 mortuorum
3576 4742 3776 4808 quidem

2164 4811 2590 4867 resurrectionem
2634 4807 2947 4874 conﬁtentur
2972 4849 2986 4871 ,
3034 4819 3139 4860 tum
3183 4810 3356 4862 carnis
3399 4821 3628 4876 nostrat,
3670 4824 3778 4866 tum

2167 4885 2401 4954 corporis
2429 4879 2669 4944 Domini,
2692 4878 2862 4932 sancti
2889 4879 3030 4933 illius
3056 4895 3118 4954 ex
3141 4878 3314 4933 Maria
3340 4888 3620 4954 assumpti,
3643 4885 3777 4938 hanc

2168 4951 2340 5011 autem
2370 4968 2577 5008 carnem
2603 4967 2708 5004 non
2738 4966 3006 5022 resurgere
3030 4952 3238 5013 dicunt,
3270 4951 3360 5006 sed
3383 4955 3535 5008 etiam
3563 4971 3650 5022 pro
3680 4957 3776 5008 hac

2171 5045 2234 5083 ea:
2265 5026 2374 5081 Deo
2403 5025 2563 5097 dari:
2593 5021 2852 5097 quomodo
2891 5039 2995 5075 non
3037 5023 3318 5097 dixerimus
3358 5027 3522 5097 magis
3564 5021 3776 5093 impiam

2174 5100 2292 5154 aliis
2321 5099 2504 5152 habere
2533 5093 3034 5168 ipsosoninionem,
3065 5106 3110 5148 et
3141 5093 3462 5168 stolidioran
3503 5113 3650 5168 quam
3700 5113 3775 5153 est

2177 5171 2391 5236 (ἔνευσα,
2419 5183 2579 5239 quam
2611 5165 2738 5222 alibi
2772 5165 3109 5239 limresimut
3139 5167 3228 5221 hic
3256 5165 3530 5223 relutavitl

2246 5241 2271 5279 ἀ
2305 5243 2418 5296 Etsi
2441 5237 2518 5294 ‘in
2569 5239 2669 5292 hac
2702 5237 2924 5306 periodo
2954 5238 3202 5292 videatur
3241 5249 3520 5295 auctorem
3565 5241 3775 5296 duobus

2172 5315 2292 5369 aliis
2328 5312 2518 5367 diebus
2546 5310 2784 5365 locutum
2833 5307 2999 5364 fuisse
3024 5309 3092 5364 de
3125 5309 3228 5364 hoc
3259 5313 3519 5380 mysterio
3545 5315 3773 5367 sanctis.

2172 5388 2325 5441 simae
2375 5381 2694 5448 Trinitatis;
2729 5390 2912 5435 tamen
2947 5382 3000 5434 in
3031 5381 3222 5436 codice
3249 5380 3386 5436 nihil
3414 5383 3557 5438 aliud
3587 5385 3769 5442 adest.

2173 5467 2228 5512 ct
2251 5458 2492 5511 ultimam
2542 5453 2792 5525 paginam
2822 5467 3044 5508 vacuam
3073 5451 3261 5520 habet,
3285 5452 3416 5510 alibi
3448 5455 3561 5511 iure
3587 5455 3767 5512 forsan

2173 5528 2404 5600 petenda
2439 5535 2616 5582 erunt.

1907 5789 2258 5810 ﬁ...—
