3970 6408
199 268 302 331 969
880 272 1427 339 EUSEBIANORUM
1463 272 1755 335 OPERUM
1791 271 2136 334 EDITIONIS
2173 275 2772 350 COMPLEMENTUM,
3376 282 3484 342 970

201 456 1124 550 EUSEBIANORUM
1200 464 1709 550 OPERUM
1765 465 2369 552 EDITIONIS
2447 465 3483 566 COMPLEMENTUM:

971 579 1056 643 ΙΝ
1105 580 1269 657 QUO
1318 580 1424 641 DE
1470 580 1861 644 AUCTORIS
1912 581 2110 645 VITA
2149 583 2253 645 ET
2302 583 2650 650 SCRIPTIS

1251 681 1560 735 NOTANDA
1603 682 1891 745 QUIEDAM
1931 685 2389 742 EXPONUNTUB.

205 381 3462 418 W—w—

201 863 240 922 l.
261 862 331 921 De
346 861 551 921 Eusebii
579 860 916 921 Vercellensis
935 860 1040 918 vita
1066 867 1112 918 et
1133 860 1360 934 scriptis,
1379 875 1444 917 ex
1463 857 1767 916 Gallandio.
1794 859 1850 919 Α
1874 858 2268 925 Alexandriam
2299 881 2531 944 rogante
2574 876 2875 940 Athanasio
2905 897 2966 943 se
3008 890 3277 954 contum.
3307 893 3402 952 ubi
3440 902 3497 954 et

266 959 515 1017 Eusebius
546 959 766 1016 natione
794 956 1002 1015 Sardus
1034 955 1144 1030 (a),
1178 932 1327 1013 terra
1365 970 1462 1012 sua
1493 962 1548 1011 et
1576 965 1778 1024 cogna-
1879 957 2092 1026 synodo
2121 932 2461 1024 interfuitvab
2491 932 3277 1044 eodemﬂA—thanasioveiia‘elae.’
3429 932 3498 1048 ei;

201 1056 332 1156 tione
363 1055 579 1124 relicta,
609 1063 774 1156 atque
795 1053 925 1156 .otio
950 1053 1266 1156 domestico.
1283 1050 1778 1156 peregrinationem
1881 1049 2198 1122 singillatim
2212 1072 2604 1137 enarrarequte
2628 1065 3384 1144 inillasynodoAlexandrina
3399 1099 3495 1156 ge-

199 1147 511 1219 praeferens,
560 1155 622 1204 ut
663 1146 837 1220 inquit
873 1157 1096 1203 sanctus
1146 1144 1470 1203 Ambrosius
1523 1141 1632 1216 (ὁ),
1670 1140 1782 1213 pri-
1884 1151 2533 1220 Stasunt,prolixiusesse
2549 1140 3307 1232 quaminstilutinostriratio
3327 1140 3468 1234 re];

197 1257 333 1300 tuum
372 1242 629 1299 Ecclesiae
655 1241 918 1298 Romanae
941 1241 1113 1298 lector
1134 1282 1148 1309 ,
1186 1240 1383 1298 deinde
1414 1236 1781 1295 Vercellensis
1958 1236 2094 1296 Illud
2131 1254 2308 1302 tamen
2341 1247 2486 1306 haud
2519 1221 3491 1329 prmtermittendum—e-xisiimamu‘st

198 1337 462 1410 episcopus
492 1346 579 1395 est
617 1337 922 1395 ordinatus.
975 1337 1043 1394 Et
1080 1338 1206 1408 jure
1249 1335 1465 1408 quidem
1510 1333 1778 1391 creditum
1885 1330 2180 1392 Eusebium
2229 1339 2484 1398 nimirum
2517 1315 2663 1404 illius
2704 1315 3500 1423 synodi

198 1433 298 1506 (ι),
322 1433 459 1505 quod
489 1433 556 1489 ad
587 1448 784 1489 munus
821 1431 1135 1504 episcopale
1162 1431 1350 1487 divino
1378 1436 1529 1487 esset
1574 1427 1784 1484 electus
1885 1426 2078 1525 Latine
2107 1431 2538 1506 subscripsisse;
2571 1443 2715 1513 quod
2748 1446 2968 1516 quidem
2991 1451 3168 1508 refert
3192 1455 3311 1525 ipse
3332 1455 3502 1515 Αιιια-

192 1525 382 1597 judicio
415 1545 430 1582 :
475 1542 636 1599 quem
693 1527 839 1584 enim
895 1541 1189 1598 numquam
1245 1532 1372 1582 ante
1409 1529 1787 1596 cognoverant
1886 1522 2071 1580 nasius
2100 1525 2185 1583 his
2214 1530 2401 1586 verbis
2429 1532 2547 1605 (It):
2591 1535 2709 1609 Ego
2740 1537 3018 1611 Eusebius,
3052 1522 3339 1604 secundum
3379 1567 3503 1607 exa-

197 1622 482 1691 electores,
515 1619 845 1693 posthabitis
871 1620 1108 1716 civibus,
1153 1618 1314 1716 simul
1353 1627 1416 1674 ut
1441 1617 1700 1716 viderunt
1731 1623 1788 1672 et
1889 1626 2024 1673 ctam
2071 1631 2295 1680 vestram
2345 1629 2618 1701 utriusque
2657 1636 2820 1704 partis
2866 1643 3277 1713 confessionem,
3301 1662 3403 1716 qua
3449 1647 3510 1701 in

197 1716 589 1788 ρτοὺεινθτιιηι;
647 1724 968 1786 tantumque
1014 1712 1259 1770 interluit
1303 1719 1366 1767 ιιι
1415 1712 1783 1782 ρνοὶκπθιυτ,
1889 1717 2122 1775 eamdem
2167 1722 2308 1776 circa
2339 1687 3406 1797 hypostases'sententiamtriduanisli:

195 1819 441 1886 quantum
492 1819 553 1867 υῑ
595 1810 914 1868 ﬁderet“:
957 1808 1204 1880 αάθοίιυθ
1251 1807 1448 1864 [nemo
1477 1805 1562 1862 νίν
1609 1814 1788 1860 lamus
1889 1814 2126 1870 eamdem
2173 1782 2621 1891 quoque'conveni
2648 1841 2670 1882 :
2699 1827 2790 1883 sed
2820 1782 3510 1892 etiam

193 1907 388 1973 evasit,
413 1920 573 1978 quem
603 1903 815 1961 scilicet
853 1901 1122 1959 divinitus
1151 1908 1399 1957 vocatum
1427 1899 1605 1956 omnis
1630 1895 1796 1968 elegit
1892 1923 2010 1963 ηεηι
2058 1909 2348 1970 salvatori,
2392 1919 2590 1988 nostri,
2624 1936 2808 1993 nempe
2858 1922 2959 1980 Dei
3005 1923 3209 1983 Filium
3249 1929 3511 1988 hominem

193 2001 436 2060 ecclesia.
466 1999 684 2057 Primus
726 1996 1086 2096 omnium“)
1113 1996 1175 2096 in
1201 1994 1506 2096 occidentis
1547 1992 1792 2096 partibus
1895 2007 2086 2074 factum
2116 2010 2260 2078 esse,
2293 2018 2341 2064 ει
2387 2013 2561 2068 omnia
2591 1992 2777 2086 pum,
2805 2029 3073 2090 peccatum
3123 2027 3472 2096 assumpsisse

194 2095 541 2154 mOMSlicam
569 2095 736 2150 Vitam
766 2090 1005 2148 Clerica“
1051 2089 1337 2162 οοηίυηιίῐ
1368 2105 1382 2142 ε
1413 2087 1586 2144 redux
1632 2083 1794 2140 ηίιηί·
1895 2098 2185 2167 cujusmodi
2209 2113 2317 2158 erat
2345 2069 2788 2179 antiquus-noster

194 2207 312 2248 rum
347 2205 412 2247 ex
438 2187 706 2262 Egypto,
736 2186 831 2245 ubi
855 2187 1112 2244 exsulans
1142 2193 1454 2241 sanctorum
1496 2179 1797 2238 monacho-

1919 2200 2092 2248 ea'tum
2115 2192 2371 2266 Epistolas
2401 2217 2512 2256 meo
2542 2201 2795 2274 suffragio
2826 2179 3151 2276 conﬁrmavi.
3183 2179 3252 2264 Et
3281 2213 3518 2282 quando-

196 2303 316 2344 rum
337 2286 644 2342 institutum
674 2284 969 2357 diligenter
993 2283 1385 2355 perquiSiet‘at,
1415 2288 1476 2336 ut
1498 2286 1689 2336 aUCtOI'
1711 2285 1796 2335 est
1823 2301 1873 2364 Β
1897 2288 2103 2357 quidem
2130 2290 2338 2346 exclusa
2369 2293 2561 2350 dicitur
2591 2295 2919 2355 Sardicensis
2949 2303 3161 2357 concilii
3188 2304 3378 2359 tabella
3403 2347 3418 2372 ,
3451 2322 3517 2361 ne

195 2383 456 2440 Baronius
484 2382 578 2457 (e).
608 2383 770 2441 Anno
817 2391 998 2438 autem
1028 2380 1134 2437 554
1177 2394 1288 2450 quo
1332 2388 1580 2449 tempore
1628 2375 1799 2469 potis-
1899 2381 2040 2436 ultra
2063 2380 2334 2440 Nicamam
2359 2386 2517 2456 ﬁdem
2540 2388 2742 2461 aliquid
2767 2393 2958 2461 exponi
2979 2395 3214 2450 uideatur
3237 2412 3256 2451 :
3284 2413 3375 2469 ego
3397 2398 3518 2452 huic

194 2477 387 2534 simum
418 2477 725 2535 Ecclesiam
755 2474 1046 2533 divexabat
1090 2473 1291 2531 Ariana
1317 2472 1566 2544 impietas
1587 2512 1603 2537 ,
1637 2468 1801 2526 Libe—
1898 2489 2101 2546 quoque
2124 2478 2200 2532 rei
2228 2480 2534 2549 consentio,
2569 2499 2632 2537 ne
2673 2499 2762 2552 per
2803 2485 2951 2539 illam
2983 2485 3204 2542 Nicwna
3253 2468 3382 2559 ﬁdes
3431 2505 3521 2545 ea;-

193 2572 310 2628 rius
335 2587 467 2644 papa
493 2572 706 2630 litteras
729 2571 796 2628 ad
826 2569 1125 2628 Eusebium
1155 2567 1304 2625 dedit
1331 2568 1436 2641 (f),
1477 2566 1675 2638 quibus
1719 2565 1804 2636 ip-
1900 2569 2046 2625 clusa
2093 2572 2358 2642 videatur,
2393 2579 2567 2646 neque
2609 2579 2978 2650 proferendam
3023 2596 3136 2634 eam
3177 2597 3289 2638 esse
3331 2584 3517 2638 sentiO'

193 2681 316 2722 sum
346 2665 604 2738 rogabat,
649 2675 708 2722 ut
735 2680 842 2721 una
881 2679 1007 2720 cum
1052 2661 1198 2719 sedis
1241 2661 1559 2734 apostolica:
1608 2659 1801 2732 legatis
1905 2665 2044 2736 Opto
2073 2666 2130 2723 in
2177 2667 2406 2726 Domino
2454 2688 2542 2726 vos
2574 2671 2702 2728 bene
2748 2674 2939 2729 valere.
2990 2675 3267 2733 Hactenus
3295 2676 3518 2734 Eusebii

194 2761 324 2817 ﬁdei
353 2759 712 2832 patrocinium
740 2759 884 2831 apud
912 2755 1293 2814 Constantium
1325 2755 1647 2826 susciperet.
1692 2752 1804 2807 Ro-

1915 2759 2266 2833 subscriptio;
2299 2765 2388 2820 cui
2431 2764 2550 2822 haec
2579 2766 2865 2837 praemittit
2907 2767 3277 2826 Athanasius:
3310 2771 3526 2834 Τούτοις

192 2870 360 2912 mano
400 2855 644 2927 pontiﬁci
671 2869 878 2911 morem
909 2867 1108 2924 gerens
1137 2852 1331 2908 beatus
1361 2850 1592 2906 antistes
1612 2891 1627 2918 ,
1657 2848 1804 2918 lega-

1915 2859 1989 2913 καὶ
2031 2857 2274 2920 Εὐσέϐιος
2347 2860 2615 2938 ὑπέγραψε
2675 2860 2997 2936 Ῥωμαϊστὶ,
3054 2861 3122 2919 ὧν
3177 2867 3208 2925 ἡ
3258 2865 3521 2942 ἑρμηνεία·

190 2949 376 3019 tisque
400 2947 662 3004 Vercellis
690 2945 993 3004 honoriﬁce
1021 2944 1362 3016 comiterque
1392 2942 1668 3016 exceptis,
1700 2940 1804 2997 vias

1915 2952 2031 3029 Ἐγώ
2054 2956 2304 3017 Εὐσέϐιος
2330 2978 2380 3012 κ.
2412 2981 2463 3015 τ.
2485 2957 2534 3010 λ.
2565 2955 2664 3012 His
2690 2956 2946 3013 Eusebius
2971 2975 3171 3032 quoque
3187 2940 3374 3017 Latine
3400 2962 3522 3016 sub-

184 3045 352 3117 jnxta
379 3055 540 3116 atque
566 3042 853 3116 legationis
881 3041 1141 3098 comitem
1163 3055 1286 3097 sese
1312 3039 1542 3105 obtulit,
1589 3049 1807 3107 unaque
1907 3048 2133 3117 scripsit,
2153 3065 2373 3119 quorum
2388 3050 2497 3104 haec
2515 3049 2960 3121 estintepretatio:
2977 3052 3091 3109 Eco
3109 3052 3516 3121 Eusemus,etc.

185 3153 318 3195 cum
350 3138 456 3194 illis
485 3137 550 3193 ad
580 3137 972 3207 imperatorem
996 3134 1050 3190 in
1073 3132 1278 3190 Gallias
1308 3129 1610 3188 contendit.
1639 3129 1808 3202 Cujus

185 3231 271 3288 rei
304 3231 506 3286 certior
549 3229 722 3285 factus
751 3243 1002 3284 summus
1041 3226 1286 3299 pontifex
1307 3268 1321 3293 ,
1352 3240 1477 3281 mox
1509 3224 1578 3279 ad
1628 3223 1806 3295 ipsum

184 3323 480 3395 rescripsit
510 3323 624 3395 (g),
673 3320 992 3392 signiﬁcans
1031 3328 1233 3392 quanta
1277 3317 1465 3373 laetitia
1518 3315 1686 3373 fuerit
1731 3315 1812 3372 af-

183 3423 396 3490 fectus,
415 3419 541 3477 dum
563 3434 684 3475 cum
707 3417 874 3490 ipsius
893 3416 1086 3488 legatis
1105 3431 1164 3473 se
1181 3414 1495 3487 adjunxisse
1515 3412 1806 3470 intellexit.

257 3517 451 3589 Itaque
478 3517 622 3590 apud
653 3515 1035 3573 Constantium
1065 3512 1286 3569 enixius
1313 3526 1480 3583 agens
1504 3509 1771 3566 Eusebius
1792 3548 1807 3573 ,

1981 3139 2120 3196 Hine
2151 3156 2284 3198 vero
2305 3141 2486 3197 minus
2515 3151 2668 3199 recte
2706 3144 2952 3214 arguisse
2980 3144 3191 3201 videtur
3222 3145 3524 3203 Tillemon-

1912 3229 2018 3287 tius
2049 3231 2153 3305 (ι),
2197 3233 2493 3291 Eusebium
2531 3235 2765 3292 fortasse
2801 3236 3044 3294 Graecam
3090 3238 3330 3310 linguam
3377 3241 3524 3296 haud

1912 3324 2189 3393 calluisse,
2222 3336 2514 3398 propterea
2532 3327 2678 3400 quod
2697 3328 2907 3401 synodo
2924 3330 3308 3388 Alexandrinae
3331 3333 3526 3390 Latine

1913 3419 2322 3491 subscripserit.
2341 3421 2564 3479 Scilicet
2590 3421 2782 3480 Graece
2805 3425 3091 3496 imperitus
3119 3425 3285 3484 fuerit
3316 3428 3527 3499 episco-

1913 3529 2019 3586 pus
2044 3514 2134 3572 ille
2163 3514 2557 3587 Vercellensis,
2586 3519 2680 3591 qui
2715 3528 2855 3576 teste
2885 3520 3218 3594 Hieronymo
3239 3523 3336 3593 (m)
3363 3523 3526 3579 edidit

178 3612 459 3686 quidquid
488 3627 552 3669 ea
583 3611 857 3684 legatione
898 3608 1185 3682 petebatur
1213 3606 1491 3673 obtinuit,
1526 3618 1722 3675 nempe
1751 3606 1812 3658 ut
1915 3607 1970 3660 in
1999 3606 2243 3663 Psalmos
2287 3611 2686 3666 commentarios
2714 3611 2928 3668 Eusebii
2976 3613 3312 3670 Ctesariensis
3337 3657 3352 3682 ,
3395 3632 3523 3687 quos

177 3708 483 3766 concilium
508 3707 916 3764 celebraretur:
945 3703 1090 3776 quod
1120 3702 1307 3774 utique
1334 3716 1480 3757 anno
1511 3701 1803 3770 insequen-
1833 3707 1880 3772 C
1910 3713 1980 3754 ne
2010 3698 2215 3756 Gnaeo
2253 3717 2307 3756 IN
2336 3701 2584 3760 Larinum
2618 3717 2926 3761 vannum.
2967 3705 3150 3764 Satius
3199 3722 3331 3779 ergo
3356 3706 3526 3765 fuerit

176 3812 238 3860 te
268 3802 568 3860 Mediolani
602 3801 703 3857 fuit
731 3807 1003 3857 coactum.
1040 3797 1109 3854 Et
1136 3798 1188 3852 in
1219 3812 1286 3854 eo
1316 3795 1537 3870 quidem
1569 3793 1804 3850 concilio

171 3899 421 3957 eminuit
449 3895 672 3955 Eusebii
704 3895 968 3952 fortitudo
999 3903 1163 3965 atque
1194 3891 1366 3948 animi
1398 3891 1630 3947 ﬁrmitas
1671 3887 1750 3964 (Ii)
1785 3905 1799 3944 :

166 3993 461 4066 siquidem
492 4009 603 4050 non
649 3992 866 4059 minas,
917 4005 1028 4046 non
1070 3987 1321 4055 vincula,
1353 3994 1412 4044 et
1452 4001 1521 4043 ne
1563 3983 1800 4057 gladium

167 4090 412 4164 quidem
441 4088 747 4146 districtum
779 4095 1065 4155 metuens,
1099 4081 1353 4141 exsilium
1383 4097 1484 4152 pro
1511 4077 1801 4137 ministerii

166 4185 268 4244 sui
317 4183 506 4240 ofﬁcio
536 4196 680 4238 anno
711 4180 816 4237 557
869 4178 1144 4250 suscepit,
1182 4175 1561 4249 Scythopolim
1591 4173 1803 4244 relega-

1907 3791 2043 3848 illud
2092 3794 2400 3865 suspicari,
2429 3794 2728 3852 Eusebium
2759 3796 2950 3854 Greece
2980 3798 3127 3870 loqui
3154 3809 3249 3856 aut
3279 3801 3524 3857 scribere

1908 3889 2092 3960 potius
2145 3891 2428 3960 nescisse,
2480 3906 2644 3963 quam
2700 3891 2953 3949 Graecam
3012 3894 3249 3967 linguam
3303 3897 3524 3969 penitus

1907 3983 2192 4054 ignorasse
2219 4001 2232 4038 :
2261 3983 2350 4041 vel
2381 3985 2545 4041 etiam
2567 4027 2582 4053 ,
2615 3985 2758 4056 quod
2808 3987 3026 4057 quidem
3075 3988 3263 4045 malim
3287 4031 3301 4056 ,
3343 3989 3518 4061 ipsum

1902 4077 2034 4135 licet
2065 4078 2254 4136 Graece
2280 4079 2500 4136 doctum
2520 4119 2534 4147 ,
2568 4081 2760 4152 synodi
2792 4080 2997 4138 Graecae
3017 4083 3154 4139 actis
3175 4082 3366 4140 Latine
3393 4085 3524 4142 sub-

1904 4170 2146 4228 scribere
2162 4172 2424 4242 voluisse,
2441 4187 2550 4246 quo
2563 4173 2822 4231 Ecclesiae
2841 4175 3126 4248 utriusque
3141 4193 3442 4237 consensus
3461 4181 3518 4238 in

165 4286 314 4337 tus:
349 4276 444 4335 ubi
474 4276 708 4350 primum
739 4275 808 4330 ab
853 4272 1094 4343 Josepho
1141 4269 1342 4327 comite
1391 4266 1803 4340 perhumaniter
1904 4263 2178 4336 dogmatis
2225 4265 2554 4325 deﬁniendis
2620 4267 2834 4340 plenius
2878 4269 3121 4328 evidenti
3147 4286 3319 4347 usque
3386 4289 3520 4332 con-

165 4379 455 4443 exceptus
476 4371 573 4444 (i);
606 4369 867 4440 deinceps
892 4381 1025 4423 vero
1047 4382 1075 4421 a
1101 4363 1424 4436 Patropliilo
1443 4405 1458 4430 ,
1481 4361 1598 4418 Arii
1629 4377 1805 4432 quon-
1906 4368 2103 4416 staret.

159 4469 308 4527 dam
344 4468 530 4535 socio,
561 4464 782 4522 homine
811 4464 974 4535 plane
997 4461 1334 4528 saevissimo,
1367 4458 1485 4516 dire
1517 4456 1802 4514 fuitvexa-
1974 4455 2094 4514 Jam
2134 4471 2270 4515 vero
2292 4499 2306 4525 ,
2358 4457 2635 4516 celebrata
2691 4457 2906 4531 synodo
2936 4458 3304 4518 Alexandrina
3327 4504 3343 4530 ,
3391 4477 3518 4519 san-

159 4571 292 4619 ius.
326 4560 466 4630 Qum
495 4567 676 4614 autem
707 4565 762 4613 et
800 4563 1003 4628 quanta
1052 4551 1383 4609 fortissimus
1412 4548 1615 4606 Christi
1658 4561 1798 4605 con-
1899 4561 2021 4610 ctus
2048 4554 2418 4612 Vercellensis
2452 4555 2778 4621 antistes,ut
2810 4554 2976 4612 habet
2995 4555 3252 4614 Socrates
3277 4557 3359 4630 (η)
3392 4568 3516 4629 post

153 4659 366 4718 fessor
397 4667 524 4714 tunc
553 4669 743 4727 passus
770 4653 969 4720 fuerit;
1002 4652 1206 4721 scripto
1230 4647 1298 4706 ad
1325 4647 1579 4704 eumdem
1607 4645 1797 4702 Patro-
1896 4645 2153 4704 Ruﬁnum
2185 4648 2260 4722 (ο)
2301 4649 2468 4706 instar
2492 4649 2787 4721 prwstantis
2833 4649 3019 4703 medici
3049 4650 3261 4705 orientis
3301 4652 3512 4722 provin-

150 4755 400 4829 philum
444 4752 703 4808 Arianum
750 4749 942 4804 libello
965 4787 982 4815 ,
1013 4761 1176 4818 quem
1211 4744 1413 4802 litteris
1452 4741 1680 4814 illigavit
1723 4739 1791 4797 ad
1890 4743 2000 4798 cias
2029 4761 2348 4816 peragrans,
2382 4760 2468 4800 eos
2506 4743 2596 4815 qui
2623 4743 2679 4796 in
2705 4741 2811 4813 ﬁde
2837 4740 3036 4811 inﬁrmi
3061 4750 3246 4812 erant,
3274 4743 3344 4798 ad
3379 4743 3513 4800 inte-

149 4863 309 4907 suos
333 4848 391 4903 in
415 4847 624 4902 Italiam
650 4843 864 4909 missis,
888 4841 1121 4913 ipsemet
1146 4839 1413 4896 Eusebius
1434 4839 1668 4894 declarat
1698 4835 1787 4909 (j).
1891 4855 2042 4910 grain
2071 4839 2415 4896 valetudinem
2462 4837 2726 4902 restituit,
2758 4836 3110 4892 ecclesiastica
3146 4836 3385 4892 doctrina
3421 4854 3508 4894 eos

144 4939 509 5017 Scythopoli
534 4933 742 5010 postea
774 4937 826 4992 in
868 4935 1273 5006 Cappadociam
1298 4976 1314 5002 ,
1355 4941 1518 5004 atque
1555 4931 1681 4988 inde
1729 4931 1788 4987 in
1888 4913 2163 4989 1"nstitzteiis
2204 4944 2355 5006 atque
2395 4933 2655 4989 erudiens.
2685 4929 2822 4986 Inde
2851 4940 3024 4986 autem
3051 4931 3317 5002 digressus
3346 4932 3401 4987 in
3428 4931 3511 4989 Il-

141 5033 486 5107 IEgyptum
514 5030 865 5102 deportatus;
899 5027 1246 5098 promulgata
1269 5025 1490 5083 demum
1516 5040 1660 5081 anno
1681 5024 1788 5081 562
1896 5025 2120 5101 lyricum
2160 5030 2336 5099 venit;
2379 5029 2688 5099 tandemque
2724 5027 2779 5082 in
2821 5025 3039 5082 Italiam
3068 5026 3301 5096 delatus,
3331 5030 3511 5086 eadem

135 5126 388 5187 Iuliani
415 5123 598 5184 edicto
623 5122 692 5179 dc
717 5120 1104 5194 episcoporum
1133 5119 1382 5176 exsulum
1409 5118 1786 5188 restitutione,
1896 5121 2102 5194 pietatis
2128 5138 2190 5176 ac
2214 5123 2479 5193 religionis
2505 5121 2682 5194 ofﬁcia
2711 5130 2960 5194 praestare
2987 5120 3234 5190 perrexit.
3256 5120 3340 5178 Ad
3359 5125 3512 5196 cujus

263 5247 330 5320 a)
367 5243 591 5320 Hieron.
615 5241 683 5297 de
708 5239 825 5320 _Vir.
854 5239 1209 5320 illustrL'eap.
1236 5237 1327 5295 96.
1363 5318 1369 5320 _
1538 5311 1582 5320 __
1816 5243 1872 5306 D
2080 5240 2278 5320 Aman.
2304 5240 2449 5320 _l_list.
2470 5239 2738 5320 _A‘rian.__§
2767 5239 2873 5309 '54,
2904 5253 3030 5312 pag.
3060 5237 3186 5296 565.

263 5309 328 5389 b)
367 5317 606 5400 Ambros.
647 5313 809 5397 epist:
849 5310 950 5379 65,
986 5309 1112 5384 §68
1133 5309 1165 5381 ,V
1185 5326 1313 5383 opp.
1356 5318 1490 5369 tom.
1538 5311 1618 5381 ll,
1666 5327 1790 5387 pag.
2071 5309 2270 5382 Epiph.
2301 5313 2446 5369 Hier.
2470 5313 2571 5377 '50,
2603 5311 2708 5384 §5.

263 5395 316 5448 38
339 5433 358 5453 ,
388 5389 523 5446 edtt.
549 5387 655 5442 BB.
682 5385 860 5441 Paris.
1997 5385 2017 5452 ἰ
2071 5382 2262 5440 Euseb.
2297 5385 2443 5441 Vere.
2471 5386 2630 5453 epist.
2660 5385 2708 5441 vi

133 5382 358 5455 1038,
388 5387 523 5446 edit.
549 5387 655 5442 BB.
682 5384 860 5441 Paris.
995 5382 1006 5384 ⁷
1225 5382 1236 5383 ί
1261 5382 1274 5383 ί
1666 5382 1683 5384 “
1739 5382 1761 5387 ⁷
1972 5382 2040 5455 (i)
2071 5382 2262 5440 Euseb.
2297 5385 2443 5441 Verc.
2471 5382 2630 5454 epist;
2660 5384 2770 5441 vid.
2805 5397 2991 5455 supra.

361 5462 442 5545 l-tl‘.
471 5459 604 5545 ibid;
628 5499 642 5526 ,
673 5456 702 5545 ᾗ
729 5456 796 5545 ᾗ
826 5472 949 5527 pag.
980 5455 1158 5545 1915'.“
2063 5457 2257 5545 gilium
2277 5457 2490 5545 tam.“
2506 5457 2763 5545 Antioch.
2781 5466 2962 5545 (Ἆρά.
2987 5455 3027 5524 Ι,
3048 5463 3343 5545 litigium.
3367 5461 3500 5522 776.

228 5527 333 5608 (α’)
372 5533 456 5608 id.
481 5530 649 5608 ibid.,_
678 5527 985 5608 §66,_p‘ag.
1018 5527 1179 5608 3(13‘8.

1964 5527 2027 5608 (ι)
2043 5529 2271 5608 ‘Till‘em.
2296 5530 2629 5608 Mem:_ecc_l_._
2642 5539 2774 5586 tom.
2799 5529 2920 5597 νη,
2952 5543 3074 5608 pag.
3096 5527 3225 5608 530.

225 5599 326 5689 (ς)
365 5605 561 5689 paron.
586 5599 812 5689 adiinn‘.
843 5599 1043 5689 538)Λέ
1207 5687 1218 5689 ξ
1261 5672 1296 5689 η
1371 5681 1414 5689 L
1554 5673 1667 5689 nm
1747 5687 1756 5689 A
1891 5599 2060 5689 ηοξ)
2093 5601 2316 5689 Iiierpn.
2340 5604 2409 5660 de
2429 5603 2543 5660 Vir.
2574 5603 2776 5660 illustr.
2800 5616 2923 5673 cap.
2949 5599 3045 5671 96,
3073 5612 3128 5661 et
3143 5604 3304 5677 epist.
3331 5607 3395 5666 61
3428 5609 3499 5666 ad

227 5671 316 5754 θ’)
340 5677 531 5754 ‘Liber.
557 5675 719 5754 epist.
746 5673 816 5754 ad
835 5673 1058 5754 mEuseb.
1085 5672 1344 5747 Vercell.,
1370 5681 1503 5732 tom.
1554 5673 1667 5734 VIII
1698 5687 1786 5733 no-
1891 5671 2188 5754 Vigilanht”
2219 5675 2246 5748 §
2272 5675 2327 5731 2.

126 5743 316 5832 sti-jac:
338 5749 550 5832 [fano].
569 5743 718 5832 z'col.
750 5743 892 5802 1549
921 5755 973 5800 et
999 5759 1117 5816 seq.
1330 5743 1338 5747 ⁷
1966 5743 2054 5832 in)
2085 5743 2461 5832 §ocrat."lli_st.
2490 5747 2754 5832 ec_cl_.._lib.
2781 5763 2838 5804 ιιι
2859 5789 2873 5812 ,
2901 5761 3029 5832 cap;
3046 5748 3102 5806 9.

223 5823 327 5899 (9)
367 5821 450 5882 ωε
479 5819 610 5880 ibid-
1968 5816 2049 5894 (ο)
2076 5816 2256 5893 Ruﬁn.
2281 5819 2420 5879 Hist.
2444 5821 2582 5879 eccl.
2608 5821 2703 5881 lib.
2733 5837 2784 5893 ι,
2809 5835 2931 5894 cap.
2962 5816 3071 5890 so,
3103 5820 3196 5878 si.

715 5910 993 5976 PATROL.
1022 5908 1176 5984 ΧΠ.
