3716 6322
1269 217 1806 280 PROLEGOMENA.

1719 219 1806 276 ἦΑ.
3071 226 3186 282 -θῖιι

38 347 50 402 i
107 345 424 418 placuisset.
457 341 574 400 Jam
624 356 753 398 vero
794 356 917 398 cum
959 349 1240 398 senectute
1272 341 1360 396 vix
1400 340 1556 402 in-_A
1586 335 1818 390 alterum
1869 336 2194 406 polemicutn
2247 335 2512 392 adversus
2562 339 2841 395 numinum
2884 339 3124 406 cultum,
3159 357 3188 394 a

37 457 62 496 a
117 457 148 496 ε
197 440 332 496 vivis
382 449 601 510 oremus
641 439 745 506 εει,
791 454 1034 494 mearum
1082 453 1202 494 esse
1243 436 1476 508 partium
1585 426 1897 484 Christiano
1943 430 2235 500 scriptum.
2265 429 2562 502 Utriusque
2590 441 2776 489 auctor
2817 432 2870 488 in
2904 433 3062 488 titulo
3091 450 3187 490 vo-

63 545 118 588 nt
144 579 158 600 ,
191 551 310 607 quae
339 534 416 589 illi
445 534 772 603 suasissent,
802 536 917 606 ipse
945 550 1276 604 exsequerer
1297 575 1312 601 ,
1347 545 1398 588 et
1425 531 1478 586 in
1586 531 1740 578 catur
1772 521 1837 578 ν.
1867 519 1929 578 C.
1961 538 2096 592 quas
2144 525 2353 579 litteras
2376 565 2388 588 ,
2421 523 2464 578 si
2497 525 2562 580 de
2591 525 2698 580 viro
2737 527 3002 582 consulari
3027 527 3190 584 intel-

45 631 376 701 scriptorcm
413 629 503 684 ditt
540 631 842 702 neglectum
886 630 1063 684 denuo
1108 625 1479 684 illustrandum
1587 616 1755 686 ligas,
1787 615 1992 670 nullum
2026 615 2250 672 habebis
2283 616 2485 672 iulium
2521 617 2814 675 Firmicum
2845 619 3146 675 Maternum
3171 663 3186 688 ,

43 723 200 778 ρίγειε
246 722 450 794 aliquoi
509 721 671 778 lim-as
719 723 1116 792 imwndcrem,
1165 721 1483 792 opporiuna
1585 706 2037 764 Constantiniana
2065 719 2226 765 (etate
2271 710 2338 765 ad
2385 713 2701 768 consulatus
2745 714 3018 786 fastigium
3063 731 3192 772 eve-

38 832 100 872 ue
149 817 282 870 mihi
325 815 438 871 visa
487 825 612 872 sunt
659 826 920 886 tempora.
975 816 1088 870 Hoc
1139 815 1284 872 enim
1341 828 1486 870 anno

1727 820 1759 870 I,
1787 813 2048 873 quantum
2083 805 2301 874 quidem
2357 802 2500 860 Fasti
2553 805 2774 862 ducent.
2811 807 2918 864 Sed
2973 809 3194 880 provin-

38 911 133 964 esia
177 911 376 964 Danicn
425 911 746 964 memoriam
774 909 1072 964 celebravit,
1111 905 1486 964 conversionis
1589 897 1726 952 ciam
1759 898 1994 954 fortasse
2035 897 2446 957 administrasse
2478 903 2684 972 putuit.
2715 920 2886 976 eaque
2917 905 2984 960 de
3027 921 3192 962 causa

37 1021 155 1058 rum
186 1011 495 1058 nostrorum
537 1019 566 1057 a
607 1003 849 1059 tenebris
881 1003 1182 1074 Paganismi
1211 1001 1276 1056 ad
1311 1001 1486 1056 lucem

1726 993 1881 1048 alaris
1903 1038 1916 1060 ,
1951 1003 2006 1048 ut
2038 1008 2154 1048 mos
2189 992 2336 1048 illius
2367 995 2468 1049 tevi
2508 995 2739 1065 terebat,
2776 999 3073 1070 appellari;
3105 999 3193 1056 vel

45 1097 254 1151 tianam
305 1097 692 1166 prmdicatione
739 1096 1016 1152 Anscharii
1063 1111 1206 1150 anno
1255 1095 1358 1150 826
1409 1097 1491 1150 in-
1592 1089 1755 1144 etiam
1790 1088 1892 1144 hoc
1923 1089 2075 1144 titulo
2109 1104 2257 1144 mere
2287 1088 2589 1146 honoriﬁco
2621 1101 2844 1148 ornatus
2875 1094 2966 1148 fuit
2991 1137 3004 1158 ,
3037 1094 3195 1164 cujus

45 1211 118 1244 ιιι.
153 1189 330 1259 Quam
376 1191 445 1246 ob
476 1207 625 1256 rem,
655 1207 780 1246 cum
819 1200 1065 1246 sanctum
1098 1189 1257 1243 istum
1288 1205 1491 1258 prarsu-
1591 1184 1810 1254 quidem
1838 1183 1914 1238 rei
1947 1183 2194 1253 exempla
2233 1183 2606 1239 Gothofredus
2637 1201 2700 1240 ex
2733 1185 2952 1242 illorum
2985 1198 3196 1258 tempo-

39 1283 126 1338 uti
153 1299 372 1355 quoque
401 1283 636 1356 collegas
662 1293 714 1338 et
745 1297 1089 1340 successores
1121 1282 1268 1352 ejus,
1307 1289 1364 1335 et
1399 1295 1493 1351 ge-
1593 1291 1710 1332 rum
1745 1275 1974 1331 historia
2020 1274 2264 1345 collegit.
2303 1275 2604 1347 Utrumque
2657 1292 2786 1332 vero
2827 1277 3024 1335 librum
3073 1296 3204 1336 exa-

41 1380 120 1434 im
153 1395 343 1435 omnes
373 1393 493 1446 eos,
519 1379 609 1450 qui
641 1378 844 1434 Christi
868 1375 1170 1432 doctrinam
1195 1373 1494 1446 gentilibus
1594 1378 1770 1423 ratum
1817 1368 1985 1424 fuisse
2013 1367 2464 1424 Constantiniana
2515 1379 2674 1424 aetate
2698 1412 2710 1436 ,
2747 1387 2814 1426 ex
2846 1371 2983 1428 locis
3030 1373 3083 1428 in
3134 1374 3200 1428 iis

37 1473 320 1542 "narem,
356 1489 493 1542 una,
547 1471 592 1529 si
635 1474 912 1544 sapientei-
956 1481 1211 1544 agerem,
1239 1469 1493 1526 incedere
1595 1462 1770 1518 obviis
1815 1462 2116 1519 luculenter
2163 1471 2330 1534 patet.
2365 1461 2527 1520 Liber
2573 1463 2718 1520 enim
2767 1466 3198 1523 Mathematicén

37 1570 332 1640 portuerit,
365 1577 421 1624 ut
448 1569 699 1624 nimirum
734 1567 903 1622 avitas
947 1565 1139 1622 horum
1167 1565 1492 1638 populorum

1747 1557 1783 1611 2
1805 1599 1818 1624 ,
1850 1557 2075 1628 eclipsin
2111 1558 2243 1614 solis
2264 1599 2278 1624 ,
2310 1575 2430 1629 qua:
2469 1557 2685 1630 Oplalio
2716 1570 2770 1616 et
2799 1561 3026 1618 Paulino
3055 1579 3201 1620 coss.

39 1673 241 1719 tierent
267 1663 720 1734 superstitiones,
751 1669 1041 1734 antequam
1085 1659 1360 1718 cwlestem
1403 1675 1494 1716 eo-

1733 1668 1742 1703 »
1767 1649 1872 1708 554
1902 1651 2128 1723 contigit
2160 1651 2239 1725 (a)
2268 1669 2295 1706 a
2324 1653 2730 1710 mathematicis
2763 1655 3072 1725 praedictam
3114 1673 3200 1712 as-

51 1759 259 1815 animis
288 1757 587 1814 doctrinam
636 1757 1014 1824 insinuarent;
1043 1757 1186 1812 haud
1229 1757 1494 1827 ingratam
1526 1741 1576 1803 Β
1601 1747 1755 1814 serit,
1786 1755 1946 1818 atque
1977 1749 2116 1804 inter
2147 1749 2454 1804 recentiora
2497 1749 2850 1820 phacnomena
2885 1751 3072 1807 refert.
3105 1753 3209 1808 Ita-

38 1861 283 1908 icturum
325 1867 446 1908 esse
489 1867 602 1907 rem
635 1860 785 1906 ratus
829 1867 944 1906 sum
969 1893 982 1917 ,
1017 1851 1092 1916 si,
1122 1849 1499 1906 deﬁcientibus

1737 1841 1890 1898 brevi
1915 1851 2033 1913 post
2060 1843 2300 1913 scriptus
2322 1854 2410 1898 aut
2433 1843 2627 1900 saltem
2661 1845 2824 1900 scribi
2855 1855 3066 1918 emptus
3097 1858 3200 1903 est.

43 1945 110 2000 tis
165 1945 312 2002 illius
356 1961 460 2017 qua
489 1945 822 2001 Anscharius
853 1943 1037 2000 ﬂoruit
1063 1945 1275 2012 aetatis,
1304 1945 1500 2015 quibus
1601 1935 1749 1993 Idem
1799 1953 2012 2010 quoque
2071 1939 2230 1995 alteri
2285 1939 2428 1995 libro
2487 1939 2554 1995 de
2601 1939 2806 1996 Eurore
2847 1941 3203 1998 Profauarum

43 2055 291 2093 lanarum
349 2049 402 2093 et
447 2039 771 2108 populorum
822 2038 1328 2108 septentrionalium
1375 2038 1504 2094 reti-
1603 2029 1944 2102 Religionum
1979 2041 2192 2102 tempus
2224 2033 2504 2103 competit.
2542 2031 2620 2088 Ad
2656 2031 3032 2090 Constantium
3053 2052 3208 2092 nam-

38 2149 78 2190 ξε
103 2135 586 2204 impugnabantur,
612 2143 950 2204 argumenta,
973 2133 1174 2206 quibus
1209 2131 1500 2190 Christiani
1604 2141 1710 2195 que
1737 2135 1790 2180 ει
1823 2123 2206 2193 COIlSlﬂnlcm,
2237 2125 2583 2182 COIISlanlini
2629 2125 2696 2181 Μ.
2734 2127 2904 2193 liliOS,
2935 2129 3209 2200 Augustos

37 2229 372 2294 theismum,
402 2229 492 2299 qui
527 2230 578 2282 in
609 2227 854 2284 Romano
899 2229 1131 2298 imperio
1180 2227 1380 2300 viguit,
1411 2243 1504 2300 εις-
1605 2219 1793 2284 datus,
1835 2227 2098 2274 exaratus
2145 2230 2230 2274 est
2275 2227 2398 2290 post
2445 2219 2760 2276 Constantis
2806 2222 3208 2291 expeditionem

37 2323 58 2376 si
93 2333 258 2386 sunt,
291 2323 340 2377 ir.
373 2323 690 2378 memoriam
721 2339 1036 2378 rever-arent
1074 2340 1086 2376 :
1124 2323 1354 2392 ideoque
1381 2338 1504 2394 spe-

1744 2314 2010 2380 mnicam,
2062 2329 2226 2384 quam
2287 2321 2716 2379 commemorat,
2774 2311 3006 2372 fortasse
3050 2317 3211 2372 etiam

38 2415 309 2471 iactares
357 2425 410 2472 ει
461 2417 663 2473 hancce
695 2417 916 2473 pinum
938 2461 952 2486 ,
985 2417 1073 2488 qui
1129 2417 1180 2472 ίη
1217 2417 1318 2472 hoc
1347 2433 1506 2486 ιιι-ευ-
1610 2405 1763 2462 initio
1797 2405 1924 2460 belli
1953 2405 2160 2460 Persici
2213 2423 2240 2459 ιι
2271 2403 2592 2461 Constantio
2621 2406 2759 2476 gesti
2791 2417 2847 2462 et
2877 2417 3003 2464 ante
3033 2409 3217 2466 clades

37 2519 80 2565 to
113 2510 278 2566 unice
307 2521 574 2580 versatur,
604 2525 796 2566 novam
826 2512 1120 2568 editionem
1146 2525 1302 2582 aequo
1325 2509 1504 2566 animo

1755 2507 1866 2565 tas,
1898 2499 2097 2569 quibus
2145 2499 2233 2554 hic
2281 2500 2579 2571 imperator
2610 2499 2758 2556 brevi
2799 2513 2919 2571 post
2950 2517 2978 2554 a
3011 2503 3218 2572 Sapore

37 2613 227 2675 ριιη-οε
253 2620 392 2662 esse,
1609 2592 1763 2648 l'usus
1793 2601 1908 2658 est;
1938 2601 2086 2648 certe
2115 2601 2242 2646 ante
2289 2607 2477 2648 necem
2509 2592 2820 2649 Constantis
2852 2593 3066 2649 insidiis
3111 2594 3222 2650 Ma-

677 2699 740 2756 ll.
1611 2687 1820 2756 gnentii
1862 2702 2007 2742 anno
2055 2687 2144 2744 ⁸55(

1761 2687 1820 2742 tii
1862 2702 2007 2742 anno
2055 2687 2161 2744 ’550
2208 2687 2406 2752 occisi;
2440 2703 2572 2759 ergo
2618 2688 2761 2744 inter
2809 2704 2982 2744 annos
3026 2688 3133 2744 545
3164 2701 3218 2746 et

37 2795 242 2848 ditores
269 2793 470 2848 veteris
493 2793 786 2864 cujuslibet
824 2793 1106 2864 scriptoris
1135 2793 1342 2849 initium
1373 2792 1504 2848 scri-

1771 2779 1930 2837 Unde
1983 2791 2171 2852 patet,
2208 2789 2502 2850 utrumque
2546 2781 2740 2835 librum
2776 2781 2971 2838 iisdem
3005 2782 3226 2838 circiter

37 2889 67 2943 li
113 2890 299 2944 facere
328 2888 505 2944 solent
535 2887 602 2942 de
631 2889 746 2958 ipso
767 2930 780 2954 ,
809 2903 968 2958 quem
995 2887 1096 2944 sibi
1129 2886 1512 2942 illustrandum
1613 2874 1772 2928 almis
1803 2874 2007 2928 editum
2053 2887 2206 2940 0556;
2241 2873 2473 2944 Primum
2527 2889 2658 2929 νθτο
2706 2875 2984 2946 τιιὶίιιιεηιο
3031 2878 3183 2948 Prius
3210 2921 3222 2944 ι

38 2991 296 3053 pset'uut,
325 2994 588 3037 aucmre:
623 2982 764 3052 quod
819 2982 1038 3053 quidem
1089 2984 1166 3037 rei
1233 2982 1373 3036 ratio
1415 2995 1514 3052 po-
1615 2969 1973 3023 Constantino
2000 2967 2072 3024 M.
2103 2967 2442 3037 imperante,
2479 2983 2578 3038 pro
2606 2967 2762 3040 cujus
2811 2969 2990 3026 salute
3035 2980 3227 3028 auctor

37 3089 86 3132 tl.
121 3075 210 3133 ille
229 3091 359 3133 vero
385 3091 576 3131 eorum
603 3076 842 3144 vestigiis
861 3079 946 3131 vix
973 3083 1066 3132 aut
1095 3093 1162 3132 ne
1183 3078 1268 3132 vix
1293 3077 1508 3147 quidem
1555 3145 1582 3147 _
1619 3078 1809 3119 Versus
1839 3063 2042 3118 “ilum
2077 3061 2196 3118 libri
2227 3064 2386 3133 Primi
2422 3063 2510 3134 νῑίι
2539 3074 2662 3119 νοω
2699 3063 2844 3120 Ῑειοίῑ·
2884 3065 3074 3138 Neque
3121 3067 3226 3122 in"

37 3184 172 3230 atere
227 3189 386 3243 posse
423 3183 628 3230 norunt
671 3189 861 3229 omnes
905 3175 1286 3244 antiquitatum
1339 3173 1504 3228 cccle-

1762 3175 1809 3214 re
1851 3157 2064 3214 videtur
2093 3158 2242 3214 locus
2287 3158 2428 3214 alter
2479 3159 2728 3228 prooemii
2779 3159 2904 3214 libri
2946 3175 2998 3228 ι,
3025 3177 3090 3216 ex
3123 3177 3229 3232 quo

37 3271 263 3324 licarum
294 3269 592 3338 periti.llla
623 3269 765 3323 enim
801 3269 978 3341 iniqua
1009 3283 1127 3324 sors
1161 3267 1354 3338 obtigit
1401 3266 1519 3322 Fir—
1621 3251 1974 3322 intelligitur,
2027 3259 2312 3306 auctorem
2361 3251 2788 3307 Mathematicén
2839 3251 3045 3318 libros,
3091 3269 3228 3323 quos

38 3383 56 3418 .)
85 3379 218 3420 meo
241 3405 254 3430 ,
281 3372 338 3418 ut
381 3380 450 3420 ne
471 3379 616 3420 unus
645 3365 863 3436 quidem
894 3365 1130 3436 scriptor
1153 3363 1312 3433 hujus
1341 3361 1505 3418 nomi-

1763 3345 1892 3399 )rtio
1940 3343 2186 3399 Lolliano
2233 3345 2286 3398 in
2337 3341 2643 3414 Campania:
2681 3344 2963 3414 provincia:
3004 3345 3229 3416 fascibus

67 3456 382 3514 memian
427 3467 553 3514 an“,
617 3457 914 3513 Honorium
974 3455 1518 3529 Augustodunensem
1623 3439 1904 3492 constituto
1953 3437 2263 3502 dedicavit,
2301 3436 2478 3493 eidem
2528 3437 2778 3492 Lolliano
2827 3437 3140 3507 proconsuli
3179 3447 3238 3494 ct

37 3553 94 3607 uli
149 3567 250 3607 xm
275 3552 592 3622 scriptorem
619 3593 631 3616 ,
662 3553 752 3622 qui
805 3552 942 3606 libro
973 3566 1007 3605 ιι
1057 3551 1125 3606 de
1173 3549 1504 3622 l’biIOSOphi:

1771 3531 1908 3586 tario
1957 3531 2167 3586 consuli
2221 3529 2505 3600 designato
2555 3530 2864 3586 dedicasse.
2914 3529 3064 3586 Fasti
3115 3531 3233 3602 qui-

37 3649 100 3703 Idi
157 3661 284 3717 cap.
325 3645 391 3713 5,
423 3647 646 3702 Firmici
691 3645 1112 3702 Astronomicon
1161 3643 1362 3698 laudat.
1409 3643 1504 3698 ﬂet

1801 3623 1868 3678 ad
1935 3639 2136 3679 annum
2187 3623 2294 3681 355
2339 3623 2644 3678 Lollianum
2690 3625 2978 3694 quemdam
3035 3625 3236 3682 habent

38 3755 196 3796 "om
223 3747 464 3795 nostra",
499 3755 683 3810 parum
705 3740 896 3811 juvat,
929 3755 1049 3794 cum
1085 3739 1171 3792 hic
1201 3737 1340 3794 liber
1365 3737 1523 3808 plane
1626 3717 1947 3811 consulem;
1998 3717 2320 3772 Mavortiam
2368 3726 2549 3772 autem
2609 3717 2925 3787 prlcl‘ectum
2975 3721 3237 3788 praetorio

37 3851 172 3890 usus
203 3834 274 3889 sit
301 3849 330 3888 a
363 3844 548 3889 nostra
575 3835 644 3890 de
676 3810 878 3889 Errare
919 3832 1265 3903 profanarum
1299 3829 1522 3900 religio.
1629 3810 1948 3866 Ammianus
1997 3811 2348 3866 Marcellinus
2413 3811 2483 3866 ob
2550 3812 2821 3866 sublimem
2881 3815 3234 3869 constantiam

38 3941 71 3993 ,ν
103 3941 236 3993 ηερ,
267 3939 388 3980 mea
415 3925 715 3993 sententia,
748 3902 960 3980 idoneis
991 3923 1326 3994 argumentis
1351 3921 1526 3976 ενίηρί
1629 3902 1814 3958 laudat
1859 3903 1957 3975 (b).
1997 3903 2146 3957 l-laud
2197 3919 2327 3958 vero
2377 3912 2622 3972 constat,
2653 3905 2760 3959 duo
2807 3904 2974 3962 hosce
3017 3909 3236 3964 nonnisi

37 4021 120 4086 sit,
151 4027 452 4090 utrumque
495 4017 692 4074 librum
720 4019 788 4075 ab
828 4019 1018 4074 eodem
1071 4025 1292 4072 auctore
1343 4015 1526 4086 prore-
1631 4013 1798 4052 unum
1831 3997 1998 4053 fuisse
2019 3997 2732 4090 hominem,eumdemque
2765 3997 3088 4056 Mavortiqu
3113 4001 3240 4058 Lol-

38 4129 68 4166 η
99 4129 253 4169 esse.
371 4089 376 4090 “
1634 4090 1861 4158 lianum,
1889 4091 1974 4145 cui
2015 4089 2282 4144 Firmicus
2313 4089 2512 4148 librum
2542 4107 2698 4146 suum
2733 4093 3038 4166 inscripsit;
3070 4112 3240 4167 (nian-

37 4201 180 4254 )Sum
211 4183 564 4240 Firmicarum
590 4199 786 4240 nomen
813 4186 1105 4242 obscurum
1134 4193 1238 4238 est.
1272 4181 1327 4237 In
1359 4181 1529 4252 serip-
1639 4201 1799 4257 quam
1829 4203 1893 4242 ex
1921 4185 2092 4240 altera
2129 4194 2281 4255 parte
2327 4186 2736 4242 concedendqu
2771 4195 2886 4255 est,
2918 4189 3241 4247 Mavortium

41 4281 135 4336 bus
169 4278 554 4345 desideratur,
587 4293 764 4348 neque
791 4278 842 4332 in
873 4277 1240 4332 tuonumentis
1281 4276 1532 4330 litteratis
1635 4279 1939 4335 Lollianum
1973 4279 2251 4350 pluribus,
2287 4291 2575 4353 antequam
2623 4281 2832 4338 Consul
2878 4287 3242 4355 processerit,

37 4373 192 4428 urrit.
225 4370 488 4426 Maternus
521 4369 892 4426 tantummodo
939 4370 1164 4440 legimus
1210 4368 1352 4432 ιιι)υά
1393 4366 1534 4424 01³11*
1637 4376 1795 4431 annis
1842 4375 2124 4431 consulem
2180 4375 2454 4448 designari
2507 4377 2788 4446 potuisse;
2843 4377 2894 4433 id
2947 4379 3090 4450 quod
3143 4380 3245 4434 sub

39 4483 102 4522 nn
133 4480 262 4538 pag.
291 4463 398 4519 220
419 4504 436 4530 ,
468 4464 536 4530 9;
573 4463 743 4529 1009,
773 4464 838 4530 2;
867 4461 1028 4530 1468,
1051 4464 1120 4528 8;
1149 4462 1320 4526 1482,
1357 4463 1411 4516 ll
1438 4477 1452 4526 ;
1481 4473 1535 4516 et
1639 4469 1906 4537 proximis
1956 4467 2300 4524 Cousrantiui
2344 4469 2732 4526 decessoribus
2779 4470 2922 4524 haud
2993 4471 3066 4524 ita
3117 4487 3242 4528 raro

37 4567 234 4614 lernam
263 4573 386 4628 pag.
412 4555 574 4626 1225,
605 4556 669 4624 '5;
698 4565 752 4612 et
781 4555 871 4626 qui
905 4553 1230 4620 Firmicum,
1262 4555 1376 4608 sive
1399 4567 1540 4608 unus
1562 4550 1618 4612 D
1645 4563 1859 4626 accidit,
1889 4563 2118 4634 ejusque
2151 4579 2483 4620 summorum
2521 4565 2790 4620 honorum
2821 4565 3086 4622 Mavortio
3115 4565 3244 4622 Lol-

37 4651 374 4724 .usquelibri
405 4661 597 4708 auctor
627 4651 808 4716 fuerit,
833 4651 950 4707 sive
975 4650 1084 4706 duo
1106 4647 1384 4706 statuendi
1405 4649 1536 4714 sint,
1649 4655 1795 4711 iiano
1847 4656 2242 4727 promissurum
2303 4657 2807 4726 procrastinationis
2854 4673 3022 4714 causa
3076 4663 3248 4729 (μικτὶ

38 4749 152 4804 ulos
187 4745 360 4802 fuisse
389 4753 658 4816 statuunt,
688 4747 742 4802 in
771 4745 1134 4804 marmoribus
1155 4745 1354 4802 Siculis
1383 4759 1412 4799 a
1437 4743 1543 4798 Ga-
1649 4749 1878 4806 fortasse
1909 4751 2104 4820 poterit
2138 4751 2188 4804 in
2240 4751 2544 4806 rebellione
2575 4752 2869 4822 Magnentii
2913 4762 2968 4808 et.
3015 4757 3248 4811 tumultu

37 4843 104 4898 ale
158 4841 484 4896 Lancelloto
532 4837 724 4897 Turris
768 4840 950 4898 Mutiaz
1001 4841 1246 4910 principe
1293 4835 1545 4894 collectis
1649 4843 1794 4898 civili
1825 4843 1953 4899 inde
1982 4852 2139 4910 orto,
2171 4858 2273 4897 nec
2303 4853 2432 4898 ante
2479 4843 2756 4898 interitum
2799 4842 2962 4914 hujus
2989 4848 3203 4917 tyranni
3233 4889 3247 4914 ,

63 4935 382 4998 invenient,
419 4934 560 4990 unde
601 4944 919 5003 argumenta
973 4948 1074 5003 pro
1121 4947 1220 4988 sua
1271 4931 1544 4988 sententia
1651 4938 1808 5008 cujus
1855 4937 2080 4992 arbitrio
2133 4937 2246 5006 ipsa
2279 4937 2410 4992 urbs
2451 4935 2622 4992 Roma
2655 4937 2889 4992 obnoxia
2939 4946 3078 5006 erat,
3109 4956 3252 4996 anno

41 5037 146 5084 aut.
181 5026 318 5082 Nam
353 5024 564 5092 Firmii,
596 5027 688 5098 qui
718 5028 770 5080 in
799 5026 866 5080 iis
889 5035 1392 5082 COIlllllellloranlm'
1419 5041 1542 5096 ι)θὲ-
1649 5035 1756 5090 555
1783 5047 2118 5102 cutnpresso.
2152 5031 2338 5100 Itaque
2363 5029 2632 5085 stabimus
2662 5029 2715 5084 in
2745 5045 2808 5085 ea
2854 5033 3120 5087 sententia
3141 5076 3156 5100 ,
3186 5035 3252 5089 li-

37 5121 68 5186 ἰ,
109 5121 209 5187 50,
245 5130 301 5176 el-
335 5123 458 5190 182,
487 5122 578 5188 55,
605 5137 726 5178 cum
760 5119 1012 5176 Firmicis
1043 5121 1298 5176 confundi
1325 5121 1545 5176 minime
1653 5128 1783 5182 bros
1809 5123 2228 5182 Mathematich
2257 5123 2434 5179 editos
2463 5138 2586 5178 esse
2613 5123 2764 5178 brevi
2812 5132 2933 5193 post
2965 5125 3094 5180 illud
3119 5127 3257 5186 solis

38 5229 170 5272 teut.
216 5217 396 5288 Itaque
425 5218 526 5288 ipsi
555 5217 875 5274 consulendi
909 5224 1038 5270 sunt
1069 5216 1191 5270 libri
1223 5216 1546 5285 superstites
1659 5219 1982 5289 deliquium,
2014 5217 2159 5288 quod
2193 5231 2340 5272 anno
2364 5215 2468 5270 536
2497 5217 2694 5270 accidit
2715 5257 2727 5278 ,
2763 5225 2818 5270 et
2843 5227 2971 5274 ante
3000 5218 3263 5278 Constan-

37 5311 248 5366 'micum
291 5319 572 5366 auctorem
607 5311 956 5379 proﬁtentes,
987 5309 1033 5364 si
1068 5308 1208 5362 forte
1247 5324 1312 5362 ex
1347 5309 1410 5364 iis
1459 5309 1558 5364 ali-
1661 5314 1754 5370 tiui
1789 5313 1859 5368 Μ.
1884 5313 2088 5366 obitum
2113 5328 2128 5378 ;
2157 5311 2356 5366 librum
2389 5325 2520 5364 vero
2549 5310 2616 5364 dc
2651 5309 2856 5366 Errare
2903 5311 3260 5373 Profanarum

38 5401 73 5456 id
99 5403 290 5474 colligi
345 5407 537 5473 possit.
577 5405 644 5459 Et
671 5405 808 5460 duos
829 5448 842 5470 ,
873 5406 1016 5476 quod
1059 5406 1168 5476 jam
1202 5404 1349 5470 dixi,
1395 5407 1559 5462 habe—
1664 5407 2006 5478 Reiigionum
2035 5406 2405 5474 conscriptum
2429 5417 2552 5458 esse
2578 5403 2719 5458 inter
2739 5419 2911 5462 annos
2934 5407 3040 5464 545
3061 5421 3114 5464 et
3135 5413 3268 5480 550,

37 5511 70 5552 Is
97 5498 231 5554 Julii
278 5497 504 5553 Firmici
534 5499 762 5554 Materni
799 5501 1020 5554 nomine
1067 5499 1391 5570 inscriptos;
1425 5501 1562 5556 alte—
1667 5500 1748 5555 vel
1779 5499 1958 5570 potius
1989 5497 2114 5564 548,
2145 5513 2252 5569 quo
2297 5496 2532 5554 Romani
2579 5511 2610 5552 a
2635 5496 2843 5570 Sapore
2879 5500 2948 5558 ad
2979 5501 3264 5575 Singaram

37 5603 72 5642 ιι
97 5591 492 5663 astrologicum
512 5633 525 5658 ,
558 5591 628 5648 ab
657 5591 876 5648 homine
905 5591 1278 5664 Pulytheismo
1304 5592 1558 5658 addicto,
1667 5593 1770 5651 fusi
1801 5604 1947 5650 sunt.

37 5731 106 5876 Eg;
133 5733 740 5870 ﬁgi.x-:Jlt;b§s'coriditte
771 5733 930 5792 1087.
957 5733 1352 5792 Almeloveenii
1395 5731 1546 5792 Fasti
1568 5732 2070 5832 Consularespag.
2105 5729 2228 5788 161.
