3970 6408
499 334 608 394 975

572 566 731 623 Prior
777 564 915 622 liber
965 571 1245 622 auctorem
1303 562 1465 620 habet
1492 563 1667 619 virum
1700 560 2106 634 superstitioni-

497 662 603 720 bus
651 659 1003 716 Etltnicorum
1051 660 1362 728 addictum,
1395 659 1534 716 alter
1581 657 1971 715 Christianum.
2005 658 2105 714 Vix

492 769 629 812 vero
657 753 887 810 inducor
917 765 973 810 ut
999 753 1539 826 mihifpersuadcam,
1569 752 1864 810 Firmicum
1896 751 2107 808 mathe-

497 851 783 920 maticum,
816 859 978 908 aztate
1004 851 1115 922 jam
1146 858 1463 922 provectum
1483 890 1498 918 ,
1533 848 1676 920 quod
1707 849 1822 920 ipse
1850 848 1902 903 in
1931 855 2106 902 astro-

497 943 733 1000 nomicis
761 945 1087 1015 proﬁtetur,
1135 945 1457 1001 sententiam
1506 951 1772 1010 mutasse,
1821 941 2104 998 numinum

497 1039 702 1108 cultui,
731 1039 816 1096 cui
870 1056 968 1112 per
998 1055 1216 1095 onmem
1247 1039 1532 1110 pristinam
1560 1036 1725 1092 vitam
1759 1035 2066 1091 adhaeserat
2087 1075 2104 1104 ,

497 1133 860 1202 valedixisse,
895 1143 950 1191 et
995 1133 1315 1190 Christiana
1365 1147 1521 1189 sacra
1572 1130 1886 1202 amplexum
1915 1128 2104 1184 fuisse.

503 1228 660 1297 Quod
686 1228 732 1283 si
764 1227 1006 1295 fecisset,
1038 1229 1091 1283 in
1120 1227 1262 1282 libro
1289 1226 1359 1283 de
1401 1226 1604 1282 Errore
1642 1223 1993 1297 profanarum
2023 1237 2109 1278 re-

494 1323 760 1393 Iigionum
807 1333 958 1380 certe
1001 1322 1380 1380 conversionis
1429 1336 1541 1378 sum
1590 1321 1657 1377 ad
1689 1319 1966 1377 Christum
1995 1333 2110 1374 me-

499 1416 774 1484 minisset,
803 1428 858 1474 et
882 1416 968 1473 vel
996 1417 1200 1472 inscius
1231 1416 1432 1473 veteris
1458 1415 1866 1486 superstitionis
1907 1413 2106 1469 indicia

499 1509 750 1582 quaedam
813 1510 1152 1583 reliquisset.
1204 1509 1314 1567 Sed
1375 1509 1702 1580 religionum
1755 1507 2106 1564 Ethnicarum

501 1606 751 1676 quamvis
781 1605 922 1661 bene
939 1605 1009 1660 sit
1025 1620 1252 1677 gnarus,
1269 1618 1365 1660 eas
1385 1613 1565 1660 tamen
1589 1619 1654 1659 ex
1673 1603 1905 1658 lectione
1927 1601 2111 1673 potius

497 1708 554 1757 et
578 1699 938 1756 relationibus
981 1699 1216 1754 aliorum
1249 1698 1532 1755 hominum
1557 1742 1572 1767 ,
1607 1713 1766 1769 quam
1799 1713 1864 1753 cx
1891 1697 2108 1768 propria

497 1793 872 1865 experientia,
925 1793 1095 1849 novit.
1149 1794 1333 1850 Sacra:
1387 1793 1682 1863 Scripturm
1722 1801 1807 1848 est
1854 1791 2104 1863 peritus,

1641 317 1882 386 IULIUS
1918 318 2242 385 FIRMICUS
2277 315 2680 383 MATERNUS.

2132 455 2186 516 Α
2210 451 2506 514 perpetuus
2535 442 2651 499 fere
2673 437 2922 498 codicum
2954 452 3121 498 sacrae
3162 438 3457 513 Scriptura:
3506 439 3761 499 Afrorum
3783 484 3800 511 ,

3699 320 3804 384 976

2207 537 2299 610 qui
2324 537 2464 609 apud
2496 553 2621 594 eum
2661 536 2985 592 observatur
3005 578 3018 602 ,
3053 551 3182 592 usus
3214 537 3284 592 ad
3309 536 3451 593 hanc
3481 536 3798 608 opinionem

2211 630 2554 685 astrucndam
2587 629 2865 685 sufﬁceret
2890 671 2904 698 ,
2945 644 3066 684 cum
3099 629 3152 684 hi
3180 644 3250 686 ex
3291 629 3474 686 Africa
3499 629 3570 685 ad
3600 630 3800 687 Italiam

2207 723 2523 794 Hispaniam
2574 723 2915 795 Galliamque
2968 723 3162 780 devehi
3208 725 3467 782 facillime
3497 727 3801 796 potuerint:

2209 833 2310 874 nec
2337 817 2608 874 Africanae
2637 819 2942 885 latinitatis,
2978 835 3042 875 ex
3094 819 3350 890 Apuleio,
3381 821 3728 877 Tertulliano
3755 832 3806 878 et

2207 911 2483 984 Cypriane
2510 913 2646 969 satis
2677 923 2852 981 notat,
2887 913 3160 971 luculenta
3193 913 3394 972 indicia
3437 915 3491 972 in
3526 917 3649 988 ejus
3671 917 3805 976 libro

2210 1006 2415 1062 invenL

2282 1101 2611 1174 Episcopum
2637 1101 3100 1162 Mediolanensem
3130 1103 3353 1178 Synodo
3382 1103 3648 1163 Romana:
3670 1121 3701 1162 a
3720 1107 3808 1162 lu-

2209 1195 2283 1252 lio
2309 1195 2352 1262 l,
2382 1196 2629 1254 Romano
2652 1198 2908 1270 episeopo
2937 1214 3080 1255 anno
3097 1199 3228 1265 557,
3248 1200 3806 1266 coactarinterfnisse,

2207 1288 2384 1345 credit
2413 1289 2696 1347 Baronius.
2733 1291 2931 1348 Verum
2958 1293 3198 1366 synodus
3227 1294 3333 1348 ista
3355 1303 3439 1350 est
3474 1295 3811 1365 pseudo—lsi-

2210 1383 2332 1440 dori
2364 1383 2677 1456 ﬁgmentum
2728 1385 2833 1458 (ά).
2879 1386 3102 1455 Julium,
3135 1387 3263 1443 Julii
3308 1389 3547 1458 episc'Opi
3577 1388 3810 1446 Romani

2212 1484 2458 1549 tempore
2475 1478 2788 1551 episcopum
2819 1479 3304 1549 Mediolanensem,
3321 1482 3566 1553 ignorant
3592 1499 3809 1540 omnes.

2210 1570 2484 1629 Maternus
2510 1589 2641 1630 vero
2667 1573 3096 1632 Mediolanensis
3124 1577 3225 1632 sub
3254 1576 3585 1634 Diocletiano
3615 1587 3683 1636 et
3709 1579 3811 1634 lla-

2209 1665 2449 1721 ximiano
2476 1665 2732 1738 Augustis
2755 1669 2916 1739 hujus
2948 1669 3098 1725 urbis
3127 1670 3298 1726 sacris
3325 1670 3658 1728 Christianis
3692 1690 3812 1745 pra:-

2212 1759 2314 1817 fuit
2334 1777 2478 1818 anno
2507 1763 2612 1818 507
2643 1771 2736 1818 aut
2759 1764 2858 1819 511
2885 1805 2900 1832 ,
2933 1772 2990 1821 et
3018 1780 3118 1836 pro
3148 1764 3411 1836 religione
3437 1767 3708 1822 occubuit
3729 1767 3809 1838 (ε).

494 1901 670 1957 caque
707 1902 804 1958 pro
835 1903 986 1943 more
1014 1887 1225 1955 aetatis,
1255 1886 1344 1942 cui
1386 1886 1647 1942 diuturno
1692 1885 1851 1940 unice
1893 1900 1992 1941 usu
2019 1899 2104 1940 as-

2215 1859 2431 1916 Corruit
2458 1858 2623 1930 igitur
2668 1861 2811 1931 quod
2855 1859 3264 1916 habentBinius
3287 1870 3343 1917 et
3367 1859 3662 1932 Cajetanus
3715 1861 3812 1936 (Γ),

495 1997 755 2038 suescere
801 1982 1016 2053 potuit,
1046 1981 1098 2037 in
1142 1979 1392 2037 docendo
1431 1989 1594 2051 atque
1635 1977 1963 2048 disputando
2005 1979 2110 2032 uti-

497 2087 611 2140 tur,
641 2078 716 2134 ita
739 2087 797 2133 ut
819 2077 909 2132 vix
954 2076 1105 2133 credi
1133 2077 1330 2147 possit,
1355 2091 1480 2131 eum
1508 2074 1646 2129 adeo
1673 2084 1929 2128 reeenter
1951 2071 2110 2128 Chri-

499 2173 739 2230 stianum
769 2171 967 2228 factum
997 2185 1142 2237 esse,
1170 2168 1266 2225 sed
1293 2167 1646 2224 statuendum
1676 2167 1878 2238 potius,
1906 2180 1934 2218 a
1959 2173 2110 2220 nata-

493 2267 644 2324 libus
685 2269 811 2325 inde
851 2266 940 2324 vel
969 2267 1160 2323 saltent
1191 2280 1221 2320 a
1263 2264 1493 2336 juvenili
1537 2272 1700 2320 (etate
1737 2260 2107 2319 Christianum

495 2359 688 2419 fuisse.

574 2454 690 2510 lluc
728 2452 942 2511 accedit
983 2450 1258 2510 sermonis
1298 2451 1475 2508 Latini
1505 2449 1559 2506 in
1586 2459 1816 2524 utroque
1847 2447 2109 2521 epuseulo

497 2548 812 2616 diversitas,
831 2564 992 2621 quam
1015 2564 1147 2604 sane
1166 2563 1416 2620 magnam
1447 2562 1572 2604 esse
1603 2548 1744 2602 inter
1764 2561 1954 2602 omnes
1975 2559 2110 2601 con-

494 2651 627 2698 stat.
652 2641 711 2697 ln
743 2641 1129 2698 Astronontico
1151 2640 1297 2697 enim
1321 2641 1461 2696 libro
1485 2639 1799 2709 permodica
1824 2641 2108 2710 utriusque

496 2738 724 2810 lingum,
770 2738 974 2794 Grarctn
1020 2748 1073 2793 ct
1102 2735 1344 2803 Latium,
1373 2735 1803 2807 deprehenditur
1846 2733 2104 2805 cognitio.

501 2830 695 2887 Verbis
751 2840 805 2888 ct
855 2830 1148 2902 phrasibus
1192 2829 1426 2885 refertus
1467 2837 1552 2884 est
1590 2828 1874 2893 barbaris,
1924 2825 2107 2896 cujus-

495 2924 668 2994 modi,
697 2932 756 2980 ut
805 2924 1068 2980 nonnulla
1097 2923 1412 2986 all'cramus,
1437 2930 1564 2978 sunt
1592 2920 1875 2992 sequentia
1905 2937 1918 2973 :
1946 2904 2107 2974 hora:

495 3035 736 3090 scopare,
766 3021 996 3091 ferarum
1028 3018 1391 3083 mansuetarii,
1417 3016 1772 3081 cardiualiter,
1797 3013 2108 3086 quiescentia

491 3127 596 3186 pro
617 3113 821 3185 quiete,
850 3114 1093 3168 intimare
1117 3112 1276 3166 alicui
1304 3126 1402 3182 pro
1432 3110 1758 3181 signiﬁcare,
1783 3107 2109 3163 concordiale

491 3220 596 3278 pro
629 3206 856 3274 sociale,
891 3207 1156 3279 partiliter
1182 3221 1279 3277 pro
1308 3221 1405 3276 per
1438 3213 1641 3275 partes,
1666 3203 1986 3258 caballarlus
2012 3217 2107 3272 pro

2213 1967 2335 2009 eum
2362 1952 2505 2008 inter
2532 1961 2751 2008 sanctos
2785 1951 3042 2008 Ecclesia:
3069 1951 3362 2008 Catholicae
3383 1955 3714 2010 referentes.

2284 2045 2471 2116 Itaque
2499 2044 2603 2100 hoc
2634 2046 3008 2101 tantummodo
3040 2045 3359 2111 tenendum,
3386 2044 3582 2102 Julium
3610 2047 3812 2102 Firmi-

2212 2154 2334 2196 cum
2374 2141 2696 2208 Maternum,
2751 2151 2808 2195 ut
2839 2156 2904 2196 ex
2938 2140 3077 2196 libro
3116 2139 3235 2210 ejus
3275 2140 3344 2196 de
3382 2141 3581 2197 Errore
3629 2141 3814 2212 prela.

2212 2250 2402 2291 narum
2450 2235 2770 2306 religionum
2797 2243 2963 2306 patet,
2990 2234 3158 2292 fuisse
3185 2236 3358 2290 virum
3375 2235 3521 2307 pium
3549 2244 3599 2292 et
3626 2236 3814 2293 erudi-

2213 2337 2327 2386 tum
2348 2338 2509 2402 atque
2532 2330 2852 2402 religionum
2882 2330 3232 2386 Ethnicarum
3273 2330 3673 2387 adversarium.
3710 2333 3812 2388 Has

2210 2425 2410 2482 acriter
2441 2425 2745 2497 impugnat,
2774 2427 2940 2482 nimio
2969 2426 3242 2482 interdum
3287 2425 3524 2494 fervore,
3553 2441 3686 2482 cum
3716 2426 3812 2483 lm-

2211 2529 2494 2591 peratores
2526 2521 2593 2575 ad
2623 2520 2885 2592 reliquias
2907 2537 3095 2578 earum
3129 2521 3400 2578 violenter
3426 2521 3702 2579 delendas
3725 2539 3813 2580 ex-

2211 2613 2380 2680 citet;
2437 2629 2556 2685 quze
2607 2629 2739 2670 vero
2779 2629 2900 2671 cum
2943 2615 3283 2685 temporibus
3311 2613 3364 2670 in
3407 2615 3604 2687 quibus
3631 2616 3809 2686 vixit,

2213 2716 2323 2764 tum
2348 2709 2611 2779 exemplis
2642 2724 2762 2780 qua:
2799 2725 2912 2780 pm
2937 2709 3114 2766 oculis
3158 2709 3355 2766 habuit
3382 2708 3560 2766 danda
3585 2711 3773 2782 potius
3794 2751 3809 2779 ,

2211 2816 2371 2872 quam
2401 2801 2481 2857 illi
2502 2803 2678 2874 culpa:
2709 2803 2972 2859 vertenda
2996 2810 3144 2859 sunt.

2969 2919 3036 2976 ν.

2283 3021 2341 3078 In
2359 3022 2608 3080 examine
2631 3021 2700 3079 de
2729 3021 2902 3079 veteri
2932 3023 3177 3095 quolibet
3213 3033 3438 3083 auctore
3469 3025 3809 3086 instituendo

2210 3113 2525 3185 primariam
2557 3113 2793 3186 aliquam
2840 3126 3050 3185 partem
3094 3116 3194 3172 sibi
3226 3117 3468 3174 vindicat
3501 3119 3808 3191 disquisitio

2216 3207 2283 3263 de
2311 3207 2556 3263 fontibus
2583 3209 2726 3265 unde
2751 3209 3015 3277 hauserit,
3050 3210 3317 3282 imprimis
3358 3212 3407 3267 si
3437 3214 3688 3271 historici
3730 3227 3808 3272 est

492 3302 711 3371 equite,
741 3312 1013 3374 computus
1045 3316 1143 3372 pro
1185 3299 1591 3370 computatione
1620 3297 1694 3371 (a)
1725 3313 1845 3368 quae
1883 3295 2103 3367 quidem
2133 3295 2179 3360 C
2209 3301 2536 3371 argumenti.
2569 3301 2678 3358 Nec
2710 3302 2765 3357 in
2808 3303 3078 3372 scriptore
3115 3303 3492 3360 ecclesiastico
3524 3307 3802 3379 negligen-

492 3392 909 3464 Longobardica
958 3404 1201 3465 tempora
1243 3393 1424 3464 potius
1452 3408 1613 3463 quam
1646 3391 2101 3448 Constantiniana

490 3488 747 3557 sapiunt,
777 3498 869 3542 aut
911 3488 1107 3544 saltem
1136 3488 1315 3554 illius,
1345 3503 1466 3559 qua:
1509 3487 1562 3542 in
1613 3484 1869 3543 versione
1909 3486 2102 3542 lrentci

491 3579 716 3654 legitur,
745 3581 1027 3638 latinitatis
1049 3582 1271 3639 Gallicae
1297 3597 1397 3638 nos
1426 3581 1744 3637 admonent.

567 3677 792 3733 Librum
840 3692 971 3734 vero
997 3677 1066 3734 de
1116 3677 1323 3733 Errore
1370 3675 1723 3748 profanarum
1774 3675 2100 3747 religionum

493 3772 642 3845 quod
672 3773 888 3837 attinet,
922 3773 1160 3844 scriptus
1207 3781 1292 3828 est
1337 3785 1594 3828 sermone
1641 3770 1900 3841 puriore,
1956 3768 2102 3840 quali

493 3875 745 3922 auctores
774 3865 873 3921 ωνί
903 3862 1336 3920 Constantiniani
1363 3873 1590 3919 utuntur
1615 3879 1630 3930 ;
1661 3863 1762 3918 etsi
1785 3878 1892 3918 non
1920 3876 2102 3918 aurea:

495 3957 813 4024 latinitatis,
852 3957 1118 4030 ejusmodi
1153 3966 1330 4014 tamen
1359 3973 1478 4028 qute
1505 3956 1639 4012 ferri
1667 3955 1861 4028 possit,
1891 3966 1947 4012 et
1970 3955 2104 4012 satis

497 4053 727 4110 diserto.
762 4052 870 4110 Sed
919 4061 974 4109 et
1019 4052 1107 4108 hic
1139 4051 1277 4108 liber
1325 4051 1594 4108 modicam
1646 4050 1854 4108 Grreca:
1903 4050 2105 4120 lingua:

494 4146 859 4219 cognitionem
887 4145 1104 4216 prodit;
1136 4161 1203 4202 ex
1233 4160 1339 4217 qua
1364 4154 1543 4200 tamen
1577 4145 1802 4199 minime
1842 4142 2103 4212 colligere

495 4240 646 4308 licet,
696 4246 988 4311 utrumque
1036 4238 1235 4294 librum
1279 4241 1348 4297 ab
1382 4253 1488 4294 uno
1531 4237 1836 4308 eodemque
1877 4244 2104 4291 auctore

495 4332 801 4405 profectum
819 4347 960 4388 esse.
994 4331 1143 4388 Hane
1161 4332 1323 4404 igitur
1343 4333 1727 4402 amplectimur
1747 4329 2099 4398 sententiam,

497 4427 776 4486 diversum
824 4444 1051 4500 prorsus
1077 4444 1199 4486 esse
1231 4429 1526 4486 Eirmieum
1560 4427 1894 4498 astrologum
1920 4441 1949 4480 a
1979 4425 2102 4480 Fir-

492 4525 640 4580 mico
670 4521 958 4594 theologo;
991 4537 1152 4592 quam
1174 4522 1395 4594 quidem
1419 4522 1534 4593 jam
1563 4519 1766 4576 dudum
1793 4519 1933 4575 inter
1965 4516 2102 4572 mul-

493 4627 583 4676 tos
603 4618 740 4675 alios
763 4660 778 4685 ,
809 4631 946 4689 quos
969 4616 1223 4674 Hertzius
1248 4624 1542 4679 recenset,
1597 4614 1715 4669 tttiti
1745 4623 1872 4668 sunt
1895 4610 2102 4669 Caelius

2207 3393 2331 3451 dam
2355 3411 2474 3452 eam
2499 3411 2643 3465 esse,
2672 3411 2769 3465 per
2795 3411 2856 3452 se
2883 3404 3054 3468 patet.
3085 3396 3202 3466 Qua
3240 3397 3309 3454 de
3339 3413 3528 3465 causa,
3555 3414 3680 3456 cum
3708 3416 3798 3454 an-

2205 3490 2519 3546 notationes
2548 3490 2600 3545 in
2642 3489 2941 3547 Firmicum
2977 3507 3158 3548 meum
3200 3493 3524 3563 colligerem
3553 3535 3567 3558 ,
3620 3495 3807 3551 sedulo

2205 3584 2568 3655 circumspexi
2621 3586 2922 3656 scriptores
2971 3586 3323 3658 antiquiores
3340 3601 3480 3657 quos
3509 3588 3801 3644 consulue—

2209 3679 2309 3749 rit,
2334 3680 2408 3734 ita
2441 3687 2649 3748 tamen,
2683 3688 2743 3735 ut
2765 3695 3018 3737 caverem
3042 3725 3057 3749 ,
3090 3695 3159 3736 ne
3187 3681 3398 3752 singula
3429 3682 3655 3753 qumvis,
3683 3697 3807 3754 qua

2205 3773 2512 3831 communia
2549 3773 2852 3830 habetcum
2873 3775 2994 3830 aliis
3020 3774 3302 3846 religionis
3325 3772 3652 3831 Christiana:
3675 3791 3803 3846 apo-

2205 3868 2400 3940 logetis
2425 3910 2441 3936 ,
2475 3882 2694 3938 semper
2729 3883 2798 3923 ex
2825 3883 3016 3924 eorum
3069 3867 3226 3923 libris
3271 3867 3466 3924 hausta
3497 3884 3621 3925 esse
3657 3869 3804 3924 arbi-

2207 3968 2405 4027 trarer,
2437 3975 2562 4016 cum
2588 3961 2705 4030 ipsa
2727 3960 3034 4032 argumenti
3066 3961 3208 4014 ratio
3241 3959 3383 4017 haud
3419 3961 3588 4018 dubie
3623 3969 3803 4033 postn-

2205 4059 2365 4126 laret,
2393 4066 2453 4114 ut
2477 4075 2694 4128 omnes,
2722 4059 2813 4131 qui
2834 4059 3268 4130 Polytheismum
3301 4058 3662 4116 destruerent
3690 4074 3809 4116 eas-

2203 4151 2327 4209 dem
2357 4151 2470 4208 fere
2497 4151 2706 4208 fabulas
2731 4161 2786 4207 et
2817 4161 3168 4208 recenserent
3213 4160 3268 4208 et
3294 4153 3597 4208 refutarent
3620 4194 3635 4220 ,
3698 4167 3804 4209 ca:-

2205 4245 2439 4317 demque
2466 4246 2533 4302 iis
2559 4246 2641 4302 vel
2659 4261 2728 4301 ex
2755 4244 2985 4302 eruditis
3013 4245 3305 4317 colloquiis
3326 4254 3381 4302 et
3406 4262 3478 4303 ex
3502 4247 3799 4304 institutio-

2205 4355 2274 4397 ne
2301 4339 2833 4396 Catechumenorum
2858 4340 3167 4396 innotuisse
3196 4343 3504 4412 potuerint.
3538 4339 3647 4396 Sed
3677 4340 3800 4396 illos

2204 4433 2644 4505 imprimislocos
2670 4435 2910 4504 respexi,
2944 4433 3000 4488 in
3029 4433 3227 4504 quibus
3247 4432 3518 4488 Firmicus
3547 4434 3768 4489 easdem
3788 4473 3802 4499 ,

2203 4542 2338 4598 quas
2378 4528 2566 4582 caeteri
2609 4527 2908 4596 scriptores
2934 4525 3262 4595 apologetici
3308 4523 3561 4591 habent,
3593 4523 3801 4579 fabulas

2209 4621 2398 4678 eadem
2447 4635 2588 4691 pene
2618 4620 2760 4676 serie
2789 4627 2847 4677 et
2890 4619 3025 4690 ipsis
3055 4618 3170 4675 fere
3215 4619 3592 4690 antiquiorum
3632 4616 3809 4674 verbis

492 4711 864 4786 mwdiginust
899 4713 1192 4778 Βίιτοηῖυει
1230 4711 1600 4782 Glandorl’ius
1625 4717 1683 4766 εἴ
1713 4709 1966 4794 LiPSitts:
2001 4707 2096 4796 set]
2124 4709 2180 4770 D
2206 4723 2474 4773 recenset.
2535 4713 2859 4785 Huiusmodi
2912 4723 3092 4770 autem
3145 4728 3482 4782 consensus,
3529 4724 3590 4770 ut
3619 4730 3683 4771 ex
3707 4730 3805 4769 an-

491 4807 664 4862 misso
712 4804 1028 4876 astrologo,
1071 4804 1140 4862 de
1191 4804 1450 4876 tlteologo
1490 4801 1865 4860 tantummodo
1915 4799 2099 4857 videa-

493 4915 622 4958 mus
653 4899 750 4974 (ὁ).

1262 5011 1352 5068 ιν.

573 5113 650 5167 At
677 5108 838 5166 valde
867 5106 1162 5166 dolendum
1183 5147 1198 5175 ,
1232 5105 1372 5162 adeo
1421 5106 1630 5162 incerta
1680 5113 1844 5176 atque
1870 5104 2100 5161 obscura

498 5218 624 5262 esse
651 5206 827 5260 omnia
853 5245 867 5272 ,
901 5212 961 5260 ut
989 5201 1218 5259 candide
1251 5202 1624 5258 conﬁtendum
1671 5202 1763 5270 sit,
1791 5217 1892 5257 nos
1921 5211 2107 5257 aucto-

496 5311 622 5352 rem
651 5297 774 5352 libri
801 5297 869 5353 de
897 5297 1102 5352 Errore
1135 5294 1489 5350 Profanarum
1522 5294 1847 5366 religionum
1877 5308 2104 5366 prorsus

496 5389 780 5458 ignorare.
828 5387 1047 5444 Natales
1075 5392 1122 5444 el
1152 5388 1324 5443 fuisse
1348 5386 1572 5456 ,Sieulos
1595 5397 1838 5442 statttunt
1868 5385 1941 5461 (ε)
1973 5430 1987 5454 ,
2022 5403 2118 5444 ne-

497 5479 618 5538 scio
645 5495 749 5552 qua
773 5481 840 5537 de
868 5497 1056 5538 causa.
1084 5481 1274 5538 Afrum
1298 5480 1471 5538 fuisse
1496 5481 1846 5547 crediderim,
1874 5481 1920 5536 si
1948 5481 2112 5538 modo

574 5617 651 5688 (a)
679 5615 912 5690 Fabricii
931 5619 1262 5690 Bibliotheca
1276 5619 1464 5676 Latina
1481 5619 1568 5676 ed.
1587 5621 1888 5688 Ernestan,
1907 5634 1962 5690 p.
1983 5619 2108 5677 115.

503 5695 510 5748 l
690 5689 766 5762 De
786 5687 901 5743 Jul.
933 5689 1102 5746 Firtn.
1126 5692 1367 5747 Materno
1395 5711 1450 5762 p.
1485 5695 1671 5753 £1.12.

608 5761 654 5830 c)
677 5761 958 5836 iltqngitor
988 5761 1406 5836 Siculumidicit
1422 5765 1648 5836 incerta:
1674 5764 1907 5836 patria},
1942 5763 2106 5820 nimi-

502 5830 628 5888 rum
674 5830 966 5908 inASi‘cilia.
1011 5831 1201 5908 Reuda
1232 5835 1490 5892 Biblioth.
1540 5830 1721 5894 Sicula
1772 5835 1945 5894 Vetus
1971 5836 2106 5908 (Ro-

505 5916 635 5970 maz,
667 5899 853 5972 1700),
886 5916 1011 5974 pag.
1046 5901 1169 5958 167.

2208 4812 2589 4870 notationihus
2621 4812 2850 4883 patebit,
2875 4811 3018 4867 haud
3050 4827 3176 4867 raro
3213 4812 3672 4868 animadvertitur
3687 4827 3805 4868 cum

2208 4909 2512 4966 Clementis
2559 4907 2915 4964 Alexandrini
2954 4907 3319 4979 Protreptico,
3352 4907 3575 4964 Minucii
3616 4907 3807 4964 Felicis

2210 5004 2472 5071 Octavio,
2520 5012 2575 5060 et
2629 5005 2865 5059 maxime
2912 5018 3036 5060 cum
3085 5003 3317 5059 Arnobii
3351 5003 3509 5060 libris
3555 5005 3809 5061 adversus

2209 5100 2438 5158 Gentes.
2477 5098 2815 5154 Lactantinm
2843 5113 3006 5170 porro
3039 5098 3184 5153 haud
3214 5113 3341 5155 raro
3364 5100 3707 5156 consuluisse
3730 5103 3808 5153 vi-

2211 5193 2371 5251 detur
2395 5234 2410 5258 ,
2441 5201 2497 5249 et
2525 5203 2675 5248 certe
2702 5192 2960 5265 Cypriani
2995 5192 3460 5249 Testimoniorum
3505 5193 3678 5250 libros
3700 5203 3807 5248 tres

2212 5299 2473 5362 perpetua
2523 5302 2656 5343 cura
2708 5287 2980 5342 tractavit.
3034 5285 3283 5358 Namque
3339 5287 3575 5358 plurima
3644 5287 3703 5344 γ.
3755 5293 3808 5341 et

2211 5383 2280 5442 Νι
2335 5383 2670 5440 Testamenti
2701 5382 2870 5450 dicta,
2906 5397 3028 5453 qua:
3067 5382 3120 5438 in
3150 5381 3388 5438 medium
3420 5382 3662 5454 profert,
3689 5396 3808 5438 cum

2216 5487 2364 5536 textu
2386 5478 2716 5551 Cyprianieo
2738 5478 3080 5548 conspirant,
3099 5491 3205 5533 non
3226 5478 3282 5533 in
3309 5477 3626 5549 vulgaribus
3651 5477 3814 5534 tritis-

2289 5617 2652 5722 (:12PWalchii
2699 5617 2938 5676 Historie
2966 5618 3064 5676 der
3117 5617 3802 5692 Kirehenversatnlttngen,

2360 5693 2407 5722 ,ρ

2213 5693 2620 5836 ῗέδεῗδὺειιθιιὶ
2687 5764 2837 5820 Italia
2863 5779 3021 5821 sacra
3068 5780 3143 5830 tv,
3178 5779 3235 5836 p.
3287 5766 3415 5823 507.
3450 5764 3703 5822 Bisoizius
3747 5760 3802 5817 in

2208 5833 2864 5906 Historiacpiscoporum
2895 5833 3413 5900 Mediolanénsium,
3445 5856 3498 5906 ρ.
3532 5838 3613 5894 15.

2281 5906 2354 5979 (f)
2395 5905 2516 5966 Idea
2553 5909 2613 5966 S.
2645 5905 2708 5968 S.
2740 5909 3076 5982 Siculorum,
3105 5925 3161 5982 p.
3205 5910 3276 5968 t5
3302 5919 3359 5966 et
3389 5905 3508 5967 125.
