3970 6408
155 341 263 402 977

156 551 348 610 habent
378 551 446 608 ab
471 551 538 607 iis
557 566 693 622 quas
718 551 839 607 libri
869 550 1224 621 manuscripti
1275 559 1331 607 et
1358 551 1648 608 eitationes
1692 551 1748 609 in

152 646 375 703 aliorum
409 646 627 701 Patrum
656 646 913 715 Operibus
939 644 1308 716 suppeditant,
1333 644 1600 700 diversas.

221 739 403 810 Neque
428 754 560 795 vero
587 739 884 810 scriptores
912 737 1180 794 Profanos
1204 752 1430 808 prorsus
1479 737 1742 807 neglexit.

153 834 230 891 Ex
253 832 394 888 haud
424 833 496 887 ita
529 833 717 903 paucis
749 832 882 887 locis
912 840 1079 902 patet,
1115 830 1414 886 Firmieum
1456 829 1747 886 Ciceronis

150 929 318 986 libros
347 928 414 984 de
442 927 646 982 Natura
672 927 908 983 Deorum
931 925 1125 981 sedulo
1158 932 1444 980 tractasse.
1475 922 1745 980 Nonnulla

152 1021 331 1079 hausit
378 1037 446 1078 ex
482 1021 774 1093 Porphyrii
824 1019 963 1076 libro
991 1019 1061 1075 de
1105 1021 1278 1074 Antro
1332 1017 1701 1091 Nympharum
1729 1058 1744 1085 ,

151 1115 374 1172 forsitan
404 1129 624 1187 quoque
672 1129 742 1171 ex
773 1113 882 1170 alio
911 1113 1029 1185 ejus
1079 1112 1264 1170 libello
1293 1111 1363 1168 de
1403 1109 1746 1167 Abstinentia

152 1210 218 1266 ab
237 1225 332 1266 esu
362 1210 628 1266 carnium.
661 1208 878 1280 Allegat
908 1218 1174 1279 praeterea
1201 1223 1322 1278 cap.
1352 1208 1419 1264 14
1443 1207 1603 1278 hujus
1628 1207 1749 1278 phi-

152 1307 360 1378 1050phi
391 1305 588 1362 librum
627 1310 749 1383 περί
773 1314 865 1368 τῆς
891 1307 944 1361 ἐκ
963 1305 1145 1380 λογίων
1174 1305 1492 1379 φιλοσοφίας,
1519 1305 1611 1374 qui
1630 1304 1744 1375 jam

150 1400 351 1456 dudum
405 1399 606 1470 injuria
655 1410 956 1470 temporum
985 1399 1170 1470 periit.
1227 1398 1425 1454 Verum
1468 1397 1636 1454 etiam
1690 1397 1747 1453 in

150 1493 382 1550 Firmico
399 1494 656 1566 leguntur
685 1491 881 1548 fabula:
913 1491 1055 1564 apud
1081 1491 1285 1547 nullum
1311 1491 1477 1546 alium
1505 1492 1742 1562 scripto-

148 1603 261 1644 rem
291 1586 583 1644 Profanum
610 1585 1054 1643 Christianumve
1077 1585 1418 1657 reperiunda:
1435 1626 1450 1653 ,
1481 1600 1585 1656 qua
1609 1598 1746 1654 quo-

147 1698 249 1755 que
272 1683 342 1738 de
359 1697 521 1739 causa
539 1683 877 1739 recentiores
901 1697 1086 1739 rerum
1109 1680 1591 1752 mythologicarum
1611 1679 1746 1736 scri-

149 1788 333 1852 ptores
359 1778 501 1835 haud
527 1779 600 1834 ita
631 1794 757 1835 raro
783 1779 849 1834 ad
873 1777 991 1850 ejus
1026 1775 1394 1832 testimonium
1421 1782 1736 1848 provocant.

1517 333 2034 397 PROLEGOMENA
2046 379 2058 395 .

155 471 259 529 que
282 454 818 524 tantummodolocis,
842 454 936 513 sed
961 455 1017 512 in
1041 455 1358 528 iisquoque,
1375 455 1464 512 ubi
1479 455 1745 514 lectiones
1770 457 1828 522 Α

3343 343 3454 404 978

2609 459 2692 516 νι.

1924 549 2241 617 Firmicum,
2270 551 2340 608 ad
2371 552 2619 610 secutum
2643 569 2731 610 xvi
2766 554 3008 612 medium
3035 569 3209 628 usque
3231 557 3460 628 penitus

1849 646 2120 718 ignotum,
2153 647 2295 721 typis
2326 651 2535 721 primus
2569 653 2810 723 vulgavit
2837 653 3096 709 Matthias
3129 653 3346 710 Flacius
3376 655 3450 712 Il-

1849 741 2054 814 lyricus
2104 742 2454 814 Argentorati
2507 747 2647 803 1562
2692 764 2763 804 ex
2792 749 2986 806 codice
3016 749 3210 808 Minda:
3259 751 3453 810 West-

1851 835 2051 907 phalia:
2081 849 2324 908 reperto.
2361 838 2460 894 llic
2491 839 2686 896 unicus
2713 852 2797 897 cSt
2827 841 3001 898 codex
3034 843 3125 912 qui
3166 853 3454 900 auctorem

1851 940 2101 986 nostrum
2155 933 2389 1002 posteris
2433 935 2698 990 servavit.
2731 936 2936 993 Eadem
2995 937 3214 994 fortuna
3258 938 3456 1010 obtigit

1850 1024 2081 1081 Phae‘dro
2103 1069 2117 1091 ,
2137 1026 2352 1083 Velleio
2379 1027 2672 1086 Patereulo
2692 1071 2707 1095 ,
2731 1032 2970 1102 quinque
2993 1033 3266 1104 prioribus
3283 1047 3452 1088 anna-

1851 1121 1983 1177 lium
2025 1122 2201 1178 Taciti
2231 1123 2410 1192 libris,
2445 1124 2739 1198 Hesychio,
2772 1128 2960 1198 primae
3012 1126 3312 1186 Clementis
3341 1129 3454 1186 Ro-

1849 1218 1998 1272 mani
2027 1218 2096 1273 ad
2121 1218 2439 1275 Corinthios
2469 1220 2750 1291 Epistolaa,
2777 1223 3018 1279 Minucio
3043 1224 3210 1281 Felici
3257 1233 3314 1281 et
3343 1226 3446 1282 Ar-

1850 1312 2037 1368 nobio.
2073 1311 2176 1369 Ubi
2224 1329 2358 1371 vero
2391 1314 2615 1372 Firmici
2638 1319 2814 1374 nostri
2842 1319 3020 1376 codex
3067 1321 3341 1394 hodieque
3368 1323 3453 1377 la-

1851 1414 1962 1462 teat
1985 1407 2182 1478 (latere
2211 1410 2357 1465 enim
2401 1408 2559 1476 dico,
2593 1426 2758 1481 quum
2800 1427 3068 1484 nusquam
3111 1430 3452 1473 commemo-

1848 1499 2022 1571 retur)
2047 1500 2264 1557 nescius
2289 1516 2432 1557 sum.
2467 1502 2736 1560 Editionis
2759 1504 3031 1562 Flaviana:
3051 1509 3305 1565 meminit
3335 1509 3457 1565 Rit-

1849 1603 2000 1652 terus
2032 1595 2087 1651 in
2109 1596 2436 1669 Biographia
2466 1597 2669 1672 Illyrici
2704 1597 3098 1672 (Francofurti,
3136 1602 3297 1676 ΓΗΒ)
3325 1618 3450 1675 pag.

1848 1691 1977 1756 353,
1999 1691 2140 1747 haud
2166 1700 2348 1748 tamen
2378 1693 2620 1750 indicato
2647 1694 2768 1752 loco
2795 1710 3008 1752 annove
3035 1696 3452 1764 impressionis:

1847 1785 1994 1842 unde
2041 1786 2262 1858 colligo,
2292 1787 2568 1843 Ritterum
2597 1803 2717 1844 eam
2748 1789 2924 1845 oculis
2955 1787 3099 1844 haud
3131 1803 3450 1860 usurpasse.

150 1874 308 1931 Unde
334 1888 464 1931 vero
505 1873 621 1930 haec
640 1874 764 1930 aliis
790 1874 977 1944 ignota
1006 1871 1231 1927 hausit?
1255 1871 1434 1929 dicam
1462 1869 1586 1942 quid
1618 1885 1745 1926 sen-
1775 1882 1822 1943 B
1850 1880 1921 1934 At
1950 1893 2069 1934 rara
2121 1888 2207 1935 est
2257 1880 2576 1936 admodum.
2620 1881 2977 1938 Desideratur
3008 1883 3062 1939 in
3091 1882 3451 1940 Bibliothecis

149 1970 273 2025 tiam
304 1970 316 2025 !
354 1970 428 2024 Ex
461 1969 755 2026 Eultemeri
778 1968 912 2049 Ἱερᾷ
939 1966 1248 2046 Ἄναγραφῇ.
1270 1966 1410 2022 Cum
1440 1967 1587 2022 enim
1613 1964 1745 2020 Eth—

147 2064 300 2118 nicas
332 2062 564 2129 fabulas,
597 2073 781 2135 spreta
810 2064 1002 2133 quavis
1033 2061 1254 2133 physica
1303 2060 1609 2132 mysticave
1663 2059 1744 2114 in-

148 2159 564 2228 terpretatione,
586 2159 851 2215 historice
882 2156 1258 2215 tantummodo
1285 2156 1622 2212 intellexerit
1647 2171 1744 2210 cx-

142 2250 537 2322 plicaveritqne
562 2293 575 2318 ,
608 2253 857 2308 arridere
883 2253 932 2306 ei
965 2265 1127 2323 quam
1157 2249 1392 2305 maxime
1419 2248 1609 2305 debuit
1641 2247 1746 2303 Eu-

144 2345 361 2401 hemeri
420 2346 510 2401 illa
561 2347 725 2402 totius
779 2345 1133 2418 mythologia:
1180 2344 1386 2401 Graeczn
1427 2343 1740 2415 expositio,

143 2457 309 2514 quam
339 2442 390 2497 in
419 2441 504 2510 iis,
536 2457 656 2513 qua:
683 2443 751 2499 de
777 2441 910 2498 Jove
940 2442 1124 2509 habet,
1158 2457 1282 2496 eum
1307 2451 1555 2497 secutum
1579 2453 1702 2495 esse
1725 2478 1742 2506 ,

143 2535 459 2593 luculenter
511 2546 679 2608 patet.
726 2536 884 2594 Unde
931 2553 1061 2592 vero
1091 2536 1474 2603 Euhemerus,
1522 2534 1745 2592 Graecus

142 2630 407 2702 scriptor,
433 2630 510 2687 illi
540 2631 836 2686 innotuerit
861 2673 877 2697 ,
934 2631 1111 2699 palam
1139 2639 1225 2686 est
1250 2639 1379 2686 ante
1409 2629 1596 2686 oculos
1623 2643 1742 2683 om-

141 2728 321 2784 nium.
369 2727 578 2782 Ennius
618 2742 850 2798 namque
881 2726 1249 2782 Euhemerum
1281 2725 1551 2780 latinitate
1573 2723 1748 2778 dona-

142 2829 339 2888 verat;
381 2820 535 2892 cujus
585 2822 854 2877 versionis
886 2820 1169 2891 complura
1208 2820 1507 2890 fragmenta
1567 2833 1597 2872 a
1644 2817 1745 2872 La-

142 2915 357 2972 ctantio
387 2914 563 2971 lnstit.
595 2915 803 2971 Divina:
856 2915 995 2970 libro
1018 2930 1054 2981 ι,
1079 2929 1130 2969 c.
1159 2914 1247 2982 Η,
1277 2913 1363 2980 15,
1389 2913 1478 2978 Μ,
1514 2913 1600 2975 17,
1630 2911 1702 2965 22
1724 2951 1740 2978 ,

143 3020 198 3069 et
225 3012 305 3068 de
325 3011 407 3067 Ira
431 3011 527 3067 Dei
551 3011 841 3068 laudantur
870 3011 958 3066 vel
989 3009 1450 3066 exseribuntur.A
1479 3006 1745 3063 Cicerone

143 3105 210 3162 de
265 3104 475 3161 Natura
519 3105 820 3171 Deorumt,
878 3119 928 3161 c.
959 3103 1066 3171 42,
1100 3105 1460 3174 ajClemeute
1510 3103 1740 3158 Alexan-

142 3198 310 3255 drino
337 3198 609 3271 Protrept.
641 3214 690 3255 c.
718 3199 755 3253 2
799 3214 852 3269 p.
905 3197 976 3256 9.0
1004 3197 1092 3254 ed.
1148 3197 1353 3254 Potteri
1376 3239 1391 3265 ,
1452 3212 1482 3252 a
1512 3196 1746 3253 Minucio

1849 1973 2074 2040 nostris,
2100 1987 2223 2028 cum
2256 1972 2429 2046 Regia
2452 1983 2565 2030 tum
2599 1973 3023 2043 Universitatis,
3054 1990 3236 2047 neque
3266 1976 3370 2032 fuit
3398 1976 3457 2032 in

1848 2065 2160 2122 Bunaviana
2186 2067 2298 2138 jam
2326 2082 2448 2124 eum
2494 2067 2663 2139 Regia
2689 2068 2984 2124 Dresdensi
3011 2069 3326 2140 conjuncta.
3366 2070 3454 2126 ln-

1847 2161 1972 2216 veni
2016 2175 2150 2216 vero
2199 2161 2252 2216 in
2295 2161 2652 2217 selectissima
2701 2177 2882 2218 rever.
2921 2162 3161 2218 llansen.
3213 2162 3455 2234 pastoris

1845 2255 2321 2326 Slangerupiensis
2349 2255 2651 2313 dioeceseos
2679 2256 2974 2326 Selandiae,
3023 2257 3116 2330 qui
3160 2258 3328 2316 hocce
3349 2281 3453 2318 κει-

1848 2351 2019 2422 μήλων
2048 2349 2353 2407 liberaliter
2382 2351 2529 2406 dono
2583 2349 2720 2406 mihi
2750 2352 2920 2408 dedit.
2951 2351 3026 2408 Ita
3072 2367 3204 2409 vero
3231 2353 3451 2411 Flacius

1848 2442 1904 2499 in
1935 2443 2208 2500 Prommio
2259 2443 2326 2499 ad
2355 2443 2631 2501 Andream
2664 2445 3080 2503 Meiendorfium
3111 2447 3182 2505 de
3216 2449 3412 2506 codice
3439 2489 3454 2514 ,

1848 2552 1917 2592 ex
1941 2553 2051 2608 quo
2076 2552 2231 2593 suam
2263 2537 2564 2594 editionem
2598 2538 2800 2605 hausit,
2828 2540 2993 2596 verba
3017 2539 3171 2598 facit.

1929 2648 1947 2682 ι
1980 2629 2064 2686 Ad
2106 2632 2244 2685 hanc
2275 2645 2405 2686 vero
2450 2631 2590 2701 piam
2628 2631 3015 2702 gratitudinem
3056 2633 3344 2704 zelumquc
3389 2633 3445 2688 in

1848 2725 2045 2781 animis
2080 2727 2284 2781 nostris
2312 2725 2679 2793 excitandum,
2710 2742 2832 2782 cum
2867 2728 3045 2799 aliqua
3075 2728 3162 2799 pia
3190 2739 3243 2784 et
3273 2729 3453 2802 aliqua

1849 2819 2011 2874 etiam
2045 2818 2208 2888 impia
2235 2819 2436 2889 scripta
2467 2818 2792 2889 profuerint,
2819 2829 2931 2876 tum
2960 2829 3015 2877 et
3043 2820 3149 2877 hoc
3173 2821 3300 2877 Julii
3329 2821 3450 2878 Fir-

1850 2910 1978 2968 mici
2003 2919 2190 2967 contra
2216 2926 2435 2967 errores
2460 2911 2816 2981 profanarum
2855 2914 3199 2985 religionum,
3230 2914 3374 2985 quod
3420 2929 3451 2970 a

1850 3020 1938 3061 me
1990 3006 2041 3060 in
2073 3006 2244 3060 veteri
2297 3014 2352 3062 et
2396 3021 2504 3062 non
2552 3006 2774 3078 ignobili
2827 3009 3047 3064 civitate
3088 3008 3448 3080 Westphalia:

1849 3099 2027 3156 Minda
2063 3109 2336 3170 repertum
2360 3115 2503 3155 nunc
2529 3099 2761 3170 primum
2783 3101 2836 3156 in
2862 3101 3129 3171 publicam
3153 3101 3445 3158 utilitatem

1849 3192 2152 3264 evulgatur.
2192 3192 2290 3247 Est
2323 3207 2455 3249 sane
2486 3191 2837 3264 dignissimus
2879 3193 3093 3250 libellus
3121 3194 3213 3265 qui
3242 3201 3451 3260 exstet,

143 3290 335 3348 Felice
365 3291 574 3348 Octavii
599 3307 648 3348 c.
681 3292 775 3361 2|,
826 3291 894 3348 ab
921 3291 1166 3347 Arnobio
1195 3289 1318 3345 adv.
1370 3289 1572 3346 Gentes
1599 3305 1653 3346 tv
1695 3304 1744 3346 c.
1776 3299 1823 3366 ρ
1853 3301 1974 3343 cum
2009 3295 2229 3357 propter
2261 3286 2528 3343 sermonis
2558 3287 2908 3358 elegantiam,
2943 3297 3052 3344 tum
3093 3297 3312 3360 propter
3351 3301 3451 3342 ve-

142 3381 227 3450 29,
274 3382 532 3440 similiter
560 3385 850 3455 allegatur.
879 3384 1067 3455 Itaque
1097 3383 1172 3439 nil
1204 3384 1424 3452 mirum,
1449 3382 1594 3439 hunc
1615 3398 1744 3440 auc-

143 3483 350 3544 torem,
383 3477 699 3548 religionum
728 3475 1080 3532 Ethniearum
1125 3475 1525 3530 destructorem
1551 3516 1566 3543 ,
1623 3473 1744 3530 Fir-

143 3573 295 3630 mico
328 3572 664 3641 innotuisse,
697 3574 988 3644 placuisse,
1020 3583 1182 3643 atque
1209 3572 1278 3628 ab
1331 3587 1398 3628 eo
1435 3571 1746 3628 consultum

141 3665 340 3722 fuisse.
362 3665 542 3721 Mirari
560 3666 740 3736 potius
758 3665 921 3731 subit,
948 3664 1263 3736 apologetas
1291 3663 1370 3719 rei
1395 3663 1744 3732 Christianae,

142 3756 198 3812 in
231 3756 436 3814 eodem
460 3772 581 3812 cum
611 3755 921 3814 Euhemero
952 3767 1274 3828 argumento
1300 3755 1585 3811 tractando
1611 3754 1749 3812 adeo

142 3847 376 3906 sedulos
405 3891 419 3916 ,
459 3851 578 3919 ejus
623 3857 802 3904 tamen
832 3863 1028 3906 nomen
1071 3857 1128 3904 ct
1156 3848 1350 3903 librum
1378 3848 1528 3918 justo
1573 3848 1748 3905 rarius

144 3940 406 3996 laudasse
431 3949 590 4011 atque
616 3940 767 3996 locos
797 3955 862 3996 ex
888 3941 1080 3996 eodem
1126 3939 1394 3994 attulisse.
1423 3938 1601 3995 Pauca
1634 3947 1752 3994 tan-

147 4032 437 4091 tummodo
465 4034 733 4090 hactenus
761 4048 826 4088 ex
847 4032 1159 4088 auctoribus
1183 4031 1456 4087 veteribus
1477 4031 1615 4101 ejus,
1642 4030 1751 4086 En-

145 4131 332 4186 hiante
360 4129 626 4201 imprimis
646 4129 936 4191 versionis.
977 4138 1229 4199 excerpta
1256 4140 1381 4182 sunt
1410 4128 1706 4198 fragmenta
1735 4143 1750 4192 ;

147 4225 340 4282 nullus
374 4235 551 4281 tamen
589 4224 801 4292 dubito,
835 4225 990 4295 quin,
1023 4231 1081 4279 ut
1107 4240 1172 4279 ex
1218 4221 1454 4278 Firmico
1496 4221 1568 4277 ita
1613 4235 1750 4293 quo-

145 4337 257 4392 que
282 4338 350 4377 ex
371 4321 488 4376 aliis
511 4320 868 4391 scriptoribus
884 4319 1163 4389 complura
1188 4317 1497 4389 hujusmodi
1513 4317 1751 4390 λείψανα,

143 4416 349 4489 quibus
377 4415 626 4472 collectio
655 4413 971 4470 llesseliana
1022 4413 1076 4469 in
1107 4412 1346 4469 editione
1380 4413 1535 4468 Ennii
1567 4409 1643 4484 (α)
1675 4413 1757 4467 lo-

145 4509 420 4580 cupletari
466 4517 651 4579 queat,
682 4508 874 4578 majori
904 4506 1154 4562 adhibita
1180 4506 1484 4577 diligentia,
1517 4519 1757 4576 sanaque

143 4603 205 4658 in
229 4602 578 4658 secernendo
605 4600 1070 4672 dijudicandoque
1093 4599 1244 4665 crisi,
1272 4600 1389 4655 erui
1419 4599 1628 4670 possint
1654 4598 1752 4670 (b).

1853 3382 2066 3438 tustatis
2093 3380 2339 3437 Ethnicae
2367 3389 2424 3438 et
2453 3381 2612 3436 simul
2637 3382 2982 3448 Christianae,
3011 3396 3132 3454 quae
3153 3384 3206 3438 in
3232 3397 3298 3438 eo
3324 3396 3462 3438 con-

1851 3476 2081 3543 tinetur,
2149 3474 2534 3547 cognitionem.
2599 3474 2716 3530 Non
2777 3491 2946 3546 pauca
2992 3477 3139 3531 enim
3201 3476 3328 3532 hinc
3382 3475 3454 3531 de

1849 3569 2116 3626 doctrina:
2143 3569 2458 3625 sinceritate
2486 3577 2542 3624 et
2570 3569 2774 3624 rituum
2814 3569 3072 3625 Ecclesiae
3109 3569 3460 3641 simplicitate

1851 3675 1906 3722 et
1933 3665 2169 3736 puritate
2207 3679 2540 3735 cognoscere
2575 3665 2772 3734 possis,
2807 3665 2853 3719 si
2894 3663 3058 3720 modo
3088 3663 3248 3735 paulo
3277 3671 3456 3719 atten-

1852 3758 1982 3826 tius,
2007 3773 2126 3829 qua:
2149 3757 2216 3813 de
2245 3757 2484 3823 Christo,
2507 3756 2578 3812 de
2610 3755 2911 3824 sacriﬁciis,
2941 3757 3011 3813 de
3052 3773 3190 3828 pane
3221 3756 3456 3825 cmlesti,

1852 3859 1909 3909 et
1940 3851 2007 3906 de
2033 3850 2363 3921 imaginibus
2387 3865 2451 3905 ac
2477 3849 2598 3904 aliis
2623 3848 2896 3916 dicuntur,
2923 3849 3220 3922 expendas.
3250 3867 3271 3903 ι

1924 3945 2055 4001 llaec
2081 3945 2191 4001 ille.
2227 3945 2495 4001 Caeterum
2527 3945 2616 3999 vix
2643 3944 2750 4000 ulla
2775 3952 2860 4000 est
2903 3959 3031 4015 spes
3059 3943 3177 4001 fore
3211 3951 3274 3999 ut
3315 3943 3457 4000 alius

1855 4037 2014 4108 hujus
2060 4036 2233 4092 nostri
2280 4037 2521 4092 auctoris
2548 4035 2721 4092 codex
2771 4043 3032 4108 emergat.
3070 4036 3126 4090 In
3175 4035 3459 4095 ditissimis

1853 4131 2000 4189 enim
2030 4129 2368 4187 bibliothecis
2399 4131 2518 4200 ejus
2547 4129 2876 4199 exemplaria
2905 4128 3306 4185 desiderantur.
3352 4129 3462 4185 De-

1855 4237 1984 4284 sunt
2023 4227 2276 4282 nimirum
2327 4227 2380 4280 in
2428 4224 2860 4291 Vindebonensi,
2918 4223 3250 4292 Monacensi,
3307 4224 3461 4281 Pari-

1855 4320 2044 4386 siensi,
2074 4317 2282 4375 Veneta
2307 4317 2427 4373 Divi
2455 4316 2646 4385 Marci,
2675 4325 2728 4370 ct
2759 4317 2812 4371 in
2841 4315 2948 4373 San
2973 4316 3216 4374 Gallensi
3240 4333 3255 4384 ;
3281 4331 3463 4388 neque

1858 4413 2128 4470 habentur
2176 4412 2229 4467 in
2277 4409 2607 4466 Britannicis
2651 4408 3013 4482 Belgicisque,
3063 4424 3190 4465 cum
3227 4409 3468 4466 editores

1858 4505 2043 4562 Batavi
2071 4505 2140 4562 de
2171 4505 2274 4562 hac
2311 4519 2369 4560 re
2410 4501 2785 4574 investiganda
2820 4511 2970 4558 certo
2992 4502 3200 4558 certius
3245 4500 3467 4557 solliciti

1859 4599 2089 4666 fuerint;
2125 4615 2227 4656 nec
2258 4598 2311 4654 in
2338 4598 2620 4665 Vaticana,
2654 4611 2776 4667 quae
2826 4595 2978 4666 quasi
3023 4604 3108 4650 est
3137 4594 3468 4650 bibliotheca

147 4696 210 4752 ld
241 4695 391 4767 quod
432 4705 581 4751 certe
612 4695 958 4764 praastitisset
1000 4694 1085 4748 vir
1131 4692 1396 4763 praeclare
1439 4691 1636 4749 doctus
1666 4691 1753 4748 ιο.
1785 4707 1838 4768 1)
1864 4693 2343 4756 bibliothecarum,
2363 4693 2499 4748 cuia
2519 4690 2729 4746 duobus
2757 4688 2882 4745 inde
2909 4688 3126 4744 saeculis
3149 4687 3249 4743 viri
3270 4686 3471 4743 doctis-

144 4789 443 4846 Lundblad
471 4789 529 4845 S.
559 4790 724 4846 theol.
764 4789 825 4844 D.
856 4798 911 4844 et
942 4787 1274 4858 eloquentiae
1303 4798 1470 4857 atque
1523 4801 1756 4857 poeseos

147 4885 207 4941 in
243 4884 614 4940 Universitate
641 4883 917 4940 Lundensi
943 4883 1225 4954 professor
1253 4882 1411 4938 Publ.
1443 4882 1637 4938 Ordin.
1666 4882 1759 4953 qui

147 4977 372 5033 duabus
404 4977 878 5033 dissertationibus
895 4978 965 5034 de
1000 4977 1312 5033 Euhemero
1333 4976 1591 5048 (Londini
1621 4975 1758 5032 Got-

149 5072 312 5138 hor.,
347 5072 508 5145 4804)
561 5074 679 5144 ejus
727 5074 1029 5144 fragmenta
1063 5073 1230 5129 edere
1261 5081 1426 5144 atque
1481 5072 1762 5129 illustrare

150 5173 451 5237 coeperat,
507 5182 540 5221 e
584 5166 724 5222 vivis
781 5176 965 5221 autem
1018 5176 1241 5234 ereptus
1291 5176 1374 5220 est
1404 5207 1419 5234 ,
1469 5174 1768 5235 antequam

149 5274 300 5332 opus
334 5260 645 5316 inchoatum
679 5261 966 5317 absolvere
998 5259 1258 5330 potuerit.
1289 5257 1459 5330 Cujus
1490 5259 1594 5315 viri
1625 5260 1769 5330 opti-

150 5354 236 5410 mi
271 5354 517 5426 mihique
543 5355 865 5412 amicissimi
897 5353 1146 5425 vestigiis
1196 5354 1452 5409 insistens
1478 5395 1494 5422 ,
1543 5354 1591 5408 si
1621 5354 1771 5410 Deus

149 5447 342 5503 otium
369 5447 602 5514 fecerit,
635 5448 934 5504 Enhemeri
986 5454 1261 5518 quotquot
1305 5450 1552 5518 reperire
1569 5457 1772 5518 potero

152 5539 427 5610 reliquias
465 5542 724 5612 colligere
766 5551 931 5612 atque
962 5540 1242 5612 publicam
1293 5540 1553 5598 inlucem
1602 5540 1767 5597 edere

153 5648 343 5706 penes
365 5650 454 5693 me
481 5637 765 5694 constitui.

244 5791 330 5940 2a)
371 5792 802 5858 Amstelaedami,
840 5793 1004 5862 i707,
1032 5795 1082 5851 in
1115 5796 1192 5851 4°.

273 5865 339 5940 ὁ)
363 5867 537 5940 Locos
562 5867 650 5923 ubi
683 5867 950 5938 allegatur
992 5867 1186 5940 sedulo

273 5865 339 5940 ὁ)
363 5867 537 5940 Locos
562 5867 650 5923 ubi
683 5867 950 5938 allegatur
992 5867 1186 5940 sedulo
1212 5867 1438 5940 collegit
1465 5869 1552 5925 Jo.
1601 5868 1767 5926 Conr.

159 5938 450 5999 Orelliusé
471 5941 774 6016 μακαρίτης,
800 5947 1047 5996 annotat.
1068 5939 1123 5996 in
1142 5940 1348 6001 Arnob.
1367 5938 1543 6010 iv,‘29,
1567 5943 1774 6009 tom.ll,

1862 4791 2006 4856 simi,
2046 4788 2379 4855 llolstenius,
2433 4787 2545 4842 Leo
2584 4785 2836 4851 Allatius,
2890 4781 3259 4852 Zaecagnius,
3308 4780 3471 4836 Mari-

1864 4889 1986 4944 nius
2014 4887 2214 4957 aliique
2259 4881 2614 4955 przefuerunt,
2667 4881 2759 4952 qui
2790 4878 3098 4950 hujusmodi
3137 4877 3338 4956 εὕρημα
3367 4876 3471 4933 mi-

1875 4983 2020 5038 nime
2051 4978 2440 5050 neglexissent.
2485 4974 2601 5030 Nisi
2639 4973 2787 5030 enim
2828 4972 2966 5028 forte
3011 4969 3229 5026 fortuna
3276 4970 3332 5024 in
3374 4983 3470 5040 pa-

1865 5074 2148 5142 limpsesto
2200 5071 2382 5141 aliquo
2428 5067 2620 5124 codice
2675 5067 2980 5137 delegatur,
3020 5074 3113 5119 aut
3157 5079 3224 5119 ex
3269 5062 3470 5134 angulo

1867 5164 2217 5223 bibliothecae
2262 5161 2492 5232 alicujus
2523 5161 2838 5216 monasticae
2884 5157 3127 5214 nondum
3168 5157 3304 5212 satis
3348 5155 3472 5212 dili-

1869 5269 2063 5332 genter
2092 5259 2436 5330 perlustratae
2459 5258 2514 5312 in
2540 5256 2717 5312 lucem
2746 5253 3104 5325 producatur,
3132 5252 3298 5309 unico
3329 5251 3474 5309 eoin

1871 5365 2150 5428 posterum
2192 5367 2409 5425 quoque
2452 5351 2738 5408 fruendum
2777 5350 2936 5404 nobis
2979 5348 3105 5417 erit,
3152 5347 3299 5420 quod
3349 5356 3478 5405 ante

1872 5453 1973 5509 tria
2008 5450 2122 5508 fere
2152 5451 2270 5506 haec
2290 5448 2488 5505 saecula
2517 5445 2762 5511 emersit,
2793 5443 3112 5515 exemplari.

1946 5545 2075 5616 Ejus
2097 5543 2313 5616 quidem
2357 5549 2574 5598 aatatem
2609 5539 2828 5596 Flacius
2865 5536 3009 5593 haud
3056 5535 3336 5593 indicavit.
3396 5535 3478 5591 Ex

1879 5648 1991 5696 tota
2019 5652 2153 5696 vero
2175 5645 2353 5696 textus
2394 5634 2574 5693 indole
2615 5641 2863 5707 apparet,
2887 5631 3226 5703 descriptum
3265 5630 3318 5687 id
3353 5644 3479 5688 esse

1878 5798 2068 5929 3.315:
2073 5816 2129 5928 n;t
2158 5798 2264 5857 alia
2285 5797 2368 5858 Jo.
2399 5795 2582 5871 Lydus
2601 5803 2656 5856 et
2674 5793 2996 5856 Scholiasta:
3022 5795 3255 5855 fortasse
3281 5808 3481 5869 suppeo

1924 5891 1935 5928 l
1964 5888 1991 5928 ξι
2014 5889 2030 5928 )
2137 5912 2149 5922 .

1924 5888 2149 5928 uanum.

3377 6003 3379 6007 .
3421 5962 3463 6010 τί
