3970 6408
573 320 689 379 9³79·

574 529 714 586 adeo
743 530 942 585 multas
983 540 1038 584 et
1088 529 1227 584 facili
1278 530 1491 599 negotio
1539 528 1914 598 corrigendas.
1952 529 2180 586 Laeuine

574 623 804 680 librario
831 624 968 677 haud
999 630 1129 676 sunt
1149 622 1318 692 culpte
1347 621 1656 687 vertendae;
1687 622 2178 676 exstiterunteuim

575 720 696 773 sine
732 716 896 772 dubio
946 718 997 771 in
1039 716 1227 771 codice
1271 730 1436 786 quem
1486 716 1791 784 exscripsit.
1845 715 2180 769 Prooemium

578 813 826 867 mutilum
854 823 939 868 est
979 812 1048 866 ab
1083 810 1278 877 initio;
1312 811 1473 867 verba
1519 822 1698 866 autem
1750 811 1943 878 Flacii,
1983 811 2183 865 Desunt

579 905 837 976 quwdam,
867 904 1110 960 indicare
1145 904 1418 972 videnlur,
1450 903 1503 958 in
1526 905 1711 959 codice
1739 903 2003 958 Mindensi
2039 903 2182 958 haud

581 1000 656 1053 ita
683 999 848 1053 multa
877 997 1136 1055 defuisse.
1161 999 1241 1054 Eo
1265 1013 1397 1055 vero
1427 999 1480 1053 in
1520 999 1662 1067 loco,
1690 998 1779 1053 ubi
1807 997 2045 1054 Woweri
2067 999 2184 1055 edi-

582 1094 661 1148 tio
684 1102 738 1148 et
760 1102 884 1162 post
903 1107 1022 1148 eam
1068 1095 1292 1164 reliqua:
1323 1095 1399 1165 (in
1428 1094 1524 1147 Irae
1551 1093 1773 1148 editione
1798 1094 1899 1148 col.
1934 1092 2063 1166 985)
2105 1094 2184 1148 la-

583 1202 776 1242 cunam
809 1186 1086 1251 exbibent,
1123 1187 1327 1241 nullam
1366 1188 1419 1242 in
1461 1201 1562 1241 suo
1594 1187 1783 1242 codice
1831 1188 2036 1258 reperit
2062 1185 2186 1242 Fla-

583 1281 722 1350 cius,
761 1280 960 1337 saltem
1006 1280 1147 1335 haud
1196 1282 1427 1338 notavit.
1463 1285 1715 1337 Attamen
1745 1281 1950 1352 aliquid
1991 1281 2185 1338 deesse

585 1383 870 1430 contextus
898 1374 1078 1442 docet,
1113 1391 1234 1430 cum
1272 1375 1539 1432 Firmicus
1570 1376 1849 1447 promissis
1886 1377 2000 1434 suis
2040 1377 2185 1433 haud

583 1471 815 1526 steterit.

659 1564 847 1635 Capite
872 1567 1064 1636 quinto
1090 1573 1214 1636 post
1242 1564 1410 1622 verba
1438 1583 1450 1619 :
1481 1573 1534 1620 at
1571 1564 1854 1621 Persarum
1882 1565 2078 1638 legibus
2102 1582 2184 1620 se-

583 1671 795 1730 quatur,
827 1659 970 1730 apud
1017 1657 1255 1715 Flacium
1287 1675 1414 1728 una,
1457 1663 1594 1732 apud
1627 1659 1942 1716 Wowerum
1972 1661 2184 1728 eadem,

587 1761 644 1806 et
673 1752 824 1807 brevi
857 1761 980 1822 post
1023 1752 1194 1808 altera
1247 1754 1474 1810 habetur
1499 1755 1688 1810 lacuna
1737 1771 1767 1810 a
1817 1754 2001 1810 Flacio
2044 1754 2187 1810 haud

1692 315 1932 375 JULIUS
1971 309 2301 376 FIRMICUS
2343 311 2746 380 MATERNUS.

573 455 602 491 a
637 437 858 492 librario
885 435 1026 491 haud
1060 436 1333 506 imperito.
1379 431 1598 490 Mendas
1639 434 1782 490 enim
1830 435 1993 491 habet
2043 436 2184 491 haud
2214 440 2263 497 Α
2295 439 2498 494 micnm
2530 439 2790 509 impendi.
2828 441 3128 513 Superesse
3172 445 3335 504 fateor
3360 467 3502 510 unum
3529 472 3670 517 parum

3694 349 3760 412 980

3700 484 3759 537 3e-

2288 548 2411 598 nug,
2429 534 2570 604 quod
2598 534 2788 589 harum
2811 552 2988 591 rerum
3011 539 3198 596 arbitri
3217 541 3428 602 fortasse
3446 534 3760 616 desiderabant:

2287 628 2508 681 collatio
2582 630 2836 684 nimirum
2913 647 3207 703 exegescos
3271 650 3418 710 atque
3472 653 3761 713 sententiarum

2291 720 2723 790 theologicarnm
2764 723 2941 778 Nostri
2999 741 3120 780 cum
3177 730 3582 802 interpretatione
3619 757 3764 802 eorum-

2289 811 2413 866 dem
2449 813 2692 868 locorum
2727 826 2889 887 atque
2918 821 3262 890 expositione
3287 824 3583 898 dogmatum,
3607 851 3761 905 quorum

2291 905 2557 960 Firmicus
2589 909 2856 976 meminit,
2899 913 3039 981 apud
3093 913 3322 985 reliquos
3363 921 3628 993 apologetas
3657 940 3760 1001 atque

2289 997 2502 1054 Patres.
2535 999 2721 1069 Neque
2751 1003 2908 1072 plane
2949 1005 3181 1076 neglexi.
3211 1009 3464 1079 Attamen,
3509 1030 3609 1071 cum
3638 997 3764 1078 Firmi-

2290 1108 2408 1157 cus,
2449 1095 2728 1164 exegctica
2776 1107 2938 1166 atque
2985 1100 3284 1171 dogmatica
3337 1106 3379 1160 si
3422 1119 3614 1177 spectes,
3638 1118 3764 1188 exiguo

2292 1186 2484 1241 saltem
2515 1187 2632 1240 usui
2663 1190 2732 1244 sit
2761 1188 3049 1263 theologis,
3080 1209 3264 1250 verum
3295 1197 3502 1255 Elttnica
3536 1186 3764 1279 mythologia

2292 1294 2612 1352 arcanaeque
2644 1283 2937 1355 religiones
2989 1286 3161 1342 lucem
3210 1289 3350 1346 haud
3377 1293 3440 1346 ita
3476 1305 3763 1367 aspernandam

2294 1373 2363 1429 ab
2391 1387 2458 1428 eo
2480 1375 2776 1444 lucrentur,
2809 1377 2925 1434 haec
2955 1379 3165 1450 potiora
3193 1397 3310 1438 esse
3340 1385 3478 1452 duxi,
3503 1397 3632 1458 atque
3661 1392 3698 1447 in
3719 1396 3766 1450 his

2294 1469 2630 1525 illustrandis
2685 1473 2925 1528 curatius
2986 1487 3234 1532 versatus
3288 1494 3418 1536 sum.
3481 1481 3646 1541 Vellem
3686 1504 3767 1544 vero

2293 1565 2553 1620 Orellium
2587 1568 2759 1622 virum
2791 1568 3246 1640 eruditissimum,
3301 1583 3357 1629 ut
3383 1591 3517 1645 spem
3557 1578 3705 1635 fecerat
3735 1584 3766 1638 in

2294 1659 2614 1729 praefatione
2643 1661 2708 1716 ad
2735 1663 3036 1718 Arnobium
3061 1680 3112 1736 p.
3150 1681 3260 1731 xvr.
3289 1668 3340 1723 in
3360 1667 3607 1728 Firmium
3625 1689 3767 1745 quoque

2295 1753 2558 1809 doctrina:
2589 1771 2700 1811 suae
2728 1758 2916 1828 copias
2947 1775 3238 1830 erogasse;
3269 1772 3374 1818 tum
3413 1767 3530 1822 meis
3560 1782 3658 1823 sane
3677 1772 3767 1824 curis

591 1852 812 1898 notata:
837 1860 867 1899 a
899 1843 1161 1901 Wowero
1188 1847 1347 1916 igitur
1374 1863 1438 1902 ex
1487 1848 1800 1918 conjectura
1843 1847 2074 1903 indicata
2109 1848 2188 1901 vi-
2217 1845 2267 1907 Β
2295 1847 2437 1904 haud
2469 1864 2606 1920 Opus
2637 1850 2850 1906 fuisset.
2882 1854 3085 1922 Atille,
3113 1871 3238 1911 cum
3266 1857 3381 1912 aliis
3405 1860 3555 1915 doctis
3580 1861 3766 1917 laboribus

591 1940 768 1996 detur.
803 1940 1045 2013 Reliqua
1077 1957 1146 1998 ex
1179 1943 1400 2015 singulis
1430 1944 1805 1999 tantummodo
1830 1943 2014 1998 verbis
2041 1942 2192 1998 elisis

591 2045 729 2089 ortae
757 2035 1039 2104 videntur;
1075 2051 1176 2092 nec
1205 2051 1422 2092 sensum
1455 2050 1786 2108 magnopere
1811 2036 2137 2107 impediunt.

663 2129 932 2186 Nonnulla
963 2132 1266 2202 sphalmata
1309 2142 1662 2187 correxerunt
1703 2131 1991 2187 Wowerus
2031 2141 2195 2203 atque

593 2224 936 2292 Gronovius;
980 2241 1082 2297 ego
1119 2242 1334 2298 quoque
1361 2228 1616 2296 pauculas
1657 2229 2063 2284 etnendationes
2099 2228 2196 2284 ad-

592 2318 702 2374 didi
732 2320 784 2374 in
810 2322 982 2386 notis;
1018 2322 1069 2376 in
1087 2321 1688 2391 duobustantumlocis,
1711 2338 1759 2378 c.
1788 2325 1875 2390 16,
1904 2325 2006 2396 ipsi
2029 2325 2195 2380 textui

594 2414 866 2470 medelam
877 2414 1137 2482 efferens,
1162 2417 1250 2471 ubi
1270 2425 1456 2487 aperte
1483 2416 1670 2473 Abaris
1688 2416 1884 2489 Scytha
1905 2418 2193 2490 legendum

595 2518 677 2564 est
701 2525 798 2579 pro
829 2511 996 2565 Auaro
1030 2511 1251 2583 Scytha.

667 2603 812 2658 Istud
843 2615 1024 2660 autem
1058 2606 1325 2677 imprimis
1350 2609 1402 2664 in
1433 2623 1568 2663 nova
1595 2608 1693 2665 hac
1708 2609 1925 2666 Firmici
1957 2611 2198 2668 editione

592 2709 738 2752 cura}
772 2699 901 2752 mihi
954 2699 1074 2767 fuit,
1119 2715 1198 2767 ut,
1242 2713 1503 2773 quantum
1553 2717 1791 2774 possem,
1834 2705 1955 2760 licet
1991 2705 2201 2762 brevis-

591 2797 750 2862 sime,
784 2811 870 2864 ea,
900 2815 1022 2870 quae
1046 2802 1112 2855 tle
1133 2803 1303 2856 sacris
1344 2802 1592 2858 Ethnicis
1625 2801 1815 2869 refert,
1848 2803 2195 2858 illustrarem.

589 2892 764 2960 Quem
799 2893 850 2947 in
895 2893 1056 2948 linem
1103 2907 1258 2949 noxas
1300 2895 1539 2952 Woweri
1574 2898 2198 2968 aliorumquevirorum

595 2987 883 3043 doctorum
917 2993 967 3044 in
1003 2989 1296 3045 Firmicum
1328 2991 1615 3060 exscripsi,
1637 2993 1834 3062 quibus
1855 2993 2027 3062 adjeci
2051 3011 2200 3048 com-

597 3086 748 3152 plnra
778 3097 987 3149 eorum,
1030 3101 1150 3155 qua:
1181 3085 1428 3139 Hertzins
1464 3087 1514 3138 in
1549 3087 1940 3140 dissertatione
1973 3087 2040 3141 de
2086 3087 2201 3141 Fir—

599 3179 738 3229 tnico
787 3178 1125 3243 observavit;
1187 3193 1360 3248 neque
1412 3179 1630 3248 neglexi
1685 3180 1932 3234 editores
1979 3180 2196 3235 Patrum

2301 1956 2398 2010 per
2428 1944 2634 2014 aliquot
2687 1960 2862 2000 annos
2907 1945 3203 2004 distractus
3251 1950 3451 2019 fuisset,
3499 1969 3646 2024 nuper,
3677 1955 3766 2024 quod

2299 2036 2457 2092 valde
2486 2036 2779 2093 dolendum
2810 2047 2914 2105 est,
2949 2056 2980 2096 e
3011 2042 3150 2096 vivis
3179 2045 3428 2100 excessit.

3047 2136 3158 2193 VII.

2371 2229 2679 2301 Antequam
2709 2245 2841 2286 vero
2877 2231 2944 2286 ad
2969 2242 3348 2302 argumentum
3377 2234 3513 2301 libri,
3538 2249 3651 2305 quem
3665 2239 3773 2289 utar-

2303 2331 2524 2378 raturus
2549 2340 2692 2390 sum,
2714 2325 3095 2396 exponendum
3142 2327 3419 2394 accedam,
3444 2328 3504 2383 de
3525 2328 3654 2398 ipsius
3672 2327 3772 2381 titulo

2306 2431 2476 2486 pauca
2525 2418 2779 2474 monebo.
2813 2417 2946 2473 Cum
2979 2434 3109 2475 vero
3159 2421 3374 2477 unicum
3413 2422 3638 2492 exemplar
3662 2428 3775 2475 exstet

2302 2513 2388 2567 vel
2419 2514 2710 2577 exsuterit,
2746 2529 2774 2566 a
2823 2513 3006 2569 Flacio
3050 2517 3102 2570 in
3139 2516 3315 2572 lucem
3360 2518 3602 2581 emissum,
3637 2516 3773 2578 unicus,

2305 2621 2464 2676 quem
2497 2621 2596 2676 pro
2621 2608 2861 2678 genuino
2891 2608 3092 2664 habere
3122 2611 3274 2677 licet,
3303 2612 3349 2666 is
3383 2620 3459 2666 est
3485 2625 3615 2681 quem
3638 2608 3776 2663 Finitis

2305 2698 2381 2752 illi
2410 2699 2706 2771 inscripsit,
2742 2701 2794 2755 in
2819 2702 2936 2772 ipso
2957 2701 3228 2758 Mindensi
3253 2705 3434 2760 codice
3461 2704 3580 2758 haud
3600 2703 3716 2756 dubie
3737 2700 3776 2753 ab

2304 2810 2371 2849 eo
2400 2795 2601 2850 lectus:
2623 2797 2686 2850 de
2711 2794 2906 2851 Errare
2931 2795 3286 2866 Profamtrnm
3317 2799 3616 2869 Religionum.
3629 2792 3735 2862 Quod
3749 2791 3778 2847 si

2306 2887 2469 2956 igitur
2494 2887 2785 2956 scriptores
2816 2891 3173 2956 recentiores,
3210 2893 3301 2962 qui
3331 2891 3480 2961 hujus
3507 2890 3608 2946 libri
3631 2888 3780 2943 utentio-

2307 2995 2428 3032 nem
2483 2984 2744 3046 lecerunt,
2805 2983 3017 3036 titulum
3061 2987 3225 3053 paulo
3273 2985 3428 3039 aliter
3470 2984 3778 3054 expressctutd.

2307 3088 2358 3125 v.
2387 3088 2436 3127 c.
2471 3073 2644 3126 Balth.
2681 3075 2988 3130 Bonifacius
3033 3077 3084 3129 in
3131 3077 3364 3132 historia-
3406 3072 3778 3146 lndicra(lirmell.

2310 3167 2469 3224 1656.
2520 3184 2570 3236 p.
2606 3165 2761 3238 456),
2796 3167 2891 3238 qui
2933 3168 3162 3222 libellum
3214 3171 3279 3224 de
3321 3169 3500 3225 Error:
3538 3169 3778 3237 Profonmu

597 3270 835 3325 Firmico
861 3273 1254 3342 antiquiorum,
1288 3275 1339 3328 in
1373 3275 1570 3343 quibus
1598 3274 1793 3328 similia
1824 3291 2037 3340 eorum,
2077 3292 2199 3346 quae
2228 3243 2273 3306 C
2305 3265 2529 3336 gentium
2579 3276 2626 3316 et
2668 3265 2975 3334 religionum
3009 3276 3190 3332 vocat,
3240 3279 3398 3336 atque
3444 3259 3778 3328 Baroninmpud

599 3366 643 3417 is
675 3365 858 3431 habet,
904 3367 1180 3434 leguntur;
1233 3367 1485 3421 vitlelitret
1525 3366 1830 3435 Ouzelium,
1884 3370 2197 3436 lIcraldutn,

599 3458 915 3528 Iligaltiuni,
951 3459 1244 3524 Davisinm,
1281 3459 1609 3514 Linduerutn
1655 3460 1708 3514 in
1742 3459 2029 3515 Minucium
2063 3463 2200 3518 lt'cli-

595 3567 735 3620 cem,
786 3553 1092 3608 Walcltiutn
1148 3555 1204 3607 in
1253 3553 1611 3618 Lactanlinm,
1651 3555 2108 3610 Elntenltorstinm
2143 3566 2198 3611 ct

598 3648 865 3716 imprimis
893 3647 1154 3702 O‘rclliunt
1187 3649 1238 3700 in
1268 3647 1588 3711 Arn'oiriurn,
1621 3650 1779 3716 alios,
1825 3661 1960 3719 quos
1992 3650 2193 3720 passim

595 3740 830 3812 inspexi,
863 3751 918 3795 nt
957 3750 1188 3796 taceam.
1237 3742 1395 3795 Plura
1446 3755 1659 3814 quoque
1689 3758 1753 3798 ex
1791 3745 2010 3814 prepria
2051 3759 2196 3814 penu

593 3834 802 3900 addidi,
837 3836 892 3889 in
943 3836 1132 3905 primis
1186 3835 1250 3889 ad
1297 3838 1596 3905 posteriora
1644 3838 1876 3907 capitaa
1931 3836 1996 3892 :8
2035 3839 2192 3906 inde,

589 3939 711 3997 qute
737 3928 1034 3985 Wowerns
1064 3929 1178 3985 fere
1207 3937 1315 3984 tota
1350 3930 1608 4002 neglexit,
1637 3947 1810 4002 neque
1842 3934 1931 4002 qui
1965 3949 2084 3985 eum
2110 3948 2196 3988 se-

585 4024 696 4078 cuti
719 4033 845 4080 sunt
866 4024 1108 4080 editores
1130 4035 1416 4092 curarunt;
1441 4025 1514 4081 ita
1539 4026 1732 4081 leviter
1755 4035 1808 4081 ct
1831 4026 2194 4096 perluncmrie

591 4119 643 4170 in
677 4117 1004 4173 illustrando
1029 4117 1132 4173 hoc
1149 4129 1373 4174 auctore
1393 4119 1613 4173 minime
1635 4133 1764 4174 sane
1791 4121 2193 4175 contemnendo

591 4213 794 4265 versati
826 4219 972 4266 sunt.

662 4304 927 4374 Denique,
961 4319 1083 4360 cum
1124 4307 1226 4362 loci
1259 4306 1448 4362 Biblici
1493 4303 1636 4362 haud
1666 4307 1738 4362 ita
1773 4307 1928 4377 pauci
1969 4306 2187 4377 allegati

583 4398 696 4452 sint
721 4411 788 4452 ex
820 4398 1159 4454 versionibus
1189 4397 1400 4454 Latinis
1425 4399 2018 4471 Antehieronymianis,
2046 4399 2192 4470 ipsas

582 4489 797 4547 illarum
826 4491 1092 4547 lectiones
1123 4491 1516 4546 examinandas
1561 4506 1684 4547 esse
1731 4492 1879 4547 duxi.
1916 4487 2025 4548 Nec
2049 4493 2192 4548 difﬁ-

579 4586 705 4641 cilis
748 4584 836 4640 hic
889 4584 1065 4640 labor.
1107 4583 1351 4653 Namque
1381 4584 1568 4639 statim
1621 4594 1963 4656 compertum
1997 4585 2185 4653 habui,

581 4693 677 4733 eas
707 4693 736 4732 a
767 4678 1052 4735 Sabaterio
1082 4679 1134 4733 in
1165 4675 1454 4732 Bibliorunt
1485 4676 1772 4733 Sacrorum
1813 4678 2014 4733 Latinis
2063 4681 2190 4736 Ver-

579 4771 810 4827 tiom‘bus
857 4773 1082 4841 antiquis
1132 4771 1324 4828 sedulo
1373 4771 1602 4827 collatas
1652 4787 1793 4828 esse.
1848 4771 2037 4845 Itaque
2083 4774 2187 4831 hoc

581 4872 708 4923 cum‘
737 4867 972 4922 maxime
1000 4867 1283 4936 explorare
1329 4864 1533 4934 studui,
1565 4879 1831 4936 quosnam
1873 4883 1938 4923 ex
1988 4876 2065 4922 tot
2096 4884 2187 4923 ve-

583 4963 713 5017 teris
755 4961 1042 5025 versionis,
1093 4959 1178 5014 vel
1221 4959 1402 5028 potiris
1441 4961 1788 5030 antiquarum
1839 4960 2182 5030 versionum,

578 5053 860 5109 codicibus
893 5052 1161 5108 Firmicns
1195 5061 1323 5107 ante
1357 5052 1546 5108 oculos
1577 5053 1847 5109 habuerit.
1880 5052 1950 5109 Et
1979 5055 2185 5125 qumvis

579 5147 695 5202 fere
723 5159 807 5201 me
833 5146 1025 5217 pagina
1059 5145 1264 5212 docuit,
1299 5161 1419 5201 eum
1466 5147 1608 5204 inter
1639 5151 1830 5205 omnes
1860 5148 2050 5206 Patres
2084 5148 2187 5205 La-

581 5239 726 5292 tinos
775 5241 1009 5295 maxime
1061 5253 1180 5295 cum
1225 5238 1517 5312 Cypriane,
1566 5242 1833 5314 imprimis
1865 5255 1990 5299 cum
2033 5245 2184 5301 libris

579 5330 742 5401 huius
772 5332 1018 5404 episcopi
1055 5335 1516 5391 TeStirnoniorum
1563 5337 1824 5395 adrerSus
1872 5340 2090 5396 Judaeos
2131 5352 2186 5397 et

582 5423 651 5478 de
680 5423 889 5478 Unitatc
915 5421 1172 5484 Ecclesiae
1196 5433 1544 5498 Consentire;
1579 5443 1765 5488 Sacros
1789 5431 1953 5504 igilur
1977 5442 2180 5502 textus,

581 5516 779 5584 quibus
810 5517 1001 5584 utitur,
1034 5531 1124 5576 aut
1149 5538 1214 5578 ex
1240 5525 1386 5580 hisce
1417 5527 1718 5596 opusculis,
1738 5535 1833 5580 aut
1856 5539 1885 5581 e
1906 5527 2182 5584 codicibus

578 5615 793 5674 eorum,
811 5621 948 5679 quos
961 5599 1257 5681 Cyprianus
1274 5617 1403 5688 legit
1415 5618 1704 5674 simillimis
1718 5627 2020 5676 mutuatum
2033 5637 2175 5679 esse.

654 5704 722 5759 Et
750 5704 868 5762 btet:
895 5706 1116 5777 quidem
1139 5720 1225 5766 est
1259 5729 1467 5769 summa
1493 5730 1770 5784 curarum,
1795 5735 1929 5789 quas
1969 5719 2019 5774 in
2061 5720 2180 5775 Fir-

656 5839 733 5918 (o)
775 5840 1082 5918 IIert_z._,_de
1105 5841 1155 5898 J.
1180 5844 1240 5899 Ε.
1269 5847 1365 5918 LL,
1397 5863 1449 5918 p.
1481 5850 1573 5904 36.

658 5909 733 5983 (ὁ)
774 5909 930 5982 Apud
963 5914 1168 5983 llertz.,
1199 5930 1253 5985 p.
1281 5909 1367 5972 il.

2305 3374 2462 3427 quem
2502 3357 2629 3412 liber
2655 3359 2718 3413 de
2750 3357 3015 3430 Mysteriis
3042 3370 3089 3413 et
3136 3359 3416 3415 Erroribus
3439 3353 3775 3431 Profunar.rrliq.

2302 3452 2453 3506 audit
2475 3451 2571 3523 (a),
2590 3453 2642 3506 hi
2673 3452 2815 3506 haud
2846 3453 3032 3518 dubie,
3065 3463 3196 3508 cu-m‘
3216 3456 3524 3521 scriberent,
3553 3449 3777 3507 memoriter,

2305 3562 2404 3602 nec
2447 3550 2693 3615 inSpecto
2725 3547 2884 3614 libro,
2920 3548 3036 3618 ejus
3076 3549 3296 3604 titulum
3343 3549 3616 3602 laudarunt.
3649 3541 3777 3597 Nomen

2302 3642 2544 3695 auctoris
2590 3643 2641 3694 in
2686 3641 2874 3696 codice
2915 3641 3182 3697 Mindensi
3237 3643 3526 3698 luculenter
3566 3645 3780 3706 expressum

2302 3744 2416 3799 est;
2452 3735 2593 3789 nulla
2625 3734 2787 3806 igitur
2815 3735 2948 3790 ﬁdes
2978 3734 3229 3791 habenda
3258 3734 3508 3807 Gyraldo,
3529 3733 3604 3802 qui
3631 3727 3777 3783 Villium.

2301 3838 2352 3884 et
2385 3827 2742 3897 Glandorpio,
2775 3827 2866 3897 qui
2902 3828 3002 3894 Qu.
3043 3827 3262 3881 Villium
3294 3836 3549 3897 nuncupat
3577 3823 3660 3892 (lt),
3685 3817 3779 3872 [Ἰντ-

2298 3935 2405 3993 que
2436 3929 2698 3991 pra-terea
2741 3935 2863 3975 cum
2908 3919 3188 3991 astrologo
3231 3919 3524 3976 confundit.
3552 3915 3626 3970 Ille
3656 3919 3779 3965 nomen

2299 4017 2352 4069 in
2380 4025 2696 4084 pervetusto
2724 4015 2912 4070 codice
2939 4024 2991 4068 et
3019 4015 3071 4068 in
3101 4016 3332 4085 antiquo
3357 4025 3483 4068 saxo
3515 4009 3602 4081 legi
3625 4022 3672 4062 ex
3702 4001 3780 4055 alio-

2299 4124 2417 4163 rum
2447 4107 2553 4164 ﬁde
2575 4119 2759 4162 narrat
2800 4107 2906 4178 (c);
2937 4107 3026 4162 hic
3070 4107 3282 4162 nullum
3310 4108 3437 4162 citat
3465 4102 3628 4179 vadem
3649 4095 3718 4167 (4}-

2369 4205 2450 4258 Ad
2507 4203 2863 4259 Constantium
2928 4213 2974 4256 et
3024 4201 3360 4258 Constantem
3417 4202 3638 4270 Augustos
3684 4189 3783 4244 baltei

2299 4312 2463 4370 porro
2495 4297 2680 4352 titulus
2708 4315 2720 4350 :
2751 4305 2806 4352 et
2827 4296 2952 4366 jure
2967 4293 3020 4350 id
3053 4295 3274 4365 quidem
3300 4313 3313 4360 ;
3337 4307 3457 4348 nam
3486 4292 3612 4344 hisce
3633 4287 3782 4377 impeti-

2299 4390 2529 4456 toribus,
2563 4401 2619 4445 ut
2659 4404 2724 4443 cx
2771 4388 3143 4458 compluribus
3176 4388 3314 4443 locis
3357 4383 3558 4441 abunde
3587 4383 3710 4449 patet,
3737 4382 3784 4420 In-

2295 4485 2532 4554 scriptus
2555 4495 2659 4539 est.
2690 4483 2884 4538 Falsus
2913 4483 3077 4553 igitur
3103 4490 3185 4538 est
3222 4480 3507 4542 Baronius,
3546 4475 3623 4545 qui
3658 4466 3782 4521 librum

2294 4578 2360 4631 ad
2391 4577 2785 4631 Constantinum
2827 4583 2875 4630 et
2912 4573 3244 4630 Constantem
3271 4575 3525 4643 scriptum
3550 4578 3651 4621 esse
3673 4563 3779 4654 Ρηυξ·

2292 4672 2484 4729 Omnia
2512 4671 2657 4727 enim
2691 4671 2946 4726 historica
2970 4685 3092 4740 qua:
3113 4675 3524 4729 commemorat,
3548 4666 3646 4732 post
3666 4654 3785 4706 intert-

2295 4779 2406 4823 tum
2437 4764 2803 4831 Constantini,
2833 4766 2925 4836 qui
2974 4780 3116 4819 anno
3167 4763 3276 4831 540
3320 4761 3515 4826 evenit,
3544 4747 3784 4842 acciderutll-

2292 4861 2368 4918 De
2400 4859 2754 4917 IitterisV.C.
2788 4861 2993 4914 nomini
3031 4860 3250 4914 Firtnici
3285 4857 3481 4913 additis
3499 4853 3597 4924 jam
3615 4849 3782 4914 exposui-

3034 4953 3163 5008 VIII.

2359 5052 2478 5107 Jam
2512 5065 2639 5108 vero
2669 5051 2736 5106 ad
2773 5058 3152 5122 argumentum
3203 5047 3330 5102 libri
3375 5036 3704 5115 exponendum
3735 5035 3786 5075 π’

2291 5149 2448 5216 cedo,
2486 5148 2758 5203 Ilertzium
2802 5147 3122 5216 plerumque
3169 5151 3475 5198 secuturus.
3513 5137 3609 5190 Hoc
3632 5133 3786 5182 tantam-

2292 5245 2452 5299 modo
2484 5245 2536 5298 itt
2570 5244 2830 5314 praevium
2862 5241 3129 5296 monebo:
3157 5241 3207 5294 in
3238 5236 3510 5292 Prommio
3528 5226 3786 5319 mutilataea

2291 5338 2508 5408 quidem
2533 5336 2829 5402 sententia,
2851 5334 2992 5389 haud
3023 5333 3188 5388 multa
3217 5329 3536 5386 desiderari.
3561 5319 3680 5378 Folia
3694 5321 3786 5414 enim

2288 5450 2316 5488 a
2347 5432 2534 5487 codice
2563 5431 2830 5486 Mindensi
2863 5429 3005 5484 haud
3032 5427 3271 5484 abscissa
3301 5419 3564 5485 videntur,
3591 5426 3684 5471 cum
3707 5413 3787 5458 Μεθ’

2290 5529 2372 5582 lus
2413 5526 2579 5592 adsit,
2626 5535 2682 5580 et
2725 5522 2942 5578 Fiat-ius
2985 5522 3141 5577 initio
3172 5529 3382 5576 tantum
3424 5517 3632 5572 habent:
3658 5502 3788 5592 θείη(

2287 5619 2543 5691 qntedum.
2565 5588 2629 5674 'Si
2661 5632 2790 5672 vero
2811 5617 2997 5671 titulus
3020 5616 3087 5671 ab
3113 5615 3270 5670 initio
3297 5609 3570 5674 abfuisset,
3592 5610 3636 5659 el
3655 5596 3704 5653 id
3720 5588 3785 5691 ‘3"

2287 5681 2404 5769 cem
2433 5713 2551 5767 libri
2580 5721 2786 5766 tantum
2817 5709 3062 5780 adjectus
3101 5707 3296 5765 luisset
3325 5706 3472 5761 hisce
3510 5695 3694 5756 verbis:
3721 5681 3786 5738 ετ·

2363 5852 2441 5997 et
2476 5852 2612 5980 at;

2360 5923 2441 5998 (ἀ)
2479 5924 2786 5990 0nomast.,
2823 5935 2878 5997 p.
2909 5923 3035 5982 905.
