3970 6408
177 306 290 365 988

1559 305 2097 368 PROLEGOMENA.

3380 317 3490 376 982

185 431 336 503 plieit
358 425 474 486 Jul.
504 427 724 488 Firmici
748 426 973 486 Materni
1010 427 1074 483 γ’.
1097 427 1167 486 C.
1194 430 1257 485 de
1298 427 1500 486 Errare
1520 428 1788 501 Profana-
1812 432 1860 491 Α
1889 446 2009 487 cum
2037 431 2240 488 cultum
2268 430 2392 488 lata:
2418 439 2598 501 erant,
2625 433 2718 507 qui
2748 433 2878 491 olim
2902 432 3190 492 dominans
3217 450 3363 493 nunc
3380 436 3500 502 fere,

181 544 303 583 rum
331 525 676 598 Religionum,
708 524 1012 596 cuiusmodi
1041 524 1475 596 subscriptiones
1511 524 1566 580 in
1599 525 1786 580 multis

182 619 474 678 veteribus
507 619 661 676 libris
707 619 982 691 leguntur,
1016 618 1233 676 Flacius
1268 629 1419 676 certe
1468 619 1783 676 indicasset.

186 714 355 770 Deest
385 712 548 782 igitur
573 711 754 770 brevis
775 711 842 767 ad
869 711 1232 783 Imperatores
1259 712 1523 769 allocutio
1550 723 1608 768 et
1630 727 1800 782 πμ·-

186 809 358 866 menti
400 807 693 878 expositio.
751 806 1059 864 Transiisse
1100 808 1317 866 videtur
1358 807 1427 863 ad
1475 805 1790 864 Christiana

185 901 438 974 quaedam
477 901 729 972 dogmata
760 902 830 958 de
875 901 1154 959 creatione
1195 900 1382 957 mundi
1411 901 1590 972 deque
1634 901 1788 971 lapsu

187 995 660 1067 Protoplastorum
691 994 906 1050 insidiis
929 994 1132 1052 diaboli
1174 993 1555 1060 seductorum;
1594 993 1790 1065 quibus

185 1090 332 1146 viam
363 1088 467 1146 sibi
494 1087 728 1144 munivit
753 1087 820 1143 ad
849 1087 1113 1146 Ethnicns
1154 1086 1280 1159 (bos
1322 1087 1492 1153 enim,
1532 1085 1657 1141 licet
1686 1085 1790 1140 im-

187 1184 538 1257 peratoribus
569 1182 708 1240 liber
735 1181 806 1238 sit
834 1181 1150 1254 inscriptus,
1185 1196 1328 1252 saepe
1349 1180 1670 1251 alloquitur)
1699 1179 1794 1235 ad-

184 1279 513 1344 monendos,
545 1287 605 1333 ut
644 1293 674 1332 a
717 1277 879 1333 simili
923 1276 1114 1334 fraude
1158 1277 1262 1332 sibi
1309 1285 1558 1332 caveant.
1595 1273 1794 1331 Facilis

186 1375 320 1430 hinc
334 1373 402 1430 ad
416 1373 683 1445 originem
704 1372 1050 1429 oraculorum
1069 1372 1571 1444 divinationumque
1597 1371 1796 1428 transi-

187 1480 303 1536 tus,
348 1484 413 1524 ex
446 1467 716 1523 sententia
751 1466 952 1522 Hertzii
991 1465 1344 1534 editionibus,
1379 1482 1500 1538 qua:
1543 1466 1793 1521 lacunam

186 1563 398 1620 habent
425 1576 548 1618 mox
578 1568 702 1633 post
728 1561 966 1627 initium,
999 1571 1426 1632 superstructus.
1456 1558 1643 1617 Codex
1662 1574 1797 1616 vero

181 1655 506 1721 blindensis,
533 1663 592 1710 ut
621 1654 792 1711 editio
815 1655 1068 1724 princeps
1091 1653 1341 1709 Flaciana
1373 1653 1557 1722 docet,
1591 1652 1794 1708 nullam

185 1752 374 1808 habet.
408 1749 592 1821 Neque
616 1748 777 1804 video
804 1764 902 1804 cur
933 1763 1158 1805 necesse
1198 1747 1268 1802 sit
1292 1748 1450 1804 verba
1495 1747 1746 1818 protemii
1778 1763 1794 1802 :

1887 523 2313 594 opprimebatnr.
2346 525 2473 582 Haec
2501 541 2634 582 sane
2664 528 3000 585 considerari
3028 539 3083 585 et
3105 530 3364 602 perpendi
3397 530 3496 588 de-

1887 618 2040 685 bent,
2095 618 2185 673 ubi
2245 617 2512 675 Firmicus
2559 636 2681 678 cum
2741 622 3136 694 antiquioribus
3195 623 3498 694 apologetis

1889 711 2266 780 componitur;
2298 711 2423 768 inde
2453 713 2774 782 explicanda
2805 724 2888 770 est
2918 716 3082 770 totius
3122 715 3386 770 orationis
3414 715 3499 771 di-

1891 804 2142 869 versitas,
2164 821 2286 876 quae
2309 806 2488 862 vel‘ad
2512 809 2714 863 cultum
2746 808 3101 864 Etlmicorum
3127 809 3176 863 vi
3209 809 3502 865 destruen-

1893 897 2020 952 dum
2039 897 2398 967 imperatores
2416 899 2726 974 plussemel
2747 901 2995 962 hortatur
3016 911 3181 971 atque
3202 903 3426 969 excitat,
3443 903 3498 958 id

1893 989 2037 1060 quod
2055 989 2456 1060 antiquioribus
2483 993 2805 1064 apologetis,
2831 994 2959 1051 licet
2987 1007 3041 1050 et
3070 994 3122 1049 hi
3156 995 3408 1051 hostilem
3443 997 3496 1050 in

1895 1085 2214 1157 religionem
2240 1102 2398 1158 quam
2413 1088 2800 1160 aggrediuntur
2824 1091 3061 1146 animum
3091 1089 3270 1146 ubivis
3289 1089 3497 1146 ferclo-

1896 1193 2086 1236 corum
2107 1180 2406 1248 declarent,
2433 1182 2486 1237 in
2509 1193 2742 1240 mentem
2769 1200 3063 1256 numquam
3091 1185 3275 1241 venire
3299 1188 3494 1256 potuit.

2651 1276 2744 1332 IX.

1973 1367 2251 1425 Editioues
2278 1368 2528 1437 Firmici,
2558 1385 2681 1442 quze
2711 1369 2842 1426 mihi
2865 1371 3244 1440 innotuerunt,
3273 1379 3399 1427 sunt
3417 1385 3502 1426 sc-

1901 1471 2134 1534 quentes
2164 1482 2178 1519 :

1969 1558 2080 1614 Jul.
2106 1559 2327 1615 Firmici
2357 1559 2582 1616 Materni
2616 1560 2682 1616 ν.
2709 1559 2772 1616 C.
2811 1561 2878 1616 de
2916 1561 3115 1617 Errore
3140 1561 3499 1618 Profanarum

1903 1653 2248 1724 Religionum
2279 1653 2342 1708 ad
2358 1654 2737 1713 Constantium
2766 1664 2821 1711 et
2847 1653 3197 1712 Constantem
3229 1655 3506 1727 Angustos

1905 1746 2064 1813 liber,
2100 1762 2392 1817 numquam
2421 1747 2652 1802 antehac
2701 1749 2752 1804 in
2803 1747 2982 1804 lucem
3028 1747 3228 1803 editus.
3259 1747 3506 1804 Excusus

184 1843 489 1916 Manifestis
511 1841 798 1897 rationibus
825 1843 1277 1915 exemplorumque
1316 1842 1619 1897 testimoniis
1661 1841 1792 1895 divi-
1827 1843 1878 1904 B
1903 1841 2214 1912 Argentina:
2244 1841 2386 1913 apud
2414 1841 2638 1896 Paulum
2669 1841 3147 1914 Machaaropmum,
3197 1841 3514 1912 sumptibus.

183 1937 458 1992 nationem
487 1934 817 2007 probabimus
862 1951 954 2008 per
999 1935 1262 1990 diabolum
1306 1951 1415 1990 esse
1452 1935 1708 1990 inventam
1749 1945 1797 1989 et

187 2035 498 2104 perfectam,
527 2027 600 2084 ita
631 2029 904 2099 accipere,
959 2037 1017 2083 ut
1061 2028 1236 2084 istboc
1285 2029 1521 2100 scriptor
1564 2029 1798 2098 primum

183 2138 362 2197 agere
387 2121 718 2191 decreverit,
752 2136 874 2178 cum
917 2123 967 2177 in
1001 2122 1082 2177 eis
1110 2137 1230 2194 quae
1261 2129 1563 2193 sequuntur
1593 2120 1662 2175 ad
1697 2120 1802 2176 hoc

183 2229 572 2292 argumentum
620 2218 818 2288 saepius
858 2217 1068 2274 redeat.
1103 2217 1208 2273 Sed
1255 2232 1378 2271 eum
1434 2216 1589 2271 initio
1631 2215 1800 2272 libelli

182 2313 458 2385 dogmata
522 2310 770 2383 quaedam
843 2309 1152 2366 Christiana
1219 2310 1480 2382 tetigisse,
1551 2309 1802 2365 Hertzius

183 2406 571 2478 compluribus
611 2405 945 2478 argumentis
999 2405 1276 2476 probavit,
1325 2404 1444 2459 veri
1491 2403 1688 2459 saltem
1729 2404 1801 2459 si-

185 2501 484 2559 millimum
539 2500 794 2556 reddidit.
859 2519 878 2553 ‹
914 2497 972 2556 Si
1015 2499 1375 2570 fragmentum
1427 2497 1804 2552 tantummodo

185 2606 310 2664 est,
335 2595 527 2668 inquit,
561 2594 705 2666 quod
733 2603 930 2662 exstat,
964 2593 1008 2649 si
1036 2593 1163 2650 huic
1187 2591 1465 2663 praecessit
1491 2591 1803 2663 dogmatum

187 2687 564 2762 quorumdam
620 2685 1064 2744 Christianorum
1118 2685 1414 2756 expositio,
1459 2683 1730 2744 absonum
1774 2701 1804 2742 a

192 2798 339 2840 vero
372 2780 748 2852 mihiquidem
779 2795 886 2835 non
934 2779 1148 2836 videtur
1174 2777 1499 2835 Christiana:
1525 2780 1808 2852 religionis

188 2877 512 2950 apologiam
544 2890 644 2930 suo
674 2890 792 2930 aevo
831 2875 1298 2930 accommodatam
1335 2874 1630 2931 Firmicum
1677 2890 1807 2930 con-

187 2970 514 3042 scripsisse,
561 2970 890 3041 mutatisque
929 2986 1049 3040 qua:
1095 2984 1194 3039 pro
1246 2969 1457 3024 ratione
1499 2976 1808 3039 temporum

191 3065 468 3125 mutanda
513 3067 848 3132 viderentur,
903 3064 1163 3122 eumdem
1211 3066 1264 3120 in
1315 3065 1416 3120 bac
1465 3065 1806 3133 adornanda,

1903 1933 2169 1990 Johannis
2209 1933 2432 2006 Oporini
2461 1977 2475 2002 ,
2522 1950 2666 1991 anno
2713 1935 2854 1994 1562
2885 1978 2902 2003 ,
2965 1935 3121 1992 in-S'.
3184 1934 3500 1996 Prmfation.

1905 2029 2229 2104 subscripsit
2260 2029 2412 2085 Matt.
2446 2029 2597 2086 Flac.
2623 2029 2880 2090 llliricus.
2913 2029 3090 2086 Editio
3117 2029 3395 2101 Princeps.

1976 2155 2038 2166 —
2073 2123 2270 2192 Paris.,
2307 2125 2467 2181 157,5.

1977 2247 2050 2258 -
2075 2213 2210 2271 Cum
2235 2215 2614 2290 Mythologicis
2632 2217 2838 2274 Latinis
2851 2233 2984 2278 cura.
3006 2217 3324 2290 Hieronymi
3344 2213 3509 2274 Com-

1908 2312 2116 2369 melini.
2153 2311 2530 2385 Heidelberge,
2567 2313 2731 2380 1599,
2766 2315 2934 2372 in-8°.

1979 2437 2049 2446 —-
2074 2406 2276 2473 Paris.,
2309 2406 2469 2464 1610.

1977 2529 2051 2540 —-
2072 2499 2178 2555 Jul.
2208 2499 2478 2556 Firmicus
2507 2501 2574 2558 de
2602 2503 2807 2559 Errore
2858 2502 3144 2559 Profanar.
3179 2503 3508 2575 religionum

1910 2593 1997 2650 Jo.
2033 2609 2060 2648 a
2092 2593 2313 2650 Wovver
2344 2597 2620 2654 recensuit
2648 2597 2990 2670 (llautburgi)
3020 2599 3181 2667 1605,
3204 2598 3362 2654 ἰπὶ-8⁸.

1983 2718 2054 2730 -—
2079 2688 2214 2746 Cum
2244 2689 2472 2745 Minutio
2497 2689 2700 2746 Felice.
2730 2689 2948 2754 Oxonii,
2983 2691 3144 2747 1662.
3175 2693 3227 2746 in
3259 2691 3338 2749 8°.

1981 2811 2052 2822 ——
2083 2781 2140 2836 ln
2172 2779 2434 2854 Cypriani
2456 2782 2710 2854 operibus
2744 2785 2812 2840 ed
2839 2785 3072 2858 Philippi
3101 2786 3154 2842 le
3183 2786 3397 2850 Prieur.

1983 2904 2054 2915 —
2080 2874 2280 2944 Paris.,
2319 2875 2475 2932 1666.
2512 2877 2566 2932 in
2588 2877 2739 2934 folio.

1985 3001 2052 3011 —
2078 2971 2214 3027 Cum
2245 2970 2396 3026 notis
2416 2970 2682 3037 Woweri,
2708 2970 2868 3028 Oxon
2895 2971 3056 3040 1678,
3086 2973 3257 3029 iii-8°.

1986 3094 2056 3106 --
2089 3062 2144 3117 In
2170 3062 2420 3119 Galland.
2445 3063 2584 3120 Bibl.
2617 3063 2835 3120 Patrum
2861 3073 2992 3120 tom.
3031 3080 3085 3132 v,
3114 3063 3184 3120 65
3213 3080 3331 3137 seq.

187 3177 368 3236 quem
401 3163 610 3233 priores
651 3162 965 3233 apologetas
1004 3175 1255 3216 servasse
1288 3159 1520 3226 videret,
1563 3160 1810 3217 ordinem
1841 3177 1888 3243 ο
1989 3187 2060 3198 ——
2092 3156 2495 3212 lnBibliotheca
2514 3157 2886 3214 P.P.Maainta
2908 3157 3156 3224 tomJV,
3177 3156 3512 3228 p.164-179.

190 3255 468 3314 tenuisse.
501 3275 520 3308 ι
567 3255 680 3310 Hoc
707 3254 925 3326 quidem
987 3253 1204 3310 llertzio
1251 3254 1444 3310 lubens
1493 3254 1720 3324 largior,
1763 3255 1810 3310 si

192 3353 375 3409 modo
404 3351 724 3410 brevissime
752 3350 987 3406 indicata
1019 3349 1202 3420 potius
1222 3365 1382 3418 quam
1410 3351 1657 3420 exposita
1693 3348 1813 3406 fue-

191 3451 342 3503 rint.
384 3444 486 3502 lJbi
533 3460 664 3500 vero
705 3444 855 3500 addit
893 3462 905 3498 :
947 3463 968 3497 ι
1019 3445 1220 3500 Divina:
1277 3461 1478 3516 nempe
1531 3446 1812 3516 religionis

193 3541 460 3612 dogmata
502 3549 664 3611 atque
703 3553 880 3607 saera,
925 3554 1022 3595 nec
1052 3554 1160 3595 non
1209 3540 1451 3611 integros
1473 3539 1815 3596 Christiano-

195 3650 334 3694 rum
383 3649 562 3691 mores
611 3635 663 3689 in
708 3635 876 3702 priori
905 3643 1171 3690 tractatus
1218 3643 1376 3705 parte
1412 3633 1676 3690 adversus
1719 3635 1837 3690 ob»

198 3727 567 3784 trectationes
609 3725 908 3782 Gentilium
958 3725 1225 3793 defendit,
1266 3726 1320 3780 in
1365 3725 1654 3796 posteriori
1684 3740 1816 3782 vero

198 3821 563 3894 profanarum
597 3819 803 3874 detexit
839 3818 1162 3890 religionum
1190 3833 1439 3885 errores;
1479 3838 1496 3872 ι
1545 3820 1811 3874 monebo:

202 3911 509 3968 Firmicnm
529 3910 708 3983 potius
727 3909 1023 3967 adversarii
1039 3911 1444 3982 superstitionis
1460 3911 1815 3970 Ethnicorum

200 4017 386 4076 quam
408 4003 711 4075 apologetze
750 4001 1022 4074 dogmatis
1047 4002 1336 4074 cultusque
1367 4002 1662 4069 Christiani
1701 4019 1818 4076 per-

202 4116 408 4158 sonam
439 4101 635 4172 egisse.
681 4099 870 4172 Neque
912 4101 1003 4156 illa
1043 4099 1274 4170 amplius
1315 4108 1474 4156 aetate
1517 4115 1654 4171 opus
1702 4110 1820 4158 erat

204 4195 465 4268 apologis
487 4211 553 4252 eo
578 4210 763 4261 sensu,
788 4210 896 4265 quo
921 4195 990 4250 ab
1017 4194 1386 4267 Athenagora,
1418 4194 1660 4263 Justino,
1685 4194 1817 4252 Ter—

208 4287 467 4354 tulliano,
496 4285 731 4342 Minucio
751 4285 956 4352 Felice,
989 4287 1243 4357 aliisque,
1273 4285 1506 4343 ﬂorente
1535 4288 1820 4343 numinum

205 4383 392 4444 cultu,
411 4381 736 4450 conscriptae
751 4389 928 4436 erant.
962 4378 1208 4451 Namque
1229 4379 1680 4435 Constantiniano
1703 4396 1821 4436 aevo

207 4487 414 4530 omnes
439 4471 550 4541 jam
582 4471 932 4528 Ethnicorum
967 4485 1052 4527 res
1077 4471 1434 4537 vacillabant;
1465 4472 1821 4541 imperatores

1987 3250 2131 3307 lnN.
2159 3250 2380 3323 Rigaltii
2432 3249 2520 3310 ed.
2571 3250 2787 3307 Minucii
2834 3250 3036 3314 Eelicis
3066 3260 3122 3306 et
3147 3250 3402 3322 Cypriani
3446 3250 3518 3307 de

1915 3345 2189 3402 [dolorum
2223 3344 2484 3412 vanitate,
2514 3360 2636 3400 cum
2669 3347 2815 3400 notis
2851 3345 2901 3401 J.
2925 3344 3229 3412 a-Wovver,
3256 3359 3360 3400 una
3391 3359 3514 3400 cum

1917 3455 2062 3496 novo
2091 3439 2288 3496 indice.
2313 3438 2489 3512 Lugd.
2523 3439 2740 3506 Batav.,
2774 3428 2937 3506 1645,
2968 3437 3132 3493 ill-8°.

1989 3567 2058 3579 —
2086 3535 2220 3592 Ead.
2246 3535 2414 3592 editio
2435 3537 2687 3606 repetita,
2715 3534 3008 3592 accedente
3031 3548 3162 3592 cura
3183 3532 3300 3591 Jac.
3327 3532 3520 3591 Oiselii

1917 3629 2090 3700 Lugd.
2123 3628 2270 3693 Bat.,
2303 3626 2465 3695 1652,
2495 3627 2662 3683 itu-4°.

1990 3750 2062 3762 -—
2092 3721 2147 3776 lu
2175 3719 2291 3776 Jac.
2317 3761 2330 3785 ,
2360 3719 2546 3775 Oiselii
2593 3719 2828 3779 Minucio
2869 3719 3071 3778 Felice.
3096 3719 3271 3792 Lugd.
3305 3719 3520 3786 Batav.,

1923 3816 2081 3882 1672,
2116 3815 2279 3872 ill-8°.

1991 3937 2061 3948 —
2092 3907 2328 3964 Minucio
2356 3905 2524 3962 Felici
2547 3905 2638 3961 ed.
2674 3905 2723 3962 le
2754 3905 2920 3962 blaire
2967 3907 3257 3976 adjunctus
3283 3947 3298 3970 ,
3349 3903 3518 3976 Lugd.

1920 3999 2040 4057 Bal.
2076 3999 2235 4056 1653.
2259 3999 2361 4068 Qu.

1993 4126 2063 4136 --
2094 4094 2148 4150 In
2175 4093 2361 4150 Jacobi
2392 4092 2652 4150 Gronovii
2682 4091 2915 4148 Minucio
2954 4092 3136 4150 Felice
3165 4102 3220 4150 et
3249 4091 3525 4166 Cypriano

1922 4191 1990 4248 de
2003 4189 2276 4246 [dolorum
2294 4189 2567 4246 Vanitate.
2595 4189 2766 4260 Lugd.
2788 4189 2934 4256 Bat.,
2954 4189 3116 4245 1709.
3137 4189 3340 4248 Eadem
3358 4188 3520 4255 edit.,

1922 4301 2044 4342 cum
2073 4299 2214 4339 novo
2238 4283 2431 4338 saltem
2456 4283 2630 4351 titulo,
2652 4284 2854 4354 prodiit
2876 4283 3138 4339 Roterod.
3164 4283 3326 4349 1743,
3357 4283 3521 4339 ili-8’.

1995 4409 2067 4421 —
2115 4377 2251 4433 Cum
2303 4377 2551 4434 Arnobio
2626 4379 2679 4433 in
2732 4377 2977 4436 editione
3035 4377 3141 4434 PP.
3203 4376 3528 4440 Latinorum

1924 4473 2350 4534 Obertburiana.
2398 4473 2746 4546 Wirceburgi
2769 4517 2782 4539 ,
2820 4475 2964 4532 1785
2989 4519 3003 4541 ,
3032 4475 3145 4530 vol.
3180 4473 3245 4530 ν.
3294 4475 3373 4530 Ex
3423 4489 3528 4546 qua

209 4579 345 4623 sese
384 4563 601 4622 Christo
641 4565 1000 4629 addixerant;
1033 4565 1295 4621 immensa
1329 4565 1609 4620 hominum
1639 4565 1821 4620 multi-
1853 4577 1900 4636 ι)
1931 4565 2149 4622 Firmici
2182 4575 2388 4622 textum
2412 4567 2466 4620 in
2497 4565 2708 4637 singula
2742 4567 2918 4637 capita
2950 4565 3134 4622 divisi.

212 4658 360 4716 tudo
377 4674 507 4715 aras
547 4659 772 4716 deorum
817 4659 1169 4724 deseruerat;
1213 4659 1360 4730 leges
1395 4657 1506 4729 jam
1538 4659 1591 4713 in
1625 4659 1818 4714 Ethni-

2002 4658 2219 4730 Belgice
2235 4659 2399 4715 vertit
2415 4660 2662 4730 notisque
2683 4657 2974 4714 illuStravit
2991 4657 3056 4713 G.
3078 4655 3336 4730 Kempfer
3369 4657 3528 4714 1718.

930 4882 1236 4970 JULII
1285 4883 1781 5000 _li_‘_IRMICI
1855 4885 2394 4970 MATERNI
2467 4886 2582 4970 V.
2660 4885 2764 4970 (ς.

462 5087 537 5147 ππ
649 5063 796 5215 DE
903 5010 1358 5212 araora
1452 5057 2241 5213 Pliill‘ANAltUll
2351 5056 3097 5214 RELIGIONUM.

831 5401 1210 5462 PRCEMIUM.

217 5597 371 5671 quod
397 5598 448 5652 in
478 5594 835 5652 fabricatione
866 5591 1106 5648 hominis
1129 5587 1328 5645 artifex
1352 5585 1480 5642 fecit
1498 5591 1548 5652 ⁸,
1571 5589 1634 5637 ut
1663 5588 1823 5634 antea

309 5741 336 5769 ⁸
363 5733 438 5788 De
473 5733 665 5787 lacuna
703 5729 944 5785 diximus
994 5728 1047 5782 in
1082 5723 1414 5800 praefatione
1465 5715 1602 5800 (Col.
1656 5728 1839 5800 mag,

228 5823 293 5861 π.
320 5786 432 5859 Vlll
461 5786 632 5874 init.),
689 5802 776 5858 ubi
823 5814 1046 5874 quoque
1078 5786 1280 5874 Hertzji
1308 5786 1631 5850 sententiam
1662 5786 1848 5874 attuli-

236 5857 762 5936 niusideﬁomissis.
820 5857 972 5928 liaud
1021 5873 1090 5926 ita
1142 5868 1312 5925 multa
1363 5879 1426 5922 ea
1476 5877 1622 5927 esse,
1679 5857 1844 5914 verba

1931 5389 2202 5463 diximus,
2259 5401 2456 5456 annuis
2503 5402 2844 5471 perditorum
2895 5403 3421 5462 commonitiouibus
3480 5415 3544 5460 ac

1932 5489 2519 5550 commonicationibus
2545 5496 2860 5566 specialiter
2883 5497 3181 5552 retexenda
3232 5505 3360 5552 sunt
3388 5495 3439 5550 ιι.
3477 5495 3537 5552 In

1935 5579 2376 5642 testificationem
2405 5589 2651 5646 veritatis
2680 5589 2979 5649 manifestis
3019 5591 3328 5650 rationibus
3358 5603 3547 5646 exem-

1952 5711 2119 5772 Flacii
2152 5719 2394 5776 indicare
2419 5723 2692 5780 videntur.

2028 5785 2055 5828 δ
2087 5789 2302 5849 Priores
2331 5791 2599 5854 editiones
2627 5798 2965 5872 coniungunt
2991 5802 3156 5860 verba
3200 5803 3254 5858 in
3302 5800 3547 5873 testiﬁca-
