3970 6408
152 313 258 371 985

1061 302 1152 362 DE
1193 299 1476 360 Εῐιιιοιιε
1515 293 1993 358 PROFANARUM
2033 295 2488 361 RELIGIONUM.

3343 307 3448 366 986

152 443 202 490 et
225 427 440 488 Anubin
469 435 783 486 venatorem
813 434 860 481 ι.
905 423 1004 482 Cui
1043 422 1167 482 ideo
1210 423 1465 480 caninum
1517 427 1682 492 caput
1708 415 1738 457 ³³
1765 415 1939 482 AIlla
1967 460 1982 488 ,
2023 435 2184 492 quam
2229 420 2464 494 despicis
2480 419 2530 494 κ,
2559 421 2730 496 ignita
2758 422 3054 482 venerandi
3079 423 3302 496 spiritus
3329 441 3451 484 ma-

151 526 456 600 impositurn
485 531 592 591 est,
616 521 740 594 quia
769 519 992 578 lacerati
1024 515 1272 590 corporis
1295 525 1481 590 partes
1511 513 1745 571 artiﬁcio
1843 514 2044 587 jeState
2073 507 2441 574 decoratur‘:
2471 528 2531 576 ut
2559 535 2628 578 ex
2655 517 2772 590 ipsa
2796 535 2894 591 per
2921 529 3136 578 veteres
3161 521 3449 578 conscien-

150 624 297 680 canis
333 617 650 690 vestigantis
695 616 922 672 invenit.
965 615 1056 672 Sic
1096 615 1376 670 inventum
1410 609 1608 667 Osirim
1645 608 1746 664 Isis

151 713 364 772 tradidit
393 710 707 784 sepulturas
751 709 994 764 Fuerant
1028 722 1158 763 sane
1184 705 1236 761 bi
1267 703 1408 778 apud
1449 701 1743 774 IEgyptum

147 822 302 880 reges
335 816 355 844 ο
387 804 592 877 pariter
616 817 678 858 ac
705 799 956 875 tyranni,
985 799 1080 856 sed
1110 798 1283 855 Osiris
1305 797 1485 868 justus
1507 837 1522 862 ,
1545 805 1748 866 printer

147 900 300 970 illud,
331 899 476 972 quod
501 913 626 954 cum
657 911 846 954 sorore
877 895 1176 952 commisit.
1201 892 1428 966 Typhon
1469 890 1739 954 furiosus,

145 994 412 1066 impotens
440 1007 504 1048 ac
519 989 812 1062 superbus.
839 987 969 1044 Ideo
992 986 1084 1043 ille
1110 985 1332 1054 colitur,
1359 985 1460 1040 iste
1485 978 1740 1039 vitaturd.

144 1087 268 1142 Iltec
297 1093 382 1142 est
405 1083 566 1142 Isiaci
591 1080 734 1140 sacri
755 1096 986 1137 summa.
1021 1080 1079 1136 In
1101 1079 1277 1152 adytis
1307 1077 1506 1134 habent
1538 1075 1742 1132 idolum

141 1179 371 1237 Osiridis
399 1177 674 1250 sepultum
710 1193 723 1230 :
759 1174 861 1231 hoc
888 1173 1086 1231 annuis
1130 1171 1364 1230 luctibus
1403 1173 1664 1244 plangunt
1692 1181 1740 1240 ο,

140 1271 334 1326 radunt
359 1269 540 1341 capita
573 1266 618 1334 ί,
652 1275 712 1322 ιιι
739 1267 1112 1323 miserandum
1134 1280 1320 1322 casum
1345 1266 1488 1336 regis
1516 1265 1596 1322 sui
1631 1273 1745 1320 tur-

139 1362 384 1436 pitudine
408 1361 750 1418 dehonestati
770 1360 1004 1417 defleant
1018 1359 1672 1432 capitis,tunduntpectus
1692 1369 1739 1428 Β,

137 1459 378 1515 lacerant
405 1457 644 1514 lacertos
673 1497 688 1522 ,
722 1464 970 1512 veterum
1005 1454 1288 1510 vulnerum
1317 1463 1568 1509 resecant
1593 1452 1738 1508 cica-

137 1553 336 1621 trices,
382 1561 436 1607 ut
467 1551 664 1607 annuis
695 1549 929 1607 luctibus
953 1551 1008 1606 in
1039 1549 1236 1605 animis
1272 1563 1464 1605 corum
1511 1547 1742 1604 funestae

133 1663 194 1704 ac
219 1649 548 1704 miserandae
575 1647 724 1704 necis
750 1647 978 1702 exitium
1009 1655 1348 1704 renascatur.
1381 1647 1448 1702 Et
1476 1662 1598 1702 cum
1626 1645 1742 1702 haec

132 1742 296 1800 certis
325 1741 520 1798 diebus
559 1739 828 1809 fecerint,
874 1751 1000 1796 tunc
1029 1741 1238 1812 fingunt
1277 1755 1338 1798 se
1365 1741 1591 1798 lacerati
1620 1757 1743 1798 cor-

1847 611 1933 666 tiaa
1950 612 2235 670 cicatrices
2256 615 2606 672 credentibus
2634 615 2948 674 hominibus
2971 617 3222 674 salutaris
3243 618 3452 676 sanitas

1847 705 2126 778 irrigetur.
2183 706 2291 763 Sed
2335 707 2387 764 in
2432 708 2518 764 his
2573 708 2859 766 funeribus
2901 718 2958 766 et
2997 709 3236 768 luctibus
3263 751 3277 776 ,
3324 727 3448 782 qua:

1847 817 1974 858 vere
2019 811 2146 858 sunt
2186 803 2376 860 funera
2403 845 2418 872 ,
2451 820 2574 876 ane
2603 805 2741 862 facta
2770 814 2922 876 sunt,
2968 821 3197 878 quorum
3232 816 3452 864 exstant

1846 894 2008 952 hodie
2037 912 2254 970 quoque
2285 898 2530 970 reliquias
2559 899 2578 972 (
2603 915 2728 956 nam
2775 908 2830 956 et
2875 901 3186 972 sepulcrum
3216 901 3448 959 Osiridis

1843 989 2007 1048 hodie
2035 991 2090 1047 in
2121 991 2354 1064 Egypto
2379 1003 2464 1050 est
2487 993 2550 1062 ’³,
2583 1003 2640 1050 et
2665 997 2894 1052 cremati
2917 998 3168 1068 corporis
3198 998 3446 1070 reliquiae

1845 1095 2143 1142 cernuntur
2168 1085 2218 1156 ι³)
2250 1086 2572 1146 defensores
2597 1104 2786 1146 eorum
2813 1091 3004 1148 volunt
3032 1091 3236 1148 addere
3263 1091 3448 1164 physi-

1843 1193 1964 1236 cam
2029 1180 2323 1239 rationem.
2372 1181 2608 1253 Frugum
2659 1185 2864 1240 semina
2911 1185 3111 1242 Osirim
3145 1195 3170 1222 ο
3200 1185 3446 1244 dicentes

1843 1288 1966 1330 esse
1991 1315 2006 1340 ,
2041 1275 2152 1330 lsin
2185 1283 2384 1332 terram
2415 1287 2466 1344 Ρ,
2498 1275 2816 1350 Typhonem
2855 1279 3096 1336 calorem
3119 1290 3147 1330 (1
3181 1299 3194 1335 :
3225 1287 3282 1336 et
3321 1281 3446 1351 quia

1843 1376 2126 1422 maturata:
2151 1366 2334 1438 fruges
2356 1368 2536 1424 calore
2557 1411 2571 1435 ,
2603 1370 2670 1424 ad
2709 1371 2874 1426 vitam
2907 1369 3144 1427 hominis
3171 1372 3442 1443 colligun-

1843 1468 1932 1516 1111⁵
1955 1503 1970 1529 ,
2001 1469 2060 1516 et
2086 1475 2118 1516 3
2150 1471 2308 1516 terra:
2339 1461 2614 1518 COIlSOl'lIO
2645 1471 3000 1533 separantur,
3042 1473 3097 1519 ει
3127 1478 3316 1520 I'Ul'SllS
3343 1479 3443 1536 ap-

1842 1556 2242 1626 propinquante
2273 1556 2470 1627 bycme
2507 1557 2850 1614 seminantur
2873 1599 2888 1626 ,
2921 1559 3062 1615 hanc
3099 1560 3293 1614 volunt
3322 1574 3446 1618 esse

1845 1659 2074 1706 mortem
2096 1649 2346 1718 Osiridis,
2372 1665 2493 1706 cum
2521 1650 2705 1723 fruges
2727 1651 2964 1708 reddunt
2991 1663 3038 1719 ις
3073 1653 3444 1711 inventionem

1843 1759 1996 1814 vero,
2022 1761 2146 1801 cum
2169 1745 2346 1816 fruges
2373 1745 2597 1816 genitali
2628 1753 2648 1782 ³
2681 1755 2844 1802 terra:
2865 1746 3108 1804 fomento
3133 1757 3438 1818 conceptae,

135 1836 280 1906 poris
333 1833 592 1905 reliquias
639 1834 884 1904 reperire
911 1875 927 1900 ,
967 1843 1021 1890 et
1053 1848 1174 1888 cum
1203 1833 1529 1900 invenerint,
1581 1837 1732 1906 quasi
1765 1829 1814 1890 Β
1841 1857 1978 1898 nova
2019 1855 2208 1897 rursus
2238 1841 2520 1912 coeperint
2554 1842 2936 1912 procreatione
2971 1843 3249 1914 generari.
3296 1843 3446 1900 Pone

131 1928 322 2002 sopitis
350 1928 610 1996 luctibus,
639 1927 876 1997 gaudent
903 1925 950 1984 ιι.
981 1927 1025 1984 O
1053 1929 1253 1984 misera
1282 1938 1337 1984 et
1367 1929 1570 1986 caduca
1596 1946 1739 1986 mor-

132 2022 310 2078 talitas
339 2063 354 2090 ,
399 2031 456 2076 ut
495 2021 713 2094 regibus
748 2022 853 2078 tuis
891 2037 986 2092 per
1021 2037 1193 2078 annos
1224 2022 1469 2094 singulos
1500 2024 1740 2080 funeStas

131 2115 316 2172 mittas
340 2115 566 2172 inferias
587 2158 601 2182 ,
633 2115 884 2186 neglecto
910 2115 1021 2172 Deo
1053 2132 1300 2184 summo,
1331 2118 1420 2190 qui
1450 2119 1634 2174 omnia
1658 2120 1740 2176 di-

131 2209 233 2264 vini
266 2207 487 2264 artiﬁcii
518 2207 898 2264 moderatione
939 2210 1243 2281 composuit
1270 2253 1285 2278 ,
1327 2219 1380 2266 et
1410 2226 1558 2282 spem
1592 2222 1737 2268 tuam

131 2300 318 2373 perdis
363 2311 418 2357 ct
453 2301 639 2356 vitam.
685 2300 796 2356 Nec
825 2303 1030 2356 ostensi
1063 2302 1156 2358 tibi
1201 2303 1420 2358 luminis
1449 2304 1742 2374 splendore

129 2395 450 2468 corrigeris,
481 2411 582 2452 nec
611 2405 948 2467 recuperatae
973 2397 1236 2454 libertatis
1259 2400 1457 2468 ([llil‘l‘IS
1487 2401 1738 2471 insignia,

131 2507 229 2548 nec
255 2506 418 2560 Spem
442 2491 669 2547 reddita:
701 2491 802 2546 tibi
833 2493 1024 2558 salutis
1049 2493 1320 2564 agnoscis,
1349 2511 1448 2551 nec
1469 2509 1536 2551 ex
1567 2498 1742 2566 pretii-

131 2587 305 2640 tentia
337 2586 736 2656 praeteritorum
763 2587 1050 2642 criminum
1069 2587 1456 2660 indulgentiam
1473 2592 1734 2661 postulas.

131 2678 362 2736 Frustra
393 2679 487 2734 tibi
519 2681 660 2736 hanc
703 2695 944 2750 aquam,
991 2697 1150 2752 quam
1199 2683 1332 2738 colis
1373 2685 1416 2752 ί,
1452 2695 1610 2754 putas
1636 2687 1740 2742 ali-

129 2772 356 2846 quando
385 2772 667 2843 prodesse.
700 2773 820 2828 Alia
851 2783 934 2828 est
959 2789 1120 2846 aqua,
1155 2791 1256 2846 qua
1283 2780 1530 2836 renovati
1563 2779 1741 2836 homi-

129 2875 224 2921 nes
248 2875 643 2920 renascuntur.
671 2864 820 2920 Ilauc
849 2882 1064 2936 aquam,
1101 2883 1258 2938 quam
1283 2869 1418 2925 colis
1447 2887 1542 2941 per
1570 2888 1740 2930 annos

127 2959 402 3031 singulos,
432 2959 511 3014 vis
539 2960 649 3014 alia
675 2959 915 3016 decoctis
944 2977 1206 3018 venarum
1238 2966 1505 3024 meatibus
1532 2969 1732 3040 siccat,

125 3061 220 3110 aut
250 3062 411 3111 certe
436 3053 684 3111 funestus
725 3056 871 3126 regis
901 3054 978 3111 tui
1009 3056 1021 3106 i
1076 3059 1294 3128 sanguis
1340 3064 1724 3122 commaculat.

195 3199 224 3229 ⁸
253 3191 486 3248 Rectius
535 3193 676 3248 forte
719 3193 1044 3248 latratorem.
1101 3194 1194 3251 Sic
1236 3197 1454 3252 latrator
1515 3199 1731 3260 Anubis.

125 3265 270 3336 apud
315 3265 503 3338 Yirgil.
535 3265 666 3338 ΛΞιι.
701 3280 816 3330 vut,
848 3267 952 3338 O98
977 3283 991 3330 ;
1019 3277 1072 3320 ct
1097 3269 1295 3322 latrrms
1335 3267 1554 3338 Anubis,
1603 3275 1734 3330 I’ro-

127 3347 268 3405 pert.
311 3337 544 3406 Elegiar.
582 3337 790 3408 lib.m,
824 3337 966 3408 eleg.
1000 3339 1086 3403 10,
1127 3356 1176 3393 v.
1229 3341 1316 3405 4|,
1352 3343 1456 3396 nisi
1507 3337 1735 3402 venator

125 3410 370 3472 dicatur,
404 3409 526 3477 (tuin
555 3407 786 3480 artificio
817 3407 968 3463 canis
997 3411 1342 3480 vestigantis,
1394 3425 1452 3469 ut
1496 3417 1572 3470 ait
1619 3416 1738 3474 Fir-

125 3483 336 3545 micus,
361 3479 586 3535 lacerati
610 3483 860 3549 corporis
885 3491 1068 3552 partes
1101 3479 1333 3539 invenit.

193 3553 222 3592 ιι
252 3553 681 3625 Cynocephalus
703 3553 958 3625 inventor
984 3553 1188 3610 dicitur
1219 3557 1360 3625 apud
1397 3557 1598 3616 Minue.
1631 3559 1734 3616 Fc-

123 3623 392 3696 licemiiu
426 3623 615 3680 Octav.
650 3640 699 3678 c.
731 3625 824 3678 21.
857 3624 950 3680 Sic
1002 3642 1219 3696 quoque
1258 3623 1594 3686 describitur
1665 3634 1734 3688 ad

123 3695 366 3772 Apuleio
391 3712 404 3749 ε
439 3697 707 3772 Attolleus
726 3697 870 3772 canis
899 3695 1118 3772 cervices
1146 3701 1339 3772 arduas
1361 3703 1578 3772 Anubis,
1608 3705 1737 3760 lwva

123 3769 420 3824 caduceum
449 3785 648 3840 gerens.
683 3767 946 3840 Athenas.
975 3771 1082 3824 καθ’
1107 3771 1236 3825 Ἑλλ.
1262 3787 1312 3827 c.
1342 3773 1396 3828 9.

197 3853 219 3879 ε
243 3839 608 3916 ξγιιοε-ἱςιιε-ιιρ
626 3839 982 3898 Providentia
1014 3860 1065 3912 p.
1093 3843 1156 3898 9i
1183 3858 1300 3914 seq.
1331 3861 1497 3916 usque
1518 3846 1584 3903 ad
1611 3847 1735 3916 121,

121 3913 211 3968 ed.
247 3913 484 3968 Petavii.
517 3912 694 3968 Wow.

193 3983 222 4020 ά
267 3984 571 4060 Colebatur
623 3994 801 4060 tamen
867 3985 917 4060 in
977 3984 1140 4060 I_dolis
1195 3989 1546 4060 templisque.
1601 3991 1738 4048 Vide

119 4056 573 4134 Thorlaciitnei
615 4057 814 4134 Progr.
852 4057 931 4134 _t_le
973 4056 1278 4134 Typhoniis
1319 4056 1733 4134 'ZEgvptiorum.

122 4127 340 4184 IIafnia:
366 4171 382 4196 ,
417 4129 582 4184 1822.
613 4127 818 4184 Horum
851 4127 1260 4201 'I‘ypbdniorum
1287 4127 1532 4206 reliquia:
1559 4135 1738 4194 adhuc

117 4210 448 4271 supersunt.

197 4283 222 4310 θ
253 4273 520 4328 Athanas.
554 4271 666 4328 καθ’
687 4272 927 4333 Ἑλλήνων
954 4287 1001 4328 c.
1031 4271 1117 4328 10.
1153 4273 1330 4330 Wow.

197 4343 216 4382 τ
258 4344 518 4400 Plutarch
541 4344 610 4399 de
644 4345 780 4401 Iside
813 4357 864 4401 et
891 4345 1102 4400 Osiridc
1127 4349 1249 4412 c.4;
1273 4349 1540 4405 Artemid.
1574 4350 1738 4407 Onei-

116 4417 320 4492 rocrit.
355 4431 478 4492 I,_c.
525 4417 617 4482 25;
649 4415 864 4492 Euseb.
897 4419 1072 4492 Prmp.
1107 4417 1310 4492 Evang.
1345 4435 1402 4490 ιι,
1437 4435 1485 4478 c.
1519 4425 1571 4490 I;
1605 4423 1738 4480 Pru-

115 4488 278 4544 dent.
307 4503 360 4544 c.
386 4488 699 4560 Symmaclt.
726 4506 764 4558 ι,
791 4505 914 4545 vers
943 4491 1048 4546 909
1075 4511 1086 4548 :

253 4581 403 4646 Isidis
427 4581 656 4631 amissum
685 4595 882 4646 semper
907 4581 1188 4646 plangentis
1211 4583 1392 4635 Osirin.

255 4645 556 4706 Mimicaque
583 4651 635 4696 et
659 4645 864 4696 ridenda
885 4645 988 4696 suis
1013 4645 1250 4698 s’olet‘nnia
1270 4647 1434 4698 calt-is.

113 4749 348 4830 Synesii
377 4752 686 4830 encomium
715 4755 1017 4830 φαλᾳκρίας,
1051 4754 1226 4830 p._-t_9,
1257 4754 1344 4830 ed.
1373 4755 1560 4810 Petav.
1588 4756 1742 4830 Ton-

111 4825 244 4905 deri
281 4833 464 4905 autem
499 4825 690 4905 solitos
722 4825 783 4880 in
829 4825 980 4905 luctu
1013 4842 1078 4881 ex
1105 4826 1398 4882 Plutarcho
1431 4834 1552 4905 περὶ
1579 4828 1740 4888 δεισι-

113 4895 398 4970 δαιμργίας
419 4904 474 4970 et
495 4896 614 4952 aliis
645 4908 858 4970 notum.
887 4897 1064 4970 wow.

191 4967 220 5015 ’ἐ
261 4967 532 5022 IIerodot.
565 4983 637 5033 ll,
683 4969 774 5034 6i,
827 4971 930 5024 hoc
959 4969 1027 5025 de
1073 4969 1212 5026 festo
1241 4969 1400 5027 Isidis
1444 4972 1736 5030 Busiritico

109 5049 568 5110 narrat,'atqnc
617 5041 686 5096 de
712 5041 1026 5096 Caribusin
1077 5041 1314 5113 zEgypto
1365 5044 1734 5100 habitantibus

109 5113 316 5174 addit,
359 5127 456 5166 eos
491 5113 684 5168 cultris
715 5113 880 5168 facies
915 5115 1226 5169 vulnerare.
1267 5115 1580 5172 Lactantius
1609 5117 1730 5172 Div.

107 5183 260 5258 Inst.
295 5199 336 5250 ι,
369 5199 418 5238 e.
448 5184 540 5258 2|.
575 5184 728 5240 Isidis
767 5185 1026 5258 IEgyptia
1055 5200 1208 5241 sacra
1245 5186 1378 5242 fiunt
1401 5229 1414 5252 ,
1463 5200 1734 5258 quatenus

107 5257 302 5310 filium
345 5257 628 5324 parvulum
660 5259 744 5311 vel
792 5257 1087 5326 perdiderit
1131 5257 1214 5312 vel
1265 5257 1554 5315 invenerit.
1600 5261 1732 5316 Nam

107 5329 310 5400 primo
334 5328 644 5382 sacerdotes
666 5331 786 5398 ejus
807 5329 1124 5399 deglabrato
1139 5343 1370 5400 corpore
1392 5345 1486 5386 sua
1515 5345 1736 5400 pectora

105 5399 368 5455 tundunt
393 5410 450 5473 et
477 5399 898 5473 latnantantur;
941 5402 1084 5456 sicut
1115 5399 1274 5471 ipsa,
1307 5419 1430 5458 cum
1461 5399 1734 5473 perdidit,

105 5473 363 5544 fecerat.
391 5471 598 5526 Deinde
629 5489 762 5542 puer
794 5473 1112 5544 producitur
1141 5475 1296 5542 quasi
1347 5471 1600 5531 inventus
1627 5517 1640 5540 ,
1682 5483 1738 5532 et

105 5545 168 5600 in
200 5543 468 5615 laetitiam
487 5544 664 5599 luctus
693 5543 1072 5600 ille'mutatur.
1098 5546 1437 5615 Theophilus
1455 5547 1522 5602 ad
1549 5547 1734 5602 Autol.

101 5632 150 5689 ῃ,
186 5631 248 5670 c.
285 5613 372 5689 I4.
407 5614 586 5689 Wovv.
613 5647 678 5658 -—
704 5617 1066 5689 Athenagora:
1097 5613 1285 5689 Legat.
1320 5634 1372 5682 c,
1403 5619 1502 5685 12;
1537 5619 1736 5675 Minue.

103 5687 304 5742 Felic.
323 5687 442 5742 Oct.
461 5687 847 5744 c.9.l.Similia
873 5687 1035 5744 habet
1063 5687 1280 5746 carmen
1307 5692 1371 5746 ad
1403 5701 1733 5747 senatorem.

101 5761 212 5836 Qui
247 5773 288 5812 ει
312 5757 576 5836 religione
601 5761 906 5836 christiana
939 5761 1253 5836 defecerat,
1291 5763 1342 5818 in
1375 5763 1736 5836 Cyprianicis,

101 5829 484 5908 L:_Il_ll|ll'i(_iitls
513 5833 566 5886 in
608 5832 916 5908 Commodo
941 5849 988 5886 ι’.
1025 5833 1078 5898 9,
1113 5835 1311 5908 Isiacos
1345 5829 1520 5908 pitieis
1567 5829 1738 5907 usque

101 5901 182 5959 ml
225 5901 530 5974 perniciem
559 5916 745 5976 pectas
776 5905 1002 5964 tundere
1027 5907 1278 5977 cogebat.

1843 1934 1983 1990 hanc
2007 1949 2196 1990 veram
2227 1947 2349 1990 esse
2385 1949 2670 1990 sacrorum
2704 1935 2930 1990 istorum
2961 1937 3228 1992 rationem
3256 1978 3272 2002 ,
3303 1951 3448 2007 pone

1842 2037 2069 2100 prepter
2113 2027 2293 2098 fruges
2334 2035 2458 2084 vota
2507 2027 2658 2084 reddi
2707 2027 3059 2096 numinibus,
3109 2029 3238 2100 quid
3287 2029 3446 2086 addis

1841 2122 2134 2188 incestum,
2163 2120 2290 2192 quid
2311 2120 2662 2186 adulterium,
2688 2121 2816 2192 quid
2847 2121 3172 2178 miseranda:
3198 2123 3446 2178 animad-

1845 2216 2114 2272 versionis
2163 2214 2434 2271 exitium?
2488 2213 2626 2283 Quid
2673 2215 2988 2272 errantibus
3035 2215 3346 2272 hominibus
3390 2223 3448 2272 et

1840 2311 2160 2382 simpliciter
2235 2325 2464 2379 peccare
2537 2309 2886 2380 cupientibus
2954 2309 3022 2364 de
3095 2310 3268 2366 sacris
3335 2312 3444 2366 tuis

1841 2405 2042 2460 tnalum
2092 2411 2366 2458 monstras
2421 2403 2771 2473 exemplum?
2801 2401 3024 2474 physica
3071 2403 3212 2458 ratio
3281 2417 3442 2473 quam

1839 2499 1994 2562 dicis,
2017 2499 2124 2553 alio
2141 2511 2342 2568 genere
2359 2497 2584 2552 celetur.
2607 2495 2746 2564 Quid
2771 2505 2952 2552 autem
2983 2495 3150 2551 celari
3177 2495 3442 2566 oportuit,

1843 2592 1988 2666 quod
2004 2591 2254 2648 omnibus
2287 2601 2474 2646 uotum
2495 2590 2616 2644 est?
2645 2589 2751 2644 Cur
2798 2589 3442 2660 plangitisfrugesterrte,

1843 2695 1898 2742 et
1943 2685 2247 2742 crescentia
2299 2681 2498 2751 lugetis
2550 2679 2804 2736 semina?
2854 2681 2936 2736 Ad
2989 2681 3442 2736 sustentationem

1843 2780 2062 2854 generis
2107 2777 2324 2832 humani
2357 2775 2474 2830 huic
2501 2775 2680 2829 omnia
2714 2775 2898 2832 divina
2941 2777 3138 2830 smnmi
3185 2775 3280 2831 Dei
3315 2775 3449 2830 libc-

1846 2876 2058 2930 ralitate
2083 2871 2280 2928 donata
2307 2877 2450 2924 sunt.
2477 2867 2713 2940 Agendae
2739 2877 2868 2924 sunt
2889 2883 3102 2924 summo
3125 2869 3236 2922 Deo
3260 2868 3450 2938 gratia:

1846 2978 2068 3042 propter
2099 2966 2242 3032 hoc,
2275 2977 2376 3018 nec
2421 2972 2504 3018 est
2552 2961 2748 3016 Summi
2795 2961 2890 3018 Dei
2932 2961 3166 3031 lugenda
3209 2961 3446 3030 largitio.

1839 3063 2046 3123 Deﬂete
2078 3056 2256 3130 potius
2286 3055 2429 3127 quod
2458 3053 2656 3112 erratis
2681 3097 2695 3122 ,
2729 3061 2784 3110 et
2809 3095 2824 3122 ,
2867 3054 3008 3124 quod
3057 3069 3302 3110 errorem
3355 3069 3448 3112 ve-

1911 3199 1938 3238 ιι
1963 3199 2043 3255 De
2070 3193 2284 3267 perdito
2325 3191 2480 3248 Isidis
2514 3189 2624 3267 filio
2663 3191 2805 3246 idem
2831 3191 3006 3267 habet
3034 3191 3233 3267 Minue.
3271 3189 3446 3258 Felix,

1839 3291 1890 3332 c.
1923 3272 2018 3328 22.
2054 3262 2182 3324 Mox
2207 3268 2410 3322 inuento
2437 3263 2679 3334 parvulo,
2698 3262 2892 3335 gaudet
2923 3262 3056 3328 Isis,
3081 3263 3340 3318 exsultant
3365 3281 3452 3320 sa-

1840 3345 2232 3472 ceﬁdlz‘i‘iiacam
2259 3409 2428 3479 (Plut.
2447 3407 2514 3489 de
2535 3405 2676 3489 Iside
2700 3416 2751 3460 et
2769 3405 2997 3489 Osiride
3012 3420 3060 3489 (ξ.
3081 3403 3455 3489 5),_aliamquc

1841 3489 2094 3549 Fontiqu
2109 3477 2414 3550 sacrorum,
2443 3479 2839 3549 ﬂuminumque
2876 3477 2943 3532 ab
2960 3477 3208 3534 Ethnicis
3223 3477 3444 3536 cultam.

1917 3567 1931 3614 1
1968 3557 2222 3614 Osiridis.

1913 3636 1940 3698 tt
1969 3632 2058 3688 sc,
2089 3628 2242 3698 Aqua
2261 3625 2547 3698 ibaptismi.

1917 3695 1934 3736 ¹
1973 3691 2178 3757 Λ11ιιι11ἱ
2207 3697 2274 3752 ad
2319 3691 2604 3752 historiam
2637 3692 2890 3764 baptismi
2919 3691 3147 3750 Christi.
3181 3695 3314 3752 Luc.
3347 3712 3408 3751 nt
3435 3738 3452 3764 ,

1840 3777 1946 3842 2I;
1979 3775 2138 3830 Joau.
2163 3787 2208 3842 ι,
2235 3767 2327 3842 5f},
2360 3769 2451 3842 55.

1913 3837 1952 3884 πὶ
1979 3841 2234 3912 Intelligit
2266 3841 2506 3912 Busirin,
2539 3839 2592 3912 iu
2626 3855 2730 3910 qua
2763 3837 3143 3912 vacca_lignea
3175 3838 3447 3912 inclusum

1841 3919 2072 3977 Osiridis
2113 3909 2311 3982 corpus
2352 3913 2420 3965 ab
2449 3911 2588 3966 Iside
2618 3909 2898 3982 sepultum
2923 3909 3092 3964 fuisse
3121 3913 3288 3965 tradit
3317 3911 3450 3967 Dio-

1841 3993 2010 4049 dorus
2039 3981 2256 4044 Siculus
2282 3999 2328 4050 ι,
2366 3983 2454 4038 85.
2493 3983 2642 4037 Alias
2671 3984 2791 4054 ejus
2821 3981 2982 4036 urbes
3012 3983 3349 4052 sepulcrales
3379 3998 3446 4038 ex

1845 4067 1952 4120 alia
1999 4059 2296 4117 traditione
2341 4055 2535 4110 eodem
2580 4055 2701 4110 loco
2747 4054 2950 4116 refert,
2982 4069 3223 4124 quarum
3251 4063 3451 4124 pra-ter

1843 4136 2058 4192 Busirin
2082 4127 2414 4185 celebriorcs
2433 4137 2591 4181 erant
2615 4126 2805 4191 Philae,
2841 4123 3062 4196 Abydus
3085 4134 3139 4179 ct
3159 4123 3445 4197 Memphis,

1841 4209 2030 4278 Neque
2060 4205 2251 4278 reticet
2273 4199 2374 4254 Nili
2399 4199 2628 4272 abyssos
2656 4201 2798 4278 inter
2821 4197 3216 4278 Elephantinen
3245 4209 3295 4252 et
3315 4197 3451 4270 Syc-

1843 4269 1970 4336 nen.
2021 4275 2156 4332 Vide
2195 4269 2527 4327 Crenzeruin
2583 4287 2621 4334 ι,
2669 4269 2796 4326 259.
2845 4284 2962 4338 seq.
2997 4281 3050 4322 et
3079 4269 3446 4325 Commentat.

1847 4351 2184 4408 lIerodoteas
2223 4361 2261 4408 l,
2307 4358 2362 4415 7c.
2391 4343 2460 4415 9.,
2607 4341 2702 4408 10,
2747 4343 2842 4405 ‘II,
2879 4343 2985 4396 15:
3027 4346 3122 4398 Καὶ
3151 4344 3210 4396 οὐ
3236 4342 3442 4415 μόνονὸ

1843 4428 2000 4498 τάφος
2015 4429 2105 4478 τοῦ
2128 4414 2382 4498 Ὀςίριδος
2407 4413 2841 4498 δείκιὶυταιηάλλᾲ
2865 4417 2950 4469 καὶ
2973 4413 3250 4498 ¹Ξῖαριχειῖικζ
3285 4413 3452 4498 Atha-

1845 4485 1964 4550 tias.
1988 4511 2038 4549 c.
2057 4493 2150 4548 25.
2173 4485 2336 4544 Mtilta
2360 4497 2655 4557 supersunt
2679 4485 2924 4557 Amuleta
2956 4485 3234 4557 Egyptria,
3255 4487 3450 4557 quibus

1763 4537 1818 4598 Ῑ)
1844 4537 2653 4631 Safi.;;.;‘i;.”;.:.5isseisse;
2674 4537 3446 4631 aurai.315535;.aaairosn:

1847 4640 2020 4696 tarch.
2047 4639 2116 4694 de
2141 4627 2288 4690 [siet
2309 4629 2404 4686 Os.
2432 4629 2580 4702 c.'l5)
2599 4637 3054 4702 reprarsentatur;
3079 4643 3307 4698 quorum
3331 4627 3447 4685 haec

1843 4745 1928 4792 est
1961 4736 2130 4806 figura
2164 4751 2177 4786 :
2207 4703 2310 4830 ΞΙΞ

1915 4839 1943 4868 η
1973 4827 2126 4886 Unde
2152 4824 2420 4883 Fin—uicus
2451 4825 2568 4882 haec
2591 4826 2853 4892 hauserit,
2883 4824 3098 4882 nescius
3125 4840 3266 4880 sum.
3299 4825 3448 4882 Nova

1842 4901 2058 4956 videtur
2085 4916 2206 4955 esse
2237 4897 2438 4965 fabula,
2473 4913 2652 4968 neque
2684 4897 2844 4953 facile
2874 4913 2940 4953 ex
2973 4897 3308 4954 Euhemero.
3337 4899 3448 4956 Sed

1842 4977 1898 5030 in
1919 4973 2156 5046 Egypto
2169 4972 2434 5046 cadavera
2459 4985 2757 5046 numquam
2771 4971 3177 5046 cremabantur.

1913 5047 1933 5076 °
1962 5041 2232 5114 A't'ltcuag.
2273 5059 2324 5097 c.
2361 5043 2458 5108 l9;
2489 5041 2692 5098 Euseb.
2729 5041 2905 5114 Prtep.
2951 5041 3159 5114 Evang.
3200 5055 3256 5114 tt,
3291 5056 3354 5114 c.
3391 5043 3444 5103 I.

1844 5133 1922 5171 III.
1955 5133 2006 5172 c.
2041 5115 2139 5180 12,
2180 5113 2340 5170 aliter
2371 5114 2650 5172 Plutarch.
2679 5115 2748 5172 de
2791 5113 2862 5170 Is.
2901 5122 2957 5170 et
2984 5113 3076 5170 Os.
3107 5128 3156 5169 c.
3189 5113 3278 5168 5'5.
3311 5113 3450 5170 Vide

1844 5189 2062 5262 Suidam
2091 5187 2144 5262 in
2175 5188 2370 5262 Δόγμα.
2403 5187 2578 5262 “bow.

1915 5271 1942 5310 P
1973 5259 2054 5312 (If.
2087 5255 2282 5314 Ouzel.
2307 5259 2374 5314 ad
2403 5259 2604 5314 Minue.
2641 5257 2756 5312 Fel.
2793 5275 2844 5328 p.
2879 5257 3004 5326 162,
3038 5256 3162 5325 165,
3197 5265 3252 5312 et
3280 5255 3451 5314 Creu-

1843 5347 2030 5388 zerum
2059 5329 2294 5402 Symbol.
2325 5331 2432 5402 und
2463 5329 2688 5401 Mythol.
2723 5345 2795 5390 ιν,
2820 5331 2945 5402 2'20.

1917 5415 1946 5454 (ι
1973 5401 2252 5460 Plutarch.
2278 5403 2346 5456 de
2379 5401 2450 5458 Is.
2484 5413 2536 5458 ct
2559 5407 2652 5456 Us.
2681 5419 2731 5456 c.
2765 5403 2832 5458 55
2867 5420 2880 5456 :
2922 5401 3140 5472 Typhon
3167 5411 3344 5456 uentus
3365 5417 3454 5455 ar-

1843 5475 1970 5530 dens
1997 5486 2046 5528 et
2070 5475 2312 5546 pestiferis
2330 5473 2681 5546 Orientalibus
2701 5473 2923 5546 Seruum
2941 5473 3452 5546 dictusLJabIonsky

1845 5547 2124 5603 Pantheon
2158 5545 2467 5617 Egyptior.
2503 5562 2591 5610 ιιι,
2623 5545 2712 5610 81,
2743 5544 2834 5617 85.
2864 5545 2956 5610 9-I,
2990 5543 3088 5617 9:2.
3117 5544 3182 5600 V.
3217 5543 3454 5600 Norherl-

1843 5620 1916 5686 gii
1969 5621 2031 5674 Ι).
2083 5620 2150 5672 de
2177 5615 2398 5673 Setnum
2444 5628 2608 5673 vento
2648 5618 2700 5672 itt
2740 5615 3028 5686 Opusculis
3065 5615 3407 5674 Academicis
3435 5659 3450 5686 ,

1844 5689 2078 5746 Londini
2107 5689 2336 5746 Gothor.
2367 5689 2524 5746 1819.
2555 5706 2631 5752 ιιι,
2663 5705 2716 5759 p.
2748 5688 2872 5746 502.

1923 5775 1944 5801 τ
1977 5763 2120 5834 Lege
2153 5779 2165 5814 :
2195 5762 2506 5817 redduntur.
2533 5761 2714 5834 Wow.

1853 5893 1876 5910 η
1922 5843 1942 5870 ⁸
1973 5831 2300 5910 Leétioncm
2323 5835 2578 5910 editionis
2605 5831 2868 5907 principis
2891 5833 3132 5904 genitalis
3167 5833 3450 5892 Wowerus

1849 5906 2078 5966 mutavit
2105 5907 2156 5962 in
2183 5906 2416 5979 genitali.
