3970 6408
447 350 554 409 937

1690 347 1866 407 JULH
1898 345 2160 407 ιείιιιιιιῑι
2201 348 2516 407 MATER?"

3647 350 3754 408 988

443 481 614 526 strum
645 469 965 526 restauratis
995 484 1216 540 semper
1246 468 1486 525 luctibus
1515 511 1528 534 ,
1570 467 1833 539 plangite.
1864 465 2052 523 Nolite
2071 470 2122 532 Α
2149 482 2310 538 quam
2341 467 2633 534 sustinuit,
2666 465 2769 522 hoc
2803 464 2994 523 volunt
3019 480 3164 535 esse,
3197 465 3342 539 quod
3369 466 3510 524 falce
3547 483 3762 524 messor

445 564 642 620 annuis
664 561 835 618 sacris
861 577 1108 634 quaerere
1136 561 1296 618 funus
1328 563 1565 618 alienum
1589 578 1604 627 ;
1638 561 1837 618 vestris
1867 560 2050 629 potius

447 659 732 715 funeribus
763 669 948 729 parate
975 658 1167 714 solatia
1201 673 1296 729 per
1324 673 1498 713 annos
1520 657 1784 728 singulos.
1815 655 1860 713 Ο
1886 656 2056 712 miser

450 755 644 810 homo!
669 755 944 810 invenisse
971 764 1024 810 te
1051 754 1237 811 nescio
1260 753 1392 826 quid
1415 753 1644 825 gaudes,
1663 768 1786 808 cum
1817 753 2052 807 animam

449 861 597 905 tuam
619 865 685 905 ex
715 849 836 905 istis
866 851 1044 905 sacris
1071 864 1166 920 per
1193 866 1365 906 annos
1393 849 1638 918 singulos
1660 848 1880 919 perdas.
1909 847 2056 903 Nihil

448 943 562 1000 illic
592 942 806 999 invenis
832 943 935 999 nisi
960 942 1332 1010 simulacrum,
1357 941 1498 1014 quod
1534 942 1650 1012 ipse
1682 939 1930 1010 posuisti,
1952 938 2062 994 nisi

450 1036 595 1107 quod
638 1038 836 1092 iterum
880 1046 972 1091 aut
1018 1050 1233 1108 qumras
1279 1043 1374 1090 aut
1414 1035 1618 1106 lugeas.
1652 1033 1850 1104 Quaere
1879 1033 2060 1104 potius

452 1145 606 1200 spem
637 1130 862 1195 salutis,
893 1144 1080 1202 quare
1103 1128 1388 1186 exordium
1420 1129 1578 1196 lucis,
1610 1141 1792 1198 quaere
1829 1125 1974 1198 quod
2009 1134 2062 1182 te

452 1240 666 1281 summo
697 1224 808 1280 Deo
864 1234 960 1280 aut
1006 1223 1352 1280 commendet
1378 1267 1393 1291 ,
1446 1231 1540 1278 aut
1577 1221 1789 1278 reddat.
1829 1220 1895 1276 Et
1933 1234 2062 1277 cum

455 1334 637 1374 veram
666 1318 808 1374 viam
837 1317 1029 1373 salutis
1057 1318 1352 1385 inveneris,
1386 1314 1592 1388 gaude,
1631 1324 1687 1370 et
1713 1323 1840 1370 tunc
1878 1322 2064 1370 erecta

455 1409 729 1467 sermonis
780 1410 1032 1466 libertate
1083 1412 1358 1480 proclama
1403 1410 1728 1487 Εὑρήκαμεν,
1773 1409 2067 1484 συγχαίρο-

457 1528 548 1580 μεν
583 1515 610 1544 ⁸
640 1521 772 1564 eum
809 1507 880 1563 ab
925 1505 1009 1561 bis
1065 1505 1472 1562 calamitatibus
1521 1513 1646 1576 post
1685 1503 2066 1574 paenitentiam

462 1609 610 1656 tuam
637 1600 836 1656 summi
868 1600 964 1654 Dei
990 1598 1158 1655 fueris
1186 1597 1517 1670 indulgentia
1541 1596 1824 1653 liberatus.
1866 1602 1887 1628 κ

1091 1691 1319 1748 CAPUT
1358 1691 1446 1747 Ill.

751 1784 928 1841 Terra
948 1787 1140 1840 cultum
1161 1786 1304 1858 apud
1326 1784 1564 1859 Phryges
1589 1788 1800 1856 refutat.

2155 561 2383 616 maturis
2414 560 2658 630 frugibus
2691 561 2837 617 facit.
2871 561 3120 617 Mortcm‘
3150 564 3321 633 ipsius
3349 561 3541 619 dicunt
3567 606 3581 630 ,
3614 563 3762 635 quod

2155 653 2362 707 semina
2415 652 2643 708 collecta
2698 653 3007 709 conduntur
3053 671 3067 708 :
3108 655 3273 710 vitam
3321 671 3517 710 rursus
3546 698 3560 721 ,
3618 656 3762 725 quod

2153 746 2299 817 jacta
2354 748 2560 804 semina
2619 749 2814 805 annuis
2864 749 3076 806 vicibus
3124 751 3523 807 reconduntur.
3583 751 3764 808 Velim

2161 855 2307 896 nunc
2347 841 2478 897 mihi
2508 843 2804 914 inquirenti
2832 843 3226 915 respondeant,
3257 860 3356 901 cur
3387 846 3527 902 hanc
3560 847 3768 918 simpli-

2162 935 2382 991 citatem
2423 936 2691 990 seminum
2743 951 2808 991 ac
2867 936 3080 1009 frugum
3134 953 3256 993 cum
3310 938 3602 1002 facinore,
3645 954 3768 994 cum

2162 1041 2360 1098 morte,
2391 1047 2513 1086 cum
2547 1033 2712 1096 fastu,
2738 1047 2864 1089 cum
2894 1048 3078 1104 paena,
3112 1048 3234 1088 cum
3267 1050 3453 1090 amore
3475 1034 3761 1104 junxcrint

2167 1125 2315 1182 Itane
2337 1141 2443 1182 non
2485 1136 2604 1182 erat
2639 1127 2828 1195 aliud,
2880 1128 3022 1200 quod
3074 1127 3392 1185 diceretur?
3447 1130 3608 1186 itane
3666 1145 3774 1186 non

2167 1231 2322 1288 erat,
2366 1223 2512 1299 quod
2570 1222 2623 1278 in
2674 1223 2901 1294 agendis
2944 1223 3057 1280 Deo
3113 1239 3326 1280 summo
3368 1239 3466 1296 pro
3524 1223 3774 1294 frugibus

2165 1317 2353 1388 gratiis
2398 1317 2599 1374 taceret
2637 1318 2838 1374 misera
2879 1319 3230 1374 mortalitas?
3277 1318 3348 1376 Ut
3411 1320 3628 1391 gratias
3680 1334 3778 1391 pro

2170 1411 2378 1468 renatis
2406 1412 2647 1482 frugibus
2693 1427 2845 1484 agas,
2892 1412 3108 1480 ululas;
3142 1420 3201 1468 ut
3225 1413 3492 1484 gaudeas,
3530 1413 3766 1484 plangis.

2170 1504 2282 1562 Nec
2312 1548 2326 1572 ,
2362 1514 2414 1560 te
2437 1520 2557 1560 cum
2590 1521 2778 1562 veram
2803 1506 3069 1561 rationem
3105 1504 3326 1573 videris,
3363 1504 3465 1562 hoc
3486 1505 3780 1577 aliquando

2175 1597 2370 1654 fecisse
2398 1597 2686 1668 ptenituit,
2729 1597 2824 1654 sed
2855 1597 2960 1653 hoc
2990 1598 3143 1669 agis,
3189 1608 3245 1652 ut
3297 1602 3498 1652 annuis
3547 1599 3781 1653 luctibus

2176 1704 2467 1766 occupatus
2497 1695 2661 1750 vitam
2693 1709 2910 1766 semper
2940 1693 3113 1765 fugias
3144 1735 3158 1758 ,
3217 1704 3467 1748 mortem-
3507 1693 3780 1764 requiras.

2183 1789 2370 1844 Dicant
2423 1790 2592 1855 milii,
2641 1788 2768 1859 quid
2823 1788 2926 1843 hoc
2966 1787 3212 1858 frugibus
3257 1785 3482 1858 profuit,
3535 1796 3592 1841 ut
3625 1785 3782 1842 ﬂetus

541 1879 803 1953 Phryges,
836 1883 924 1952 qui
969 1881 1346 1937 Pessinuntem
1394 1881 1640 1936 incolunt
1665 1878 1694 1918 ι’
1717 1921 1732 1947 ,
1762 1879 1907 1936 circa
1938 1877 2077 1936 Galli
2108 1882 2156 1944 Β
2183 1897 2309 1939 suos
2333 1883 2527 1938 annuis
2553 1881 2843 1937 ululatibus
2869 1881 3140 1937 seminent
3168 1880 3220 1935 in
3257 1878 3788 1944 tristitia,interfccti

467 1973 704 2030 austrinis
736 1975 882 2044 ripas
913 1985 934 2013 ο
967 1983 1130 2030 terra;
1176 1983 1502 2030 ceterorum
1536 1973 1935 2029 elementorum
1967 1971 2069 2026 tri~

469 2067 644 2124 buunt
683 2069 1043 2137 principatum
1072 2109 1086 2133 ,
1139 2076 1196 2123 et
1238 2068 1378 2122 banc
1422 2067 1612 2122 volunt
1661 2071 1903 2121 omnium
1950 2080 2076 2124 esse

478 2170 705 2217 matrem
736 2158 785 2216 ἀ.
823 2160 1028 2218 Deinde
1071 2169 1128 2217 ut
1163 2170 1218 2216 et
1253 2161 1353 2232 ipsi
1389 2175 1626 2215 annuum
1655 2161 1758 2216 sibi
1789 2175 2076 2216 sacrorum

473 2254 722 2310 ordinem
770 2254 1015 2310 facerent
1049 2297 1062 2323 ,
1112 2255 1361 2311 mulieris
1399 2254 1582 2310 divitis
1618 2269 1682 2311 ac
1731 2255 1932 2325 regina:
1963 2271 2076 2311 sua:

2176 1975 2379 2031 funeris
2407 1974 2813 2032 calamitatibus
2839 1973 3234 2046 ingemiscant,
3265 1973 3408 2043 quod
3435 1973 3627 2028 dicant
3655 1972 3786 2045 phy-

2175 2072 2286 2128 sica
2311 2073 2518 2126 ratione
2548 2071 2921 2142 compositum
2944 2112 2958 2135 ,
2989 2069 3184 2139 lugetis
3213 2078 3265 2124 et
3307 2067 3600 2139 plangitis,
3630 2075 3687 2122 et
3712 2067 3787 2121 lu-

2177 2174 2297 2221 ctus
2313 2175 2526 2222 vestros
2539 2165 2638 2220 alia
2662 2165 2873 2221 ratione
2892 2163 3276 2222 celatis.Novit
3291 2163 3560 2235 agricola,
3578 2161 3788 2234 quando

2179 2267 2378 2315 terram
2431 2268 2618 2314 aratro
2665 2257 2984 2325 dimoveat,
3027 2257 3248 2331 quando
3295 2257 3465 2312 sulcis
3518 2255 3783 2311 frumenta

479 2363 760 2416 amorem,
804 2363 928 2420 qua:
975 2348 1148 2405 fastus
1188 2349 1353 2403 amati
1402 2348 1762 2404 adolescentis
1794 2347 2080 2420 tyrannice
2183 2353 2507 2406 committat.
2550 2350 2707 2406 Novit
2749 2350 2966 2422 quando
3007 2357 3302 2406 maturatas
3329 2347 3469 2403 solis
3509 2348 3794 2403 ardoribus

478 2441 652 2498 voluit
693 2442 878 2499 ulcisci
906 2451 957 2509 ε,
987 2457 1109 2498 cum
1143 2443 1378 2499 luctibus
1419 2443 1616 2498 annuis
1659 2450 2074 2498 consecrarunt.
2187 2445 2408 2516 colligat
2453 2455 2682 2516 segetes.
2731 2433 2925 2509 Novit,
2958 2442 3174 2516 quando
3213 2451 3384 2497 tostas
3411 2450 3559 2496 terat
3597 2445 3791 2512 fruges.

481 2536 548 2592 Et
575 2546 632 2591 ut
665 2536 798 2592 satis
836 2537 989 2591 iratae
1017 2537 1234 2592 mulieri
1276 2535 1540 2603 facerent,
1563 2545 1657 2591 aut
1692 2545 1750 2590 ut
1791 2534 2084 2607 ptenitenti
2185 2539 2320 2597 Hzrc
2337 2549 2420 2596 est
2450 2540 2668 2611 physica
2701 2540 2863 2606 ratio,
2896 2539 3013 2595 llaec
3043 2548 3171 2593 sunt
3193 2553 3317 2593 vera
3350 2537 3645 2602 sacriﬁcia,
3682 2552 3796 2608 qua:

477 2636 732 2692 solatium
763 2644 1093 2707 quaererent,
1127 2650 1287 2708 quem
1339 2634 1503 2706 paulo
1546 2646 1673 2690 ante
1705 2632 2041 2705 sepelierant
2063 2674 2082 2701 ,
2185 2635 2254 2690 ab
2279 2650 2427 2690 sana:
2452 2635 2648 2689 mentis
2675 2634 2981 2690 hominibus
3002 2648 3182 2688 annuo
3211 2631 3398 2686 labore
3423 2631 3796 2701 complentur.

478 2731 743 2788 revixisse
775 2733 1050 2800 jactarunt
1075 2772 1090 2798 ,
1118 2740 1175 2788 et
1205 2746 1328 2787 cum
1357 2730 1606 2786 mulieris
1633 2729 1843 2784 animus
1877 2744 1945 2785 ex
1977 2729 2083 2783 im-
2194 2728 2346 2784 Hanc
2380 2727 2786 2799 simplicitatem
2827 2725 3082 2782 divinitas
3110 2725 3307 2797 quaerit
3332 2765 3344 2786 ,
3374 2732 3436 2778 ut
3465 2723 3721 2779 homines
3748 2724 3798 2778 in

480 2825 742 2898 patientia
775 2824 928 2880 nimii
958 2825 1164 2880 amoris
1191 2823 1437 2889 arderet,
1481 2831 1698 2877 mortuo
1744 2821 2090 2877 adolescenti
2191 2822 2517 2894 colligendis
2567 2821 2834 2877 fructibus
2889 2819 3154 2876 ordinatis
3206 2828 3516 2890 temporum
3589 2818 3803 2889 legibus

482 2918 682 2989 templa
713 2916 979 2972 fecerunt.
1011 2915 1166 2972 Tunc
1204 2915 1350 2987 quod
1385 2915 1518 2970 irata
1564 2913 1764 2969 mulicr
1805 2928 1904 2982 pro
1945 2912 2087 2983 iuju-
2195 2918 2458 2975 serviant.
2501 2915 2612 2972 Cur
2663 2917 2788 2972 huic
2819 2915 2994 2971 ordini
3043 2915 3257 2970 misera:
3305 2913 3499 2968 mortis
3541 2911 3805 2984 ﬁgmenta

486 3011 564 3066 ria
597 3018 795 3082 spretae
829 3009 1032 3066 fecerat
1064 3009 1294 3078 formae,
1338 3008 1442 3064 hoc
1476 3007 1849 3063 ordiuantesa
1891 3019 1953 3063 se
1979 3005 2096 3077 pati
2195 3011 2424 3082 qua-sita
2472 3010 2645 3065 sunt?
2693 3012 2801 3065 Cur
2844 3009 3055 3065 celatur
3103 3007 3358 3079 lacrymis
3387 3049 3402 3073 ,
3445 3005 3592 3076 qnod
3637 3005 3808 3060 celari

485 3106 706 3162 voluere
733 3106 1051 3161 sacerdotes
1085 3104 1102 3143 ί
1118 3146 1131 3159 .
1164 3105 1254 3161 Sic
1285 3105 1482 3159 annuis
1522 3103 1693 3160 sacris
1723 3117 1848 3158 cum
1881 3101 2101 3159 honore
2198 3123 2303 3162 non
2331 3105 2554 3161 debuit?
2581 3105 2724 3161 unde
2749 3103 3112 3161 confiteantur
3135 3115 3358 3158 necesse
3375 3110 3481 3166 est,
3504 3100 3627 3156 ha-c
3650 3114 3808 3155 sacra

483 3211 643 3256 terra:
667 3197 826 3254 istius
854 3198 1063 3254 funeris
1093 3214 1293 3270 pompa
1317 3198 1682 3268 componitur,
1709 3205 1768 3251 et
1793 3211 1918 3251 cum
1960 3211 2086 3263 μοι’-
2117 3213 2164 3277 C
2197 3217 2306 3256 non
2335 3201 2387 3255 in
2422 3201 2685 3256 honorem
2716 3199 2930 3270 frugum
2956 3240 2974 3264 ,
2999 3198 3096 3254 sed
3128 3199 3180 3253 in
3213 3197 3476 3252 honorem
3497 3210 3630 3251 esse
3661 3209 3814 3249 como

487 3291 748 3348 suadetur
792 3293 1106 3348 hominibus
1149 3293 1292 3364 quod
1358 3293 1545 3348 colant
1598 3300 1844 3358 terram,
1905 3290 2090 3346 miseri

489 3385 696 3442 funeris
738 3395 1070 3443 venerantur
1096 3387 1343 3443 exitium.
1384 3385 1484 3441 Hic
1526 3399 1743 3456 quoque
1773 3425 1786 3450 ,
1835 3385 2088 3438 sacratis-

487 3479 615 3535 simi
663 3480 1024 3551 imperatores
1049 3524 1064 3549 ,
1093 3490 1152 3536 ut
1182 3497 1336 3536 error
1363 3481 1469 3537 iste
1497 3479 1740 3544 celetur,
1772 3481 1936 3535 etiam
1971 3478 2089 3535 haec

486 3587 642 3628 sacra
664 3573 883 3646 physica
904 3575 1094 3630 volunt
1111 3589 1232 3631 esse
1258 3575 1468 3631 ratione
1498 3573 1864 3645 compositas.
1892 3572 2092 3628 Amare

489 3675 690 3722 terram
710 3668 899 3723 volunt
923 3668 1126 3740 fruges,
1155 3679 1395 3725 amatum
1425 3683 1558 3726 vero
1587 3669 1689 3724 hoc
1712 3669 1885 3739 ipsum
1909 3670 2096 3724 volunt

490 3775 614 3817 esse
641 3803 656 3830 ,
696 3762 840 3833 quod
873 3779 937 3818 ex
969 3763 1218 3836 frugibus
1268 3765 1553 3830 nascitur;
1601 3777 1815 3835 penam
1865 3771 2048 3818 autem
2077 3803 2096 3831 ,

561 3909 586 3938 ⁸
621 3897 796 3956 Verba
835 3902 1094 3958 solemnia
1134 3905 1557 3960 cxclamantium
1589 3903 1642 3959 in
1667 3904 1837 3960 sacris
1866 3901 2090 3970 lsiacis,

491 3973 710 4044 invento
739 3988 969 4044 corpore
990 3977 1238 4034 Osiridis.
1269 3977 1580 4034 Scholiasta
1606 3976 1884 4034 Juvenalis
1908 3977 1978 4030 ad
2002 3975 2094 4031 illa

492 4043 608 4099 Sat.
641 4060 757 4111 vm,
792 4060 936 4101 vers.
966 4047 1036 4103 29
1066 4065 1079 4102 :

614 4133 905 4263 ﬁffégl‘lare
933 4139 1058 4191 libet
1082 4140 1288 4206 pepilus
1309 4143 1440 4206 quod
1458 4142 1635 4196 clamat
1651 4144 1781 4196 Osiri

495 4281 662 4380 habet
684 4287 996 4355 sequentia:
1017 4287 1257 4380 P'opulus
1277 4290 1506 4380 ᾼῑέηιριί⁸
1523 4294 1728 4380 iuvent?
1759 4292 1902 4378 Osiri
1927 4293 2096 4378 dixit:

494 4362 784 4434 Εὑρήκαμεν
805 4400 820 4424 ,
865 4364 1242 4438 συγχαίρομεν.
1297 4362 1370 4417 Ita
1397 4362 1566 4418 enim
1615 4364 1812 4420 Isidem
1860 4366 2096 4422 inventis

493 4430 726 4486 Osiridis
753 4433 1009 4486 membris
1031 4437 1368 4490 exclamasse
1395 4437 1688 4501 putabant;
1708 4439 1831 4493 vide
1851 4436 2096 4494 Crameri

495 4501 789 4580 editionem
815 4503 974 4580 hujus
987 4505 1312 4580 Scholiasta:
1335 4507 1678 4580 (Hamburgi,
1709 4508 1874 4580 1825)
1892 4525 1945 4580 p.
1966 4509 2094 4564 διε.

495 4575 698 4649 Eadem
719 4577 881 4632 verba
912 4576 1076 4649 habet
1097 4575 1478 4645 Athenagoras
1500 4579 1687 4649 Legat.
1717 4596 1766 4638 c.
1795 4575 1881 4637 19.
1896 4575 2094 4637 'Wow.

671 4647 1196 4728 quoquepctavium
1228 4649 1445 4728 Minucii
1471 4645 1669 4728 Felicis
1698 4668 1748 4708 c.
1779 4652 1875 4720 21,
1909 4665 1963 4709 et
1985 4652 2098 4708 Au-

494 4719 768 4790 gustinum
797 4719 863 4774 de
893 4721 1124 4776 Civitate
1147 4723 1242 4779 Dei
1271 4738 1346 4789 v1,
1374 4738 1423 4778 c.
1468 4725 1554 4779 10.

467 4859 470 4863 _
506 4789 516 4790 “
569 4789 817 4864 {Strabo
843 4808 946 4864 xu,
977 4809 1028 4849 c.
1061 4795 1115 4860 7;
1153 4797 1469 4851 Ammianus
1507 4795 1851 4852 Marcellinus
1877 4797 1912 4851 Ι.
1955 4813 2094 4864 xxn,

495 4861 816 4940 c.(al_.
863 4863 942 4937 9).
986 4866 1287 4940 Dcilapide
1328 4867 1715 4923 Pessinuntino
1752 4867 1968 4926 δυτητεῐ
2003 4861 2096 4940 qui

496 4935 640 5012 bello
667 4935 870 5012 Punico
886 4935 1128 4994 secundo
1145 4935 1370 5012 Romam
1389 4940 1756 4996 devehebatur
1777 4940 1922 5012 (Liv.
1944 4935 2095 5008 xxix,

497 5024 548 5064 c.
582 5009 644 5064 11
677 5020 732 5064 et
762 5011 852 5081 H)
894 5011 1050 5067 multi
1077 5022 1203 5066 sunt
1233 5028 1247 5066 :
1277 5011 1556 5080 Appianus
1589 5013 1657 5068 de
1700 5009 1862 5068 bellis
1893 5012 2096 5069 Annib.

496 5097 549 5136 c.
583 5083 672 5148 56;
706 5081 1048 5139 Herodianus
1081 5083 1121 5150 Ι,
1151 5099 1201 5138 c.
1231 5084 1299 5145 2;
1325 5083 1598 5140 Arnobius
1639 5084 1763 5138 adv.
1793 5085 1998 5140 Gentes
2022 5101 2098 5149 vr,

497 5167 549 5208 c.
573 5154 659 5220 11,
689 5164 827 5210 etvu
846 5196 860 5218 ,
879 5170 929 5226 c.
949 5155 1020 5212 46
1041 5157 1240 5224 (υιιιιιι
1259 5155 1322 5226 .);
1350 5157 1638 5226 Augustin.
1660 5155 1730 5210 de
1743 5155 1976 5212 Civitate
2005 5156 2104 5213 Dei

499 5240 553 5278 tu
578 5268 592 5288 ,
614 5240 672 5298 7c.
710 5226 813 5298 1-2;
849 5225 1216 5282 'l‘ertulliauus
1246 5225 1532 5298 Apologet.
1565 5244 1614 5283 c.
1645 5226 1754 5291 ἱεὶς
1791 5229 2105 5284 Lactantius

497 5311 558 5370 ιι,
609 5297 639 5350 7
665 5313 680 5361 ;
705 5295 900 5354 Cicero
927 5299 996 5354 de
1027 5295 1313 5370 Haruspch
1357 5295 1673 5368 ilesponsis.
1701 5297 1785 5354 Cf.
1822 5299 2104 5357 Falconeti

502 5367 940 5440 dissertatioiiem
991 5388 1080 5425 sur
1126 5373 1180 5426 ta
1208 5367 1395 5440 'picrre
1440 5367 1502 5425 de
1536 5373 1586 5425 ια
1613 5371 1751 5425 mere
1783 5373 1872 5426 des
1903 5373 2104 5440 dicunt;

505 5437 667 5514 Mem.
693 5440 755 5493 de
776 5441 1066 5514 l’acad.des
1091 5437 1264 5498 Inscr.
1297 5460 1340 5498 et
1369 5442 1430 5497 Β.
1458 5443 1519 5497 L.
1552 5453 1683 5498 tom.
1710 5459 1868 5510 mu,
1893 5437 2102 5514 p.2l5';

499 5521 556 5588 et
587 5512 631 5565 si
665 5512 796 5588 tanti
819 5525 935 5581 est,
970 5525 1186 5588 nostras
1221 5517 1506 5573 Dissertat.
1546 5512 1904 5588 Antiquarias‘
1927 5515 2107 5572 'l‘ltco-

507 5582 844 5657 tiscegeditas
877 5600 931 5656 p.
962 5587 1069 5641 257
1101 5603 1218 5657 seq.

581 5666 604 5734 ξ
638 5653 831 5734 Steph.
861 5653 984 5734 rupi
1009 5653 1284 5734 πρλεωῇ-ἰιι
1315 5660 1525 5734 Πάλλας.
1557 5657 1736 5734 Wow.

580 5725 606 5764 (ί
633 5728 844 5802 Arnob.
879 5725 941 5796 tt,
969 5746 1019 5785 c.
1049 5731 1140 5794 ὕες
1166 5729 1308 5789 Nam
1337 5744 1382 5788 et
1413 5730 1645 5787 uidemus
1671 5731 1806 5787 alios
1827 5747 1889 5787 ex
1909 5731 2114 5802 rapien-

511 5801 728 5855 tioribus
762 5802 931 5856 dicere
969 5805 1205 5859 tellurem
1249 5821 1356 5860 esse
1396 5805 1665 5859 hominum
1713 5814 1924 5860 matrem
1949 5801 1977 5870 ;’
2001 5819 2070 5857 vn
2095 5845 2112 5865 ,

2124 4733 2174 4792 D

2198 3298 2374 3367 posita
2430 3294 2623 3350 mortis
2677 3293 2889 3349 aliena).
2941 3292 3071 3347 Nam
3121 3290 3265 3364 quod
3317 3299 3516 3346 terram
3553 3296 3814 3342 matrem

2197 3405 2320 3446 esse
2361 3388 2604 3444 omnium
2657 3387 2891 3444 Deorum
2935 3386 3120 3443 dicunt
3160 3382 3214 3452 ιι,
3242 3384 3333 3456 qui
3374 3382 3500 3438 huic
3528 3381 3816 3437 elemento

2195 3485 2434 3540 tribuunt
2463 3485 2663 3554 primas
2693 3493 2874 3554 partes
2896 3482 2930 3550 ,ἶ
2949 3498 3079 3538 vere
3108 3481 3338 3537 deorum
3363 3493 3592 3534 suorum
3629 3487 3816 3534 mater

2195 3591 2318 3645 est,
2373 3594 2472 3634 nec
2513 3578 2804 3632 abnuimus
2841 3584 2937 3631 aut
2982 3588 3302 3632 recusamus
3347 3591 3359 3626 :
3400 3571 3526 3642 quia
3585 3571 3666 3626 ab
3713 3571 3816 3626 hac

2195 3672 2459 3726 collectos
2483 3671 2625 3727 Deos
2649 3683 2778 3725 suos
2803 3712 2816 3734 ,
2847 3678 2940 3724 aut
2970 3667 3218 3739 lapideos
3236 3665 3441 3721 faciunt
3465 3678 3704 3735 semper
3728 3673 3820 3718 aut

2201 3765 2412 3837 ligneos
2434 3762 2475 3818 ί.
2493 3763 2717 3819 Terram
2735 3777 2960 3819 omnem
2982 3758 3368 3817 circumﬂuunt
3391 3758 3588 3823 maria,
3619 3768 3682 3812 et
3703 3773 3822 3813 rar-

2195 3912 2324 3982 Γαζα
2347 3978 2357 3982 _
2382 3908 2513 3982 Gs&_
2555 3913 2721 3982 {iam
2756 3906 3024 3982 partcipem
3088 3905 3279 3982 Ovlrrév
3315 3901 3363 3982 ς’
3387 3901 3708 3981 baptism.

2197 3977 2396 4048 (:ybele
2427 3970 2789 4048 vide'Rigaltii
2818 3970 3026 4048 Uuielii
3057 3984 3115 4048 et
3135 3970 3520 4048 Elmenhorst'ti
3550 3983 3727 4048 notas
3751 3970 3818 4025 ad

2199 3994 2236 4030 ι.
2261 3994 2396 4032 'uele
2427 3994 2551 4032 Viue
2575 3994 2789 4048 ungatw
2818 3994 3026 4032 uuzettt
3057 3994 3110 4029 et
3136 3994 3520 4029 mrt'lennnrsut
3550 3994 3727 4027 notas
3751 3994 3818 4025 au

2199 3994 2399 4104 Iiﬁuuc.
2435 4047 2676 4104 Felicem
2705 4066 2755 4104 c.
2794 4047 2886 4113 21;
2921 4046 3218 4102 Hcraldum
3248 4053 3306 4100 et
3333 4041 3524 4098 Davies
3551 4043 3630 4097 ad
3661 4059 3824 4098 enm-

2200 4123 2354 4183 dem;
2383 4123 2471 4176 ed.
2498 4119 2815 4192 Cantabrig.
2848 4137 2899 4189 p.
2923 4121 2996 4176 ιι
3025 4117 3242 4192 (ιι-105.
3267 4116 3346 4174 Cf.
3373 4130 3591 4186 quoque
3619 4115 3822 4170 Orelli

2201 4202 2362 4248 notas
2389 4193 2456 4247 ad
2486 4192 2695 4248 Arnob.
2731 4189 2862 4246 tom.
2889 4208 2926 4256 ι,
2956 4207 3008 4261 p.
3043 4189 3130 4246 79.

2276 4277 2298 4300 ί·
2335 4265 2614 4334 Adcmptis
2633 4258 2978 4329 genitalibus,
3010 4263 3132 4329 quia
3159 4259 3324 4334 ﬁdem
3347 4274 3449 4313 non
3475 4258 3824 4334 prgcstiterat

2201 4336 2410 4408 (Attis).
2455 4329 2569 4391 Huc
2609 4336 2754 4392 refer
2791 4351 2914 4404 qum
2939 4345 3202 4408 sequntur
3241 4333 3386 4386 irata:
3424 4329 3666 4408 mulieri.

2201 4402 2646 4478 ctant.'Epitotne
2669 4422 2722 4462 c.
2741 4409 2793 4463 8.
2811 4402 3045 4478 Diverse
3057 4404 3238 4460 fabula
3258 4413 3507 4458 narratur
3525 4419 3540 4466 ;
3555 4403 3656 4478 alii
3671 4402 3824 4478 enim

2203 4489 2257 4534 ct
2287 4475 2528 4549 plerique
2558 4481 2625 4534 ab
2656 4481 2774 4548 ipso
2804 4478 2986 4533 Attide
3015 4477 3216 4532 factum
3247 4485 3468 4530 narrant
3506 4476 3663 4545 quod
3691 4477 3756 4530 li.
3785 4475 3824 4528 ι.

2201 4552 2426 4626 Cybelae
2455 4554 2608 4608 irata:
2640 4553 2915 4607 tribuitur.
2952 4549 3085 4604 Vide
3116 4558 3228 4604 not.
3257 4557 3605 4619 sequentem.

2281 4623 2298 4662 ί
2331 4626 2386 4680 Si
2412 4624 2540 4680 hinc
2561 4625 2779 4678 abe~set
2805 4622 3141 4692 prtepnsitio,
3166 4619 3359 4692 melior
3378 4617 3520 4692 foret
3542 4617 3803 4692 latinitas

2202 4661 2998 4753 caoiétii'zll’itgra'uti...
3033 4661 3293 4760 dili‘geb‘at
3319 4690 3469 4745 Attin
3498 4707 3512 4742 ε
3547 4690 3592 4742 is
3615 4691 3691 4743 ab
3724 4661 3830 4743 Ac:

2205 4770 2348 4824 desti
2377 4780 2530 4823 actus
2576 4769 2627 4823 in
2660 4767 2826 4821 furias
2851 4809 2865 4827 ,
2901 4763 3099 4820 testula
3129 4764 3234 4818 sibi
3269 4761 3827 4832 genitaliaideseeal.

2207 4842 2319 4896 Hoc
2345 4841 2398 4896 in
2433 4840 2696 4895 honorem
2730 4853 2939 4908 magna:
2985 4835 3172 4908 Matris
3212 4831 3678 4908 iniitanmr‘Gaui
3706 4836 3834 4902 eius

2205 4915 2536 4968 sacerdotes.
2572 4903 2847 4966 Arnobius
2873 4925 2924 4974 v,
2960 4909 3010 4970 7,
3047 4907 3142 4971 39,
3173 4917 3230 4961 et
3257 4905 3432 4961 Orell.
3461 4903 3531 4958 ad
3564 4905 3624 4958 ιι.
3654 4907 3698 4959 ι.
3731 4909 3835 4958 Διι-

2205 4986 2406 5055 gustin.
2433 4985 2503 5038 de
2531 4983 2649 5038 Civ.
2673 4982 2840 5044 Dein,
2860 4983 2913 5046 4;
2947 4980 3218 5055 Lneianus
3243 4975 3632 5055 de_Dea__S_yr_i3_
3654 4991 3714 5031 c.
3737 4977 3835 5039 t5;

2209 5047 2406 5114 Euseb.
2439 5057 2617 5125 Praep.
2654 5055 2858 5124 Evang.
2887 5069 2948 5115 ιι,
2981 5067 3030 5107 c.
3061 5049 3118 5104 4.
3147 5059 3204 5104 et
3228 5050 3384 5125 multi
3417 5047 3534 5102 alii.

2209 5130 2368 5198 Quid,
2400 5129 2487 5197 qui
2507 5121 2757 5198 sanguine
2781 5121 2884 5198 suo,
2905 5126 3053 5188 libat,
3087 5133 3134 5177 et
3167 5121 3461 5198 uulneribus
3485 5122 3594 5198 suis
3614 5121 3838 5198 διφρίΞῖ

2209 5145 2368 5198 Quid,
2400 5146 2487 5197 qut
2507 5145 2600 5182 san
2637 5145 2757 5181 umc
2781 5145 2876 5180 suo
2905 5145 3053 5188 nam,
3087 5145 3134 5177 ιι
3167 5145 3461 5176 “lucrm:
3485 5145 3594 5175 sua
3614 5145 3838 5191 suppu-

2207 5212 2291 5257 cat
2310 5243 2326 5265 ,
2351 5217 2452 5255 mm
2492 5145 2745 5271 profanata
2785 5197 2968 5271 melius
3007 5203 3161 5271 esset,
3191 5210 3352 5271 quant
3380 5193 3476 5271 sic_
3496 5191 3842 5271 religiosis}

2215 5262 2385 5330 Verba
2405 5262 2764 5327 smitn'iaucii
2783 5269 2982 5324 Felicis
3001 5282 3052 5323 c.
3074 5266 3168 5334 at,
3183 5262 3270 5321 ea.
3287 5262 3605 5334 Cantabrig.
3631 5265 3841 5335 p.123,

2215 5345 2294 5399 Cf.
2320 5357 2498 5399 notas.
2531 5343 2596 5399 ad
2632 5343 2686 5397 lt.
2717 5343 2757 5397 Ι.

2211 5345 2294 5402 Cf.
2320 5357 2498 5400 notas.
2531 5345 2596 5399 ad
2632 5345 2686 5397 lt.
2717 5345 2757 5397 Ι.

2285 5425 2311 5464 8
2343 5417 2418 5473 De
2457 5418 2623 5492 cultu
2645 5414 2886 5487 Phrygio
2920 5410 3416 5492 eiusque‘pllysiea
3455 5407 3844 5492 cEplicatioue

2213 5497 2269 5546 et
2297 5504 2422 5544 cum
2443 5487 2714 5543 similibus
2744 5480 3107 5558 syticretismo
3126 5480 3196 5536 cl.
3231 5480 3458 5558 omnino
3487 5481 3842 5558 Guggast-nn

2216 5579 2288 5626 ιι,
2319 5576 2372 5630 p.
2403 5560 2496 5623 56,
2527 5575 2646 5631 seq.
2677 5552 2950 5614 Firinicus
2987 5569 3120 5608 vero
3153 5554 3336 5608 omnia
3374 5553 3445 5607 ad
3488 5552 3844 5631 lertiliuten

2217 5623 2403 5699 terrae,
2437 5623 2728 5702 frugesque
2758 5639 2964 5702 statuto
2993 5637 3242 5702 tempore
3270 5637 3487 5702 renatas
3506 5623 3704 5702 refert.

2294 5705 2320 5744 ιι
2347 5696 2596 5775 Orpbeus
2639 5696 2676 5756 l.
2719 5717 2796 5775 e.;
2840 5701 3056 5775 Platon.
3090 5697 3294 5775 Pgl_it.;
3325 5697 3548 5775 Lucret,
3567 5709 3651 5775 at,

2225 5777 2397 5832 Varro
2425 5766 2495 5832 de
2530 5775 2684 5846 Ling.
2717 5766 2838 5829 Lat.
2883 5770 3082 5834 Verb.;
3133 5767 3489 5826 Elmenhorst
3515 5769 3582 5823 ad
3608 5766 3842 5822 Arnob.

514 5849 572 5929 ἑξ
586 5849 1666 5938 ’δῖιιιῖἐῖἇὲιὶ.’ἱὶξἶ.Ἷόῗὲὲηῖὂὲἰὶιῖᾙέ
1687 5849 1978 5931 ὑιὲᾗῆἶξιῖι
2001 5849 2086 5930 ὲῗε

2225 5864 2277 5920 p.
2305 5849 2400 5938 94:

518 5954 572 6000 et
599 5946 653 5998 4.
679 5948 901 6004 Servius
932 5946 986 6001 in
1019 5946 1218 6018 Georg.
1253 5963 1312 6013 ιι,
1341 5947 1470 6005 268.
1501 5947 1754 6018 Orpheus
1780 5947 1976 6020 Hymn.
2002 5946 2115 6004 25:

2303 5921 2319 5959 ί
2369 5921 2472 5978 Per
2501 5919 2732 5978 ironiam
2760 5917 2926 5975 dicta.
