3970 6408
412 353 522 416 99ι
1670 337 1839 398 ιυιιι
1876 334 2131 397 ειηιιιοι
2168 336 2477 397 MATERNI

417 468 697 535 membris,
725 465 868 541 quod
899 464 1105 539 polluta
1134 460 1386 534 corporis
1413 458 1882 518 comminatione
1907 457 2021 528 pla-
2045 467 2101 530 Α

417 577 594 624 catur.
644 561 1004 628 Erubescite,
1054 575 1087 616 ο
1116 559 1302 616 miseri
1334 558 1348 613 l
1395 555 1746 628 supinitatem
1779 562 1825 618 α;
1859 551 2018 608 aliter

420 677 522 718 vos
545 661 689 716 Deus
721 657 868 714 fecit.
899 655 1034 711 Cum
1062 653 1261 710 cohors
1291 660 1474 709 vestra
1495 651 1560 705 ad
1593 648 1827 705 tribunal
1870 647 2018 718 judi-

418 755 594 812 cantis
622 753 722 810 Dei
749 751 1070 818 accesserit,
1100 748 1233 804 nihil
1261 746 1540 804 vobiscum
1568 743 1804 800 all‘eretis
1828 784 1841 808 ,
1873 740 2021 811 quod

423 847 568 903 Deus
595 888 610 913 ,
651 849 741 918 qui
769 860 868 901 vos
897 844 1026 901 fecit
1048 883 1064 910 ,
1095 849 1374 914 agnoscat.
1421 839 1651 909 Abjicite
1683 837 1826 891 hunc
1859 842 2023 890 tanta:

418 941 747 1000 calamitatis
787 954 1030 996 errorem
1061 978 1076 1004 ,
1120 947 1174 992 et
1199 936 1374 991 studia
1419 934 1663 1006 profante
1691 932 1889 988 mentis
1917 930 2022 984 ali-

417 1035 636 1108 quando
666 1035 923 1090 descrite.
949 1032 1124 1089 Nolite
1154 1044 1374 1102 corpus,
1401 1029 1544 1100 quod
1564 1028 1706 1083 Deus
1734 1026 1880 1091 fecit,
1905 1039 2026 1081 sce-

419 1128 589 1185 lerata
621 1128 831 1184 Diaboli
864 1127 984 1198 lege
1026 1127 1288 1181 damnare
1313 1166 1328 1191 ,
1356 1122 1755 1179 calamitatibus
1787 1119 1988 1176 vesti-is
2010 1159 2026 1183 ,

424 1221 554 1277 dum
585 1220 763 1277 adhuc
790 1230 1005 1292 tempus
1037 1218 1263 1290 patitur,
1289 1216 1594 1272 subvenite.
1657 1211 2028 1269 Misericordia

427 1316 525 1372 Dei
551 1317 704 1372 dives
733 1324 820 1372 est
848 1313 875 1354 δ
896 1357 911 1383 ,
944 1314 1173 1371 libenter
1205 1313 1455 1383 ignoscit.
1482 1310 1708 1366 Relictis
1737 1309 2028 1378 nonaginta

427 1424 621 1465 novem
641 1408 836 1464 ovibus
857 1451 874 1477 ,
901 1409 1158 1463 amissam
1189 1405 1385 1478 quaerit
1414 1420 1573 1460 unam
1607 1405 1623 1474 (
1651 1403 1842 1458 Matth.
1874 1418 2027 1468 xvnt,

422 1500 522 1568 12;
557 1501 686 1556 Luc.
720 1518 811 1568 xv,
843 1500 921 1574 l).
961 1501 1030 1555 Et
1059 1514 1278 1556 reverso
1309 1509 1462 1570 pater
1495 1497 1722 1568 prodigo
1767 1497 1877 1551 tilio
1937 1511 2030 1553 ve-

421 1603 565 1651 stem
596 1595 804 1660 reddit,
835 1605 888 1652 et
919 1603 1073 1666 parat
1097 1593 1466 1666 cmnam(Luc.
1496 1609 1587 1660 xv,
1612 1594 1729 1664 22).
1759 1593 1911 1649 Nulla
1934 1608 2034 1649 vos

425 1687 726 1760 desperare
758 1687 917 1744 faciat
941 1688 1229 1744 criminum
1258 1686 1588 1743 multitudo:
1618 1687 1758 1742 Deus
1787 1702 2030 1742 summus

429 1797 530 1854 per
561 1782 732 1838 lilium
761 1798 916 1838 suum
948 1781 1131 1839 Jcsum
1162 1781 1438 1838 Christum
1469 1781 1760 1836 Dominum
1784 1789 2030 1835 nostrum

429 1875 677 1932 volentes
705 1875 938 1944 liberat,
975 1885 1029 1932 et
1058 1875 1450 1947 penitentibus
1499 1873 1737 1930 libenter
1763 1873 2027 1945 ignoscit,

420 1984 523 2026 nec
554 1969 719 2024 multa
746 1969 918 2042 exigit
946 1979 967 2008 ε
1007 1978 1066 2024 ut
1090 1969 1354 2040 ignoscat.
1383 1967 1519 2023 Fide
1544 1976 1750 2022 tantum
1781 1976 1836 2022 et
1865 1965 2031 2036 pinni-

425 2061 595 2118 tentia
623 2063 860 2133 potestis
893 2063 1194 2130 redimere,
1219 2060 1476 2133 quicquid
1506 2059 1794 2117 sceleratis
1824 2060 2032 2118 Diaboli

424 2157 872 2226 persuasionibus
899 2157 1236 2228 perdidistis.

3617 334 3726 395 993

2745 455 2974 515 CAPUT
3015 455 3080 514 γ.

2131 593 2155 650 Ι
2163 605 2263 651 tem
2287 594 2435 669 Ignis
2464 596 2606 666 apud
2633 594 2842 652 Persas.
2881 594 3081 650 Horum
3110 574 3369 668 .mysteria
3424 595 3732 667 fabulasque

2201 693 2416 763 detegit,
2441 693 2660 746 lascivos
2693 693 2963 762 tristesque
2986 693 3114 746 ritus
3139 693 3447 759 detestatur,
3481 692 3729 746 admixtis

2200 801 2335 856 sa’pe
2356 802 2382 839 e
2419 786 2582 838 sacris
2614 783 3031 839 Christianorum
3060 786 3513 840 cohortationibus
3536 827 3550 848 ,
3584 795 3632 838 et
3664 785 3732 837 ad

2204 879 2359 946 finem
2385 879 2598 948 capitis,
2620 879 2704 932 ubi
2737 888 2850 950 post
2877 880 3153 933 secundant
3179 880 3420 933 lacunam
3448 879 3514 933 de
3555 879 3734 932 anima

2199 970 2422 1026 humana
2464 973 2712 1040 loquitur,
2752 973 3117 1043 philosophica
3163 973 3321 1029 etiam
3353 975 3417 1029 de
3445 973 3737 1028 indissolu-

2201 1063 2294 1118 bili
2324 1066 2479 1118 animi
2507 1066 2682 1120 anima
2737 1065 3086 1122 ratiocinatio.

2206 1203 2385 1258 Persa:
2431 1212 2483 1259 et
2516 1204 2652 1276 Magi
2683 1220 2900 1272 omnes,
2933 1204 3026 1276 qui
3064 1205 3267 1260 Persia:
3297 1204 3544 1277 regionis
3584 1205 3741 1260 inco-

2132 1295 2251 1351 lunt
2285 1295 2418 1352 fines
2438 1339 2452 1363 ,
2484 1298 2659 1368 ignem
2692 1300 2987 1368 praeferunt
3013 1295 3038 1333 ἀ
3063 1306 3118 1352 et
3147 1296 3404 1352 omnibus
3449 1297 3743 1353 elementis

2134 1398 2328 1458 putant
2349 1389 2550 1445 debere
2585 1392 2824 1461 praeponi
2854 1403 2900 1444 ι’.
2938 1391 3000 1444 lli
3035 1390 3214 1462 itaque
3243 1390 3434 1446 Jovem
3470 1387 3490 1428 ί
3523 1391 3579 1445 in
3611 1391 3746 1446 duas

2134 1482 2388 1538 dividunt
2444 1492 2741 1554 potestates
2792 1495 2816 1532 Β
2865 1493 3112 1540 naturam
3166 1485 3284 1555 ejus
3335 1484 3403 1540 ad
3456 1485 3748 1555 utriusque

2129 1587 2292 1630 sexus
2341 1575 2731 1633 transferentes
2772 1573 2800 1613 ιι
2826 1587 2882 1632 et
2910 1577 3010 1632 viri
3049 1585 3104 1632 et
3149 1576 3386 1633 hemina:
3438 1576 3744 1632 simulacra

2135 1668 2274 1739 ignis
2303 1669 2661 1725 substantiam
2690 1671 3011 1740 deputantcs
3047 1668 3063 1707 ί
3089 1712 3104 1738 ,
3128 1679 3184 1726 et
3215 1670 3501 1726 mulierem
3523 1669 3748 1740 quidem

2139 1763 2370 1819 triformi
2397 1766 2547 1821 vultu
2594 1766 2607 1816 ι
2651 1766 3025 1832 constituunt,
3079 1766 3404 1821 monstrosis
3459 1779 3580 1821 eam
3628 1779 3751 1820 ser-

2139 1858 2394 1928 pentibus
2440 1859 2709 1928 illigantes
2741 1857 2788 1912 κ.
2826 1857 2978 1928 Quod
3007 1858 3131 1914 ideo
3161 1859 3402 1927 faciunt,
3444 1874 3516 1914 ne
3541 1858 3612 1913 ab
3653 1873 3751 1914 auc

2135 1959 2289 2006 ctore
2314 1965 2414 2007 suo
2443 1950 2660 2006 diabolo
2687 1951 2866 2022 aliqua
2893 1952 3104 2007 ratione
3133 1949 3498 2008 dissentiant1
3523 1971 3537 2006 :
3562 1949 3668 2007 sed
3692 1959 3753 2006 ut

2134 2045 2235 2102 dea
2267 2060 2361 2100 sua
2405 2046 2752 2116 serpentibus
2783 2047 3027 2118 polluta,
3079 2047 3368 2102 maculosis
3410 2045 3622 2102 diaboli
3668 2046 3753 2100 in-

2134 2136 2384 2209 signibus
2413 2138 2731 2194 adornetur.
2766 2137 2952 2194 Virum
3003 2153 3132 2194 vero
3158 2137 3472 2194 abactorem
3505 2137 3682 2193 boum
3712 2145 3752 2172 ω

499 2280 525 2308 ιι
556 2269 742 2344 Editio
783 2271 1068 2342 princeps,
1111 2269 1492 2344 summitatem;
1533 2267 1688 2335 alite,
1730 2267 2024 2322 sublimita-
2133 2271 2338 2344 Deraso
2384 2282 2604 2328 auctore
2631 2272 2751 2344 (lib.
2777 2288 2854 2338 ιιι,
2892 2289 2944 2342 p.
2978 2271 3046 2326 70
3071 2273 3158 2328 ed.
3185 2270 3450 2344 Richteri)
3481 2270 3745 2344 perhibet

432 2352 551 2398 lem.
581 2341 866 2398 Wowerus
894 2343 1132 2397 restituit
1158 2341 1511 2412 supinitatem.

493 2413 522 2452 b
565 2414 806 2483 Respicit
835 2415 1022 2470 Matth.
1058 2429 1222 2480 xvnt,
1249 2413 1342 2467 27.

502 2498 523 2526 ο
565 2485 876 2550 Wowcrus,
912 2485 1084 2542 forte:
1123 2502 1214 2540 nec
1249 2484 1494 2540 mutatam
1525 2485 1704 2558 exigit.
1753 2484 1904 2543 Haud
1933 2503 2026 2544 ne-

429 2559 669 2615 cessaria
702 2559 916 2613 videtur
946 2559 1238 2614 correctio.

493 2628 519 2667 d
561 2629 746 2701 Ignem
771 2630 1088 2698 procedenti
1114 2631 1256 2701 Cyro
1281 2629 1562 2698 prmlatum
1596 2629 1764 2685 fuisse
1796 2639 2026 2687 testatur

427 2701 736 2772 Xenophon
772 2702 1061 2775 Cyropmd.
1093 2703 1362 2775 librauit,
1391 2719 1437 2756 c.
1465 2702 1643 2775 3,412.
1675 2703 1775 2768 Qui
1807 2703 2022 2773 quidem

429 2775 606 2846 ignem
645 2773 962 2842 praeferendi
1005 2789 1122 2828 mos
1151 2790 1180 2826 a
1217 2774 1396 2829 Persis
1427 2774 1490 2827 ad
1525 2773 1797 2828 Romanos
1840 2784 2024 2844 postea

430 2846 710 2916 migravit;
739 2847 997 2916 Augustis
1025 2847 1167 2900 enim
1187 2889 1199 2907 ,
1225 2848 1267 2898 si
1305 2863 1410 2900 non
1447 2847 1598 2915 prius
1621 2887 1634 2910 ,
1661 2861 1688 2899 a
1723 2847 1786 2900 Μ.
1821 2847 2026 2902 Aurelii

427 2925 605 2972 tamen
630 2930 692 2984 et
705 2917 991 2972 Commodi
1016 2917 1140 2990 inde
1165 2929 1408 2986 tempore
1430 2920 1606 2984 ignem
1634 2930 1689 2970 ut
1719 2919 2026 2990 symbolum

429 2990 646 3061 imperii
668 3001 722 3044 et
749 2991 1059 3061 Augustalis
1087 2989 1307 3043 honoris
1335 2991 1616 3060 prtulatttm
1643 3005 1764 3044 esse
1795 3000 1941 3060 patet
1962 3007 2025 3045 ex

427 3060 722 3116 Ilcrodiani
756 3060 848 3116 lib.
877 3077 912 3124 ι,
944 3077 994 3115 c.
1020 3061 1072 3126 8,
1105 3062 1192 3126 16,
1218 3077 1275 3125 ιι,
1301 3062 1354 3124 8,
1399 3062 1631 3130 aliisque
1664 3061 1822 3130 hujus
1859 3063 2030 3130 scrip-

430 3133 567 3189 toris
601 3134 752 3188 locis.
787 3133 860 3187 De
907 3132 1258 3187 thnicibus
1290 3133 1427 3202 ignis
1467 3133 1766 3186 cultoribus
1801 3135 2027 3189 consule

432 3204 610 3260 locum
645 3204 1142 3260 Sancliuniatlionis
1165 3204 1228 3258 ad
1253 3221 1299 3258 c.
1326 3203 1381 3270 4,
1410 3205 1795 3275 relatttmapttd
1818 3205 2026 3262 Euzeb.

434 3276 611 3345 Prtep.
646 3276 907 3345 Evangel.
937 3292 976 3340 ι,
1009 3291 1057 3329 c.
1094 3278 1178 3330 10.

506 3348 836 3426 °_Clement.
875 3346 1164 3426 Alexantlr.
1201 3347 1373 3402 Protr.
1400 3363 1455 3426 _c.
1492 3347 1556 3413 5,
1606 3347 1791 3426 p._56_:
1822 3357 2028 3426 Περσῶν

433 3417 488 3474 δέ
515 3421 560 3473 οἱ
578 3421 740 3493 Μάγοι
755 3421 822 3493 Δτὸ
851 3427 958 3493 πῦρ
987 3425 1312 3493 τετιμήκασι,
1329 3424 1412 3475 καὶ
1438 3426 1538 3475 τῶν
1561 3427 1650 3480 τήν
1676 3421 1843 3493 ’Λᾳίαν
1870 3417 2030 3493 ἐκτρι-

434 3441 488 3474 οε
515 3441 560 3473 οι
581 3441 740 3493 Μαγοι
763 3442 822 3475 το
851 3443 923 3475 πυ
987 3441 1310 3490 τετιμηκασι,
1329 3443 1412 3475 και
1438 3443 1538 3475 των
1561 3442 1650 3480 την
1687 3441 1843 3476 Λσιαν
1870 3443 2026 3477 κατοι-

434 3493 657 3562 κούντων
685 3491 876 3546 πολλοὶ.
906 3441 1170 3546 ιιςτικὶιιιιιε
1191 3492 1386 3562 'l‘yrius
1408 3507 1571 3546 serui.
1603 3494 1701 3558 58;
1726 3492 1935 3547 Socrat.
1962 3492 2026 3546 H.

437 3561 503 3616 E.
536 3578 628 3626 vn,
679 3577 729 3617 c.
763 3563 826 3626 8;
858 3562 1106 3618 Bullinus
1149 3561 1286 3616 Hist.
1321 3579 1380 3628 ll,
1411 3579 1461 3618 c.
1497 3562 1600 3627 26;
1634 3574 1689 3619 et
1734 3565 1885 3618 multi
1914 3564 2028 3618 alii.

439 3633 620 3706 Persa:
659 3636 839 3690 omnia
873 3638 1138 3691 elementa
1168 3635 1352 3689 colunt
1385 3643 1656 3706 tamquam
1700 3637 1898 3690 claram
1936 3635 2029 3690 [)ei

436 3705 700 3780 sobolem,
719 3708 765 3761 oi
793 3710 858 3763 τὰ
881 3715 1125 3780 στοιχεῖα
1153 3711 1520 3780 θεοποιοῦντες,
1556 3708 1660 3776 igni
1690 3723 1820 3780 vero
1848 3716 1900 3761 cl
1927 3707 2032 3762 Illt‘I

443 3777 760 3847 primarium
814 3777 1411 3849 locum'assignahant.
1460 3779 1572 3834 Huc
1617 3779 1760 3834 enim
1799 3779 2034 3848 denique

441 3858 692 3918 Spectant
742 3861 902 3917 atque
935 3851 1249 3907 referuntur
1275 3866 1467 3906 omnes
1497 3853 1746 3905 notiones
1775 3851 2036 3905 sublimes

440 3931 774 3992 satietatque.
807 3923 1140 3979 Theodoreti
1189 3923 1326 3977 Hist.
1378 3923 1583 3978 Eccles.
1631 3938 1686 3990 v,
1725 3938 1774 3977 c.
1805 3925 1906 3986 58.
1945 3923 2031 3978 ed.

443 3991 679 4047 Scliulz.’
722 4009 802 4060 ιιι,
860 4012 911 4063 p.
958 3995 1117 4067 1082.
1169 3995 1245 4050 De
1291 3994 1602 4067 Babyloniis
1651 3996 1827 4061 ignem
1877 4004 2038 4067 atque

445 4078 639 4134 aquam
671 4067 974 4120 colentibus
1004 4066 1076 4119 cf.
1116 4067 1375 4120 Derosuni
1411 4066 1498 4136 ap.
1533 4068 1870 4122 Clementem
1902 4066 2036 4122 Pro-

445 4143 612 4208 trept.
645 4138 846 4208 capts.
881 4153 1000 4208 pag.
1031 4136 1120 4202 57,
1148 4137 1350 4192 Potter.

524 4207 539 4242 ί
577 4207 730 4275 Apttd
761 4207 1082 4283 Xenophon.
1111 4213 1233 4283 Zeti;
1256 4212 1494 4283 μέγιστος
1507 4213 1594 4266 καὶ
1619 4211 1882 4283 βασιλεὺς.
1910 4209 2040 4279 Ejus

446 4291 720 4354 sumntum
747 4295 944 4333 numen
970 4281 1375 4336 universitatem
1398 4298 1582 4338 rerum
1606 4281 1731 4354 igne
1754 4293 2043 4352 penetrans

445 4348 686 4420 vivifieat
711 4361 1018 4420 movetque.

523 4429 548 4466 8
566 4418 702 4476 Sunt
719 4420 801 4476 lite
825 4418 1019 4477 divina:
1043 4433 1340 4492 potestates
1366 4425 1664 4481 secundum
1684 4425 1900 4481 decreta
1921 4424 2046 4480 Plii-

448 4491 712 4560 l060pbiae
735 4493 976 4549 omnium
999 4491 1113 4550 fere
1131 4507 1373 4551 veterum
1400 4497 1748 4566 populorum,
1782 4497 2043 4562 mascula,

2133 2271 2338 2346 Deraso
2384 2282 2604 2328 auctore
2626 2272 2751 2346 (lib.
2777 2288 2854 2338 ιιι,
2892 2289 2944 2342 p.
2978 2271 3046 2346 70
3071 2273 3158 2328 ed.
3185 2270 3450 2346 Richteri)

2139 2342 2395 2399 Clemens
2433 2345 2592 2400 Alex.
2625 2342 2896 2414 Protrept.
2929 2360 2978 2399 c.
3013 2345 3068 2408 5,
3103 2361 3153 2414 p.
3188 2345 3255 2399 57
3290 2344 3432 2399 Pott.

2213 2418 2224 2466 i
2256 2417 2533 2483 Quatenus
2565 2419 2616 2471 in
2649 2432 2764 2469 eam
2795 2433 2862 2470 ex
2896 2427 3075 2471 mente
3096 2416 3406 2472 Graecorum
3428 2416 3758 2471 coaluerant
3804 2424 3808 2427 ’

2134 2487 2371 2560 Mylitta,
2417 2490 2656 2544 Artemis
2695 2498 2749 2560 et
2795 2487 3144 2560 Persephone
3185 2485 3441 2559 (Creuzer
3486 2504 3538 2554 ι,
3583 2488 3750 2558 755).

2135 2559 2266 2615 Nam
2297 2561 2364 2615 de
2392 2561 2535 2616 idolo
2569 2559 2786 2630 tricipili
2832 2560 2896 2615 ad
2937 2559 3163 2614 formam
3207 2560 3432 2615 Hecates
3462 2560 3588 2614 ﬁcto
3638 2574 3756 2614 non

2136 2644 2218 2687 est
2248 2632 2389 2701 quod
2436 2634 2757 2702 cogitemus.
2793 2631 2856 2686 Et
2890 2632 3014 2686 licet
3043 2631 3271 2686 Mithras
3301 2633 3432 2686 artis
3481 2631 3757 2701 operibus

2115 2717 2262 2772 szepe
2292 2706 2452 2758 fuerit
2477 2719 2795 2773 expressus,
2823 2703 2892 2756 de
2922 2703 3080 2757 Mitra
3111 2714 3288 2757 tamen
3318 2704 3504 2758 iisdem
3527 2719 3759 2770 reprae-

2116 2785 2323 2830 sentata
2359 2793 2657 2846 numquam
2705 2791 2790 2829 me
2828 2775 3011 2846 legere
3045 2773 3269 2830 tuemini
3293 2817 3308 2843 ,
3338 2776 3439 2830 nisi
3486 2790 3616 2830 mox
3667 2789 3761 2830 sc-

2135 2850 2352 2918 quentia
2386 2850 2486 2902 huc
2521 2848 2848 2917 pertineant.

2208 2918 2232 2956 ¹ί
2257 2919 2453 2974 Nescio
2482 2937 2548 2972 an
2575 2920 2677 2974 hue
2703 2918 3166 2988 referiinossint,
3196 2917 3280 2972 vel
3299 2933 3419 2972 cum
3443 2917 3594 2973 hisce
3628 2917 3763 2974 Fir-

2146 2992 2274 3046 mit-i
2305 2993 2542 3060 aliquam
2574 2991 2982 3045 similitudinem
3017 2989 3276 3061 habeant,
3310 3006 3430 3061 qua}
3461 2990 3762 3045 Diodorus

2134 3062 2351 3118 Siculus
2401 3065 2494 3117 lib.
2527 3079 2584 3126 ιι,
2617 3079 2666 3116 c.
2702 3062 2756 3126 9,
2813 3079 2867 3132 p.
2908 3062 3008 3116 125
3039 3060 3366 3131 Wesseling.
3394 3103 3408 3127 ,
3438 3071 3628 3116 narrat
3681 3065 3763 3119 de

2134 3144 2310 3189 statua
2359 3135 2486 3204 Upis
2543 3134 2783 3190 sedentis
2833 3136 2883 3188 iit
2935 3133 3215 3188 cacumine
3270 3133 3569 3205 Pyramidis
3629 3150 3766 3205 qua:

2135 3205 2267 3261 Belo
2296 3203 2567 3278 Babylone
2596 3216 2876 3278 exstructa
2917 3216 3055 3261 erat.
3116 3205 3262 3259 lianc
3309 3203 3446 3259 enim
3468 3203 3585 3278 duo
3636 3203 3767 3262 ser-

2139 3290 2329 3347 pentes
2381 3277 2814 3344 cetiiitabautur,
2848 3293 2990 3346 quos
3019 3277 3237 3348 quidem
3277 3277 3509 3330 numinis
3538 3285 3769 3332 natura:

2138 3351 2404 3405 satellites
2437 3351 2550 3405 sive
2581 3350 2764 3404 Socios
2811 3349 2979 3404 fuisse
3019 3365 3124 3403 non
3165 3357 3248 3402 est
3294 3348 3430 3418 quod
3455 3349 3763 3403 miremur.

2137 3421 2430 3485 CSIPICI‘IIIII,
2463 3438 2558 3475 cur
2587 3421 2728 3475 Solis
2753 3430 2944 3476 statua:
2974 3421 3224 3475 draconis
3253 3419 3456 3491 efﬁgies
3485 3420 3767 3492 subiungi

2134 3496 2293 3548 solita
2327 3493 2519 3560 fuerit,
2555 3494 2713 3548 docet
2734 3493 3038 3548 Macrobius
3067 3492 3184 3547 Sat.
3215 3507 3253 3557 ι,
3284 3507 3334 3544 c.
3379 3492 3443 3546 19
3472 3493 3656 3548 0120.

2215 3565 2499 3636 lRespicit
2562 3564 2844 3622 historiam
2899 3566 3080 3636 lapsus
3133 3563 3594 3634 Protoplastorum
3647 3564 3765 3623 Ge-

2139 3651 2256 3692 ιιθε.
2289 3653 2366 3692 Ill.

2210 3720 2249 3746 ιη
2272 3709 2545 3764 Mithram.
2581 3707 2630 3762 Is
2653 3709 2796 3762 enim
2829 3707 3122 3763 vocabatur
3169 3708 3459 3781 Βουκλὸπρς.
3494 3706 3768 3781 Porphy~

2139 3780 2252 3835 rius
2281 3783 2347 3836 de
2380 3785 2549 3835 Anlro
2581 3781 2812 3852 Nylnph.
2847 3795 2896 3835 c.
2937 3781 3056 3852 18)
3088 3784 3174 3835 καὶ
3211 3778 3490 3841 Βουγλόπος
3513 3781 3632 3843 θεὸς
3663 3778 3764 3840 τᾶιν

2139 3855 2330 3928 γένεσιν
2357 3851 2635 3915 λεληθότως
2659 3855 2868 3928 ageam.
2907 3851 3060 3928 [inde
3091 3853 3309 3907 abactor
3355 3853 3514 3928 [igniti
3542 3894 3557 3920 ,
3605 3854 3767 3924 qlmd

2141 3923 2346 3981 diserte
2378 3928 2646 3996 expreSsit
2673 3925 2875 3980 Statius
2905 3925 3081 3980 ’l'lieb.
3113 3939 3153 3991 ι,
3194 3940 3339 3980 vers.
3377 3923 3502 3978 720.

2269 4041 2523 4103 Indignata
2541 4042 2682 4104 sequi
2703 4046 3017 4104 torquentem
3037 4052 3223 4090 cornua
3242 4038 3491 4090 Mithram.

2145 4151 2277 4221 Ejus
2305 4152 2480 4211 τελετὴ
2513 4150 2715 4204 idcirco
2738 4158 2962 4222 vocatur
2990 4151 3266 4222 βουκλοπίη
3292 4167 3305 4215 ;
3329 4158 3418 4215 ‘et,
3438 4149 3564 4218 quia
3592 4159 3768 4219 quot-

2145 4223 2301 4278 annis
2347 4224 2396 4276 in
2437 4223 2622 4277 orbem
2657 4221 2865 4276 redibat
2895 4263 2908 4287 ,
2941 4221 3225 4292 propterea
3262 4223 3416 4277 κύκλα
3438 4223 3769 4285 Βονκ).οπέης

2147 4294 2283 4350 dixit
2306 4294 2496 4357 Poeta,
2533 4295 2588 4348 li.
2633 4309 2684 4347 ρ.
2716 4293 2963 4349 solemne
3012 4294 3149 4347 etin
3199 4294 3386 4347 orbem
3428 4294 3657 4348 rediens
3691 4298 3772 4348 le-

2147 4377 2317 4439 stuni.
2334 4365 2446 4420 Jos.
2472 4367 2738 4439 δολιιεειι
2761 4364 2901 4435 apud
2916 4363 3347 4420 Wowerum—F
3355 4382 3382 4420 u
3393 4380 3509 4422 rem
3537 4381 3770 4439 quoque

2148 4437 2426 4510 appellata
2453 4437 2880 4493 Commodianus
2916 4439 3170 4493 lnstruct.
3201 4447 3321 4507 xlii,

453 4566 811 4636 procreatrix,
840 4577 896 4620 et
921 4566 1145 4631 femina,
1179 4569 1504 4636 parturiens.

521 4633 548 4672 ιι
587 4635 735 4691 lIaud
763 4637 929 4693 dubie
957 4633 1256 4706 respiciunt
1281 4640 1530 4696 Mithram
1566 4639 1726 4696 deum
1754 4651 1808 4696 et
1830 4641 2039 4696 Mitram

2277 4554 2483 4616 Insuper
2508 4563 2560 4603 et
2575 4553 2735 4604 furem
2758 4553 2918 4603 adhuc
2941 4554 3213 4617 depingitis

2275 4617 2617 4680 Vertebatquc
2636 4619 2792 4668 boves
2816 4617 3006 4667 alienos
3023 4632 3226 4681 semper
3247 4619 3296 4666 in
3317 4620 3489 4678 antris,

451 4705 607 4782 deam
660 4709 948 4782 Persarum
970 4754 985 4778 ,
1037 4700 1106 4767 de
1133 4713 1328 4782 quibus
1374 4712 1690 4768 consulatur
1739 4711 2040 4769 Creuzerus
2068 4709 2122 4769 D
2146 4717 2295 4782 QQHL
2327 4701 2575 4782 Πθτοιξιβ,
2603 4701 2730 4782 (Ἀεὶ-ί
2790 4701 2958 4757 δονοθ
3007 4701 3256 4782 ξὼῑεεπῑεεξ
3287 4700 3692 4782 ,εξοηίαηάεηὲ

451 4777 770 4856 Symb._uutl
801 4777 1023 4856 Mythol.
1051 4777 1261 4856 1,7728,
1294 4799 1410 4855 seq.
1445 4784 1682 4856 Uterque
1707 4795 1862 4840 erant
1904 4783 2043 4852 ignis

453 4853 724 4907 masculus
755 4863 808 4908 et
849 4855 1070 4909 femina.
1103 4855 1292 4910 Jovem
1339 4853 1878 4926 quoque,'quateuus
1919 4872 2040 4909 eum

449 4937 579 5001 aere
599 4927 1050 5001 componebatur,
1081 4926 1230 5001 διφυῇ
1254 4928 1355 4982 sibi
1382 4928 1892 5001 ligttrabantGrtrcj,
1910 4939 2046 5001 teste

451 4995 796 5074 Athenagora
819 5013 870 5052 c.
901 4998 990 5053 18.
1021 4995 1169 5074 Pana
1196 4999 1344 5074 διφυῆ
1370 4995 1526 5055 vocat
1550 4999 1702 5074 Plato
1744 5001 1796 5052 iti
1823 4998 2043 5068 Cratle

449 5065 590 5121 haud
643 5065 863 5139 quidem
904 5065 1264 5132 crediderim;
1305 5081 1362 5125 ut
1403 5088 1508 5128 non
1553 5072 1685 5126 nulli
1733 5065 2043 5137 autumant,

452 5147 671 5214 propter
701 5141 1013 5197 inferiorem
1037 5159 1266 5214 eamque
1295 5143 1521 5199 ferinam
1545 5145 1792 5212 corporis
1817 5152 2048 5211 partem,

448 5211 545 5263 sed
573 5213 698 5280 quia
728 5229 826 5286 pro
858 5225 1087 5282 nalttrte,
1119 5211 1335 5285 gemina
1380 5217 1474 5270 ista
1504 5211 1664 5286 quani
1698 5215 2053 5270 indicavimus

454 5289 722 5356 potestate
746 5285 1052 5350 ἱιιςιτιιειω,
1084 5288 1304 5341 numine
1337 5285 1656 5342 habebatur.

530 5353 550 5428 ί.
572 5353 721 5408 Adde
749 5355 815 5428 ad
849 5368 976 5412 ante
1006 5360 1134 5424 viri,
1169 5360 1405 5414 velante
1449 5359 1619 5428 ignis,
1653 5359 1796 5428 qtiod
1844 5357 2050 5412 malim.

455 5421 667 5479 Habent
693 5427 834 5501 enim
863 5428 998 5483 duas
1019 5421 1256 5493 statuas,
1284 5421 1512 5484 alteram
1547 5421 1840 5485 inasculam
1866 5471 1880 5494 ,
1914 5430 2054 5483 altc«

453 5508 569 5577 rant
599 5494 948 5577 muliebrem,
982 5517 1111 5577 quae
1131 5502 1262 5577 ipsis
1285 5511 1414 5577 sunt
1439 5502 1736 5577 imagines,
1786 5517 1882 5577 seu
1909 5516 2055 5577 syni-

452 5565 576 5643 bola
599 5566 832 5643 duplicis
851 5565 1164 5628 substantiae
1193 5574 1354 5642 ignis.
1377 5565 1574 5629 Faceni
1592 5573 1812 5643 praefert
1833 5565 2052 5643 Strabo,

454 5641 546 5707 qui
578 5653 653 5713 xi,
686 5653 739 5713 c_.
768 5637 834 5713 _8_,_
861 5657 912 5708 p.
945 5643 1050 5697 478
1079 5644 1168 5700 ed.
1194 5637 1528 5710 'I‘zschucke,
1553 5637 1622 5700 de
1653 5646 1846 5700 statuis
1874 5637 2056 5713 loqui-

455 5709 941 5793 tlttr,.Anaitidisnet
980 5714 1179 5793 _Otnai_ii_
1219 5725 1379 5786 atque
1407 5709 1684 5793 _Ati_an_dat_i
1714 5709 2057 5793 Persicorum

455 5779 843 5862 Geniorutpxa
872 5783 1026 5840 Sacis
1055 5798 1110 5840 et
1133 5779 1450 5862 Massagetis
1493 5787 1639 5862 Zelae
1667 5789 1719 5844 in
1748 5789 1940 5862 eadem
1967 5801 2062 5841 ara

457 5851 671 5927 positis.
698 5851 942 5927 Cultum_
963 5867 1142 5910 autem
1177 5851 1646 5926 liunc'itnaginum
1678 5860 1819 5927 apud
1863 5860 2061 5915 Persas

457 5923 526 5979 ab
567 5923 874 5981 Artaxerxe
921 5923 1064 5982 Darii
1108 5927 1241 5989 Ochi
1295 5927 1400 5987 lilii;
1450 5923 1816 5987 i‘iitrwluetuni
1859 5930 2058 5996 fuisse,

2146 4773 2227 4830 Cf.
2260 4774 2451 4843 Zoegze
2479 4774 2864 4842 Abbandlugen
2893 4814 2908 4838 ,
2955 4773 3158 4828 edente
3185 4771 3497 4839 Welckero,

3535 4776 3758 4844 p.131.

2148 4849 2226 4903 De
2283 4847 2386 4900 hoc
2416 4845 2605 4918 Mithra
2638 4847 2906 4918 Βουκλὸπῳ
2955 4845 3077 4902 vide
3107 4844 3434 4918 Creuzerum
3465 4845 3664 4918 Symb.
3701 4863 3719 4901 ι
3747 4889 3766 4914 ,

2152 4937 2205 4986 ι).
2238 4918 2342 4974 785
2372 4933 2486 4987 seq.
2517 4917 2790 4973 Kleukero
2819 4916 3008 4972 taurus
3035 4926 3121 4972 est
3163 4916 3471 4988 symbolum
3515 4917 3770 4972 feminae.

2149 4991 2344 5047 Nescio
2369 5005 2433 5042 an
2467 4999 2645 5044 recte:
2672 5005 2794 5044 nam
2828 5005 3120 5059 numquam
3152 5003 3353 5053 vacem,
3379 5004 3602 5058 semper
3627 4990 3781 5044 tauri

2161 5065 2324 5119 habet
2371 5063 2904 5117 t'ormani.Attanien
2954 5061 3234 5116 Luetatius
3272 5061 3341 5115 ad
3388 5061 3549 5116 Statii
3624 5061 3782 5117 The—

2161 5136 2348 5190 baidos
2377 5150 2414 5195 l,
2468 5148 2612 5188 vers.
2646 5134 2773 5196 719,
2803 5133 2929 5197 720,
2984 5150 3078 5200 per
3099 5141 3313 5188 taurum
3358 5133 3567 5187 Lunam
3601 5149 3632 5186 a
3669 5133 3780 5188 Mi.

2163 5207 2281 5261 thra
2317 5207 2594 5260 subactam
2629 5205 2904 5272 intelligit.
2935 5205 3050 5259 Erit
3072 5221 3205 5262 vero
3231 5205 3408 5274 potius
3454 5205 3780 5275 symbolum

2161 5279 2303 5334 tauri
2327 5277 2634 5348 primigenii
2667 5293 2697 5332 a
2726 5279 3012 5332 venenatis
3028 5276 3341 5331 Aliriinanis
3370 5279 3645 5332 creaturis
3671 5293 3785 5332 ne.

2162 5353 2291 5412 cati.
2342 5348 2496 5417 cujus
2527 5364 2715 5405 semen
2737 5365 2767 5404 a
2809 5349 2968 5403 bonis
3010 5348 3202 5404 Geniis
3231 5349 3399 5404 Lunae
3433 5350 3782 5405 servandum

2163 5423 2506 5478 credebatur.
2535 5421 2649 5487 Qua
2678 5421 2819 5476 forte
2849 5420 2915 5474 de
2943 5434 3103 5475 causa
3140 5421 3366 5476 Mithras
3387 5461 3404 5486 ,
3438 5420 3784 5488 principium

2165 5502 2373 5549 natura:
2403 5495 2662 5558 activum,
2697 5495 2747 5547 in
2777 5492 3146 5547 monumentis
3177 5501 3392 5546 taurum
3417 5508 3485 5547 eo
3535 5493 3784 5548 consilio

2165 5568 2395 5638 pugione
2427 5565 2766 5620 interficiens
2787 5575 3236 5638 reprmsentatur,
3263 5575 3320 5619 ut
3341 5578 3538 5619 omnes
3567 5567 3787 5634 plantae

2161 5655 2225 5695 ex
2246 5637 2526 5694 cadavere
2546 5637 2686 5705 ejus,
2717 5641 2898 5690 omnia
2923 5647 3105 5691 autem
3151 5637 3405 5692 animalia
3435 5652 3498 5689 ex
3533 5639 3654 5705 ejus
3683 5652 3789 5692 se-

2162 5711 2311 5766 mine
2341 5716 2715 5764 nascerentur.
2753 5706 2902 5763 Hanc
2945 5709 3376 5778 explicationem
3414 5708 3593 5779 Zoega
3623 5709 3788 5779 inter

2162 5783 2298 5837 alias
2331 5782 2609 5851 proponit,
2641 5780 2770 5836 licet
2797 5796 2916 5835 eam
2941 5782 3178 5850 probare
3192 5780 3334 5836 haud
3358 5778 3625 5836 videatur.
3647 5778 3788 5834 Cas.

2164 5865 2339 5909 terum
2370 5861 2498 5906 sunt
2523 5852 2638 5907 lucc
2670 5855 2929 5922 mysteria
2955 5852 3258 5920 Mithriaca,
3294 5853 3365 5908 de
3413 5855 3607 5922 quibus
3632 5867 3788 5915 cor;-

2167 5926 2247 5985 fer
2275 5924 2655 5980 Sainte-Cvoix
2668 5963 2680 5984 ,
2705 5922 3018 5980 Κροῖσοι-σίγα
3034 5926 3346 5995 historiquer
3360 5935 3406 5981 et
3420 5942 3464 5979 ﬂ
3478 5925 3660 5992 itiques
3675 5937 3782 5975 stur
