3970 6408
435 274 540 339 005

1652 280 1823 341 lULll
1861 268 2121 347 FllllllCl
2159 285 2469 346 mnsam

3643 293 3753 350 9:6

430 393 624 449 sortita
654 393 964 465 imperium.
995 393 1199 452 Ultima
1240 409 1366 467 pars
1397 395 1682 466 tripartite
1718 394 1874 452 istius
1900 396 2040 454 divi-
2065 405 2114 466 Α
2142 399 2265 455 alia:
2293 400 2710 472 superstitiones
2736 411 2759 440 ο
2786 416 3015 474 quarum
3036 411 3247 461 secreta
3277 404 3568 477 pandenda
3598 418 3749 473 sunt,

432 489 605 547 sionis
625 489 864 546 aestimat
899 489 1189 547 libidinum
1217 489 1355 561 vias,
1389 507 1511 561 quae
1562 507 1725 562 prava
1771 490 2044 549 desideria

434 600 667 657 quaeque
686 590 1036 657 praepoStera:
1060 585 1375 658 cupiditatis
1396 594 1704 642 monstrant
1734 586 2043 643 illecebras.

436 676 564 735 ltleo
594 694 753 735 unam
787 688 994 747 partem
1016 679 1183 751 capiti
1215 680 1519 753 assignant,
1550 688 1611 737 ut
1639 679 1879 735 hominis
1912 680 2046 736 iram

437 772 839 840 quodammodo
866 772 1135 830 denotare
1163 773 1433 829 videatur.
1467 774 1638 830 Aliam
1665 773 1719 829 in
1744 773 1911 830 corde
1939 783 2051 830 sta-

439 872 620 931 tuunt,
652 875 712 921 ut
737 864 1081 921 diversarum
1113 866 1504 938 cogitationum
1537 866 1886 933 varietatem,
1913 879 2049 935 quas

441 956 726 1028 multiplici
759 956 1075 1015 intentione
1118 958 1486 1028 concipimus,
1532 959 1585 1015 in
1627 957 1845 1013 modum
1868 957 2051 1030 sylva-

432 1066 565 1107 τιιιιι
590 1061 781 1108 tenere
812 1051 1084 1108 videatur.
1125 1051 1311 1109 Tertia
1346 1069 1471 1125 pars
1499 1052 1853 1109 constituitur
1883 1050 1937 1107 in
1962 1051 2049 1122 je-

442 1159 607 1213 core,
646 1144 789 1201 unde
829 1144 999 1202 libido
1044 1147 1286 1202 nascitur
1326 1158 1382 1202 et
1426 1146 1694 1217 voluptas.
1740 1145 1857 1202 Illic
1904 1144 2050 1201 enim

441 1239 756 1311 genitalium
803 1241 1076 1299 seminum
1104 1240 1335 1298 collecta
1365 1240 1669 1298 fecunditas
1714 1239 2052 1299 naturalibus

424 1335 680 1390 stimulis
709 1334 1042 1392 desiderium
1089 1335 1406 1407 cupiditatis
1448 1336 1705 1407 exagitat.
1738 1334 1877 1403 Quid
1922 1348 2053 1407 ergo

442 1426 787 1498 perlicit‘ista
828 1428 1050 1493 divisio,
1082 1426 1377 1500 diligenter
1398 1429 1662 1501 aspicite,
1694 1437 1753 1485 ut
1791 1428 2051 1495 cernatis,

442 1536 606 1592 quam
639 1520 801 1579 facile
829 1533 1203 1581 commentum
1227 1521 1369 1579 ratio
1393 1523 1643 1581 veritatis
1669 1524 1968 1595 impugnet.
1995 1520 2055 1579 Si

438 1616 709 1673 dividitur
728 1618 914 1673 anima
934 1659 950 1685 ,
983 1624 1040 1674 et
1067 1619 1370 1675 substantia
1402 1621 1521 1689 ejus
1548 1619 1769 1676 diverso
1793 1617 2054 1675 efﬁcacia:

445 1725 651 1783 genere
681 1721 990 1781 separatur,
1017 1711 1284 1769 dissoluto
1325 1712 1516 1769 ordine
1558 1728 1681 1778 suo,
1712 1713 1901 1784 incipit
1931 1727 2055 1769 esse

2145 492 2326 549 Liberi
2361 504 2415 549 et
2441 492 2655 550 Liberae
2675 491 2701 531 ά
2722 536 2739 563 ,
2766 510 2886 568 qum
2939 496 3119 557 omnia
3152 498 3325 556 sacris
3361 498 3629 557 sensibus
3655 514 3754 556 ve-

2148 585 2277 641 stris
2297 585 2611 657 specialiter
2632 586 2933 643 intimanda
2958 580 3184 654 suun-ut
3206 600 3262 653 et
3285 591 3337 649 in
3358 591 3490 649 istis
3508 591 3755 662 profanis

2149 677 2506 752 religionibus
2535 680 2724 735 sciatis
2754 690 2960 737 mortes
2994 696 3119 739 esse
3151 681 3433 759 hominum
3461 698 3756 741 consecra-

2153 785 2255 834 tas.
2285 778 2451 835 Liber
2479 777 2662 850 itaque
2686 776 2842 835 Jovis
2870 779 2974 834 fuit
2995 778 3141 837 ﬁlius
3160 790 3184 817 ε
3222 780 3369 852 regis
3388 780 3604 837 scilicet
3624 780 3783 838 ατε-τ

2153 872 2241 935 tici
2272 869 2314 927 τ.
2342 872 2445 933 Hic
2479 888 2603 930 cunt
2637 872 2832 931 fuisset
2872 873 3123 931 adultera
3150 876 3348 931 'matre
3388 875 3717 947 progenitus
3739 915 3755 941 ,

2152 968 2495 1033 nutriebatur
2524 967 2668 1039 apud
2709 976 2955 1039 patrem,
2986 969 3288 1029 studiosius
3310 985 3475 1041 quam
3502 969 3755 1027 decebat.

2152 1060 2304 1119 Uxor
2320 1060 2495 1128 Jovis,
2518 1063 2604 1120 cui
2629 1062 2830 1120 lunoni
2850 1063 2951 1121 fuit
2975 1079 3177 1121 nomen
3188 1072 3238 1130 8,
3257 1063 3571 1120 novercalis
3590 1063 3761 1120 animi

2154 1156 2342 1215 furore
2368 1168 2663 1225 commota,
2705 1159 2773 1215 ad
2804 1173 2996 1216 necem
3031 1159 3253 1216 infantis
3280 1159 3636 1215 omnifariam
3670 1174 3766 1228 pa-

2154 1251 2311 1307 rabat
2334 1251 2584 1307 insidias.
2627 1251 2988 1309 Proﬂciscens
3020 1268 3251 1325 peregre
3278 1262 3436 1325 pater
3462 1296 3477 1321 ,
3510 1254 3637 1324 quia
3682 1253 3765 1307 in-

2154 1343 2498 1415 dignationes
2520 1345 2716 1402 tacitas
2760 1347 2973 1404 sciebat
3004 1347 3209 1414 uxoris,
3242 1362 3311 1402 ne
3347 1347 3479 1418 quid
3524 1348 3597 1402 ab
3628 1347 3763 1401 irata

2144 1441 2388 1499 muliere
2419 1440 2547 1497 dolo
2578 1439 2735 1497 lieret
2754 1484 2772 1509 ,
2825 1441 3042 1498 idoneis
3090 1442 3270 1515 (sicut
3297 1441 3404 1497 sibi
3434 1441 3762 1512 ridebatur)

2156 1532 2477 1590 ettstedibus
2507 1536 2729 1591 tutelam
2761 1534 2941 1591 credit
2962 1535 3093 1591 *ﬁlii.
3141 1535 3292 1591 Tunc
3338 1534 3486 1593 ‘Juno
3512 1577 3527 1602 ,
3562 1552 3767 1607 oppor-

2158 1634 2347 1681 tunum
2372 1626 2710 1699 ;insidiarum
2752 1637 2910 1685 nacta
2953 1640 3203 1702 tempus,
3232 1639 3287 1686 et
3316 1647 3381 1687 ex
3420 1631 3531 1686 hoc
3570 1630 3769 1687 fortius

3192 750 3415 764 W

2156 1720 2493 1779 inflammata
2516 1764 2534 1788 ,
2568 1723 2697 1794 quia
2716 1722 3082 1794 proﬁciscens
3110 1734 3266 1794 pater
3297 1733 3354 1779 et
3376 1725 3583 1780 solium
3613 1723 3769 1795 regni

446 1805 591 1878 quod
620 1805 817 1875 fuerat.
851 1806 1013 1863 Aliud
1062 1809 1207 1873 enim
1240 1822 1391 1865 mens
1420 1817 1534 1876 est,
1561 1807 1708 1864 aliud
1761 1808 1838 1864 ira
1857 1852 1872 1875 ,
1906 1806 2053 1864 aliud
2085 1823 2331 1884 Bmuero
2355 1814 2661 1871 tradiderat
2682 1825 2739 1871 et
2764 1823 3046 1886 sceptrum
3070 1858 3086 1885 ,
3116 1816 3374 1875 custodes
3406 1818 3654 1889 primum
3678 1833 3771 1873 rc-

445 1899 637 1956 libido.
670 1900 923 1956 Animam
953 1916 1087 1971 ergo
1114 1901 1386 1971 separatio
1417 1902 1516 1957 ista
1558 1900 1839 1967 dissolvit,
1870 1909 1927 1957 et
1954 1914 2049 1971 pa-

436 1992 584 2048 ttitur
610 1992 901 2049 maximam
928 2009 995 2050 ex
1027 1993 1127 2049 ista
1152 1994 1442 2065 partitione
1457 1993 1749 2065 jacturam,
1782 2008 1887 2049 nec
1910 1994 2053 2050 inte-

448 2099 598 2157 grant
624 2086 704 2141 sui
724 2087 963 2157 speciem
996 2102 1082 2142 res
1106 2087 1212 2143 ista
1233 2087 1506 2151 custodit,
1531 2102 1653 2158 qum.
1674 2102 1771 2158 per
1794 2096 1904 2143 tres
1928 2102 2059 2143 con-

442 2180 646 2237 trarias
688 2181 1296 2251 separatimrdividitnr,
1330 2190 1386 2238 et
1413 2182 1505 2254 (ιιι
1536 2197 1722 2238 verum
1765 2182 1965 2254 dicam)
1996 2184 2058 2239 fit

438 2288 517 2330 ex
557 2274 673 2346 ipsa
711 2274 978 2332 divisione
1010 2277 1256 2332 mortalis
1275 2285 1324 2331 ιι.
1361 2278 1573 2334 Etenim
1602 2276 1746 2349 quod
1771 2287 1951 2348 potest
1979 2278 2060 2334 di-

442 2369 558 2425 vidi
584 2411 600 2437 ,
628 2385 828 2441 corpus
855 2382 958 2428 est.
988 2370 1144 2440 Quod
1165 2381 1348 2428 autem
1373 2387 1574 2442 corpus
1595 2382 1698 2440 est,
1731 2386 1956 2430 necesse
1976 2380 2062 2429 est

452 2462 905 2530 essegmortaleb.
940 2463 1088 2536 Ergo
1113 2465 1158 2520 si
1201 2466 1383 2522 anima
1409 2463 1692 2532 dividitur,
1722 2479 1922 2536 corpus
1944 2472 2057 2521 est.

453 2557 510 2613 Si
537 2571 738 2629 corpus
771 2568 879 2625 est,
904 2571 1142 2614 necesse
1175 2568 1261 2614 est
1297 2559 1367 2614 sit
1395 2574 1485 2615 res
1532 2557 1801 2614 mortalis.
1832 2558 2060 2631 Egregia

440 2649 659 2705 erroris
685 2650 841 2706 istius
867 2664 932 2706 ac
950 2650 1216 2722 praeclara
1232 2638 1870 2708 comitantiaMaximum
1901 2652 2062 2708 nobis

449 2743 776 2802 beneﬁcium
801 2760 869 2801 ex
891 2744 993 2801 ista
1026 2746 1419 2818 consequentia
1439 2748 1741 2804 confertur.
1762 2745 2062 2803 Commen-

438 2839 522 2897 .tis
541 2841 1177 2899 istarumabsurditatum
1197 2842 1407 2898 animas
1420 2841 1610 2899 volunt
1629 2857 1752 2899 esse
1775 2844 2056 2899 mortales.

1257 2955 1299 3010 Τ
1340 2954 1431 3010 Vl.

441 3049 530 3106 εΔὺ
559 3048 938 3105 Elementorum
964 2954 1161 3105 cui:A
1148 2954 1841 3119 (30:511.;upemitiones
1871 3048 2061 3103 transit

522 3160 804 3216 earumque
836 3153 1031 3200 secreta
1069 3144 1286 3217 pandit;
1314 3152 1364 3199 et
1392 3143 1560 3215 primo
1586 3142 1797 3213 quidem
1836 3143 2060 3198 duorum

2156 1908 2375 1980 galibus
2402 1909 2646 1982 praemiis
2678 1910 3107 1982 muneribusque
3145 1912 3415 1983 corrupit,
3445 1911 3648 1968 deinde
3676 1928 3769 1969 sa-

2160 2004 2363 2062 tellites
2399 2019 2567 2073 suos,
2612 2006 2704 2077 qui
2737 2004 2962 2063 Titanes
2983 2006 3323 2064 vocabantur
3357 2008 3422 2073 ιι,
3452 2008 3511 2063 in
3540 2007 3772 2063 interio—

2160 2100 2312 2156 ribus
2332 2101 2505 2173 regiae
2532 2100 2679 2157 locat
2708 2100 2952 2172 partibus
2972 2143 2989 2167 ,
3014 2111 3068 2156 et
3086 2100 3417 2173 crepundiis
3453 2116 3523 2157 ac
3545 2101 3771 2171 speculo

2160 2193 2368 2251 alfabre
2405 2192 2547 2251 facto
2577 2195 2790 2253 animos
2820 2195 2891 2249 ita
2923 2194 3163 2266 pueriles
3198 2193 3406 2263 illexit,
3439 2204 3507 2251 ut
3534 2193 3766 2251 desertis

2161 2287 2329 2357 regiis
2372 2286 2596 2344 sedibus
2640 2285 2707 2343 ad
2748 2287 3074 2344 insidiarum
3105 2287 3287 2346 locum
3333 2287 3567 2359 puerilis
3606 2287 3768 2343 animi

2161 2380 2438 2437 desiderio
2464 2380 2777 2437 duceretur.
2798 2381 2924 2438 .lllic
2950 2381 3289 2452 interceptus
3336 2380 3674 2437 trucidatur.
3698 2381 3774 2436 Et

2163 2486 2220 2532 ut
2254 2476 2459 2531 nullum
2500 2486 2686 2547 posset
2717 2476 2869 2545 necis
2892 2476 3128 2534 inveniri
3158 2476 3450 2548 vestigium
3475 2518 3491 2544 ,
3522 2476 3769 2547 partien-

2163 2569 2312 2626 latim
2346 2570 2589 2628 memhra
2611 2569 2886 2627 conscissa
2905 2570 3202 2627 satellitum
3225 2569 3330 2626 sibi
3352 2568 3557 2626 dividit
3586 2569 3764 2625 turba.

2163 2662 2341 2729 Tunc,
2369 2673 2427 2718 ut
2442 2662 2579 2721 huic
2602 2662 2843 2719 facinori
2876 2662 3022 2719 aliud
3046 2661 3262 2720 facinus
3286 2661 3620 2729 adderetur,
3649 2662 3773 2733 quia

2165 2758 2526 2815 vehementer
2569 2757 2787 2831 tyranni
2831 2756 3130 2814 crudelitas
3168 2756 3775 2824 -timebatur,decocta

2164 2851 2329 2909 variis
2360 2852 2656 2922 generibus
2689 2851 2840 2922 pueri
2884 2852 3129 2909 membra
3167 2859 3545 2918 consumunt,
3593 2851 3775 2908 uthu-

2163 2946 2309 3003 mani
2339 2945 2620 3002 cadaveris
2639 2987 2655 3013 ,
2687 2943 2949 3001 inauditis
2986 2960 3158 3016 usque
3178 2945 3238 3001 .in
3262 2944 3425 3003 illum
3448 2943 3608 3003 diem
3637 2959 3774 3014 epu-

2164 3041 2233 3097 lis
2254 3083 2270 3108 ,
2311 3048 2691 3097 vescerentur.
2712 3038 2827 3096 Cor
2852 3039 3032 3095 visum
3080 3039 3184 3097 sibi
3212 3053 3383 3096 soror
3416 3047 3652 3105 servat,
3689 3039 3778 3093 cui

2166 3139 2409 3196 Minerva
2437 3139 2540 3195 fuit
2566 3152 2799 3204 nomen,
2832 3138 2958 3209 quia
2989 3145 3045 3193 et
3069 3136 3187 3210 ipsa
3220 3136 3450 3193 sceleris
3475 3135 3583 3192 fuit
3609 3133 3782 3205 parti-

525 3240 866 3308 Liberorum,
908 3238 1164 3297 Cretensis
1188 3239 1381 3312 quippe
1412 3255 1473 3294 ac
1505 3238 1755 3303 Thebani,
1789 3239 2063 3296 historiam
2089 3232 2136 3300 C
2167 3250 2321 3307 ecps,
2352 3243 2406 3290 et
2440 3241 2500 3289 ut
2528 3232 2882 3289 manifestum
2907 3238 3056 3289 esset
3078 3230 3377 3288 delationis
3400 3229 3696 3296 indicium,
3724 3237 3781 3285 et

516 3342 708 3390 νηαηαι
716 3370 729 3387 ο

516 3426 621 3482 :Sic
650 3434 812 3492 sunt,
852 3425 1205 3481 sacratissimi
1254 3426 1615 3498 imperatores
1639 3468 1653 3493 ,
1702 3426 1984 3482 Elementa
2026 3442 2055 3481 a

446 3519 692 3603 perditis
715 3518 1032 3576 hominibus
1055 3527 1396 3576 consecrata.
1427 3518 1535 3577 Sed
1559 3517 1736 3576 adhuc
1762 3529 2057 3592 supersunt

495 3719 511 3744 ,
542 3672 801 3740 550,554.
829 3671 1087 3729 Fortasse
1108 3688 1324 3743 quoque
1346 3673 1451 3728 huc
1473 3671 1764 3742 pertinebit
1796 3688 2055 3731 nummus

495 3719 511 3744 ,
542 3691 801 3740 bombos.
831 3691 1087 3729 rortasse
1108 3691 1324 3743 quoque
1346 3691 1451 3728 nnc
1473 3691 1764 3742 perttncutt
1796 3691 2050 3731 nummus

444 3691 868 3806 Jli'terocmsareaa
908 3745 1283 3818 Lydimpuem
1334 3745 1503 3818 edidit
1554 3744 1821 3818 Seguinus
1850 3743 1903 3799 in
1936 3744 2050 3818 sel.

452 3823 713 3895 mtntistn.
750 3816 987 3895 antiqu.,
1021 3816 1148 3895 p._9
1171 3828 1224 3873 et
1258 3818 1323 3873 lO
1350 3816 1578 3895 (Eckltel
1616 3832 1699 3895 ut.
1732 3831 1786 3885 ιι.
1818 3818 1964 3895 lilii),
1998 3817 2052 3895 in

451 3907 560 3970 quo
591 3892 826 3970 Artemis
854 3886 1040 3970 (leam
1069 3886 1367 3947 Comauam'
1391 3886 1574 3970 credo)
1598 3889 1746 3970 cultu
1778 3888 2050 3957 muliebri,

451 3960 546 4021 sed
621 3960 875 4031 pharetra
936 3962 1227 4028 instructa,
1278 3976 1400 4017 cum
1440 3960 1738 4031 epigraphe
1786 3971 2051 4019 ΠΒΡΣῙΚΗ.

453 4039 658 4094 Aversa
709 4035 872 4094 habet
922 4050 1073 4090 aram
1125 4035 1378 4104 ignitam,
1415 4032 1736 4103 Sphingihus
1768 4044 2050 4099 ornatam,

454 4124 560 4179 qua
603 4108 793 4182 cultus
828 4104 1591 4182 ignisqmysticugindicatur.
1634 4104 1727 4182 .De
1787 4105 2056 4182 Diceaasa-

454 4175 725 4236 rcettsiutn
783 4175 884 4237 hac
944 4175 1108 4235 Diana
1152 4177 1223 4233 cf.
1260 4175 1431 4231 Taciti
1470 4175 1669 4233 Annal.
1727 4191 1824 4240 tu,
1866 4176 1967 4237 62,
1998 4185 2053 4230 et

453 4249 842 4320 Spauhcntium
871 4249 1270 4307 adliallitnaclt.
1298 4246 1495 4320 Hymn.
1525 4250 1577 4303 in
1614 4248 1867 4314 Dianam,
1891 4247 2049 4314 v.57,

459 4324 548 4379 ubi
587 4323 749 4375 multa
775 4322 843 4379 de
883 4323 985 4379 hoc
1014 4320 1236 4375 numine
1264 4328 1520 4388 congesta
1546 4319 1814 4388 reperies.

530 4404 557 4431 υ
596 4392 863 4464 Athettag.
893 4411 942 4451 c.
975 4395 1003 4446 7
1040 4408 1056 4447 :
1087 4394 1275 4466 Καίτᾳι
1296 4390 1323 4446 ὁ
1348 4393 1438 4464 μέν
1467 4392 1776 4466 Σωκράτης.
1795 4390 1936 4466 παρὰ
1965 4411 2053 4465 γε·

455 4468 604 4546 νητὸς
640 4469 749 4546 ’καί
764 4462 1031 4546 φθαρτὸς-ν
1070 4462 1412 4546 ςτνογκειῖμειεὸς⁸
1455 4462 1933 4546 καεὶςδιαιρορίιειξος
1973 4462 2054 4523 si:

499 4489 604 4529 στος·
650 4488 734 4522 και
777 4484 1031 4546 φυαρτος,
1074 4484 1402 4538 συγκειμενος
1455 4484 1538 4518 και
1581 4484 1933 4589 οιαιρουέιενος
1980 4484 2048 4523 εις

499 4542 607 4616 ἐρη.
640 4537 697 4593 Ὀ
722 4537 784 4616 δὲ.
820 4542 946 4600 Θεὸς
989 4537 1232 4616 ἀγένητος
1264 4534 1707 4616 ναὶ-ᾇτςαθήςικαὶ
1740 4536 1774 4590 ἀ
1809 4537 2048 4616 ιαίριετοξ.

499 4564 607 4616 ερη.
657 4564 697 4593 υ
722 4564 775 4595 οε
820 4564 946 4600 σεος
989 4564 1232 4609 α’]ῑνητος
1266 4564 1347 4590 γσυιι
1386 4564 1590 4616 μῖξυιυης
1613 4564 1707 4590 «και
1740 4564 2048 4615 υιυιαιμιιτυς.

454 4564 601 4690 ξορρ
621 4613 1131 4690 Σῳκράτηςέρριιξτὲὶι
1154 4608 1317 4661 etiam
1344 4605 1550 4688 dttttsse
1578 4606 1731 4690 homo
1752 4607 2049 4690 et'ammal.

455 4685 564 4742 Sed
596 4675 785 4738 maltiit
821 4675 1083 4739 adhibere
1113 4692 1311 4734 nomen
1355 4678 1433 4733 rei
1463 4676 1776 4749 singularis.
1810 4675 2052 4733 Ltnnnsn

445 4756 524 4813 .ad
551 4755 823 4813 Athenas.

526 4771 883 4885 bAl't‘iilftgigum
906 4825 968 4883 h.
997 4822 1034 4879 Ι.
1063 4835 1377 4895 aggressum
1410 4835 1533 4895 esse
1577 4817 1931 4895 philosophos
1954 4819 2054 4877 du-

456 4901 616 4959 bitari
640 4915 747 4981 non
774 4908 989 4981 potest,
1014 4891 1372 4981 etit'nprimis
1392 4891 1613 4981 quidem
1636 4891 2047 4981 Pythagoricos,

455 4988 592 5060 quos
622 4964 1049 5060 annimi‘ltumani.
1071 4980 1250 5060 partes
1283 4964 2047 5060 vellacttltate's-Ltkre‘sj1923,
2082 4998 2130 5060 υ

450 5036 864 5122 ηᾷρέναςλθυμὸν,
900 5036 1167 5122 posuisse,
1199 5039 1501 5122 harumque
1532 5036 1745 5119 duabus
1760 5036 2051 5122 prioribus

456 5109 510 5172 in
534 5109 786 5183 cerebro,
816 5109 990 5171 tertia:
1014 5111 1067 5166 in
1085 5109 1251 5183 corde
1276 5109 1454 5166 locum
1479 5109 1791 5179 assignasse
1812 5114 2050 5165 constat.

460 5188 745 5264 [inuade
938 5183 1019 5241 Μ.
1043 5198 1107 5256 p.
1274 5251 1286 5264 _

534 5271 556 5299 ο
598 5261 817 5317 Transit
857 5258 970 5328 jam
1011 5250 1400 5328 a'refutatione
1436 5252 1616 5328 cultus
1653 5250 2055 5328 elementorum

457 5331 671 5389 adalias
689 5321 1035 5402 Mythologite
1047 5334 1229 5402 partes
1250 5323 1324 5379 im
1334 5323 1670 5395 pugnandas,
1692 5339 1829 5394 quas
1848 5321 2055 5393 partim

458 5421 525 5462 ex
560 5398 849 5460 traditione
880 5398 1128 5471 populari
1152 5407 1315 5471 atque
1338 5407 1618 5471 poetarum
1638 5437 1654 5461 ,
1679 5411 1908 5471 quorum
1937 5410 2058 5453 car-

461 5477 606 5532 mina
641 5483 774 5531 tetas
806 5467 1074 5537 servavit,
1105 5468 1302 5527 fabulis
1336 5467 1777 5537 hausit;,partim
1801 5509 1814 5533 ,
1850 5474 1910 5521 ιιι
1932 5481 2059 5521 sus-

450 5550 630 5622 picor,
653 5542 1180 5622 ex‘liultemefiltapéfz
1198 5540 1484 5619 isses-[pupis
1506 5540 1801 5610 excerpsit.
1835 5537 2052 5595 Initium

456 5613 584 5677 facit
613 5613 641 5675 ἐι
672 5617 874 5677 Libero
902 5626 956 5671 et
976 5613 1201 5671 Libera.

529 5690 557 5731 τί
578 5696 820 5748 Lactant.
835 5704 875 5752 ι’,
893 5684 1252 5752 c.lO,Miuuc.
1274 5682 1431 5741 Felix
1451 5698 1501 5740 c.
1520 5682 1613 5750 21;
1632 5680 1834 5739 Cicero
1848 5680 1916 5737 de
1928 5679 2052 5741 Nat.

465 5766 627 5822 Deor.
643 5763 781 5829 ιι,ἳὸ
801 5778 816 5828 ;
839 5757 1111 5816 Arnobius
1127 5756 1271 5829 haud
1282 5754 1756 5829 habetagruz.ttt,
1776 5754 1905 5819 376,
1926 5752 2053 5829 ὅθι.

550 5848 571 5875 ο
592 5824 850 5901 Duorum
879 5829 1200 5895 Liberorum
1227 5825 1386 5897 (Cic.
1417 5826 1486 5883 de
1515 5825 1638 5883 Nat.
1670 5826 1831 5883 Deor.
1864 5841 1925 5895 tt,
1953 5824 2056 5898 24)

2166 3338 2226 3385 ιιι
2260 3326 2490 3384 haberet
2515 3325 2660 3382 unde
2680 3324 2924 3381 furentis
2949 3325 3127 3396 patris
3171 3325 3437 3394 impetum
3462 3322 3778 3394 mitigaret.

2165 3420 2406 3479 Reverso
2446 3420 2566 3477 Jovi
2609 3419 2718 3476 lilia
2749 3417 2996 3475 ordinem
3029 3417 3288 3475 facinoris
3319 3417 3564 3487 exponit.
3618 3415 3779 3472 Tune

2160 3524 2321 3585 pat3r
2364 3514 2578 3573 funesta
2621 3513 2932 3571 calamitate
2995 3512 3168 3573 cladis
3217 3521 3274 3570 et
3323 3512 3521 3573 acerba
3588 3513 3780 3569 luctus

2161 3671 2445 3743 historiam
2471 3679 2680 3737 narrat,
2712 3669 2993 3743 cretensis
3016 3671 3216 3743 quippe
3237 3678 3293 3725 et
3313 3670 3586 3743 Thebani,
3620 3687 3783 3729 eam-

2158 3759 2291 3817 que,
2336 3744 2382 3800 si
2414 3742 2739 3817 Qretensem
2767 3741 3047 3817 Liberum
3069 3741 3321 3817 spectes,
3352 3741 3566 3817 sfabulm
3606 3746 3780 3800 valde

2162 3813 2406 3873 affinem.
2438 3815 2497 3871 lu
2521 3830 2625 3885 qua
2654 3814 2873 3885 quidem
2899 3856 2916 3882 ,
2955 3829 3026 3875 an
3063 3814 3397 3873 Clementem
3424 3813 3773 3873 Alexandri-

2159 3905 2289 3946 num
2318 3890 2369 3943 in
2399 3886 2675 3956 Protrept.
2700 3901 2753 3942 c.
2784 3888 2841 3952 2,
2866 3897 2925 3942 ut
2944 3886 3195 3957 judicare
3224 3886 3437 3945 videtur
3460 3885 3779 3945 ‘Wowerus

2159 3960 2211 4017 in
2251 3961 2393 4017 notis
2436 3959 2507 4015 ad
2558 3957 2856 4015 Firmicum
2882 3999 2898 4022 ,
2946 3956 3094 4029 quod
3147 3973 3281 4015 vero
3322 3970 3479 4029 negat
3518 3957 3780 4016 ursinus

2114 4061 2121 4067 -
2157 4032 2473 4100 Quaestione
2501 4029 2640 4088 bibl.
2674 4030 2716 4086 ι.
2749 4046 2823 4096 ιι,
2855 4044 2909 4086 c.
2938 4029 3045 4098 £9,
3084 4040 3307 4089 secutus
3332 4029 3437 4095 sit,
3458 4029 3646 4087 facile
3664 4032 3781 4088 .du-

2158 4105 2480 4169 bitaverint,
2524 4117 2647 4165 cum
2690 4102 2763 4158 ab
2807 4116 2875 4160 eo
2922 4102 2977 4158 itt
3025 4101 3302 4172 sepultura
3344 4101 3524 4158 saltim
3576 4101 3778 4160 Liberi

2157 4175 2458 4232 enarranda
2479 4173 2745 4235 discedat,
2767 4173 2908 4228 nulla
2922 4176 3455 4231 caeternmauutoris
3474 4173 3777 4243 cujusdam

2156 4248 2479 4304 auctoritate
2508 4245 2693 4300 fultus.
2722 4244 2907 4301 Hertz.
2934 4244 3000 4300 de
3024 4245 3073 4303 J.
3106 4244 3167 4300 F.
3199 4245 3270 4301 Μ.
3298 4261 3352 4316 p.
3385 4247 3472 4301 to.
3503 4246 3673 4302 lianc
3701 4249 3782 4303 fa-

2157 4318 2340 4376 bulam
2369 4326 2804 4374 contmemorant
2832 4316 3119 4386 Eusebius,
3148 4318 3320 4387 Prtep.
3358 4316 3558 4388 Evang.
3597 4334 3666 4380 ll.
3701 4319 3777 4384 5;

2156 4390 2431 4447 Arnobius
2454 4405 2506 4454 ι,
2541 4405 2591 4443 c.
2612 4388 2718 4455 56,
2762 4390 2862 4456 il;
2894 4404 2950 4455 v,
2982 4388 3052 4446 ‘19
3074 4430 3089 4454 ,
3122 4397 3178 4445 et
3210 4388 3411 4458 smpius
3435 4431 3451 4454 ,
3483 4388 3781 4458 imprimis

2155 4462 2296 4519 libro
2322 4477 2389 4526 v;
2425 4461 2558 4521 licet
2576 4460 2720 4517 haud
2750 4462 2951 4529 ubique
2979 4461 3272 4517 Thebanus
3286 4461 3583 4518 aCretensi
3620 4462 3781 4519 facili

2157 4534 2378 4605 uegOtio
2407 4533 2649 4606 discerni
2681 4533 2872 4601 possit.
2913 4532 3111 4606 Hygini
3146 4531 3291 4591 sFab.
3326 4531 3460 4589 m7.
3510 4531 3773 4594 Macrob.

2155 4609 2210 4663 itt
2240 4604 2425 4662 somn.
2454 4604 2730 4675 Scipionis
2758 4621 2777 4660 ι
2800 4646 2815 4671 ,
2841 4621 2892 4660 c.
2928 4604 3018 4661 12.

2232 4677 2251 4717 ί
2295 4676 2389 4737 Sic
2409 4677 2837 4734 Commodianus
2865 4676 2999 4734 InSt.
3034 4693 3109 4734 tu.

2200 4812 2295 4865 Ille
2314 4818 2479 4866 autem
2500 4810 2742 4879 (Jupiter)
2762 4814 2812 4865 in
2835 4811 2987 4866 Creta
3002 4814 3249 4879 regnavit,
3276 4814 3443 4879 ibique
3458 4812 3677 4868 defecit.

2158 4962 2298 5018 Deos
2323 4959 2577 5018 homines
2609 4959 2778 5017 fuisse
2794 5003 2807 5021 ,
2832 4974 2960 5032 quae
2987 4959 3098 5018 fuit
3128 4958 3426 5018 Euhemeri
3446 4962 3776 5032 sententia.

2154 5032 2437 5090 Arnobius
2489 5048 2706 5102 quoque
2754 5033 3035 5102 perhibet,
3069 5032 3175 5088 .lib.
3202 5048 3256 5096 ι,
3288 5047 3353 5089 ιο.
3386 5031 3591 5089 ,ὃὸ-«Η.
3643 5033 3778 5090 ἳὶὰ.

2162 5107 2306 5162 Petri
2329 5103 2474 5175 Krog
2505 5103 2700 5176 Meier,
2728 5106 2954 5176 collegae
2993 5103 3478 5169 desideratissimi,
3527 5103 3777 5163 Dissert.

2163 5177 2539 5260 inauguralem
2593 5175 2662 5231 de
2716 5175 2929 5260 ratione
2957 5186 3016 5233 et
3057 5186 3384 5248 argumento
3420 5177 3779 5250 Apolngetici

2163 5246 2706 5321 Arnobtaut_(llafu.,
2739 5248 2902 5321 l8lh)
2936 5265 2988 5319 p.
3017 5248 3154 5321 158,
3180 5249 3311 5305 £59.
3341 5249 3637 5321 .gzeterum
3666 5249 3779 5307 Ar-

2162 5246 2463 5307 Arnobiaui
2493 5246 2706 5321 (ilafn.,
2739 5248 2902 5321 1815)
2936 5265 2988 5319 ρ.
3017 5246 3154 5313 158⁷,
3180 5249 3311 5305 159.
3341 5246 3637 5305 .Cteterum
3666 5249 3779 5307 Ar.

2164 5320 2361 5378 nobius
2389 5319 2581 5377 eadem
2611 5319 2729 5377 fere
2747 5320 2907 5376 aﬂ'ert
2934 5320 3179 5390 exempla
3209 5335 3335 5390 qum
3366 5319 3780 5381 Firmieusduo

2146 5394 2275 5455 .bet.
2322 5391 2513 5449 Jovem
2553 5406 2583 5446 a
2628 5392 2981 5449 Cretensibus
3025 5391 3174 5448 inter
3222 5392 3359 5451 deos
3410 5404 3775 5451 numeratum

2156 5465 2325 5522 fuisse
2359 5462 2525 5521 refert
2552 5479 2767 5535 quoque
2799 5465 3132 5521 Athanasius
3477 5481 3534 5522 c.
3559 5467 3616 5521 9.

2231 5548 2257 5586 s
2297 5538 2488 5592 Omnis
2516 5536 2632 5595 haec
2667 5536 2847 5594 fabula
2871 5552 2904 5592 a
2934 5536 3053 5595 solo
3074 5534 3607 5597 Firmicomarratur
3642 5555 3663 5595 :
3688 5553 3771 5599 at!

2157 5626 2221 5667 ex
2256 5607 2606 5665 Euhemero?

2232 5678 2257 5718 ¹ι
2296 5680 2364 5737 Hi
2386 5680 2526 5751 apud
2551 5678 2888 5737 Antoninum
2914 5679 3223 5739 Liberalem
3251 5680 3685 5739 ceusiderantur
3706 5690 3775 5738 nt

2158 5753 2425 5810 satellites
2457 5751 2678 5808 Saturni
2704 5794 2720 5822 ,
2751 5768 2802 5810 c.
2831 5752 2924 5819 56,
2957 5753 3103 5811 unde
3132 5752 3428 5810 scribitur:
3450 5756 3579 5815 Ζεὺς
3600 5760 3774 5812 τιτᾶ-

2159 5847 2249 5889 νας
2283 5825 2530 5893 ἐξελάσας
2566 5827 2654 5885 τὸν
2683 5825 2867 5905 Χρόνον
2892 5827 3124 5907 ἀφείλετο
3146 5830 3241 5889 τῆς
3266 5827 3469 5902 ἀρχῆς.
3506 5825 3773 5884 Cum.
