3970 6408
499 287 608 347 999

1718 277 1889 343 ιυιῐι
1926 274 2189 341 ειιὶΜιοι
2227 275 2539 342 MATER!“

3665 277 3810 345 IOOO

501 423 662 482 quam
704 407 1019 481 peregrinas
1067 399 1485 479 superstitiones
1534 403 1816 462 dissolutis
1857 404 2102 462 moribus
2127 403 2179 467 Α
2206 406 2354 474 culo,
2411 406 2601 465 scissis
2633 404 2904 477 vestibus,
2959 404 3216 466 laceratis
3271 406 3520 466 crinibus
3563 407 3802 466 ducitur.

498 503 791 576 appetebat
821 519 834 557 :
869 513 1003 559 tunc
1030 516 1132 558 nec
1156 510 1379 558 senatus
1406 499 1618 556 consuli
1649 514 1750 556 nec
1784 499 1934 571 leges
1975 498 2099 553 Rei-

499 597 733 671 publicae
761 611 862 653 nec
899 596 1093 654 consul
1131 594 1343 668 legibus
1370 595 1560 652 defuit.
1605 594 1713 652 Sed
1761 592 2100 663 investigatis

498 691 786 758 omnibus,
818 691 910 762 qui
953 692 1114 763 hujus
1146 692 1288 748 sacri
1327 691 1596 748 scelerata
1641 699 1948 746 commenta
1991 696 2100 744 tra-

495 785 731 854 debant,
759 795 952 843 contra
981 801 1175 843 omnes
1204 801 1419 854 servos,
1448 776 1618 841 immo
1649 784 1928 841 Romanos
1950 796 2096 854 qure-

495 881 694 938 stionis
723 881 974 939 examine
1008 881 1256 953 capitalis
1284 896 1446 951 paena
1473 879 1541 937 de
1575 888 1799 936 senatus
1824 875 2098 933 sententia

497 976 720 1034 decreta
761 984 866 1033 est.
917 975 1028 1034 Nec
1074 985 1184 1031 tam
1237 974 1330 1032 diu
1375 975 1620 1032 vindices
1662 973 1828 1046 gladii
1859 970 2100 1029 consulis

499 1071 897 1143 conquierunt,
945 1070 1205 1142 quamdiu
1237 1071 1342 1126 hoc
1373 1070 1576 1127 malum
1609 1068 1804 1125 fuisset
1837 1067 2102 1123 radicitus

501 1174 864 1236 amputatum.
890 1163 936 1221 Ο
957 1163 1117 1236 digna
1134 1164 1386 1220 Romano
1409 1163 1630 1219 nomine
1658 1158 2095 1217 animadversio!

498 1257 544 1314 0
575 1259 768 1329 prisca:
799 1257 1023 1314 virtutis
1054 1256 1324 1313 laudanda
1349 1255 1701 1328 :constantia!
1742 1269 1844 1309 nec
1888 1252 2099 1309 civibus

499 1350 612 1407 suis
647 1351 841 1407 consul
886 1364 1114 1421 parcere
1138 1349 1348 1415 voluit,
1378 1363 1502 1404 cum
1530 1347 1604 1405 ob
1644 1344 1978 1419 purgandam
2009 1360 2102 1418 pa-

498 1447 657 1504 triam
690 1447 974 1518 peregrina
1005 1445 1135 1502 vitia
1162 1445 1531 1517 corriguntur.

1120 1537 1349 1596 CAPUT
1387 1538 1499 1594 VII.

495 1634 696 1692 Libera:
722 1634 800 1690 vel
828 1632 1164 1703 Proserpinae
1204 1633 1475 1690 historiam
1504 1632 1751 1706 exponit,
1782 1639 1828 1688 et
1855 1631 2100 1688 Liberum

715 1746 809 1800 pro
839 1729 971 1796 sole,
1007 1727 1244 1783 Liberam
1273 1745 1368 1801 pro
1390 1729 1516 1783 [una
1535 1728 1639 1783 coli
1669 1728 1875 1782 asserit.

2201 499 2311 556 Nec
2368 501 2635 557 reservati
2687 516 2896 574 ungues
2915 499 3132 574 [contra
3184 511 3489 560 amatorem
3540 504 3806 560 rusticum

2201 593 2408 664 aliquid
2440 594 2784 666 profuerunt,
2829 610 2932 654 nec
2956 596 3162 653 clamor
3191 604 3352 669 atque
3381 597 3622 654 ululatus
3647 597 3806 670 adju-

2203 691 2302 758 vit,
2351 707 2454 749 nec
2479 701 2802 750 cacterarum
2851 693 3114 766 strepitus
3159 694 3486 768 puellarum.
3517 695 3673 751 Tunc
3698 709 3807 751 una

2201 783 2366 841 celeri
2391 801 2579 854 cursu,
2605 802 2728 844 cum
2751 787 2820 843 de
2833 787 3060 844 civitate
3085 803 3248 845 nemo
3269 797 3641 855 succurreret,
3664 787 3809 844 facta

2203 892 2269 934 ex
2303 877 2422 948 ipso
2453 880 2653 936 timore
2679 881 2946 950 velocior,
2975 881 3135 937 matri
3163 885 3378 954 raptum
3412 879 3642 954 virginis
3668 897 3808 938 nun-

2203 970 2322 1026 tiat.
2377 972 2580 1028 Contra
2635 982 2913 1046 raptorem
2968 974 3242 1046 indignata
3289 984 3486 1042 mater,
3537 983 3807 1031 armatam

2202 1077 2422 1120 manum
2453 1065 2626 1122 ducit.
2660 1066 2771 1123 Nec
2798 1067 3090 1122 Plutonem
3113 1066 3358 1124 mulieris
3382 1065 3579 1123 fefellit
3603 1068 3810 1124 adven-

2202 1163 2316 1224 tns,
2348 1157 2447 1214 sed
2479 1159 2781 1215 utretorsit
2805 1160 2872 1216 ad
2900 1161 3174 1218 civitatem
3213 1162 3406 1218 oeulos
3426 1203 3442 1228 ,
3471 1169 3529 1218 et
3564 1159 3809 1218 inﬁnitos

2201 1265 2407 1309 cuneos
2457 1253 2696 1324 respexit
2741 1254 2929 1312 venire
2951 1270 3074 1311 cum
3099 1263 3296 1322 matre,
3339 1255 3620 1311 funestum
3663 1254 3809 1326 cepit

2203 1359 2269 1401 ex
2316 1344 2697 1416 desperatione
2738 1349 3053 1405 consilium.
3082 1347 3434 1420 Quadrigam,
3478 1363 3605 1420 qua“:
3651 1348 3808 1403 vehi-

2201 1439 2386 1495 culum
2435 1439 2711 1508 trahebat,
2757 1457 2856 1512 per
2885 1442 3124 1499 medium
3171 1444 3345 1500 lacum
3374 1443 3582 1514 dirigit.
3611 1442 3664 1498 Is
3689 1453 3809 1499 erat

2202 1533 2485 1603 profundis
2528 1535 2886 1605 voraginibus
2928 1536 3242 1607 immersus,
3295 1536 3408 1594 illic
3452 1553 3580 1594 cum
3626 1546 3807 1594 amata

2201 1625 2520 1684 submersus
2549 1628 2781 1698 virgine,
2816 1630 3137 1686 miserandae
3165 1631 3324 1686 matri
3365 1630 3434 1687 de
3465 1639 3647 1687 morte
3684 1631 3808 1686 ﬁlia:

2202 1719 2480 1777 funestum
2513 1722 2886 1792 spectaculum
2920 1723 3178 1794 praebuit.
3209 1724 3558 1793 Hennenses,
3589 1735 3652 1779 ut
3678 1736 3807 1795 pos-

569 1822 827 1894 Sequitur
850 1821 992 1878 hanc
1030 1823 1175 1879 sacri
1213 1822 1618 1895 contagionem,
1653 1831 1709 1878 et
1737 1821 1981 1877 imitatur
2007 1834 2096 1876 or—
2123 1811 2173 1874 B
2203 1823 2329 1871 sent
2370 1816 2637 1872 maternis
2695 1815 2934 1872 luctibus
2984 1831 3052 1872 ex
3095 1817 3280 1889 aliqua
3330 1824 3493 1887 parte
3554 1814 3812 1874 invenire

495 1914 678 1971 dinem
706 1914 941 1983 funeris,
968 1931 998 1971 a
1029 1913 1268 1984 Cerere,
1307 1915 1588 1973 Hennensi
1617 1914 1846 1971 muliere
1867 1924 1916 1983 ει,
1950 1927 2100 1970 mors

498 2009 624 2066 filia:
668 2018 1010 2066 consecrata.
1064 2010 1196 2066 Nam
1228 2009 1492 2082 quidquid
1535 2010 1590 2065 in
1655 2009 1816 2065 Creta
1847 2016 2002 2079 pater
2029 2007 2100 2064 ob

498 2104 670 2160 ﬁlium
723 2104 970 2173 fecerat,
1027 2105 1135 2162 hoc
1193 2113 1367 2161 totum
1436 2106 1601 2160 Ceres
1649 2103 1790 2174 apud
1849 2102 2096 2159 Hennam

497 2200 697 2255 amissa
728 2199 875 2268 ﬁlia,
912 2200 1253 2270 impatientia
1301 2200 1536 2256 materni
1578 2199 1786 2254 doloris
1827 2196 2096 2264 instituit,

494 2292 641 2364 quod
671 2303 942 2364 quatenus
969 2292 1171 2349 factum
1201 2294 1306 2362 sit,
1351 2293 1506 2350 brevi
1543 2307 1797 2349 sermone
1826 2291 2098 2364 perstrin-

494 2399 642 2458 gam.
689 2386 918 2444 Unicam
965 2386 1186 2444 Cereris
1220 2387 1427 2457 filiam,
1476 2403 1638 2458 quam
1688 2387 1862 2444 Graeci
1908 2397 2100 2464 Περσε-

494 2477 665 2554 φόνην,
693 2481 863 2536 nostri
892 2482 1176 2538 immutate
1198 2497 1455 2539 sermone
1477 2481 1862 2553 Proserpinam
1885 2481 2097 2548 dicunt,

492 2573 562 2628 ad
591 2574 884 2644 conjugale
914 2574 1254 2631 consortium
1278 2575 1462 2646 plures
1492 2575 1769 2647 petebant.
1795 2575 1964 2631 Mater
1993 2575 2100 2630 sol-

493 2667 646 2725 licite
666 2668 736 2725 de
765 2669 1102 2741 singulorum
1124 2671 1339 2727 meritis
1364 2670 1660 2741 judicabat.
1687 2671 1753 2725 Et
1779 2685 1900 2726 cum
1924 2668 2099 2724 adhuc

490 2761 749 2818 omnibus
789 2763 981 2817 matris
1027 2761 1304 2818 sententia
1347 2761 1625 2818 videretur
1662 2762 1899 2828 incerta,
1947 2760 2098 2816 dives

489 2857 732 2912 rusticus
754 2897 770 2925 ,
799 2857 886 2912 cui
917 2865 1144 2928 propter
1176 2855 1398 2912 divitias
1426 2857 1659 2914 Πλούτων
1705 2855 1809 2910 fuit
1852 2870 2051 2911 nomen
2079 2897 2093 2921 ,

489 2949 786 3005 temerario
824 2949 1148 3020 cupiditatis
1184 2948 1416 3019 ardore,
1457 2965 1581 3006 cum
1633 2963 1842 3005 moram
1878 2948 2099 3004 dilatio-

489 3042 577 3100 nis
603 3042 750 3100 ferre
784 3057 890 3099 non
923 3051 1144 3115 posset,
1177 3051 1234 3099 et
1267 3058 1389 3118 cum
1425 3043 1495 3100 de
1534 3042 1858 3118 praeposteri
1894 3043 2097 3100 amoris

489 3146 927 3209 conquereretur
960 3138 1228 3195 incendiis
1252 3179 1269 3206 ,
1310 3155 1480 3210 prope
1510 3139 1738 3194 Percum
1761 3137 1790 3176 ιι
1819 3139 2093 3194 inventam

2199 1909 2475 1975 solatium,
2510 1908 2809 1967 inferorum
2835 1926 3021 1983 regem
3049 1911 3322 1984 virginem
3343 1913 3597 1984 rapuisse
3635 1912 3812 1968 ﬁnxe-

2200 2012 2349 2058 runt.
2380 2003 2447 2058 Et
2477 2012 2536 2059 ut
2564 2002 2703 2060 ﬁdes
2736 2003 3052 2076 figmentum
3081 2015 3423 2076 sequeretur,
3446 2021 3626 2077 prope
3648 2005 3810 2080 Syra-

2200 2114 2362 2156 cusas
2387 2096 2411 2137 δ
2446 2116 2570 2157 eum
2604 2116 2702 2171 per
2721 2099 2886 2156 alium
2923 2101 3102 2157 locum
3126 2116 3247 2158 cum
3279 2101 3492 2173 virgine
3515 2103 3809 2158 emersisse

2194 2192 2490 2266 jactarunt.
2514 2195 2806 2267 Templum
2823 2210 2955 2253 sane
2970 2205 3023 2252 et
3037 2197 3243 2266 raptori
3266 2196 3535 2269 etvirgini
3557 2207 3807 2254 accurate

2200 2289 2417 2344 collatis
2472 2290 2779 2360 sumptibus
2830 2289 3061 2360 faciunt,
3108 2299 3130 2327 ο
3165 2299 3219 2346 et
3269 2305 3449 2348 annua
3503 2291 3559 2348 in
3604 2289 3808 2361 templo

2199 2393 2324 2440 vota
2353 2383 2674 2441 decernunt.
2712 2384 2820 2441 Sed
2849 2385 2999 2440 nullo
3024 2385 3230 2456 genere
3259 2384 3451 2441 matris
3490 2385 3660 2442 dolor
3687 2386 3806 2441 vin-

2200 2478 2363 2546 citur,
2399 2494 2501 2535 nec
2535 2477 3200 2550 muliebrisimpatientice
3223 2487 3501 2534 tormenta
3523 2487 3808 2535 curantur.

2200 2573 2309 2631 Sed
2337 2574 2568 2631 credens
2596 2589 2724 2629 vere
2747 2572 2912 2628 ﬁliam
2943 2589 3112 2645 prope
3135 2573 3436 2646 Syracusas
3464 2588 3598 2630 esse
3620 2573 3808 2639 visam,

2200 2668 2538 2739 Triptolemo
2569 2668 2754 2724 villieo
2789 2683 2888 2722 suo
2917 2667 3077 2735 duce,
3103 2667 3385 2723 nocturnis
3414 2667 3720 2722 itincribus
3747 2667 3810 2722 ad

2201 2762 2561 2836 Syracusanae
2584 2760 2992 2818 civitatislittus
3013 2777 3137 2817 cum
3166 2760 3382 2830 lugubri
3415 2771 3574 2816 veste
3601 2775 3668 2816 ac
3693 2775 3808 2816 sor-

2201 2856 2331 2913 dido
2377 2857 2635 2928 squalore
2685 2855 2976 2928 pervenit,
3022 2870 3120 2911 nec
3148 2854 3227 2910 illi
3257 2853 3450 2919 defuit,
3485 2855 3581 2926 qui
3618 2854 3811 2910 credu-

2202 2950 2307 3006 lem
2337 2951 2405 3007 de
2433 2949 2836 3007 calamitatibus
2863 2948 2978 3003 suis
3001 2947 3216 3004 falleret
3259 2958 3520 3003 matrem.
3562 2946 3718 3003 Tunc
3739 2946 3814 3002 ait

2200 3059 2262 3100 se
2315 3042 2619 3112 Pandarus,
2665 3041 2852 3098 nescio
2881 3043 3026 3114 quis,
3075 3040 3280 3098 vidisse
3306 3057 3415 3096 non
3446 3040 3616 3111 longe
3645 3039 3676 3095 ‘a
3697 3040 3812 3111 ,Ρι-

2199 3138 2377 3211 chyuo
2427 3153 2621 3194 navem
2691 3144 2972 3208 raptorem
3029 3135 3341 3192 ascendisse
3387 3150 3516 3191 cum
3575 3136 3810 3205 virgine.

484 3232 751 3304 virginem
784 3231 947 3302 rapit.
977 3232 1178 3288 Percus
1207 3209 1388 3288 autem
1418 3209 1587 3288 lacus
1609 3231 1662 3286 in
1707 3231 1914 3287 Henna:
1961 3233 2093 3287 civi-
2124 3209 2169 3273 (ἶ
2201 3209 2526 3290 Persuasum
2576 3241 2661 3288 est
2690 3229 2930 3297 mulieri,
2978 3247 3099 3302 qua:
3125 3231 3366 3302 quolibet
3391 3246 3601 3302 genere
3625 3230 3810 3288 vivere

486 3327 618 3382 tatis
646 3325 845 3380 ﬁnibus
874 3325 1012 3381 satis
1037 3339 1286 3381 ammuus
1311 3333 1367 3380 et
1393 3333 1600 3395 gratus,
1631 3324 1784 3395 cujus
1809 3324 2096 3382 amoenitas

487 3435 558 3478 ex
617 3420 812 3475 ﬂorum
857 3418 1211 3474 varietatibus
1259 3418 1518 3473 nascitur.
1573 3417 1705 3473 Nam
1740 3435 1834 3489 per
1875 3433 2092 3474 omnem

486 3530 692 3571 annum
719 3512 959 3570 vicissim
993 3511 1098 3568 sibi
1125 3511 1548 3568 succedentibus
1594 3511 1820 3568 florfbus
1863 3527 2094 3568 corona-

487 3616 598 3666 tur.
633 3608 750 3664 lllic
792 3606 1038 3662 invenies
1079 3605 1336 3677 quidquid
1369 3605 1646 3678 hyacinthi
1675 3617 1852 3679 turget
1886 3609 1936 3662 itt
1967 3623 2094 3664 cau-

487 3704 596 3762 lem
623 3721 636 3771 ;
671 3703 787 3761 illic
818 3719 1030 3760 comam
1063 3703 1321 3769 narcissi,
1349 3703 1433 3758 vel
1465 3702 1608 3774 quod
1640 3717 1861 3758 auream
1909 3719 2088 3760 rosam

485 3798 726 3871 desuper
756 3798 928 3871 pingit
954 3815 966 3852 :
992 3798 1105 3854 illic
1131 3797 1271 3854 alba:
1299 3796 1518 3854 hedera:
1548 3812 1648 3868 per
1676 3808 1879 3853 terram
1908 3797 2090 3853 molli-

484 3901 572 3950 ter
601 3902 853 3965 serpunt,
886 3901 1087 3949 etcum
1111 3892 1405 3964 purpureis
1431 3892 1594 3947 violis
1621 3893 1863 3948 suaviter
1891 3893 2092 3951 rubens

484 4003 776 4047 amaracus
828 3989 1148 4046 invenitur:
1204 4004 1309 4046 nec
1350 4003 1608 4045 coronam
1651 3989 1810 4044 istam
1848 3989 1966 4045 alba
1999 3990 2093 4047 de-

482 4091 675 4139 serunt
724 4083 861 4139 lilia.
903 4083 1351 4155 Prorsus'aptus
1400 4083 1572 4150 locus,
1620 4083 1711 4154 qui
1760 4083 1934 4154 gratia
1992 4099 2087 4141 sua

485 4176 763 4248 puellares
789 4177 1006 4233 animos
1053 4185 1108 4233 et
1139 4177 1394 4233 invitaret
1424 4178 1631 4248 pariter
1658 4184 1714 4233 et
1757 4187 1986 4234 teneret.
2030 4179 2087 4236 In

486 4267 594 4325 hoc
644 4270 804 4338 loco,
855 4286 981 4327 cum
1025 4285 1057 4325 a
1092 4270 1325 4328 Plutone
1371 4272 1525 4344 virgo
1575 4287 1744 4343 prope
1803 4288 2088 4344 vesperam

480 4361 680 4420 fuisset
703 4363 948 4431 inventa,
988 4364 1041 4420 vi
1067 4364 1301 4435 rapitur,
1338 4375 1360 4404 ο
1393 4371 1449 4420 et
1473 4364 1899 4436 superimposita
1936 4369 2089 4424 vehi-

2203 3326 2370 3382 ﬁliam
2411 3325 2907 3399 cupiebataudire,
2957 3325 3188 3381 inﬁnitis
3226 3324 3444 3381 dotibus
3491 3333 3813 3381 remunerat

2201 3421 2498 3477 civitatem.
2517 3418 2850 3492 Syracusani
2872 3418 3209 3476 liberalitate
3226 3418 3470 3474 mulieris
3500 3420 3810 3490 provocati,

2199 3524 2414 3587 raptum
2456 3513 2689 3586 virginis
2717 3521 3068 3580 consecrant,
3117 3521 3174 3570 et
3219 3511 3532 3584 mitigantes
3561 3512 3809 3569 dolorem

2200 3609 2425 3677 matris,
2484 3622 2739 3678 pompam
2792 3607 2982 3663 miseri
3033 3605 3240 3664 funeris
3281 3607 3544 3664 excolunt
3597 3607 3811 3663 honore

2201 3703 2550 3775 templorum.
2577 3702 2686 3760 Sed
2723 3716 2825 3758 nec
2858 3701 2960 3758 hoc
2989 3701 3190 3757 sufficit
3221 3703 3402 3768 matri,
3435 3702 3531 3759 sed
3573 3717 3808 3760 ascensa

2198 3813 2336 3855 nave
2361 3815 2460 3871 per
2488 3798 2774 3871 peregrina
2799 3798 2984 3854 littora
3009 3798 3173 3854 ﬁliam
3199 3800 3414 3871 quaerit.
3438 3799 3530 3856 Sic
3545 3799 3809 3859 fluctibus

2197 3896 2732 3966 tempestatibusque
2789 3895 2997 3966 jactata
3046 3895 3114 3951 ad
3165 3895 3362 3952 Attica:
3420 3897 3570 3954 urbis
3625 3898 3808 3955 locum

2197 3989 2466 4064 pervenit.
2507 3987 2525 4027 ἲ
2559 3989 2672 4044 Illic
2695 3987 2935 4060 hospitio
2956 4001 3200 4062 recepta,
3232 3990 3425 4046 incolis
3458 3991 3808 4064 incognitum

2197 4084 2378 4140 adhuc
2421 4081 2661 4139 triticum
2693 4082 2908 4138 dividit.
2945 4082 3124 4139 Locus
3167 4099 3234 4139 ex
3266 4084 3434 4154 patria
3484 4094 3540 4141 et
3585 4101 3663 4141 ex
3715 4086 3807 4141 ad-

2200 4187 2364 4234 ventu
2391 4177 2641 4234 mulieris
2668 4193 2866 4234 nomen
2890 4178 3125 4249 accepit.
3150 4177 3283 4234 Nam
3307 4177 3524 4234 Eleusis
3592 4178 3807 4249 dictus,

2198 4285 2224 4325 ε
2251 4273 2393 4347 quod
2440 4273 2572 4330 illuc
2594 4273 2783 4342 Ceres,
2818 4274 3006 4330 relicta
3063 4274 3277 4341 llenna,
3310 4285 3556 4331 venerat.
3592 4276 3808 4350 Sicque

2195 4379 2310 4427 tum
2337 4369 2453 4440 ipsa
2474 4367 2813 4440 dispensatio
2838 4364 3043 4441 h:quod
3070 4368 3328 4426 attulerat
3356 4368 3633 4427 frumenta
3649 4415 3664 4439 ,
3693 4384 3804 4430 tum

488 4480 760 4556 kershoek
790 4481 857 4538 de
887 4481 1179 4556 Religione
1192 4481 1519 4556 peregrina,
1552 4481 1607 4537 in
1630 4482 1907 4551 operibus.
1954 4485 2085 4544 Ter-
2111 4490 2166 4552 D
2263 4483 2290 4523 ά
2332 4485 2620 4542 Plutonem
2652 4501 2776 4542 cum
2805 4496 2960 4555 rapta
2992 4486 3318 4556 Proserpina
3370 4488 3437 4543 ad
3466 4490 3680 4546 Orcum
3714 4495 3808 4552 de-

484 4555 610 4630 tull.
642 4556 925 4630 Apologet.
953 4569 1002 4609 c.
1038 4554 1090 4609 6.
1124 4553 1396 4630 Liberum
1417 4555 1634 4608 Patrem
1666 4569 1789 4608 cum
1816 4561 2086 4630 mysteriis

483 4626 597 4682 suis
625 4628 902 4691 consules,
927 4633 1146 4681 senatus
1188 4626 1538 4692 auctoritate,
1567 4641 1671 4680 non
1715 4626 1886 4682 modo
1920 4631 2086 4697 Urbe,

483 4698 582 4754 sed
612 4699 870 4755 universa
897 4698 1047 4753 Italia
1078 4697 1525 4753 eliminaverunt.
1561 4698 1634 4753 De
1661 4697 2088 4760 Bacchanalibus

480 4784 536 4825 ν.
571 4784 786 4846 quoque
824 4770 984 4846 (λέξει).
1032 4769 1312 4825 Barthium
1355 4769 1422 4825 ad
1470 4769 1626 4826 Statii
1661 4769 1969 4830 Thebaidos
2007 4793 2044 4832 ll
2069 4817 2084 4846 ,

485 4841 630 4899 vers.
664 4841 736 4898 74
761 4851 817 4898 et
845 4843 936 4897 77.

554 4923 581 4952 α
619 4912 678 4971 In
707 4911 1001 4970 Trinacriae
1042 4913 1239 4986 ﬁnibus
1266 4924 1451 4970 natam
1477 4914 1610 4970 dicit
1635 4913 1909 4973 Arnobius
1929 4934 1968 4986 ι,
1993 4917 2082 4975 56.

489 4985 645 5044 Hanc
683 5001 901 5058 quoque
948 4985 1312 5042 narrationem
1354 4985 1647 5044 Firmicum
1678 5002 1744 5043 ex
1776 4989 2086 5049 Euhemero

479 5057 732 5115 hausisse
761 5058 1034 5124 suspicor.

547 5128 576 5170 δ
606 5131 697 5187 Sc.
727 5130 929 5185 lacum.
960 5128 1119 5186 Ovid.
1152 5128 1516 5202 Metamorph.
1552 5147 1605 5198 v,
1638 5130 1780 5188 585:

491 5201 554 5212 ’““’
597 5208 740 5274 ῌευα
760 5208 928 5274 procul
948 5205 1188 5260 Hennaeis
1203 5209 1338 5261 lacus
1357 5201 1437 5262 est
1454 5223 1484 5262 a
1507 5212 1750 5262 mtenibus
1771 5212 1902 5274 alia,

508 5331 586 5339 ν.-
601 5271 817 5339 Nomine
843 5271 1054 5334 Pergus,
1077 5285 1236 5336 aquae.

477 5339 699 5422 Qyidius
720 5339 1083 5422 ,dristoteles
1103 5388 1118 5411 ,
1150 5339 1963 5422 SolinusHe—t“Diodorttsllo'eum
1984 5348 2083 5405 flo-

481 5412 632 5484 ribus
658 5413 957 5484 omnigenis
973 5425 1028 5472 et
1049 5418 1281 5472 maxime
1305 5418 1458 5472 violis
1485 5417 1719 5473 obsitum
1746 5418 2075 5478 describunt.

479 5481 617 5563 _Hinc
643 5481 888 5563 imaginis
910 5487 1431 5563 mutuatusvidetur
1458 5488 1744 5563 Firmicus.
1777 5489 1912 5546 Vide
1940 5508 2079 5563 prae-

473 5560 622 5611 terea
643 5556 875 5612 Cluverii
906 5557 1147 5616 Siciliam
1178 5560 1306 5626 519,
1333 5561 1434 5627 2t);
1469 5561 1596 5625 525,
1623 5561 1714 5618 24.

553 5637 576 5666 ο
610 5627 920 5710 onllodori
951 5629 1087 5710 [libb
1121 5648 1142 5710 t_
1157 5633 1356 5710 ,_c._5,
1387 5642 1442 5689 et
1483 5637 1666 5704 lleyne
1690 5633 1758 5690 ad
1789 5634 1918 5710 bal.
1956 5635 2079 5710 pio-

472 5696 596 5756 dor.
621 5696 734 5755 Sic.
763 5715 819 5766 v,
863 5714 914 5755 c.
959 5701 1015 5756 5.
1047 5696 1204 5758 Ovid.
1252 5696 1464 5760 Faster.
1507 5696 1582 5767 tv',
1628 5719 1770 5760 vers.
1801 5706 2074 5764 420.620.

471 5768 670 5852 Hygini
697 5771 1196 5852 [φίβξβηΔι-ηψ.
1225 5791 1277 5841 v,
1317 5791 1367 5830 c.
1538 5776 1622 5832 Cf'.
1658 5793 1872 5852 quoque
1908 5779 2076 5838 Cleri-

470 5855 597 5901 cum
629 5841 685 5898 in
715 5840 851 5898 Bibl.
885 5842 1203 5899 Universetle
1234 5840 1304 5914 vt,
1328 5862 1382 5918 p.
1415 5848 1506 5904 55.

2193 4560 2495 4625 scendisse,
2526 4558 2621 4613 illo
2649 4574 2779 4614 vero
2819 4559 2871 4614 in
2901 4559 3044 4626 loco,
3072 4560 3164 4616 ubi
3187 4559 3553 4628 descenderit,
3609 4575 3805 4622 ortum

2192 4647 2315 4704 esse
2349 4631 2567 4704 Cyanen
2596 4629 2826 4704 fontem,
2869 4634 3116 4704 referunt
3161 4632 3433 4704 Diodorus
3459 4633 3569 4691 Sic.
3606 4636 3716 4692 lib.
3748 4655 3803 4704 v,

2190 4719 2241 4775 c.
2275 4702 2332 4768 4,
2362 4702 2416 4773 ρ.
2449 4702 2577 4775 555,
2611 4713 2665 4758 et
2693 4702 2922 4758 Ovidius
2947 4703 3312 4775 Metamorph.
3365 4721 3420 4772 ν,
3457 4706 3499 4761 ι.
3546 4721 3600 4763 c.
3660 4702 3804 4768 Vide

2189 4774 2423 4831 Claverii
2456 4773 2718 4842 Siciliam,
2753 4791 2808 4846 p.
2849 4776 2974 4830 177.

2265 4846 2715 4920 ολϐοιιαριηηιυι·
2745 4863 2875 4903 vero
2916 4847 3206 4920 Syracusae
3244 4849 3313 4906 ab
3348 4849 3549 4906 Archia
3576 4853 3800 4920 multis,

2188 4917 2348 4996 annis
2380 4930 2668 4996 postquam
2701 4917 3141 4996 culttts_Cereris
3170 4922 3604 4996 et_Prose_rpime
3647 4917 3797 4996 apud

2189 4988 2412 5063 Graecos
2466 4988 2800 5059 invaluerat,
2847 4992 3062 5063 Olymp.
3104 5007 3183 5060 χι,
3214 4993 3368 5049 Ξειιι
3396 4988 3638 5060 L'anno
3691 4988 3799 5056 755

2187 5059 2475 5191 gnt‘e5ghr.
2507 5079 2563 5119 n.
2599 5063 2845 5136 Thucyd.
2869 5059 2965 5120 lib.
2995 5059 3068 5132 vr,
3096 5078 3148 5120 c.
3179 5067 3254 5134 5;
3286 5065 3526 5124 Cluverii
3570 5069 3798 5138 Sicilia,

2187 5149 2243 5206 ν’
2264 5149 2296 5245 ἶ
2309 5149 2534 5262 θέἑηοι).
2566 5223 2622 5276 v,
2652 5207 2746 5263 25.

2259 5287 2286 5352 β
2324 5277 2470 5334 fdem
2499 5280 2664 5335 tradit
2689 5289 2880 5337 auctor
2907 5279 3153 5352 Etymol.
3197 5281 3291 5350 M.,
3343 5285 3497 5342 verb.
3530 5285 3792 5352 Ἐλευσὶς.

2184 5351 2279 5408 Διά
2331 5357 2424 5412 τὴν
2472 5354 2575 5409 ἀπὸ
2626 5359 2913 5430 Δημήτερος
2953 5351 3176 5410 ἕλωσιν
3231 5356 3340 5412 ἐκεῖ
3385 5358 3480 5434 γὰρ
3539 5357 3667 5434 εὗρε
3706 5366 3792 5418 τὰν

2184 5423 2375 5477 καρπὸν
2401 5424 2708 5477 ἐλθοῦσα....
2737 5432 2767 5477 «ἠ
2799 5429 2900 5477 ὰπὸ
2928 5425 3216 5477 Ἐλευσίνου
3245 5436 3338 5477 τοῦ
3365 5429 3577 5477 Ἐοιιηῦ-

2184 5425 2375 5500 καρπὸν
2401 5425 2708 5481 ἐλθοῦσα....
2737 5432 2767 5487 ἠ
2799 5425 2900 5482 agna
2928 5425 3216 5483 Ἐλευσίνου
3245 5436 3338 5484 τοῦ
3365 5425 3578 5504 Ἑρμοῦ.
3600 5425 3613 5434 ’

2259 5499 2283 5532 ¹¹
2324 5497 2456 5551 Cum
2475 5496 2958 5580 .voxodispeitsatio
2997 5499 3221 5580 Αηιιιιυηι
3275 5500 3518 5580 γθτδψη
3581 5503 3792 5580 habent

2183 5581 2438 5648 quocum
2469 5570 2624 5648 jungi
2654 5573 2844 5640 possit,
2902 5571 3138 5628 fortasse
3182 5575 3384 5630 rectior
3431 5575 3576 5648 foret
3619 5577 3790 5648 hujus

2182 5637 2286 5719 loci
2317 5637 2500 5719 lectio,
2529 5637 2694 5719 si_'a_ut
2721 5651 3054 5719 statueretur
3083 5653 3202 5719 post
3231 5661 3421 5703 vocem
3449 5637 3791 5719 disciplinam

2180 5710 2292 5793 tale
2315 5711 2441 5781 quid
2467 5713 2732 5770 excidisse
2760 5731 2775 5769 :
2807 5732 2964 5793 caiisa
2993 5715 3040 5769 ei
3076 5710 3247 5772 cultus
3277 5719 3441 5793 diuini
3466 5710 3593 5789 fuit,
3628 5733 3790 5793 atque

2181 5792 2296 5852 post
2326 5796 2682 5862 mortem”...
2720 5795 2813 5842 aut
2854 5787 3268 5862 deleretur_vox
3313 5787 3636 5861 dispensatio
3661 5834 3680 5862 ,
3699 5787 3711 5793 ’
3731 5805 3788 5851 et

2181 5864 2443 5926 praeterea
2472 5859 2583 5930 ipsa
2609 5869 2716 5915 tum
2748 5874 2845 5931 pro
2875 5871 2985 5917 tum
3003 5860 3121 5931 ipsa
3142 5859 3433 5934 legeretur.
