3970 6408
428 272 573 331 1015

1660 274 1832 332 JULII
1872 272 2129 332 FlRMlCl
2168 276 2480 334 MATERNI

3586 280 3727 339 1016

427 400 487 449 et
507 392 598 464 qui
620 392 761 463 apud
796 406 892 448 vos
921 392 1073 464 quasi
1105 391 1181 448 dii
1211 391 1488 462 coluntur,
1517 392 1660 464 apud
1688 407 1787 449 nos
1814 392 2033 465 religio-
2058 418 2109 480 Α
2138 394 2477 465 respondens
2526 394 2578 452 ei
2614 394 2878 453 Dominus
2904 395 3077 452 dixit:
3110 396 3234 454 Non
3260 399 3315 454 in
3350 415 3485 469 pane
3532 408 3727 455 tantm

427 502 509 544 ste
538 488 663 544 ﬁdei
704 488 914 545 medela
955 487 1155 545 Christi
1184 489 1356 561 gratia
1404 487 1644 544 humano
1689 487 2035 559 subiacentes

427 581 683 652 imperio,
710 588 768 637 et
800 590 1073 638 tormenta
1106 590 1471 654 repugnantes
1492 581 1793 648 sustinent,
1822 591 1877 637 et
1906 580 2033 636 victi

428 675 606 746 poenis
632 673 913 733 ultricibus
941 674 1315 747 subjugantur.

988 898 1004 919 .
1034 820 1267 880 CAPUT
1304 821 1423 879 XV.

498 965 582 1020 De
607 963 891 1020 Penatibus
917 965 1053 1036 agit,
1083 979 1304 1035 quarunt
1331 977 1519 1017 nomen
1546 977 1612 1017 ea:
1638 974 1777 1018 PBN!)
1804 959 2031 1025 derivat,

427 1066 480 1111 et
506 1058 570 1112 de
596 1054 784 1123 Vesta,
825 1056 1105 1112 domestico
1130 1054 1488 1111 lantuntmodo
1537 1054 1696 1125 igne;
1745 1052 1893 1109 rebus
1935 1052 2036 1123 igi-

435 1159 521 1203 tur
567 1149 857 1203 hominibus
905 1151 1091 1221 gratis;
1116 1148 1457 1220 utilibusque,
1488 1163 1618 1219 quas
1645 1147 1767 1202 deos
1796 1145 2030 1216 fecerint.

509 1241 741 1297 Penates
773 1249 799 1278 α
849 1243 1015 1297 etiam
1058 1242 1150 1313 qui
1190 1242 1319 1308 sint,
1359 1240 1634 1310 explicare
1678 1238 2025 1303 contendam,

431 1353 501 1393 ne
530 1336 659 1408 quid
682 1353 713 1392 a
744 1352 833 1392 me
863 1338 938 1391 sit
964 1335 1411 1407 praetermissum.
1460 1333 1564 1401 Qui
1591 1331 1724 1389 nihil
1760 1331 1905 1387 aliud
1937 1345 2036 1401 pu-

428 1439 547 1485 tant
577 1444 703 1485 esse
726 1430 924 1498 vitam,
956 1431 1058 1483 nisi
1100 1427 1359 1483 vescendi
1391 1434 1447 1481 et
1473 1424 1694 1496 potandi
1723 1423 1996 1479 licentiam
2019 1464 2034 1488 ,

428 1520 535 1576 hos
565 1520 667 1575 sibi
689 1523 823 1577 deos
851 1536 917 1575 ex
948 1518 1263 1591 cupiditatis
1281 1534 1394 1575 sua:
1414 1516 1717 1572 humilitate
1738 1515 2033 1580 tinxerunt,

427 1615 768 1670 nutrimenta
822 1615 1115 1685 corporis,
1167 1629 1287 1685 qua;
1340 1627 1406 1668 ex
1461 1610 1796 1683 quotidianis
1858 1608 2037 1681 epulis

429 1716 824 1779 comparantur
843 1748 859 1774 ,
891 1706 996 1762 hoc
1019 1707 1241 1762 nomine
1269 1720 1367 1776 pro
1396 1705 1575 1762 salute
1599 1703 1880 1759 hominum
1904 1716 2038 1758 con-

431 1808 737 1855 secrantes.
767 1799 901 1868 Quia
927 1813 1023 1869 per
1044 1798 1233 1869 epulas
1262 1798 1508 1865 corporis
1531 1796 1772 1853 reficitur
1802 1793 2033 1851 inﬁrmi-

433 1902 522 1948 tas
559 1936 574 1959 ,
633 1893 890 1948 alimenta
940 1893 1116 1949 solum
1167 1908 1290 1948 esse
1345 1892 1512 1947 Deum
1559 1899 1884 1956 sanxerunt,
1938 1902 2037 1945 ne-

433 1991 674 2045 scientes
718 1989 887 2045 divini
933 1989 1136 2046 oraculi
1167 1988 1475 2046 veritatem.
1517 1986 1651 2045 Cum
1680 1988 1826 2044 enim
1855 1985 2042 2042 Domi-

433 2098 540 2138 nus
572 2090 757 2138 uoster
785 2082 944 2139 Jesus
972 2082 1222 2139 Christus
1254 2098 1378 2140 cum
1410 2081 1661 2149 diabolo,
1705 2095 1803 2150 pro
1851 2088 2037 2134 nostra

438 2177 617 2230 salute
643 2175 937 2243 sollicitus,
965 2177 1149 2231 divina
1174 2176 1476 2246 majestatis
1505 2189 1617 2229 sua:
1645 2173 2039 2229 colluctatione

435 2277 709 2334 certaret,
745 2276 801 2325 et
829 2278 887 2323 ut
913 2269 983 2325 de
1029 2268 1276 2324 faucibus
1324 2268 1444 2338 ejus
1473 2282 1635 2338 quem
1666 2264 1886 2336 gerebat
1937 2264 2039 2320 ho-

436 2362 642 2417 minem
672 2362 945 2428 liberare,
998 2360 1102 2416 hac
1151 2376 1278 2417 eum
1329 2360 1687 2430 responsione
1737 2358 2034 2428 quassavit.

433 2456 570 2512 Nam
601 2471 725 2511 cum
757 2456 965 2512 diceret
991 2454 1042 2512 ei
1066 2454 1320 2511 diabolus
1347 2471 1361 2509 :
1394 2454 1457 2509 Si
1478 2453 1619 2537 ﬁlius
1648 2451 1748 2506 Dei
1774 2468 1863 2519 es,
1894 2451 1979 2522 [ac
2006 2449 2034 2489 ι)

431 2560 491 2604 ut
517 2552 603 2606 isti
632 2550 831 2621 lapides
856 2566 1013 2622 panes
1043 2549 1173 2619 ﬁant
1196 2548 1217 2622 (
1240 2547 1429 2603 Matth.
1462 2562 1550 2614 tv,
1584 2546 1648 2611 ὅς
1680 2544 1810 2600 Luc.
1838 2560 1923 2612 IV,
1953 2542 2036 2615 3),

440 2671 678 2726 auditum
705 2674 851 2743 fugat
865 2670 1051 2726 noxios
1070 2667 1306 2741 spiritus.
1320 2666 1584 2723 Prudent.
1604 2664 1870 2736 Apothes.
1887 2661 1995 2720 438
2020 2679 2033 2717 :

513 2781 1616 2847 ...............Torquetur_Apollo

500 2849 713 2899 Nomine
739 2860 1003 2909 percussus
1023 2847 1201 2899 Christi
1225 2842 1363 2909 {nec
1382 2842 1583 2909 fulmina
1607 2842 1758 2909 Verbi

504 2910 663 2962 Ferre
688 2905 871 2974 potest,
894 2912 1081 2973 agitant
1100 2905 1336 2960 miserum
1356 2913 1427 2958 tot
1451 2908 1664 2957 verbera
1684 2905 1868 2969 lingua:
1900 2905 1912 2953 !

443 3015 745 3071 Notandum
760 3016 825 3070 ad
843 3015 898 3069 h.
922 3015 961 3070 l.
982 3029 1050 3071 ex
1067 3013 1301 3071 Historia
1332 3012 1691 3070 ecclesiastica
1712 3028 1729 3067 :
1747 3009 2039 3068 Catholicos

2142 495 2166 525 ο
2204 488 2325 541 vivit
2353 486 2541 557 homo,
2571 488 2663 543 sed
2713 489 2770 543 in
2808 490 2949 544 omni
2992 492 3141 545 verbo
3187 490 3284 546 Dei
3328 490 3491 564 (Luc.
3519 507 3605 559 tv,
3634 493 3727 562 4).

2136 576 2453 636 Nescientes
2479 580 2666 652 itaque
2695 581 3059 638 substantiam
3081 584 3297 655 generis
3320 583 3579 651 humani,
3601 599 3732 655 quo-

2137 672 2372 729 tidianas
2388 674 2576 745 epulas
2598 673 2703 730 hoc
2724 674 2945 732 nomine
2959 685 3371 732 consecrarunt.
3393 675 3530 732 Nam
3547 691 3729 742 omne,

2137 781 2245 839 quo
2291 779 2589 824 vescuntur
2635 767 2924 836 homines,
2964 783 3137 840 penus
3178 777 3445 835 vocatur;
3500 768 3628 824 hinc
3680 778 3737 823 et

2137 857 2278 913 cella
2316 860 2536 928 penaria
2566 856 2628 928 ἀ,
2668 859 2796 915 hinc
2818 870 2875 916 et
2918 860 2991 915 dii
3039 870 3292 931 penates,
3324 861 3395 916 ab
3423 859 3655 929 abiectis
3683 868 3738 913 et

2137 950 2428 1022 prosuatis
2457 952 2770 1007 hominibus
2813 952 3015 1008 misera
3043 960 3173 1008 sunt
3212 950 3547 1023 cogitatione
3588 964 3739 1005 com-

2138 1047 2337 1119 posita.
2388 1046 2550 1103 Vesta
2580 1057 2761 1103 autem
2792 1047 2924 1118 quid
2965 1048 3037 1102 sit
3083 1047 3279 1103 discite
3315 1055 3373 1112 °,
3415 1060 3484 1103 ne
3529 1046 3741 1118 putetis

2138 1140 2424 1210 antiquum
2452 1140 2692 1212 aliquid,
2724 1149 2968 1195 autcum
3014 1154 3230 1195 summo
3283 1149 3495 1196 terrore
3543 1140 3741 1195 inven-

2139 1240 2273 1288 tum.
2307 1232 2456 1304 lgnis
2484 1242 2571 1288 est
2602 1233 2936 1288 domesticus
2958 1273 2973 1298 ,
3003 1231 3094 1303 qui
3126 1231 3181 1286 in
3224 1230 3359 1286 locis
3405 1231 3745 1302 quotidianis

2141 1327 2330 1383 usibus
2357 1327 2547 1382 servit.
2578 1328 2924 1397 Quapropter
2950 1341 3155 1398 coquos
3195 1326 3393 1383 habeat
3422 1325 3442 1364 π
3462 1368 3478 1391 ,
3508 1342 3617 1382 non
3644 1327 3747 1382 mi-

2138 1436 2292 1477 seras
2334 1420 2575 1492 virgines
2612 1421 2960 1487 sacerdotes,
2993 1435 3115 1491 qua:
3143 1428 3559 1475 contemnentes
3599 1419 3747 1490 ignis

2138 1512 2308 1583 ipsius
2335 1511 2704 1581 favillas,aut
2752 1513 3048 1583 prostituto
3093 1527 3328 1584 corpore
3374 1527 3600 1582 peccare
3650 1526 3751 1567 co-

2139 1615 2341 1680 guntur
2370 1616 2427 1672 8,
2473 1616 2566 1662 aut
2597 1608 2651 1662 in
2692 1605 3001 1678 virginitate
3046 1616 3461 1678 perseverantes
3505 1605 3752 1678 perdunt

2142 1701 2426 1759 honestam
2453 1699 2677 1772 gloriosi
2718 1700 2958 1756 nominis
2984 1700 3303 1772 dignitatem
3329 1696 3379 1754 ιι.

2733 1792 2966 1852 CAPUT
3002 1793 3145 1851 XVI.

2214 1886 2450 1942 Palladii
2479 1887 2731 1960 originem
2776 1889 3027 1957 exponit,
3076 1874 3289 1956 eiusque
3316 1888 3526 1942 numine
3574 1903 3753 1959 neque

2145 1978 2391 2052 Trojant,
2442 1997 2606 2049 neque
2646 1981 2900 2049 Romam,
2933 1984 2999 2036 ab
3046 1982 3286 2036 inccndio
3335 1991 3495 2036 tutam
3542 1981 3752 2054 fuisse,

2140 2091 2236 2130 nec
2261 2078 2375 2149 ejus
2418 2075 2641 2131 cultores
2669 2076 2725 2129 in
2754 2085 3014 2144 posterum
3043 2083 3183 2130 tutos
3230 2078 3450 2148 futuros.

2215 2168 2445 2225 Palladii
2494 2169 2658 2224 etiam
2712 2169 2842 2240 quid
2889 2170 2960 2225 sit
3025 2185 3221 2225 numen
3281 2170 3482 2226 audite.
3555 2170 3749 2225 Simu-

2141 2262 2347 2318 lacrum
2397 2269 2579 2318 estex
2607 2263 2826 2319 ossibus
2873 2262 3091 2333 Pelopis
3135 2261 3338 2319 factum
3372 2261 3415 2318 ί.
3437 2262 3553 2319 Hoc
3589 2263 3751 2318 Aba-

2142 2359 2220 2412 ris
2253 2356 2266 2406 l
2309 2355 2513 2427 Sctyha
2542 2354 2741 2412 fecisse
2768 2355 3118 2427 perhibetur;
3134 2357 3246 2426 jam
3277 2356 3438 2426 quale
3462 2357 3533 2412 sit
3552 2358 3754 2412 consi-

2141 2451 2355 2517 derate,
2408 2448 2552 2519 quod
2581 2448 2785 2522 Scytha
2842 2450 3107 2506 barbarus
3162 2449 3519 2505 consecravit.
3562 2448 3757 2505 Estne

2144 2542 2347 2615 aliquid
2377 2543 2519 2613 apud
2562 2542 2793 2616 Scythas
2835 2543 3071 2598 humana
3099 2542 3312 2599 ratione
3349 2540 3751 2612 compositum,

2143 2663 2414 2717 humerum
2438 2660 2717 2716 eburneum
2744 2660 2857 2715 loco
2878 2661 3057 2715 amissi
3084 2661 3330 2732 restituit.
3360 2660 3596 2732 Hyginus
3625 2660 3750 2718 fab.

2140 2734 2231 2790 8'5.
2264 2734 2423 2787 Serv.
2453 2733 2490 2786 1.
2521 2748 2571 2788 c.
2600 2732 2924 2802 Lycophron
2950 2748 3002 2787 v.
3029 2732 3132 2787 152
3163 2748 3176 2787 :
3227 2731 3332 2787 Hic
3356 2731 3591 2802 deinceps
3621 2750 3752 2787 cum

2141 2822 2207 2860 ea:
2236 2802 2378 2858 Pisis
2410 2802 2623 2875 Troiam
2651 2805 2961 2875 deferretur,
2989 2804 3128 2875 quod
3152 2806 3263 2859 sine
3283 2805 3379 2859 illo
3401 2820 3513 2859 osse
3544 2816 3588 2858 et
3609 2821 3752 2859 arcu

2142 2874 2458 2948 Philoctetis
2483 2873 2633 2931 Ἴλιον
2659 2873 2955 2948 δῃάλωτον
2980 2873 3192 2948 oraculo
3218 2876 3562 2948 accepissent,
3600 2892 3749 2948 erat.

2142 2947 2322 3020 [regio
2340 2948 2491 3016 periit
2510 2950 2668 3020 juxta
2690 2945 2940 3020 Euboeam
2956 2962 3033 3020 ,‘tt
3068 2945 3411 3002 Damni-meno
3434 2962 3550 3000 vero
3570 2947 3755 3020 pisca-

2142 3017 2250 3073 tore
2275 3017 2560 3073 Eretriensi
2580 3019 2919 3090 expiscatum,
2948 3017 3029 3072 illi
3049 3029 3094 3072 et
3114 3020 3329 3090 posteris
3353 3019 3754 3077 custodiendum

442 3089 683 3155 spiritum
698 3104 965 3142 erroneum
992 3087 1289 3158 objurgasse
1303 3085 1498 3158 etultro
1525 3087 1664 3154 loqui
1686 3073 2036 3156 prohibuis’se;
2064 3077 2109 3140 C
2143 3090 2460 3146 tradebatur.
2485 3073 2717 3144 Pausan.
2744 3073 2919 3143 Eliac:
2937 3105 2974 3154 ι,
3003 3105 3053 3144 e.
3087 3073 3175 3144 1'5.
3207 3089 3286 3144 Ex
3319 3090 3404 3144 illa
3422 3073 3752 3154 traditione,

447 3158 794 3213 Montanistas
840 3168 1021 3229 contra
1059 3158 1127 3211 ad
1147 3156 1465 3229 loquendum
1511 3158 1685 3229 plura
1716 3171 2035 3226 provocasse.

447 3231 641 3285 Rourn
695 3229 960 3300 Reliquia:
1002 3228 1185 3284 Sacra:
1228 3244 1279 3295 ι,
1337 3228 1779 3300 M6._Eamdem
1829 3242 2043 3300 quoque

446 3300 750 3356 Gentilibus
778 3298 851 3355 de
883 3300 934 3354 vi
982 3300 1382 3369 adjuratiunum
1432 3298 1714 3355 inhaesisse
1738 3298 2044 3369 persuasio-

446 3388 573 3426 nem
591 3371 988 3427 docetlocusin
1018 3368 1230 3425 Firmici
1261 3371 1573 3425 Astrouom.
1592 3387 1649 3435 ιι,
1678 3368 1793 3425 ρί9
1826 3387 1837 3422 :
1863 3368 2045 3423 Faciet

449 3444 733 3497 exorcistas
756 3454 805 3497 et
821 3444 910 3513 qui
932 3441 1222 3497 laborantes
1249 3444 1541 3497 daemonum
1560 3443 1851 3513 incursione
1879 3440 2047 3513 [tomi-

448 3531 538 3568 nes
561 3515 695 3586 aptis
720 3510 957 3586 remediis
984 3512 1471 3586 liberent.Plura_de
1496 3512 1784 3569 exorciStis
1813 3510 1933 3567 vide
1952 3526 2042 3582 ap.

456 3584 811 3656 Binghamum
837 3585 1019 3655 Origg.
1049 3584 1185 3656 eccl.
1218 3595 1349 3639 tom.
1382 3584 1458 3649 ll,
1489 3600 1543 3654 p.
1576 3586 1643 3641 19
1674 3600 1791 3654 seq.

521 3655 778 3712 “Cicero
808 3659 875 3712 de
923 3657 986 3710 N.
1026 3655 1180 3712 deor.
1214 3672 1274 3722 tt,
1319 3672 1370 3711 c.
1414 3656 1508 3722 27,
1558 3667 1613 3712 et
1653 3656 1722 3712 ibi
1784 3655 2042 3709 Creuzer.

447 3727 589 3784 'l‘oh.
638 3728 903 3796 Hempclii
955 3729 1023 3783 de
1070 3727 1179 3782 Diis
1222 3727 1466 3783 Laribus.
1524 3726 1842 3783 Zwickaviae
1884 3727 2044 3781 i797.

446 3800 615 3871 Jertu.
650 3800 840 3855 Muller
888 3801 1112 3855 DiSsert.
1142 3799 1348 3871 finaug.
1398 3800 1467 3854 de
1515 3800 1626 3854 Diis
1675 3799 2045 3871 Romanorum

450 3870 683 3926 Laribus
708 3880 763 3927 et
793 3870 1105 3927 Penatibus.
1137 3870 1311 3926 Hafn.
1345 3871 1502 3927 1811.
1548 3871 1786 3928 Creuzer
1830 3886 1901 3938 ιι,
1943 3870 2048 3924 747

451 3958 563 4052 δεὲ
595 4013 703 4067 Fac
731 4014 889 4071 unice
933 4022 1111 4069 exstat
1157 4013 1298 4083 apud
1348 4014 1668 4070 Firmicum.
1716 4013 1773 4070 In
1822 4011 2050 4084 reliquis

454 4084 754 4159 Codieibus
769 4086 1101 4159 etPatribus
1118 4087 1255 4159 ,__qui
1273 4157 1280 4159 _
1298 4087 1910 4159 Autehiernnymiannm
1959 4088 2053 4139 ba-

452 4158 583 4212 bent
610 4155 842 4227 Matthaci
865 4166 920 4212 et
940 4156 1100 4211 Lucae
1129 4156 1476 4221 Versioncm,
1506 4155 1705 4227 legitur
1733 4158 1839 4212 dic.

530 4238 553 4266 ε
601 4226 721 4298 Non
748 4230 801 4281 in
823 4245 955 4298 pane
977 4237 1196 4281 tantum.
1227 4227 1436 4297 Reliqui
1475 4226 1675 4284 habent
1718 4231 1850 4283 solo.
1886 4227 2055 4282 Maxi-

452 4312 576 4352 mus
604 4297 954 4352 Taurinensis
982 4300 1258 4355 consentit
1283 4315 1404 4354 cum
1436 4298 1692 4356 Firmico.
1726 4300 1861 4356 Vide
1884 4299 2056 4355 Saba-

447 4370 580 4495 ἐξςί
631 4370 768 4424 ιιίω.
803 4368 1023 4425 Sacror.
1052 4369 1271 4426 Latinas
1308 4373 1591 4428 vcrsioues
1620 4371 1871 4443 antiquas
1900 4373 1963 4438 5,
1999 4388 2051 4441 p.

521 4510 1086 4640 d‘gestusQPenora.
1134 4511 1306 4568 Varro
1336 4512 1404 4568 de
1453 4512 1665 4585 Lingua
1714 4515 1907 4571 Latina
1952 4514 1988 4569 li

521 4626 526 4638 .
627 4599 737 4640 ow.

452 4599 526 4640 IV.
563 4599 737 4641 WOW.

531 4666 555 4693 ο
600 4657 674 4712 De
709 4655 868 4712 Vesta
891 4656 963 4712 cf.
994 4657 1109 4714 Cic.
1142 4656 1211 4712 de
1240 4655 1361 4711 Nat.
1395 4655 1538 4712 Deor
1567 4671 1623 4720 ιι,
1665 4671 1716 4712 c.
1746 4657 1816 4713 27
1843 4674 1858 4724 ;
1892 4656 2053 4714 Ovid.

455 4725 671 4799 Fastor.
703 4743 781 4792 Ill,
829 4726 921 4795 45,
945 4740 999 4785 et
1018 4746 1105 4795 vr,
1135 4728 1244 4784 250
1268 4743 1425 4799 seq.;
1457 4727 1666 4783 Arnob.
1700 4746 1786 4799 ιιι,
1818 4730 1920 4796 32,
1965 4745 2017 4784 ιν
2041 4771 2056 4795 ,

457 4797 563 4872 555
598 4800 787 4872 lsidori
817 4800 999 4872 Origg.
1031 4818 1081 4856 ιιι
1103 4844 1118 4866 ,
1148 4816 1198 4856 c.
1230 4801 1318 4855 11.

532 4870 554 4908 ί
593 4870 804 4927 lrrisio!

530 4951 556 4990 ε
600 4943 748 4998 llaud
781 4943 1025 5010 intelligo
1045 4942 1317 5014 quomodo
1341 4942 1407 4997 ad
1438 4942 1773 5012 peccandum
1801 4945 1920 5013 cOgi
1945 4944 2051 4999 dici

457 5014 669 5087 possint
698 5014 933 5087 virgines
964 5014 1237 5077 VeStales,
1270 5014 1322 5087 in
1346 5029 1573 5083 quarunt
1599 5015 2048 5070 incontinentiam

455 5101 521 5139 ex
571 5085 797 5154 legibus
827 5086 1237 5143 Pontilit-alihus
1281 5085 1648 5140 Romanorum
1706 5087 2051 5142 severissime

457 5156 1001 5212 animadverteretur.
1033 5157 1222 5229 Neque
1248 5168 1621 5210 contemnentes
1650 5156 1781 5210 illud
1826 5156 2047 5213 Firntici

458 5240 580 5279 cum
612 5230 789 5300 verbis
828 5238 917 5282 aut
943 5231 998 5282 in
1038 5231 1330 5300 virginitate
1370 5236 1748 5300 perseverantes
1792 5230 2042 5299 perdunt,

454 5306 563 5350 etc.
590 5338 605 5358 ,
635 5298 907 5366 quadrare
928 5298 1164 5355 videtur.
1188 5300 1358 5355 Totus
1390 5300 1540 5353 locus
1571 5298 1809 5365 laborat,
1859 5308 1915 5354 et
1959 5301 2045 5355 vix

456 5367 812 5441 in_integrum
846 5372 1055 5425 restitui
1084 5372 1299 5441 poterit.

528 5432 556 5471 ιι
595 5432 693 5513 Sc:
719 5442 853 5513 quia
883 5432 1123 5498 caelibem
1169 5447 1333 5497 vitam
1379 5455 1484 5496 non
1529 5439 1661 5505 Deo,
1697 5440 1792 5495 sed
1820 5441 2046 5513 impura:

459 5504 694 5562 dzemani
719 5504 896 5565 Vestae
921 5522 1391 5569 consecraverant.

538 5576 554 5613 ί
596 5576 809 5659 Cogitat
836 5582 1161 5659 dehuutero
1183 5584 1432 5652 Pelopis,
1459 5598 1619 5655 quem
1646 5582 1810 5638 Ceres
1824 5584 1886 5659 in
1910 5598 2046 5653 cpu-

455 5644 510 5727 lo
536 5663 565 5701 a
597 5644 823 5727 'l'autalo
852 5652 966 5727 diis
990 5666 1175 5722 parato
1205 5644 1390 5725 parum
1410 5644 1585 5727 r'cn'uta
1602 5694 1623 5727 ε
1649 5670 1770 5709 cum
1821 5644 2045 5727 Proser-

450 5721 1561 5808 ἒξξιῆπιτεεξνίξεέηιιιιεεςεινζευψεαςνειο
1593 5725 1750 5798 δεῖνι
1796 5728 1863 5808 ad
1896 5726 2042 5808 ηνίτ-

449 5788 543 5854 gil.
570 5788 764 5856 Georg.
796 5805 875 5857 ιιι,
903 5792 936 5844 7
955 5812 967 5847 :
994 5788 1088 5848 Cui
1117 5812 1147 5848 a
1179 5788 1285 5850 diis
1314 5797 1367 5849 in
1411 5792 1564 5851 vitam
1607 5794 1840 5851 revocato
1888 5795 2041 5852 Ceres

1996 4478 2134 4571 b.D

2149 3162 2435 3216 humerum
2458 3160 2674 3230 Pelopis
2701 3160 2768 3214 ad
2799 3160 3020 3216 Graecus
3046 3160 3266 3230 Trojam
3301 3161 3619 3217 obsidentes
3651 3161 3755 3216 de-

2147 3232 2315 3287 latum
2339 3230 2529 3296 fuisse,
2554 3242 2673 3287 orta
2700 3239 2782 3286 est
2804 3232 2971 3286 altera
3002 3231 3205 3295 fabula,
3238 3247 3305 3287 ex
3336 3247 3403 3285 eo
3430 3248 3459 3285 a
3487 3231 3751 3301 Troianis

2147 3302 2449 3373 Palladium
2486 3302 2683 3359 factum
2707 3317 2851 3358 esse.
2880 3303 3029 3358 Hanc
3070 3312 3267 3373 praeter
3308 3302 3597 3358 Firmicum
3650 3303 3752 3358 ha-

2147 3374 2239 3430 bet
2267 3372 2522 3445 Clemens
2545 3373 2702 3429 Alex.
2727 3373 3001 3443 Protrept.
3035 3372 3084 3428 (ιζ
3111 3376 3165 3429 4.
3191 3389 3242 3445 p.
3268 3372 3360 3436 41.
3391 3375 3479 3429 ed.
3511 3374 3708 3430 Putter
3732 3395 3749 3431 :

2149 3446 2324 3531 ρο).λοί
2341 3441 2457 3531 β’ἂν
2475 3448 2627 3531 ῖὰχα
2647 3441 2981 3531 Gangeticis»:
3010 3448 3054 3501 si
3087 3441 3287 3531 pavit?
3316 3448 3372 3503 τὸ
3391 3445 3755 3531 {Iul-Materni

2149 3515 2715 3597 διοπεῖέςβαᾎρῦᾖέενογ
2742 3515 2773 3597 ᾇ
2793 3515 3040 3597 Διομήδης
3076 3515 3161 3573 noti
3181 3517 3459 3597 Ὀδυεσξὺς
3480 3520 3755 3597 £970,009:-

2148 3610 2238 3643 ται
2266 3592 2358 3660 μέν
2377 3588 2655 3666 ᾗύφελέσθαι
2674 3592 2783 3666 Δᾆιιιιὸ
2834 3588 2980 3666 Ἰλίου
3013 3591 3467 3666 παρακαταθέσρσι
3492 3588 3551 3645 δί

2150 3669 2337 3736 olimst,
2368 3662 2435 3716 in?
2470 3669 2579 3736 1&3
2610 3662 2840 3736 yﬂonoc
2877 3662 3757 3736 ooréuu‘ursmua'to'99,u6érrsp

2150 3729 2211 3786 +6
2227 3730 2503 3809 :Qluptmoy
2525 3729 2580 3798 ἕξ
2600 3731 2759 3809 ἄλλῳν
2784 3734 2948 3787 ὀστῶν
2966 3731 3173 3788 Ἰνδικοῦ
3188 3735 3382 3809 θηρᾷουζ
3395 3731 3582 3809 ujus
3596 3729 3760 3787 abut:-

2154 3801 2243 3856 nei
2275 3801 2487 3857 humeri
2542 3805 2874 3873 intentionem
2927 3819 3145 3873 quoque
3194 3801 3323 3858 ta'cit
3352 3804 3716 3858 Philostratus
3740 3846 3755 3870 ,

2154 3873 2357 3945 lmagg.
2406 3887 2456 3929 c.
2507 3873 2599 3929 50.
2631 3873 2767 3929 Cum
2811 3872 3094 3945 Clemente
3123 3877 3395 3929 consentit
3420 3875 3633 3945 Arnob.
3663 3891 3715 3930 tv
3739 3918 3756 3941 ,

2153 3944 2228 4000 25
2259 3963 2272 4000 :
2314 3944 2457 4010 Quis
2492 3962 2558 3999 ea;
2581 3946 2814 4012 reliquiis
2843 3944 3057 4014 PeIOpis
3086 3957 3412 4015 compactum
3437 3962 3550 4001 esse
3579 3944 3761 4000 Palla-

2162 4016 2306 4069 dium
2334 4017 2565 4087 prodidit
2589 4017 2614 4070 ?
2640 4034 2740 4071 non
2768 4033 2856 4071 vos
2884 4019 2910 4071 ?
2962 4016 3079 4073 Huc
3112 4018 3383 4087 pertinere
3432 4018 3760 4082 Cassandra:

2156 4087 2320 4142 verba
2352 4088 2490 4158 apud
2518 4086 2931 4159 Lyc0phrouem
2960 4105 3011 4144 v.
3037 4086 3129 4156 δικ
3161 4089 3426 4145 Meursius
3455 4089 3759 4146 existimat:

2408 4191 2559 4230 Δώσω
2581 4204 2639 4237 σι,
2657 4191 2812 4242 τλῆμον,
2837 4188 3007 4243 διῦεηρθν
3024 4194 3247 4245 meum.in

2409 4249 2445 4289 Τ
2443 4259 2500 4300 αις
2523 4254 2559 4292 τ’
2582 4256 2765 4301 Madet:
2787 4256 2904 4307 χιρσὶ.
2924 4261 3006 4302 ταῖς
3026 4269 3069 4294 τι
3090 4251 3301 4302 Tun-olm,

2409 4318 2610 4368 Διιτρὶνιν
2629 4316 2837 4368 οιιιουρυῦσι
2852 4317 3035 4369 λιιψάνοις
3055 4331 3165 4369 tum

2412 4374 2552 4426 Παιδὸς
2568 4379 2881 4431 usasecluer
2903 4380 3045 4432 αιοὰλγ
3066 4376 3193 4429 dim.

2161 4450 2240 4527 iis
2273 4452 2681 4527 comparatione
2711 4452 2935 4527 Palladii
2965 4467 3086 4509 cum
3116 4454 3251 4510 Jove
3278 4453 3536 4527 Olympio
3569 4457 3760 4525 proba-

2168 4522 2275 4597 bile
2300 4533 2383 4578 est
2418 4524 2746 4597 Clementem
2777 4524 2847 4597 de
2876 4524 3102 4597 humero
3140 4522 3381 4581 eburneo
3410 4522 3630 4597 Pelopis
3669 4544 3759 4583 co—

2162 4596 2384 4664 gitasse.
2428 4592 2727 4663 Acceperat
2774 4594 2944 4663 forte,
2973 4596 3272 4652 Palladium
3324 4599 3469 4667 apud
3515 4592 3756 4655 Vestales

2164 4667 2436 4738 Romanas
2485 4677 2760 4738 servatum
2809 4683 2876 4722 ex
2922 4682 3046 4723 osse
3093 4668 3290 4724 factum
3340 4684 3497 4738 esse;
3533 4681 3757 4727 vetusta

2162 4736 2326 4807 igitur
2357 4736 2551 4791 fabulae
2584 4738 3024 4814 iidem‘habuit.
3085 4739 3345 4814 Palladii,
3390 4736 3551 4811 cujus
3600 4746 3753 4814 primi

2160 4818 2413 4864 auctores
2459 4808 2733 4864 exstitisse
2783 4809 3028 4865 feruntur
3084 4810 3323 4867 Lesches
3390 4808 3475 4868 et'
3502 4808 3756 4870 Arctinus

2159 4878 2181 4950 (
2202 4880 2428 4953 llesych.
2483 4896 2535 4932 v.
2586 4879 2908 4953 Διομήδειος)
2934 4922 2948 4945 ,
2983 4881 3265 4948 ultimam,
3294 4895 3562 4953 quantum
3609 4887 3752 4953 scio,

2157 4951 2404 5004 notitiam
2455 4951 2765 5021 suppeditat
2799 4953 3133 5008 Herodianus
3158 4954 3251 5009 lib.
3284 4951 3337 5020 1—,
3362 4970 3414 5010 c.
3447 4958 3539 5011 14.
3582 4951 3755 5012 Vesué

2158 5021 2673 5086 temploCommodi
2707 5032 2949 5093 tempore
2977 5026 3101 5091 igne
3129 5025 3341 5092 deleto,
3376 5026 3625 5083 Vestales
3652 5031 3745 5083 vir

2154 5094 2306 5170 gines
2332 5093 2626 5170 Palladium
2662 5110 2764 5148 una
2785 5110 2920 5170 cum
2952 5096 3217 5170 aliisquze
3243 5102 3544 5154 servabant
3572 5101 3752 5170 pigno-

2155 5164 2304 5235 ribus
2330 5164 2541 5233 imperii
2569 5164 2800 5221 Romani
2840 5166 2905 5220 ad
2940 5164 3247 5235 pnntilicem
3278 5164 3588 5224 maximum
3608 5164 3752 5225 e'um-

2152 5234 2399 5306 demque
2429 5238 2808 5305 imperatorem
2852 5237 2903 5292 iu
2942 5234 3236 5293 Palatinas
3279 5240 3427 5295 :edes
3470 5242 3754 5297 detulisse.

2153 5304 2308 5361 Unde
2362 5304 2626 5362 Firmicus
2682 5324 2803 5374 quae
2855 5308 2925 5363 de
2968 5309 3206 5365 Palladio
3260 5311 3423 5366 tradit
3477 5314 3752 5376 hauserit,

2151 5378 2430 5451 nos_latet.
2465 5378 2625 5451 Plura
2676 5379 2837 5434 habet
2883 5395 3046 5451 quam
3093 5380 3384 5448 Clemens;
3437 5385 3754 5449 venditum,

2148 5449 2529 5504 suhhastatum
2588 5450 2757 5505 fuisse
2811 5449 2917 5505 ait.
2963 5452 3090 5506 llaec
3140 5468 3272 5509 vero
3324 5470 3392 5509 ex
3447 5457 3754 5513 Euhemero

2147 5534 2287 5591 eum
2321 5521 2644 5588 sumpsisse,
2675 5521 2949 5591 conjicere
2981 5523 3127 5579 licet.

2221 5593 2235 5641 l
2268 5590 2332 5670 in
2370 5591 2735 5670 .edilionibus
2766 5594 2968 5670 Avarus
2997 5595 3199 5670 §cytlta
3242 5596 3327 5653 bis
3375 5597 3598 5670 legitur.
3620 5598 3749 5655 Sine

2147 5659 2959 5738 hzrsitationecorrex[Alteris
2986 5659 3210 5738 chtlta,
3237 5685 3398 5738 quem
3426 5659 3748 5726 Aristotcles

2145 5732 2306 5804 Burin
2334 5735 2594 5804 appellat.
2621 5734 2704 5791 Cf.
2733 5732 3082 5802 Scaligeruni
3132 5732 3205 5795 in'
3242 5732 3506 5798 Gronovii
3546 5743 3741 5799 Μίιιιιε.

2146 5800 2327 5861 Felice
2353 5800 2691 5876 et'Firtnico,
2722 5820 2776 5879 p.
2803 5800 2930 5866 ιδιε
