3970 6408
157 311 296 371 101³1

1109 317 1198 374 DE
1235 317 1519 376 ERRORE
1559 319 2036 381 PROFANARUM
2079 323 2532 384 RELIGIONUM.

3331 327 3474 386 1018

154 433 210 480 et
237 425 328 481 illa
355 423 522 482 effera
567 438 702 498 gens
732 425 1061 500 (hominum)
1088 437 1145 484 et
1168 431 1376 486 crudeli
1403 439 1564 502 atque
1603 434 1762 489 inhu-
1786 437 1839 498 Α
1865 450 1934 491 ex
1957 447 2009 492 te
2029 437 2318 494 collectum
2349 439 2402 493 in
2421 437 2705 510 apothecis
2727 440 3025 499 Dominicis
3049 441 3238 514 reponi
3264 445 3474 515 possit:

156 531 316 572 mana
357 533 576 588 semper
631 519 1231 590 atrocitate'grassata,
1275 522 1331 577 in
1361 525 1758 581 constituendis

153 611 510 683 religionibus
563 623 776 668 rectum
821 614 1030 686 aliquid
1053 616 1228 686 potuit
1255 617 1500 673 invenire
1528 619 1552 673 ?
1576 619 1760 675 Simu-

153 704 363 762 lacrum
405 706 509 762 hoc
539 707 792 778 Troianis
839 709 1036 765 Abaris
1066 711 1330 780 vendidit,
1354 715 1535 770 stultis
1583 714 1761 771 homi-

151 798 314 854 nibus
341 813 482 854 vana
513 801 859 870 promittens.
888 802 1237 860 Vendebatur
1265 806 1430 874 Deus,
1451 817 1506 862 ut
1535 807 1762 878 prodes-

150 902 238 950 set
261 895 524 965 emptori,
577 905 631 950 et
676 905 894 968 emptor
921 898 1242 968 suppliciter
1281 900 1568 968 adorabat,
1602 903 1759 971 quic-

151 985 282 1057 quid
337 988 502 1056 paulo
552 996 680 1042 ante
738 987 948 1044 viderat
999 989 1400 1046 subhastatum.
1440 989 1758 1050 Substantia

148 1089 330 1136 autem
382 1081 662 1138 simulacri
712 1083 885 1151 ipsius
923 1099 992 1140 ex
1023 1085 1240 1142 ossibus
1297 1087 1513 1158 Pelopis
1557 1096 1660 1144 est.
1699 1088 1758 1145 Si

148 1173 388 1228 humana
413 1174 493 1229 vis
517 1175 746 1230 miseros
773 1175 1027 1233 homines
1058 1193 1183 1234 ossa
1216 1182 1489 1248 venerari,
1521 1179 1760 1250 purioris

146 1265 344 1322 saltem
372 1275 426 1320 et
449 1266 707 1322 castioris
733 1268 971 1323 hominis
1001 1269 1260 1340 reliquias
1279 1279 1306 1308 ι
1336 1271 1549 1342 collige.
1583 1271 1756 1328 Acce-

145 1358 247 1413 dat
273 1356 446 1424 idolo,
467 1359 612 1428 quod
637 1358 794 1426 lacis,
813 1375 878 1416 ex
903 1360 1139 1416 hominis
1170 1362 1456 1418 virtutibus
1479 1365 1755 1420 meritum.

145 1451 348 1521 Pelops
375 1451 427 1506 in
458 1451 669 1507 deliciis
695 1455 960 1508 amatoris
985 1453 1108 1521 luit,
1141 1463 1195 1510 et
1234 1455 1328 1510 diu
1354 1455 1628 1526 prostituti
1657 1472 1756 1526 pu-

143 1543 299 1600 doris
325 1545 520 1599 damna
550 1546 829 1600 sustinuit.
853 1546 958 1602 Sed
988 1563 1087 1602 nec
1115 1549 1302 1601 adulto
1345 1549 1396 1604 ei
1441 1549 1619 1604 scelus
1664 1549 1758 1604 de-

141 1638 267 1695 fuit.
300 1639 352 1696 is
375 1641 545 1706 enim,
571 1642 730 1711 cujus
763 1642 924 1698 ﬁliam
953 1643 1192 1714 petebat,
1225 1659 1348 1700 cum
1399 1645 1592 1701 fraude
1634 1661 1758 1717 pro-

141 1733 340 1790 ditoris
371 1733 639 1790 occidit”.
673 1735 1020 1792 Proditorem
1064 1737 1228 1792 etiam
1278 1739 1454 1809 ipsum
1504 1741 1757 1810 perjuriis

1861 527 2081 584 ardebis
2104 529 2402 600 uts’tipula,
2429 532 2582 600 cujus
2625 535 2802 589 inanis
2832 535 3012 592 vilitas
3043 536 3096 591 in
3147 536 3366 592 cineres
3395 535 3478 591 fa-

1861 622 2129 694 villasque
2157 635 2430 692 servatur,
2478 643 2640 698 quam
2687 643 2852 698 rapax
2884 630 3022 700 ignis
3050 631 3311 688 violentia
3336 645 3472 687 con-

1860 715 2031 786 geniti
2053 717 2279 786 spiritus
2303 719 2564 789 pascitur.
2599 721 2697 777 llic
2727 732 2810 776 est
2862 724 3044 780 exitus
3079 724 3311 796 ﬁnisque
3342 739 3466 781 ves-

1863 818 1946 865 ter
1979 827 1990 862 :
2018 809 2133 866 lucc
2159 822 2242 868 est
2271 827 2453 882 poena,
2495 821 2658 884 quam
2716 830 2816 884 pro
2849 814 3097 885 deceptis
3149 817 3467 872 hominibus

1862 901 2010 956 Deus
2035 904 2242 970 statuit,
2271 912 2331 958 ut
2363 905 2638 975 perpetuis
2661 905 2848 960 ardeat
2878 905 3135 974 ﬂammis,
3154 909 3243 979 qui
3267 917 3462 962 contra

1862 995 2200 1052 voluntatem
2231 999 2326 1054 Dei
2371 999 2628 1055 miserum
2680 1000 2958 1056 hominem
3010 1013 3105 1056 aut
3135 1001 3470 1074 decepitaut

1860 1091 2116 1162 perdidit.
2148 1092 2288 1148 Volo
2326 1109 2458 1148 sane
2509 1093 2798 1163 diligenter
2851 1094 3150 1166 inquirere,
3185 1095 3342 1167 cujus
3367 1095 3467 1151 Mi-

1860 1198 2042 1238 nervae
2075 1183 2179 1239 hoc
2205 1184 2396 1240 volunt
2440 1199 2563 1240 esse
2616 1187 2826 1256 signum
2857 1185 2903 1241 τ.
2935 1185 3129 1242 Plures
3181 1189 3326 1242 enim
3367 1186 3466 1242 Mi-

1860 1291 2055 1332 nervas
2087 1275 2256 1332 fuisse
2285 1285 2522 1344 constat,
2549 1294 2650 1334 nec
2680 1279 2879 1349 aliquis
2924 1281 2975 1334 in
3028 1282 3127 1335 ista
3177 1291 3332 1350 parte
3351 1281 3464 1337 dis-

1859 1369 2045 1424 sentit.
2091 1369 2440 1440 Singularum
2483 1371 2666 1440 itaque
2710 1385 2903 1441 genus,
2935 1371 3462 1436 institutum,artem

1859 1462 2316 1534 prepositumque
2345 1463 2610 1530 dicamus,
2644 1473 2704 1518 ut
2751 1478 2815 1520 ex
2841 1463 2926 1519 Itis
2949 1465 3204 1520 omnibus
3227 1467 3464 1522 inveniri

1860 1553 2049 1624 possit,
2081 1554 2384 1610 Palladium
2423 1556 2584 1626 cujus
2607 1556 2864 1612 Minervae
2907 1557 2978 1611 sit
3016 1558 3237 1613 nomine
3267 1571 3464 1613 conse-

1858 1659 1951 1701 cra
1961 1657 2093 1700 lunt.

2463 1738 2696 1798 CAPUT
2737 1739 2905 1796 XVII.

141 1843 438 1900 aggressus
491 1841 596 1896 est,
648 1841 703 1885 et
760 1847 830 1886 ne
882 1833 1149 1902 promissa
1198 1833 1452 1888 redderet
1503 1835 1748 1904 praemia,
1781 1849 1830 1909 Β
1859 1829 1938 1886 De
1958 1833 2181 1902 quinque
2211 1831 2462 1887 Miuervis
2487 1835 2615 1905 agit.
2644 1833 2851 1900 Quintae
2875 1832 3141 1889 Pallantis
3160 1833 3306 1904 ﬁliae,
3338 1833 3462 1889 Pal-

139 1920 293 1977 hunc
315 1922 566 1978 eumdem
596 1939 693 1994 per
718 1924 945 1993 abrupta
977 1925 1274 1996 praecipitia
1291 1925 1538 1996 jactavit.
1565 1926 1642 1981 En
1663 1941 1756 1981 cu-

133 2015 229 2086 ius
259 2016 432 2071 electa
457 2027 748 2084 suntossa,
783 2027 840 2072 ut
887 2018 1030 2073 Deus
1061 2017 1237 2084 ﬁeret,
1261 2019 1353 2090 qui
1384 2019 1544 2074 urbes
1573 2029 1627 2074 et
1661 2035 1752 2075 re-

135 2124 248 2179 gna
275 2121 544 2166 servaret.
576 2111 683 2167 Sed
717 2128 816 2167 nec
872 2114 1112 2167 servavit
1141 2111 1432 2185 aliquando
1466 2130 1565 2170 nec
1623 2130 1751 2186 pro-

135 2199 269 2269 fuit,
301 2211 358 2258 et
381 2202 512 2273 quid
539 2218 600 2259 se
642 2216 886 2270 maneat,
921 2222 986 2261 ex
1019 2207 1257 2274 urbium,
1298 2207 1352 2262 in
1402 2208 1604 2278 quibus
1631 2207 1750 2274 fuit,

134 2295 362 2350 casibus
392 2297 548 2352 vidit.
585 2297 806 2354 Incensa
833 2309 916 2354 est
965 2299 1126 2372 Troja
1167 2317 1194 2354 a
1241 2301 1470 2371 Graecis,
1523 2319 1554 2357 a
1579 2303 1754 2359 Gallis

143 2386 327 2442 Roma
355 2396 411 2444 et
438 2405 506 2445 ex
539 2398 773 2462 utroque
801 2392 1054 2448 incendio
1083 2395 1380 2450 Palladium
1414 2405 1750 2451 reservatum

137 2487 228 2534 cst
259 2489 308 2534 ε.
350 2481 455 2536 Sed
494 2493 831 2538 reservatum
877 2501 983 2539 non
1043 2487 1280 2558 propriis
1312 2487 1622 2556 virtutibus,
1656 2488 1750 2544 sed

137 2573 386 2628 humano
417 2575 676 2645 praesidio
724 2593 738 2630 :
785 2578 854 2633 ab
881 2587 1116 2649 utroque
1149 2583 1292 2634 enim
1354 2580 1474 2636 loco
1505 2582 1752 2639 homines

137 2667 406 2736 liberant,
441 2679 496 2724 ct
527 2671 848 2726 translatum
878 2681 982 2740 est,
1014 2689 1083 2728 ne
1127 2674 1366 2728 humano
1389 2673 1643 2746 ﬂagraret
1671 2676 1753 2731 in-

145 2760 366 2816 cendio.
396 2760 570 2816 Tanto
602 2763 808 2818 numini
857 2763 1092 2819 humana
1125 2767 1347 2820 luerunt
1375 2767 1630 2838 praesidia
1654 2783 1744 2823 ne-

136 2857 408 2922 cessaria,
427 2867 482 2911 et
505 2872 571 2912 nc
599 2857 837 2924 arderet,
872 2859 1442 2930 hutnanum‘qumsivit
1464 2861 1746 2917 auxilium.

133 2946 379 3002 Dilatum
403 2958 487 3002 est
509 2949 813 3004 Palladium
846 2951 914 3005 ab
945 2951 1224 3017 inccndio,
1258 2969 1363 3007 non
1393 2953 1743 3010 liberatum“.

135 3041 264 3098 Stat
313 3043 604 3109 sententia,
654 3054 837 3100 manet
894 3061 1094 3116 poena,
1131 3047 1268 3118 ignis
1297 3047 1565 3115 imminet,
1609 3049 1748 3119 ignis

131 3141 320 3202 urget,
345 3147 506 3204 quem
537 3135 710 3190 vitare
735 3153 842 3191 non
878 3139 1096 3207 poterit.
1126 3137 1244 3195 .lam
1271 3143 1504 3208 parturit
1534 3142 1744 3196 ﬂamma

1931 1925 2127 1980 (artium
2181 1925 2473 1980 dedicatum
2550 1927 2750 1994 fuisse,
2811 1929 2961 1997 cujus
3002 1937 3059 1981 ut
3105 1937 3464 1982 concremetur

1927 2018 2121 2088 imago,
2145 2018 2513 2086 deleanturque
2558 2019 2767 2086 tentata,
2799 2019 3059 2084 hortatur,
3107 2019 3265 2074 simul
3289 2021 3342 2074 in
3371 2036 3464 2074 sa-

1927 2127 2132 2166 crorum
2175 2113 2341 2180 ritus,
2394 2113 2581 2182 quibus
2637 2111 2867 2166 homines
2920 2128 3132 2181 peccare
3185 2111 3458 2178 docentur,

1931 2214 2105 2271 turpes
2133 2213 2180 2257 et
2221 2213 2458 2258 cruentos
2501 2203 2781 2270 invehitur,
2829 2219 3014 2272 eosque
3066 2201 3308 2276 abrogari
3339 2218 3459 2273 pos-

1927 2296 2084 2351 tulat.

1925 2387 2175 2458 Quinque
2198 2387 2470 2443 Minervas
2494 2397 2520 2435 8
2549 2388 2720 2443 fuisse
2752 2386 3060 2458 legentibus
3112 2385 3270 2442 nobis
3297 2385 3468 2442 tradit

1854 2481 2168 2550 antiquitas.
2203 2479 2322 2536 Una
2349 2490 2432 2536 est
2473 2479 2702 2536 Vulcani
2735 2480 2864 2546 ﬁlia,
2899 2495 3018 2548 quae
3045 2478 3291 2534 Athenas
3330 2493 3461 2534 con-

1852 2576 2009 2640 didit,
2033 2587 2192 2646 quam
2225 2591 2291 2630 ex
2322 2576 2626 2646 agrestibus
2649 2575 2784 2630 locis
2808 2575 2876 2628 ad
2903 2573 3124 2628 urbana:
3162 2586 3460 2627 conversa-

1853 2669 2018 2725 tionis
2043 2669 2288 2724 ordiuem
2337 2669 2536 2722 rustica
2582 2669 2736 2723 turba
2767 2667 3025 2722 comitata
3063 2677 3171 2726 est.
3201 2665 3324 2722 Fuit
3352 2665 3462 2722 alia

1855 2763 1908 2818 in
1936 2759 2234 2834 (Egyptoh,
2256 2761 2364 2817 Nili
2394 2763 2537 2832 regis
2566 2761 2675 2817 lilia
2713 2761 2754 2826 ί,
2805 2759 3056 2816 textrinte
3083 2761 3216 2814 artis
3263 2758 3464 2829 magis-

1853 2865 1955 2912 tra.
1997 2857 2180 2911 Tertia
2215 2866 2367 2926 patre
2393 2857 2633 2911 Saturno
2663 2854 2843 2925 genita
2884 2865 2989 2909 est.
3017 2853 3123 2907 Sed
3153 2851 3294 2906 hanc
3315 2851 3464 2906 vira-

1848 2951 2029 3022 ginem
2059 2949 2224 3006 fuisse
2250 2957 2686 3006 commemorant
2710 2967 2722 3003 :
2753 2964 2875 3004 nam
2904 2961 3197 3018 numquam
3231 2960 3290 3000 se
3319 2945 3458 3000 intra

1850 3043 2070 3102 feminei
2093 3059 2256 3099 sexus
2280 3045 2665 3100 verecundiam
2691 3043 2884 3106 tenuit,
2919 3039 3016 3095 sed
3049 3053 3200 3092 arma
3235 3053 3460 3104 semper

1849 3140 2246 3208 strepitumque
2277 3153 2578 3208 pugnarum
2602 3145 2659 3190 et.
2689 3145 2916 3190 cruenta
2950 3142 3138 3188 secuta
3171 3141 3253 3186 est
3279 3131 3459 3186 studia

127 3226 408 3293 ccclesiis,
461 3229 568 3300 jam
619 3230 819 3285 divina:
865 3232 1359 3289 animadversionis
1415 3245 1750 3291 monstratur
1777 3242 1820 3303 C
1851 3231 2146 3288 bellorum.
2175 3230 2381 3298 Quarta
2409 3229 2558 3284 .Iovis
2597 3229 2798 3283 Cretici
2847 3227 2992 3295 regis
3036 3225 3136 3278 fuit
3177 3223 3307 3287 lilia,
3338 3238 3461 3294 qua:

125 3319 425 3387 adventus,
477 3323 587 3390 jam
620 3324 816 3379 futurae
859 3324 1031 3378 cladis
1070 3325 1350 3381 nuntiatur
1406 3329 1658 3394 exitium,
1689 3328 1742 3383 in

129 3413 242 3466 hoc
277 3413 530 3467 incendio
558 3413 865 3469 Palladium
897 3411 1132 3471 latebras
1159 3418 1406 3472 invenire
1453 3433 1559 3474 non
1587 3430 1743 3490 pote-

125 3507 244 3572 rit;
281 3505 418 3576 ignis
447 3505 551 3561 iste
599 3516 879 3562 scrutatur
903 3507 1109 3574 abdita,
1135 3509 1332 3579 quaerit
1362 3511 1660 3566 absconsa:
1693 3520 1750 3566 et

125 3597 401 3668 quidquid
426 3608 675 3654 errantes
699 3600 1121 3655 ltomincsvauis
1150 3603 1595 3672 persuasionibus
1624 3619 1746 3674 per-

127 3689 303 3755 didit,
338 3691 523 3761 rapida
555 3691 896 3747 ﬂammarum
925 3694 1277 3763 populatione
1306 3696 1696 3766 complectitur
1728 3715 1742 3752 :

143 3781 302 3836 Venit
350 3785 481 3838 enim
510 3783 732 3858 (inquit)
765 3785 875 3839 dies
919 3785 1125 3840 Domini
1147 3797 1202 3840 ut
1224 3785 1414 3841 ardens
1451 3787 1686 3842 clibanus
1721 3799 1743 3826 ί·

129 3874 404 3946 (Malach.
435 3893 507 3944 tv,
529 3877 604 3950 1).
637 3878 849 3933 Audisti
887 3880 1012 3948 quid
1037 3880 1239 3934 veniat.
1291 3879 1432 3934 Nihil
1458 3889 1574 3944 est,
1603 3879 1748 3950 quod

217 3988 668 4068 ﬂNeptunusAsc.
714 3994 971 4068 Pelopem
1003 4013 1216 4052 amasse
1259 3997 1479 4052 dicitur.
1518 3997 1740 4054 Pindar.

133 4059 368 4136 ()lymp.
427 4079 463 4130 ι,
520 4066 628 4131 58ς
660 4059 920 4124 Τθιίίιηῖιδ
970 4069 1124 4124 Orat.
1174 4069 1240 4124 ad
1289 4069 1508 4124 Cra-cos
1554 4071 1739 4136 c.4‘l;

141 4133 356 4210 Arnob.
387 4151 458 4210 tv,
490 4137 590 4210 726.
619 4139 756 4196 Vide
784 4155 948 4210 supra
977 4141 1257 4207 co|.1008,
1291 4151 1406 4196 not.
1441 4140 1489 4196 ⁸.

221 4202 248 4240 ι)
280 4205 406 4260 llaec
432 4208 607 4263 fabula
631 4227 658 4264 a
685 4212 807 4266 solo
832 4202 1064 4268 Firmico
1096 4202 1368 4268 narratur.

227 4285 252 4313 ε
284 4275 376 4352 Es
395 4279 569 4346 primo
620 4283 688 4337 ab
743 4283 944 4351 IEttca,
987 4299 1052 4339 ex
1099 4285 1339 4339 secundo
1382 4299 1410 4338 a
1445 4283 1748 4352 virginibus

151 4344 462 4403 Vestalibus
493 4352 544 4405 itt
581 4352 721 4407 bello
751 4344 959 4410 Gallico
1005 4371 1133 4410 ann.
1167 4356 1328 4411 Urbis
1357 4344 1590 4411 conditae
1617 4356 1742 4412 565.

143 4415 342 4473 Livius
371 4436 422 4486 v,
451 4421 542 4488 40,
592 4428 808 4480 tertium
837 4428 940 4481 sub
967 4426 1268 4482 Commodo
1317 4429 1456 4482 haud
1503 4443 1748 4484 comme-

143 4502 351 4569 morat.
383 4491 554 4569 forte
577 4511 706 4569 vero
731 4498 795 4552 de
817 4498 989 4554 fEnea
1020 4497 1160 4552 haud
1181 4500 1434 4569 cogitavit
1460 4499 1747 4564 Firmicus,

139 4564 244 4638 sed
278 4563 346 4616 de
377 4561 596 4638 Cincgilio
627 4567 863 4635 Metello,
896 4571 985 4638 qui
1017 4586 1137 4623 cum
1171 4561 1426 4638 templum
1461 4571 1638 4625 Vesta:
1665 4561 1749 4625 ar?

138 4632 310 4710 deret
340 4639 451 4710 (lt.~
467 4636 528 4692 U.
555 4636 617 4692 C.
645 4639 795 4710 512),
828 4632 979 4695 ἐπόνει
1007 4643 1230 4710 pignora
1256 4632 1294 4693 η’
1318 4641 1620 4696 Vestalibus
1650 4644 1746 4696 de-

141 4705 343 4782 relicta
368 4723 398 4759 e
420 4708 657 4766 ﬂammis
674 4705 898 4782 eripuit.
913 4705 1236 4768 OvidfFasti
1269 4727 1494 4778 vt,\'ers.
1509 4713 1613 4768 457
1627 4728 1746 4782 seq.

219 4773 248 4812 ἀ
283 4775 491 4845 Itaque,
519 4797 641 4835 cum
686 4773 956 4838 Firmicns
997 4784 1284 4846 scriberet,
1315 4773 1751 4838 Constantiuoet

137 4845 449 4926 cor-stante
474 4852 644 4922 impp.
679 4855 956 4908 incolume
983 4855 1160 4926 adhuc
1190 4845 1292 4909 sub
1325 4857 1590 4926 virginum
1617 4854 1750 4909 Ves—

131 4920 352 4996 talium
387 4920 630 4978 custodia
680 4926 999 4993 permansit.
1036 4925 1259 4980 Fabulae
1288 4920 1434 4981 enini
1472 4935 1748 4996 suntquae

133 4987 190 5044 J.
249 4990 442 5046 Malela
490 5003 547 5048 et
597 4987 786 5052 auctor
813 4997 1067 5052 Chronici
1109 4999 1548 5053 Alexandriniex
1582 4987 1748 5053 tradi-

133 5063 298 5115 tione
330 5063 620 5136 Byzantina
657 5068 922 5136 referunt,
977 5069 1392 5124 Constantinum
1427 5069 1495 5123 M.
1520 5070 1747 5124 simula-

130 5147 298 5186 crum
332 5134 462 5209 hoc,
483 5137 798 5209 Byzantium
817 5134 1164 5202 translatum,
1193 5142 1244 5194 in
1267 5140 1388 5194 foro
1418 5142 1484 5194 ah
1515 5157 1580 5196 eo
1610 5157 1748 5194 nun-

129 5217 345 5280 eupato
366 5208 666 5280 defodisse.
700 5212 783 5266 Jo.
835 5211 1035 5280 Georg.
1091 5211 1279 5266 Rcescr
1307 5213 1374 5267 de
1398 5212 1666 5276 Palladio,
1695 5213 1746 5266 in

123 5275 226 5330 Jo.
245 5276 566 5349 Christoph.
585 5283 798 5338 Martini
823 5275 1105 5336 Thesauro
1133 5283 1598 5347 dissertationum,
1613 5293 1744 5338 etc..

133 5358 282 5402 tom.
315 5347 381 5414 ll,
414 5347 552 5426 part.
585 5369 602 5408 1
631 5352 1138 5426 (Norimb.,l765),
1169 5371 1220 5419 p.
1254 5355 1380 5408 9.90.
1411 5353 1530 5426 Quo
1567 5366 1744 5408 autem

131 5429 398 5488 tempore
432 5423 728 5478 Palladium
761 5423 1004 5494 perierit,
1037 5427 1106 5478 ah
1145 5425 1473 5480 Auctoribus
1497 5425 1640 5479 haud
1667 5436 1752 5480 est

125 5494 426 5564 memoriize
477 5497 773 5562 proditutn.
805 5495 1052 5552 Vestales
1081 5511 1210 5550 vero
1239 5495 1477 5564 virgines
1523 5505 1646 5564 post
1675 5499 1750 5553 le-

121 5579 236 5630 ges
273 5579 301 5615 a
327 5563 592 5620 Gratiano
639 5577 694 5623 et
718 5567 1101 5623 Valentiniano
1147 5567 1188 5621 ll
1219 5563 1484 5622 adversus
1514 5563 1748 5623 Idolola-

125 5635 306 5688 triam
327 5635 472 5709 latas
494 5641 829 5709 contemptui
875 5651 996 5693 sunt
1031 5638 1228 5694 habitae
1258 5647 1313 5709 ct
1341 5639 1542 5694 sensim
1572 5641 1750 5695 desie-

123 5716 291 5759 runt.
321 5707 510 5775 Nadal,
537 5707 773 5765 Histoire
813 5711 901 5766 des
929 5709 1162 5765 Vestales
1187 5727 1205 5774 ,'
1233 5708 1508 5764 Mémoires
1548 5710 1614 5764 de
1639 5711 1751 5764 Lit-

125 5779 376 5854 térgture
397 5780 519 5836 tirés
550 5783 620 5836 du
653 5780 890 5854 Registre
920 5783 982 5836 de
1007 5781 1328 5854 [Academia
1356 5779 1447 5854 des
1483 5779 1744 5854 ξηραί-ἦρε.

129 5853 186 5898 et
217 5843 289 5904 Bs
322 5847 410 5922 ιη,
442 5853 570 5910 tom.
607 5866 657 5923 ν,
689 5843 820 5913 edit.
848 5848 900 5910 in
932 5851 1119 5911 octava
1149 5853 1340 5918 forma;
1371 5850 1456 5908 ιῐο.
1481 5849 1627 5910 Frid.
1651 5843 1744 5910 Ei-

1847 3323 2090 3379 occisum
2115 3323 2255 3392 patri
2282 3323 2474 3377 detulit
2507 3319 2787 3376 Liberum.
2807 3317 3005 3387 Quinta
3027 3315 3275 3370 Pallante
3309 3327 3462 3386 patre

1847 3425 1904 3473 et
1927 3415 2251 3471 Tritonidei
2289 3426 2463 3470 matre
2491 3421 2611 3468 orta
2662 3422 2767 3476 cst,
2801 3427 2922 3480 qua!
2971 3409 3142 3480 patris
3190 3407 3461 3478 appellata

1849 3511 2090 3574 nomine,
2123 3511 2302 3565 Pallas
2343 3519 2424 3564 est
2467 3511 2536 3564 ab
2585 3505 2897 3562 hominibus
2949 3513 3284 3572 nuncupata.
3333 3502 3461 3557 Haec

1849 3605 2189 3676 parricidalis
2242 3597 2480 3659 amentia
2523 3603 2726 3658 furoris
2771 3611 2824 3656 et
2873 3613 3086 3654 vesana:
3136 3595 3463 3651 temeritatis

1848 3697 2136 3762 instinctu.
2171 3709 2382 3768 patrem
2417 3697 2718 3752 Pallantem
2775 3694 2984 3748 crudeli
3043 3701 3217 3746 morte
3243 3690 3459 3760 jugula-

1853 3790 1934 3844 vit
1955 3787 1980 3828 ιι
2017 3807 2031 3844 :
2069 3805 2167 3844 nec
2193 3791 2424 3859 simplici
2448 3790 2620 3860 patris
2653 3783 2830 3842 morte
2858 3792 3137 3848 contenta,
3167 3793 3224 3838 ut
3253 3783 3459 3837 diutius

1854 3885 2010 3940 malis
2033 3887 2147 3941 suis
2176 3886 2471 3952 frueretur,
2507 3893 2562 3941 et
2605 3894 2665 3939 ut
2689 3883 2757 3938 de
2782 3891 2958 3937 morte
2982 3880 3154 3951 patris
3183 3877 3460 3934 crudelius

1843 4003 2066 4058 senhart
2095 4003 2508 4068 de,Vestalilms
2543 4011 2600 4058 et
2633 4001 2764 4058 Jure
2793 3999 2995 4055 Vestali
3025 3997 3085 4052 P.
3118 3997 3181 4051 lt.
3217 3995 3448 4050 liclmst.

1847 4073 2019 4141 1752;
2045 4087 2097 4130 et
2122 4069 2178 4130 in'
2198 4076 2483 4144 Opusculis
2508 4091 2560 4144 p.
2591 4075 2662 4130 99
2688 4089 2805 4144 seq.

1923 4177 1945 4202 ιε
1981 4167 2133 4222 Ilanc
2177 4166 2462 4222 lectionem
2511 4166 2664 4220 solus
2711 4165 2872 4219 habet
2905 4161 3196 4218 lt‘irmicus.
3245 4159 3450 4215 Βηθλ-

1852 4253 2002 4304 rma,
2029 4255 2087 4304 tt,
2119 4255 2171 4310 p.
2207 4239 2364 4293 1011.

1927 4330 1948 4369 τ
1975 4331 2086 4386 Hoc
2109 4331 2364 4385 nimirum
2395 4329 2720 4386 Palladium.

1929 4435 1954 4473 8
1983 4425 2062 4481 (It.
2093 4424 2409 4480 Ciceronem
2429 4425 2497 4480 de
2521 4425 2639 4478 Nat.
2673 4425 2835 4479 Deor.
2867 4437 2946 4487 tit,
2966 4437 3017 4477 c.
3036 4422 3131 4486 25,
3152 4420 3241 4490 qui
3267 4432 3459 4474 omnes

1856 4511 2044 4566 parum
2073 4498 2289 4552 diverse
2313 4506 2580 4552 recenset.
2631 4495 2711 4551 Cf.
2739 4496 2992 4550 Crcuzcri
3019 4503 3195 4566 notas.
3217 4491 3454 4566 Primam

1781 4535 1832 4595 D
1859 4535 2108 4632 IVulcani,
2146 4569 2368 4623 alteram
2423 4567 2527 4623 Nili
2591 4567 2779 4632 ﬁliarn,
2813 4568 3024 4622 tertiam
3059 4561 3336 4634 (Ciceroni
3368 4577 3456 4614 se-

1853 4641 2110 4710 ettntlant)
2166 4641 2381 4694 Saturni
2436 4639 2598 4692 habet
2645 4655 2860 4704 quoque
2885 4637 3142 4692 Clemens
3172 4635 3452 4710 Protrept.

1852 4725 1900 4764 c.
1927 4710 1981 4786 2,
2010 4727 2061 4780 p.
2093 4703 2697 4786 ’21,“τὴνᾷτοῦ-ῖτο)ιέμοὺ
2737 4711 2952 4786 εὑρέτιν,
2980 4715 3242 4786 [quartam
3280 4703 3453 4786 lovis,

1852 4776 2096 4850 quintam
2129 4781 2410 4835 Pallantis.
2453 4776 2648 4836 Noster
2677 4776 2923 4844 sequitur
2973 4776 3336 4850 Clementem,
3363 4778 3454 4845 qui

1851 4849 1902 4906 c.
1931 4853 1986 4914 2,
2017 4869 2068 4923 p.
2103 4856 2154 4917 8,
2188 4854 2256 4908 de
2278 4854 2516 4922 quinque
2547 4851 2806 4906 Minoi-vis
2829 4850 2961 4923 egit.
2996 4849 3128 4902 Vide
3158 4850 3451 4923 μοι-νοέε-

1853 4918 2100 4991 ιιοὶήιίιιι,
2129 4941 2200 4990 tv,
2234 4918 2388 4986 c.‘l7;
2419 4918 2472 4978 et
2508 4923 2775 4992 Epiphan.
2807 4918 3197 4986 iu'Ancorato,
3238 4934 3290 4990 p.
3323 4918 3450 4974 515.

1923 5017 2216 5087 δξϐῖοθιοοιιί
2232 5033 2284 5076 et
2299 5018 2542 5074 Arnohio
2563 5032 2778 5087 quoque
2804 5016 3038 5070 secunda
3058 5025 3142 5070 est
3164 5013 3363 5087 Saitica
3388 5014 3456 5066 ah

1852 5085 2124 5162 IEgyptiis
2141 5090 2357 5162 nomine
2370 5091 2512 5162 quod
2527 5085 2716 5144 Graece
2729 5085 3452 5162 sonat'Elsaipmdesignata.

1853 5155 2132 5218 Siceiiam
2164 5163 2215 5217 in
2237 5155 2416 5232 Cypro
2446 5161 2626 5216 Venus
2649 5160 2886 5216 ctelestis
2911 5155 3160 5232 Ἐλεῆμων
3189 5155 3454 5232 salutaba-

1853 5243 1939 5307 tur
1978 5233 2238 5307 (l-lesych.
2256 5225 2299 5300 ,⁷
2327 5234 2610 5307 Ἐλεήμῳνῄ
2636 5235 2686 5286 ὲν
2713 5235 2896 5307 nemo?
2921 5225 3229 5307 Ἀφρὸδίτηι-
3267 5227 3348 5281 Cf.
3387 5225 3456 5282 de

1850 5289 2044 5360 Neitha
2076 5289 2282 5360 Arnob.
2313 5321 2384 5368 iv,
2420 5289 2506 5368 lli;
2533 5289 2832 5358 .Iahlonskii
2856 5289 3132 5357 Pant't'teou
3163 5298 3382 5370 IEgypt.
3417 5314 3454 5362 1,

1853 5379 1924 5433 55
1952 5391 2094 5446 seq.;
2128 5387 2183 5431 et
2213 5376 2403 5446 Zoega:
2426 5375 2712 5441 Abltaudl.,
2740 5393 2792 5438 ι».
2829 5375 2950 5430 101.

1931 5467 2080 5596 illitiin
2124 5469 2272 5539 regis
2301 5469 2434 5522 ﬁlia.
2492 5468 2864 5523 Elmenhorst.
2898 5465 2966 5520 ad
3008 5464 3212 5520 Arnob.
3256 5462 3457 5529 m,2l,

1855 5557 2068 5612 p.111.

1929 5637 1942 5684 t
1981 5633 2178 5689 Eadem
2199 5633 2360 5690 habet
2388 5631 2644 5690 Clemens
2667 5633 2824 5688 Ales.
2850 5631 2978 5696 Sed,
3007 5641 3062 5686 ut
3102 5639 3160 5686 et
3181 5629 3464 5697 Ampelius

1851 5719 1902 5761 c.
1928 5707 1983 5772 9,
2008 5705 2302 5760 Titanidem
2331 5721 2449 5760 eam
2475 5713 2652 5760 vocat.
2689 5705 2773 5760 Cf.
2797 5705 3129 5760 Crcuzcrum
3159 5704 3226 5758 ad
3256 5703 3368 5756 Cic.
3399 5701 3466 5754 de

1852 5775 1979 5834 Nat.
2015 5779 2198 5846 Deor.,
2223 5778 2260 5831 I.
2298 5792 2361 5842 1.,
2389 5793 2442 5848 ρ.
2471 5777 2594 5832 5‘36.

1927 5853 1952 5893 ιι
1979 5853 2042 5910 l...
2075 5843 2358 5927 Ampelius
2390 5843 2456 5912 ὀ.
2489 5853 2544 5910 9.
2573 5853 2800 5916 Taetses
2831 5855 2896 5912 ad
2939 5851 3310 5926 Lyconiir.,v.
3336 5843 3466 5905 25H.
