3970 6408
358 241 506 302 im

1599 241 1772 303 JULll
1812 241 2073 302 FIRMICI
2112 241 2424 302 MATERNI

3519 246 3546 303 Ι
3556 245 3667 302 οὶι

356 367 443 416 tes
470 359 700 428 relevat,
729 367 980 418 errantes
1006 367 1252 426 revocat,
1283 360 1467 432 lapsos
1505 359 1685 430 erigit,
1720 359 1808 430 qui
1841 373 1956 412 mo-
1987 365 2035 423 Α
2063 358 2240 413 enim:
2271 358 2467 413 Timete
2495 358 2800 424 Dominum,
2823 359 2987 414 sancti
3013 363 3147 430 eius,
3170 359 3292 432 quia
3315 375 3418 415 non
3443 370 3517 416 est
3549 361 3666 414 ino-

360 451 629 508 rientibus
681 461 904 508 internae
950 452 1380 509 immortalitatis
1421 452 1653 523 largitur
1706 451 1960 522 insignia.

360 544 568 602 Christi
601 561 820 617 panem,
849 546 1050 601 Christi
1081 548 1333 617 poculum
1361 561 1546 617 qurere
1576 554 1625 610 α,
1663 554 1722 599 ιιι
1747 555 1962 600 terrena

363 636 664 709 fragilitate
694 648 1034 709 contempta,
1066 639 1369 694 substantia
1402 638 1644 695 hominis
1675 636 1967 692 immortali

361 733 569 804 pabulo
593 733 897 804 saginetur.
927 734 1062 802 Quis
1091 744 1176 789 est
1200 742 1380 788 autem
1409 733 1498 788 hic
1531 733 1688 803 panis
1713 731 1797 786 vel
1821 731 1965 800 quod

367 827 623 897 poculum
643 828 668 880 'l
697 826 766 882 de
798 842 904 898 quo
945 825 1100 882 libris
1127 825 1436 883 Salomonis
1480 825 1745 895 sapientia
1773 838 1969 893 magna

365 935 502 977 voce
529 919 867 991 praeclamat,
919 921 997 974 ait
1019 921 1166 976 enim
1199 938 1212 976 :
1245 918 1448 986 Venite,
1489 929 1536 972 et
1571 918 1877 972 manducate
1908 917 1970 971 de

369 1014 498 1069 meis
531 1014 772 1083 panibus,
803 1023 851 1069 et
876 1014 1029 1069 bibite
1073 1014 1289 1078 nimum,
1330 1013 1467 1084 quod
1514 1009 1744 1066 miscuib
1783 1009 1966 1082 (Prov.

370 1121 448 1173 ιχ,
490 1106 570 1179 5),
621 1116 677 1163 et
725 1107 1152 1173 Melchisedech,
1207 1122 1302 1163 rex
1355 1107 1558 1172 Salem,
1609 1116 1665 1161 et
1711 1105 1972 1160 sacerdos

372 1201 571 1254 summi
617 1199 733 1265 Dei,
770 1201 1070 1256 revertenti
1123 1200 1358 1256 Abrahae
1406 1215 1530 1255 eum
1564 1215 1704 1271 pane
1751 1209 1808 1255 et
1847 1199 1972 1255 vino

371 1289 774 1347 benedictionis
803 1292 1002 1347 obtulit
1027 1294 1266 1363 gratiam
1299 1303 1322 1332 ο
1345 1291 1501 1363 (Gen.
1531 1308 1640 1361 xw,
1676 1292 1788 1364 18).
1825 1293 1975 1348 lsaac

367 1382 535 1438 etiam
565 1398 690 1438 cum
719 1383 891 1439 Jacob
920 1384 1313 1452 benedixisset,
1363 1401 1486 1441 cum
1521 1385 1624 1441 hoc
1656 1385 1801 1441 idem
1833 1388 1974 1441 Esau

371 1490 403 1530 a
437 1485 594 1544 patre
620 1477 942 1549 suppliciter
971 1479 1238 1549 exigeret,
1270 1479 1554 1549 respondit
1579 1481 1626 1535 ei
1661 1490 1844 1550 pater:
1866 1478 1978 1533 Do-

372 1567 570 1622 minum
593 1577 737 1622 tuum
763 1569 885 1640 fecit
915 1569 1086 1638 illum,
1119 1582 1168 1628 et
1198 1587 1374 1625 omnes
1401 1572 1588 1642 fratres
1609 1574 1722 1645 ejus
1744 1573 1846 1642 [ecl
1870 1588 1980 1625 ser-

371 1674 485 1725 vos,
519 1659 692 1714 tritico
722 1670 769 1714 et
791 1661 911 1716 vino
936 1663 1240 1731 confirmavi
1259 1663 1410 1718 illum
1429 1661 1456 1702 ά
1479 1661 1633 1736 (Gen.
1665 1679 1832 1729 xxv",
1857 1663 1975 1734 37).

2066 453 2153 522 pia
2175 452 2270 516 eis,
2299 454 2388 523 qui
2429 463 2659 506 metuunt
2699 469 2834 507 eum.
2866 450 3064 507 Divites
3095 463 3366 525 eguerunt,
3399 465 3444 508 et
3473 456 3669 510 esurie-

2065 555 2225 608 runt;
2259 545 2346 614 qui
2368 555 2538 598 autem
2575 546 2847 616 inquirunt
2887 546 3184 613 Dominum,
3234 564 3334 600 non
3364 548 3672 619 indigebunt

2067 639 2206 692 omni
2233 638 2366 693 bono
2389 650 2413 685 ες
2443 638 2618 709 (Psal.
2651 657 2839 704 χχχιιι,
2867 640 2956 706 10,
2993 640 3102 713 ll).
3136 641 3239 710 Qui
3276 643 3354 696 sic
3386 643 3438 696 in
3462 643 3670 711 templo

2072 740 2420 802 przetextatus
2450 733 2682 798 incedis,
2712 736 2802 804 qui
2827 734 2998 803 fulges
3031 750 3289 805 purpura,
3320 734 3470 805 cujus
3501 745 3676 805 caput

2070 833 2165 881 aut
2193 843 2326 881 auro
2371 836 2463 881 aut
2501 830 2652 883 lauro
2677 828 2964 899 premitur,
3014 844 3257 883 errorem
3307 839 3453 883 tuum
3493 830 3678 899 turpis

2072 931 2287 991 egestas
2310 921 2634 991 insequitur,
2665 922 2968 976 cervicibus
2991 923 3097 975 tuis
3123 938 3413 976 onerosum
3441 936 3679 992 pauper-

2075 1016 2202 1068 tatis
2251 1015 2498 1068 ituminet
2530 1014 2761 1084 pondus.
2813 1014 2965 1068 Illum
3015 1029 3175 1085 quem
3205 1014 3437 1083 despicis
3467 1029 3678 1084 paupe-

2074 1121 2213 1167 rem.
2246 1106 2426 1176 largus
2457 1103 2480 1141 h
2513 1115 2568 1161 et
2598 1107 2749 1162 dives
2781 1116 2887 1171 est,
2921 1109 3155 1177 spatium
3189 1107 3268 1161 illi
3311 1107 3586 1160 Abraham
3617 1108 3679 1169 in

2075 1198 2199 1256 sinu
2229 1214 2328 1253 suo
2369 1210 2633 1271 przrparat
2684 1199 2836 1270 (an.
2867 1216 2954 1254 χνι
2976 1242 2991 1265 ,
3017 1200 3088 1253 2:!
3113 1199 3272 1271 seq).
3311 1199 3459 1254 Tunc
3487 1209 3545 1254 tu
3581 1215 3682 1269 per

2078 1291 2363 1361 iutcrjecta
2389 1292 2726 1347 ﬂammarum
2754 1295 2947 1361 spatia,
2972 1293 3038 1346 ad
3065 1291 3374 1362 mitiganda:
3395 1293 3680 1348 conscien-

2079 1385 2168 1439 tiae
2199 1394 2302 1438 tuze
2330 1385 2577 1451 vulnera,
2629 1397 2846 1440 tenuem
2875 1386 2944 1440 ab
2981 1401 3047 1439 eo
3076 1385 3335 1438 stillantis
3369 1401 3522 1455 aqua:
3551 1394 3682 1455 gut-

2080 1481 2245 1534 tulam
2283 1481 2611 1548 postulabis,
2645 1496 2744 1535 nec
2791 1481 2885 1534 tibi
2918 1480 3112 1534 volens
3141 1478 3378 1534 Lazarus
3409 1480 3686 1534 lenimen-

2081 1580 2192 1626 tum
2217 1571 2428 1626 doloris
2461 1572 2535 1626 tui
2565 1582 2656 1626 aut
2682 1573 2813 1626 dare
2844 1573 3050 1643 poterit
3081 1583 3173 1626 aut
3206 1571 3517 1640 impetrare.
3557 1571 3688 1628 Sin-

2079 1666 2332 1736 gulorum
2361 1667 2504 1720 enim
2535 1666 2650 1735 pari
2681 1667 2854 1735 gratia
2880 1665 3072 1721 merita
3096 1675 3427 1736 pensantur:
3459 1667 3531 1721 illi
3569 1667 3685 1720 vita

374 1753 530 1810 Tunc
560 1755 700 1810 Esau
731 1771 893 1812 casus
928 1773 1059 1814 suos
1086 1758 1281 1814 misera
1313 1759 1705 1816 lamentatione
1735 1758 1974 1824 deﬂevit,
2008 1769 2053 1828 Β
2083 1760 2399 1815 conferetur
2425 1771 2648 1830 propter
2683 1760 2843 1828 hujus
2872 1759 3061 1815 saeculi
3101 1761 3240 1815 mala
3270 1777 3284 1825 ;
3320 1761 3416 1815 tibi
3459 1770 3689 1830 prepter

371 1849 498 1919 quia
528 1848 692 1904 tritici
723 1857 780 1906 et
807 1851 942 1919 vini,
975 1852 1027 1906 id
1072 1862 1176 1916 est,
1207 1851 1409 1908 futura:
1435 1852 1716 1909 felicitatis
1743 1853 1980 1924 perdidit

375 1939 632 2010 gratiam.
663 1942 818 2008 Quod
849 1955 1032 2000 autem
1075 1947 1413 2002 consecratis
1448 1945 1765 2001 hominibus
1803 1961 1833 2004 a
1869 1947 1982 2001 Deo

376 2037 536 2108 panis
567 2038 786 2094 divinus
806 2038 910 2096 iste
937 2049 1247 2111 prmstetur,
1288 2056 1385 2112 per
1413 2041 1632 2096 Esaiam
1659 2039 1792 2096 dicit
1813 2040 1984 2110 Spiri-

381 2140 470 2185 tus
516 2141 738 2188 sanctus
771 2151 784 2188 :
819 2132 910 2188 Sic
944 2135 1069 2188 dicit
1111 2135 1365 2189 Dontinus
1409 2151 1428 2190 :
1462 2134 1598 2190 Ecce
1635 2136 1724 2204 qui
1757 2136 1983 2190 serviunt

377 2224 530 2291 mihi,
563 2227 973 2294 manducabunt,
1007 2242 1095 2282 vos
1119 2239 1294 2283 autem
1313 2229 1570 2283 esurietis.
1602 2227 1738 2282 Ecce
1763 2229 1850 2300 qui
1875 2246 1986 2284 ser-

375 2319 526 2372 viunt
546 2319 701 2389 mihi,
716 2321 1176 2392 jucundabuntur,
1221 2338 1308 2378 vos
1343 2323 1756 2395 confundemini,
1789 2341 1877 2380 vos
1904 2327 1985 2379 in-

383 2412 600 2480 terﬁciet
644 2411 898 2468 Dominus
928 2424 952 2452 ο
977 2414 1149 2484 (Esai.
1196 2431 1320 2484 va,
1353 2418 1442 2483 15,
1475 2418 1579 2483 ης
1615 2433 1670 2481 v,
1702 2417 1816 2489 15).
1863 2417 1982 2474 Νοιι

379 2507 560 2562 solum
609 2509 762 2576 panis
795 2509 896 2565 iste
929 2525 958 2564 a
1006 2511 1118 2568 Deo
1149 2528 1363 2568 summo
1409 2515 1686 2586 sacrilegis
1725 2526 1779 2571 et
1805 2517 1985 2586 impiis

381 2599 711 2671 denegatur,
741 2602 838 2672 sed
860 2613 915 2659 et
947 2619 1106 2676 paena
1137 2607 1492 2676 promittitur,
1526 2618 1580 2664 et
1605 2609 1814 2666 acerbze
1843 2627 1987 2666 mor-

384 2693 454 2749 tis
482 2693 861 2752 decernuntur
889 2699 1077 2766 exitia,
1126 2709 1186 2754 ut
1215 2700 1586 2759 esurientibus
1631 2701 1879 2758 faucibus
1907 2704 1988 2758 di-

384 2787 526 2844 vina:
571 2788 1070 2849 animadversionis
1110 2793 1288 2849 exitus
1320 2796 1624 2866 ingeratur.
1671 2797 1988 2867 Sequuntur

381 2880 546 2936 etiam
577 2882 679 2938 hoc
728 2883 872 2940 idem
901 2901 1069 2940 χχχιιι
1101 2887 1292 2953 psalmi
1321 2888 1632 2944 veneranda
1675 2904 1939 2960 responsa
1967 2906 1982 2955 ;

383 2975 462 3029 ait
491 2976 634 3030 enim
671 2992 767 3047 per
795 2977 966 3033 David
1009 2978 1248 3050 Spiritus
1275 2993 1494 3036 sanctus
1529 3000 1542 3037 :
1573 2981 1790 3038 Gustate
1827 2994 1875 3037 et
1911 2984 1988 3036 vi-

381 3070 518 3135 dete,
553 3071 799 3139 quoniam
830 3072 1001 3126 dulcis
1031 3084 1105 3128 est
1145 3071 1424 3129 Dominus.
1472 3075 1636 3130 Dulce
1672 3087 1745 3131 est
1786 3078 1986 3131 cccleste

385 3162 656 3230 pabulum,
689 3163 860 3219 dulcis
883 3163 982 3219 Dei
1012 3167 1178 3230 cibus,
1207 3184 1298 3222 nec
1343 3168 1494 3223 habet
1515 3169 1568 3222 in
1599 3186 1655 3224 se
1682 3170 1882 3224 miserta
1905 3173 1986 3240 fa-
2013 3155 2059 3219 C

385 3255 486 3308 mis
513 3256 658 3309 triste
687 3265 1021 3324 tormentum,
1051 3268 1098 3311 et
1139 3259 1204 3311 de
1223 3258 1470 3314 medullis
1501 3258 1767 3313 hominum
1791 3275 1983 3329 prtcce-

384 3349 551 3404 dentis
591 3351 770 3404 veneni
799 3351 938 3406 virus
978 3353 1213 3408 excludit
1239 3351 1258 3392 ί
1289 3353 1444 3425 (Psal
1513 3369 1696 3421 χχχιιι,
1726 3354 1808 3426 9).
1859 3355 1985 3410 llme

387 3440 458 3495 ita
501 3454 624 3496 esse
671 3443 957 3512 sequentia
1007 3446 1213 3500 oraculi
1262 3459 1526 3515 responsa
1557 3446 1869 3513 declarant;
1909 3448 1986 3502 ait

460 3640 808 3715 3Cont_extus
837 3641 1040 3700 docere
1079 3643 1316 3708 videtur,
1364 3643 1418 3699 in
1460 3642 1736 3699 atl‘erenda
1785 3653 1986 3715 myste-

387 3713 592 3789 riorum
645 3713 1051 3789 Eleusiniorum
1107 3717 1406 3789 symbolice
1459 3716 1550 3770 illa
1601 3713 1874 3783 formula,
1935 3724 1984 3772 lx

385 3787 657 3868 ςρμηνὰνρυ
687 3786 954 3868 βέβρωκρι,
982 3789 1037 3868 ἐκ
1073 3786 1334 3862 κυμβάλου
1359 3790 1596 3868 πέπερι-δᾳ,
1629 3802 1735 3868 non
1764 3804 1981 3868 omnem

388 3857 760 3928 Eueltaristite
788 3857 1235 3928 cogitationema
1285 3870 1466 3914 mente
1496 3858 1715 3914 Firmici
1749 3859 1980 3914 alienam

388 3927 594 4002 fuisse;
638 3947 758 4002 qum
787 3927 933 3986 enim
963 3933 1319 3999 sequentibus
1350 3946 1380 3985 e
1433 3930 1652 4002 Psalmo
1679 3945 1848 3985 χχχιιι
1883 3930 1902 4002 (
1928 3931 1979 3986 in

389 3999 670 4056 llebraieis
721 4001 910 4057 Bibliis
951 4005 1142 4071 xxxiv)
1194 4002 1352 4057 allert
1391 4001 1579 4068 verba,
1628 4002 1696 4056 ab
1744 3999 1983 4069 antiquis

385 4071 719 4144 quihusdam,
771 4073 1087 4128 doctoribus
1132 4075 1200 4128 de
1251 4073 1418 4129 Coena
1482 4073 1695 4128 Domini
1751 4075 1982 4144 mystice

2083 1854 2245 1925 hujus
2273 1854 2459 1908 sazculi
2486 1853 2649 1915 bona,
2685 1862 2943 1924 perpetua
2977 1863 3368 1908 tormentorum
3393 1869 3551 1925 paena
3585 1853 3690 1909 de-

2082 1947 2342 2003 cernitur.
2376 1945 2446 2002 Ut
2493 1957 2671 2001 autem
2720 1945 3064 2001 manifestius
3112 1947 3412 2010 diceretur,
3457 1947 3687 2017 quinam

2084 2043 2181 2098 ille
2211 2052 2355 2098 esset
2387 2043 2564 2114 panis,
2598 2059 2692 2112 per
2726 2059 2885 2113 quem
2918 2043 3134 2099 miserae
3171 2043 3361 2099 mortis
3391 2043 3692 2099 vincuntur

2083 2137 2280 2201 exitia,
2311 2136 2430 2206 ipse
2474 2137 2734 2191 Dominus
2783 2146 2975 2192 sancto
3015 2152 3078 2192 ac
3120 2136 3433 2192 venerando
3465 2153 3563 2192 ore
3615 2139 3691 2191 si-

2083 2229 2288 2300 gnavit,
2342 2245 2409 2283 ne
2460 2245 2555 2298 per
2598 2229 2845 2284 diversos
2887 2229 3193 2284 tractatusi
3228 2245 3353 2300 spes
3401 2230 3688 2285 hominum

2083 2323 2264 2392 pravis
2306 2322 2854 2392 interpretationibus
2887 2321 3221 2377 fallerentur.
3272 2323 3407 2377 Dicit
3447 2323 3598 2378 enim
3636 2322 3689 2376 in

2085 2417 2386 2488 Evangelia
2415 2417 2653 2473 Joannes
2682 2435 2694 2470 :
2734 2416 2845 2490 Ego
2872 2433 2990 2471 sum
3020 2418 3169 2486 panis
3199 2417 3348 2478 vine;
3375 2417 3462 2484 qui
3490 2416 3692 2470 venerit

2087 2509 2156 2563 ad
2187 2526 2286 2576 nte,
2336 2527 2439 2564 non
2481 2512 2691 2577 esuriet,
2730 2521 2779 2565 et
2806 2510 2894 2581 qui
2933 2511 2988 2564 in
3018 2526 3098 2563 me
3144 2509 3440 2578 crediderit,
3473 2526 3577 2564 non
3619 2511 3694 2564 si-

2085 2605 2176 2660 tiet
2225 2606 2529 2675 nunquami
2577 2603 2776 2674 (Joan.
2828 2621 2908 2671 \‘l,
2963 2605 3100 2675 35).
3141 2603 3274 2660 Item
3316 2603 3368 2659 in
3410 2606 3695 2675 sequenti-

2089 2701 2190 2757 bus
2233 2701 2337 2756 hoc
2367 2700 2509 2756 idem
2543 2700 2709 2755 simili
2743 2699 2902 2754 modo
2941 2697 3244 2769 significat;
3279 2699 3352 2753 ait
3398 2699 3544 2754 enim
3576 2715 3592 2752 :
3631 2699 3694 2754 Si

2086 2795 2200 2865 quis
2229 2795 2351 2858 sitit,
2389 2794 2561 2848 veniat
2590 2803 2640 2846 et
2665 2794 2820 2856 bibat,
2851 2793 2938 2863 qui
2957 2793 3119 2847 credit
3139 2793 3192 2846 in
3213 2809 3294 2846 me
3323 2790 3371 2846 κ.
3404 2789 3468 2846 Et
3493 2806 3692 2846 rursus

2087 2889 2224 2960 ipse,
2257 2898 2310 2942 ut
2340 2887 2642 2958 majestatis
2674 2901 2786 2941 sua:
2821 2885 3182 2940 substantiam
3210 2884 3562 2940 credentibus
3583 2895 3697 2939 tra-

2089 2982 2264 3048 deret,
2294 2981 2405 3036 ait:
2440 2979 2556 3034 Nisi
2579 2980 2786 3034 ederitis
2815 2996 3022 3033 carnem
3051 2977 3179 3032 Filii
3199 2977 3448 3042 hominis,
3471 2986 3521 3031 et
3549 2977 3692 3032 bibe-

2087 3075 2202 3128 ritis
2252 3074 2551 3144 sanguinem
2582 3074 2716 3140 eius,
2762 3088 2864 3126 non
2914 3071 3164 3125 habebitis
3211 3073 3364 3124 vitam
3407 3069 3462 3123 in
3503 3067 3692 3124 vobisl

2094 3167 2282 3238 (lbid.,
2315 3165 2427 3239 54).
2480 3165 2660 3233 Quare
2700 3165 2833 3220 nihil
2868 3165 3022 3220 Vobis
3055 3166 3124 3219 sit
3165 3180 3288 3219 eum
3328 3163 3606 3236 tympanis
3629 3175 3694 3229 η’,

2092 3258 2214 3314 cibo
2263 3258 2396 3325 odii,
2447 3259 2630 3314 miseri
2678 3258 2974 3325 mortales;
3010 3258 3267 3312 salutaris
3305 3259 3410 3312 eihi
3462 3257 3696 3328 gratiam

2091 3354 2339 3424 quaerite,
2376 3362 2432 3408 et
2479 3353 2784 3408 immortale
2816 3353 3063 3422 poculum
3096 3351 3286 3407 bibite.
3317 3349 3570 3406 Christus
3599 3368 3699 3408 vos

2092 3446 2272 3517 epulis
2287 3446 2400 3501 suis
2431 3454 2654 3502 revocat
2683 3445 2746 3500 ad
2780 3445 2979 3514 lucem,
3003 3455 3056 3500 et
3082 3445 3238 3515 gravi
3271 3459 3481 3501 veneno
3511 3458 3699 3515 putres

2161 3641 2189 3682 ι)
2216 3642 2351 3699 Fere
2379 3652 2436 3698 ut
2466 3641 2802 3711 Augustinus
2839 3639 2909 3695 de
2938 3637 3171 3695 Civitate
3201 3639 3318 3703 Dei,
3354 3655 3494 3705 xvu,
3529 3641 3622 3696 20.

2166 3725 2186 3752 ο
2214 3715 2668 3771 Melchisedeeum
2689 3712 2963 3768 veteribus
2981 3712 3305 3767 Christianis
3323 3723 3507 3781 typum
3529 3715 3695 3768 fuisse

2087 3785 2312 3850 Christi,
2346 3803 2409 3841 ex
2438 3786 2602 3840 llebr.
2629 3801 2720 3846 vlt,
2755 3785 2807 3850 1,
2836 3793 3084 3850 constat;
3111 3784 3293 3853 itaque
3325 3785 3480 3854 panis
3503 3797 3560 3840 et
3587 3787 3692 3840 vini

2088 3858 2302 3929 oblatio
2333 3869 2493 3929 typus
2521 3867 2637 3911 erat
2664 3856 3041 3929 bueharistiaz.

2159 3927 2185 3966 ά
2209 3923 2577 3999 νθιιιέιΊιιιῙιις
2607 3944 2797 3983 versus
2847 3929 2898 3982 in
2941 3923 3186 3982 editione
3226 3924 3586 3982 Sabateriana
3627 3943 3689 3984 ex

2088 4001 2325 4057 Firmino
2354 4012 2569 4071 sumpta
2601 4010 2745 4054 sunt.

2166 4084 2188 4109 ο
2217 4073 2283 4128 Ut
2305 4068 2608 4142 Cyprianus
2634 4073 2672 4126 l.
2696 4088 2711 4126 ι
2739 4069 3135 4125 'I‘estimonior.
3158 4068 3423 4142 adversus
3446 4069 3689 4142 .ludaaos,

414 4145 556 4197 uisse
582 4143 872 4212 explicata,
898 4147 1052 4200 testis
1077 4145 1628 4200 est'l‘heodoretusin
1657 4140 1978 4207 Paraphrasi
2010 4146 2063 4204 D
2087 4152 2143 4200 et
2173 4140 2488 4211 Fulgentius
2521 4144 2613 4198 lib.
2646 4145 2752 4196 tad
2789 4142 3011 4197 Mouim.
3058 4157 3108 4196 c.
3151 4140 3244 4202 25,
3285 4157 3432 4195 vers.
3467 4144 3557 4196 M.
3594 4141 3687 4197 Ul-

391 4213 552 4290 hujus
565 4230 645 4290 ps.
666 4231 806 4290 vers.
825 4215 887 4290 9;
917 4216 1100 4290 'lo'riov
1113 4220 1285 4290 μέντοι
1310 4219 1380 4290 ὡς
1398 4224 1522 4290 ,τοῖς
1543 4217 1701 4290 πάλαι
1719 4215 1980 4290 ’ξορδαίοις

385 4287 417 4344 ἠ
465 4287 698 4364 εἰρημένη
747 4287 992 4364 ἁρμόττει
1030 4287 1247 4345 διάλδοιαο
1297 4289 1324 4342 ὁ
1353 4287 1405 4364 δέ
1447 4309 1502 4358 γε
1534 4289 1582 4340 ἐν
1619 4295 1692 4358 τῷ
1718 4287 1866 4364 βάθει
1885 4296 1978 4343 τοῦ

385 4359 684 4434 γράμματρς
725 4359 1071 4434 κρύπτὸριενος
1099 4366 1218 4422 νοῦς
1258 4368 1359 4416 τῶν
1385 4361 1529 4434 θείων
1571 4359 1867 4434 μυστῂρίων
1888 4365 1979 4434 τήν

386 4430 545 4510 χάριν
589 4430 896 4510 αἰνίττετ-αιχ
932 4431 1018 4488 διά
1058 4435 1155 4510 γάρ
1179 4439 1267 4488 τοῦ
1289 4433 1541 4510 «crvor/iw
1563 4430 1922 4510 βᾳπτὶοίμοιτος
1953 4432 1978 4486 ὁ

386 4501 572 4562 arma;
594 4505 852 4574 φωτισμέκ·
878 4503 896 4570 (
915 4501 1134 4573 respieii
1159 4517 1302 4557 vers.
1339 4503 1373 4556 6
1406 4501 1800 4570 praecedentem
1827 4502 1845 4570 )
1872 4511 1979 4563 τοῖς·

382 4580 662 4650 aspectabat
692 4579 1045 4650 προσγίνεται,
1077 4579 1161 4631 καὶ
1188 4583 1278 4635 τῆς
1307 4579 1558 4650 ζῳοποιοῦ
1587 4582 1773 4650 τρρφῆς
1800 4576 1830 4632 ἠ
1855 4581 1976 4644 γεῦ-

384 4645 468 4722 σζξ
497 4654 586 4722 τῆν
611 4645 899 4722 meum
944 4655 1035 4704 τοῦ
1082 4656 1314 4722 σωτῆρος
1338 4645 1629 4722 Δδείκνυτιίιί
1649 4647 1894 4722 ὶνᾼαργῶς.
1920 4650 1978 4699 Tt'

382 4716 483 4794 κὰρ
505 4715 667 4778 oximi
685 4721 844 4794 etiam?
879 4728 1054 4794 σαφῶς
1075 4729 1166 4779 τήν
1185 4715 1942 4794 φίλανρρῳπιίανῄὑποδέὶκγυσιν
1960 4758 1975 4780 ,

383 4788 461 4865 εὗρ’
506 4791 754 4864 σταυρὸς,
786 4795 867 4846 καὶ
891 4788 968 4846 τὸ’
993 4793 1170 4852 πάθος,
1193 4788 1202 4792 ⁷
1222 4792 1305 4844 καὶ
1334 4788 1365 4844 ὁ
1390 4791 1522 4865 ὑπὲρ
1549 4790 1688 4865 interitu
1711 4788 1976 4861 γενόμενος

379 4860 614 4934 θάνατος,
646 4860 656 4864 ’
677 4863 763 4916 κκὶ
805 4864 864 4918 τὸ
891 4864 1127 4934 γενέσθαι
1148 4869 1248 4934 τῶᾼν
1277 4864 1467 4934 οἰκείων
1491 4860 1770 4934 nosam»
1790 4866 1977 4934 τρρφήν

381 4928 510 5002 ὁμοῦ
543 4937 630 5006 θεαὶ
658 4940 862 5006 πηγήνε
895 4928 1034 5004 Dpp.
1065 4935 1158 4989 ed.
1207 4928 1571 5006 Schtdtziana:
1601 4932 1774 5006 (llal.,
1813 4928 1974 5006 i769)

381 5008 532 5056 ttt'tno
556 5003 596 5069 l,
631 5021 685 5075 p.
717 5003 842 5061 815.
873 5003 1043 5074 Quam
1071 5006 1291 5076 quidem
1332 5003 1523 5058 horum
1553 5003 1842 5076 verborum
1893 5005 1974 5058 in-

379 5078 826 5147 terpretationem
870 5075 1101 5133 Ftrntiri
1119 5079 1229 5147 jam
1279 5090 1394 5147 aevo
1437 5085 1749 5143 usurpatam
1783 5075 1970 5139 fuisse,

381 5144 525 5220 haud
557 5147 768 5205 dubito.
815 5151 1038 5206 Sacram
1068 5144 1230 5220 porro
1265 5146 1490 5220 Coenam
1521 5147 1634 5212 ipsa
1667 5147 1785 5214 ejus
1813 5146 1974 5200 verba

381 5216 612 5272 innuere
645 5221 898 5276 videntur
931 5241 944 5277 :
976 5231 1022 5276 et
1067 5216 1246 5275 rursus
1281 5221 1390 5286 ipse
1421 5217 1740 5288 (Christus),
1776 5234 1843 5273 UT
1874 5233 1974 5272 mt-

379 5303 629 5344 JES'I‘ATIS
677 5309 788 5347 SHE
836 5309 1200 5348 ΒυΒδΤΑΝΤΙΑΙΙ
1243 5302 1610 5346 οιιειιιιΝτιΒυε
1655 5304 1968 5354 τιιΑιιειιΕτ,

377 5361 452 5413 ait
478 5377 496 5413 :
527 5361 626 5415 nisi
651 5363 858 5418 ederitis
885 5381 1091 5418 carnem
1122 5362 1246 5417 Filii
1273 5363 1492 5415 hominis
1519 5370 1564 5414 et
1595 5359 1822 5414 biberitis
1852 5377 1972 5413 san-

418 5432 588 5486 uinem
632 5437 763 5500 eius.
801 5436 1007 5491 llenrz.
1035 5435 1371 5489 —Justiutts
1403 5434 1474 5488 Μ.
1505 5432 1662 5502 Apol.
1697 5446 1734 5495 ι,
1780 5448 1828 5486 C-
1859 5432 1967 5496 8θὶ

427 5503 514 5560 ial.
550 5519 599 5559 c.
634 5505 946 5578 Tryphone,
981 5523 1033 5578 p.
1077 5507 1203 5571 257,
1235 5505 1432 5570 Tebb.,
1463 5504 1744 5578 daemones
1796 5505 1844 5556 in
1877 5502 1973 5578 bli—

381 5577 608 5632 thriacis
635 5575 808 5635 Sacris
849 5575 1241 5635 Eucliaristiam
1277 5578 1518 5631 imitatos
1549 5575 1718 5630 fuisse
1755 5576 1970 5629 asserit.

392 5647 537 5704 Idem
597 5651 795 5720 legitur
846 5653 897 5705 in
947 5650 1246 5719 appentliee
1295 5648 1420 5702 libri
1458 5647 1690 5720 Tertull.
1721 5647 1790 5720 de
1832 5646 1978 5720 Prte-

385 5717 850 5850 aegiptitlniibngst‘té).
866 5721 956 5779 40.
985 5717 1120 5778 Vide
1139 5737 1356 5793 quoque
1375 5719 1559 5777 Grabii
1590 5717 1847 5789 Spicileg.
1873 5718 1976 5774 Pa-

477 5809 527 5849 m
608 5831 626 5850 .
651 5809 702 5850 ι).
851 5837 862 5849 .

384 5797 527 5849 trum
560 5797 626 5861 ll,
650 5809 702 5864 p.
734 5797 862 5850 210.

2088 4217 2216 4269 tima
2243 4217 2404 4270 verba
2437 4232 2448 4266 :
2477 4231 2562 4269 vos
2593 4215 2864 4282 ittterticiet
2891 4213 3165 4278 Dominus,
3194 4231 3222 4265 a
3244 4213 3524 4284 Cypriane
3553 4229 3689 4282 pra:-

2089 4287 2490 4342 termittuntur.

2162 4357 2501 4428 fCyprianus
2527 4357 2618 4413 lib.
2649 4372 2664 4411 ι
2697 4356 2999 4412 Testimon.
3036 4355 3374 4428 Augustinus
3402 4355 3458 4411 in
3491 4356 3684 4426 psalm.

2083 4443 2206 4483 χοιχ
2234 4425 2258 4482 ε’
2283 4429 2492 4482 Gustate
2515 4439 2564 4482 et
2586 4428 2769 4493 videte,
2793 4445 2950 4498 quam
2975 4425 3145 4482 dulcis
3171 4438 3244 4482 est
3273 4425 3556 4482 Dominus.

2158 4510 2183 4546 ε
2212 4500 2344 4555 Fere
2376 4512 2433 4553 ut
2461 4499 2765 4570 Cyprianus
2806 4499 3035 4554 Testim.
3073 4499 3166 4553 lib.
3199 4516 3212 4552 ι
3244 4508 3300 4553 et
3344 4514 3421 4563 ιιι,
3462 4500 3553 4564 Η,
3587 4516 3684 4552 non

2082 4571 2319 4640 deﬁcient
2360 4574 2499 4626 omni
2545 4573 2698 4637 bono,
2753 4581 2809 4625 ut
2853 4572 3057 4626 Auctor
3110 4571 3306 4639 Operis
3357 4573 3580 4641 imperi.
3637 4573 3684 4625 in

2083 4641 2417 4705 Matthmum,
2451 4654 2506 4696 et
2537 4643 2781 4698 Breviar.
2811 4642 3233 4697 Mozarabieutn.

2154 4711 2182 4751 ¹¹
2207 4714 2372 4769 Forte
2398 4715 2615 4768 Lautus.
2642 4713 2819 4769 Wow.

2160 4783 2380 4840 ilnuuit
2429 4788 2679 4840 sinistras
2735 4785 3126 4854 prephetarnm
3182 4785 3680 4854 interpretationes.

2080 4855 2162 4911 Cf.
2191 4857 2390 4911 Jttstini
2421 4859 2612 4924 Apoll).
2634 4874 2668 4919 ι,
2700 4873 2750 4910 c.
2775 4855 2867 4920 54,
2891 4858 2985 4923 56,
3012 4857 3078 4911 59
3105 4873 3120 4921 ;
3146 4855 3284 4910 Dial.
3311 4872 3361 4911 c.
3391 4857 3684 4928 Tryphoue

2080 4943 2131 4984 c.
2165 4930 2254 4984 69.
2296 4929 2429 4983 Vide
2455 4929 2618 4982 lleur.
2646 4928 2849 4996 Georg.
2884 4927 3118 4982 Clausen
3151 4927 3683 4995 ApoiogetﬁEccle-

2079 5003 2175 5054 sia:
2233 5000 2557 5055 Christianae
2610 5000 3101 5054 Autetlteodosiani
3160 4999 3402 5054 Platonis
3457 5002 3682 5069 ejusque

2081 5072 2444 5140 philosophia:
2495 5071 2685 5126 arbitri
2735 5070 2947 5141 (Hahn,
2995 5072 3180 5140 1817),
3235 5086 3288 5140 p.
3337 5071 3428 5125 81.
3483 5073 3674 5126 Minue.

2081 5141 2256 5197 Felix.
2285 5158 2335 5196 c.
2361 5143 2429 5197 :27
2458 5161 2470 5196 :
2505 5144 2771 5196 Dtemones
2795 5158 2863 5197 ΕΤ
2889 5157 3207 5198 ιτχιιυχτυιι
3234 5159 3302 5196 nr
3329 5159 3597 5206 meumr,
3627 5155 3678 5196 ut

2078 5223 2127 5267 et
2169 5215 2444 5269 nescientes
2491 5215 2745 5267 sinceram
2776 5217 3066 5279 veritatem,
3107 5226 3153 5267 et
3199 5231 3356 5282 quam
3390 5219 3580 5279 sciunt,
3631 5216 3680 5268 in

2078 5287 2419 5355 perditionem
2456 5287 2537 5340 sui
2567 5303 2670 5339 non
2696 5287 3017 5354 conﬁtentes.

2155 5357 2167 5428 ξ
2200 5357 2507 5428 Cyprianus
2528 5357 2830 5412 Testimon.
2859 5357 2994 5414 |ib.t.
3017 5359 3176 5412 habet
3199 5359 3502 5427 tamen,qui
3526 5358 3674 5412 venit.

2152 5424 2173 5463 ¹ί
2221 5424 2369 5481 llautl
2418 5439 2600 5482 exstat
2649 5432 2698 5483 in
2742 5430 3128 5498 sequentibus;
3161 5439 3288 5484 sunt
3333 5424 3527 5485 eadem
3570 5429 3676 5484 lere

2079 5500 2266 5570 verba,
2296 5516 2346 5553 ν.
2382 5502 2474 5564 55',
2507 5517 2626 5570 quas
2655 5515 2778 5555 mox
2809 5502 3162 5569 allegaverat.

2159 5568 2173 5606 ¹
2219 5568 2539 5643 Cyprianus
2573 5573 2641 5627 de
2679 5573 2832 5627 Orat.
2885 5568 3100 5628 Demin.
3150 5583 3205 5628 et
3252 5572 3479 5629 Testim.
3522 5572 3612 5628 lib.
3659 5585 3673 5624 ι

2080 5649 2137 5697 et
2165 5657 2242 5696 ιιι.

2157 5722 2200 5748 ιη
2241 5713 2485 5788 Respicit
2511 5713 2798 5772 formulam
2844 5718 3126 5788 mysticam
3160 5716 3592 5780 Eleusiniorum,
3623 5715 3672 5767 ἐκ

2005 5827 2010 5834 -
2093 5787 2364 5857 τυμπάνου
2394 5785 2652 5862 βὲϐρωκα.
