3970 6408
250 341 272 396 i
285 342 389 399 025

1192 340 1284 397 DE
1324 339 1608 400 ERRORE
1650 340 2127 401 l‘llOFANARUM
2164 343 2616 404 RELIGIONUM.

3417 347 3554 405 {0‘26

241 467 396 513 artus
419 466 474 512 et
501 456 869 528 torpescentia
909 457 1154 512 membra
1179 457 1440 512 viviticat.
1471 455 1692 513 Ctelesti
1723 456 1846 508 cibo
1876 461 1927 520 Α
1956 455 2280 513 Processum
2311 459 2499 528 sponsi
2527 459 2690 515 etiam
2724 475 2820 529 per
2853 459 3091 529 psalmos
3136 459 3398 530 praedicat
3429 462 3554 532 Spi-

243 560 507 607 renovate
547 549 821 606 hominem
869 549 1171 620 perditum,
1205 561 1266 605 ut
1299 550 1556 620 quicquid
1589 548 1644 603 in
1690 549 1844 604 vobis

241 656 517 700 mortuum
548 652 655 712 est,
685 643 886 700 divinis
914 643 1196 700 beneficiis
1230 653 1571 700 renascatur.
1609 642 1844 698 Didicis—

241 737 311 793 tis
355 737 482 808 quid
525 753 624 793 vos
655 735 838 793 facere
868 737 1185 803 conveniat,
1220 737 1409 808 eligite
1446 736 1591 807 quod
1638 735 1836 804 vultis;

240 831 368 888 inde
389 845 538 887 mors
568 831 834 898 nascitur,
857 829 987 886 hinc
1019 831 1345 886 immortalis
1371 831 1477 886 vita
1509 829 1767 887 donatur.

853 946 1084 1004 CAPUT
1124 945 1243 1003 XX.

237 1064 294 1118 2.
339 1061 406 1118 In
430 1062 708 1118 Mitltriaco
735 1061 873 1116 forte
905 1080 918 1117 :
945 1069 1128 1141 Χαῖρι,
1151 1065 1352 1135 νὺμφιε⁹
1376 1068 1563 1139 χαῖρε,
1586 1062 1695 1116 νέον
1716 1067 1839 1134 φῶςο

310 1174 413 1228 qua
436 1156 704 1212 occasione
723 1157 787 1210 de
807 1155 1012 1210 Christo
1029 1171 1218 1226 sponso
1241 1155 1522 1224 mundique
1538 1153 1653 1208 luce
1677 1151 1846 1208 multa

313 1257 488 1309 habet.

316 1346 458 1402 Dicis
487 1348 650 1402 etiam
686 1364 698 1400 :
731 1355 910 1424 Χαῖρε,
940 1347 1148 1420 νύμφιε·
1198 1353 1380 1421 χαῖρε,
1416 1344 1522 1398 νέον
1547 1349 1671 1417 φῶς.
1703 1339 1844 1410 Quid

241 1442 320 1496 sic
352 1441 608 1497 miserum
640 1441 914 1496 hominem
946 1455 1041 1510 per
1069 1440 1294 1508 abrupta
1328 1439 1632 1509 prmcipitas
1653 1479 1669 1504 ,
1701 1437 1848 1493 cala-

242 1537 438 1591 mitosa
477 1536 806 1606 persuasio?
845 1533 984 1602 Quid
1019 1534 1094 1588 illi
1139 1533 1286 1588 falsae
1314 1533 1428 1601 spei
1464 1530 1738 1602 polliceris
1765 1528 1849 1584 in-

241 1629 451 1699 signia?
500 1628 715 1683 Nullum
759 1627 898 1697 apud
940 1634 994 1682 te
1041 1629 1220 1679 lmnen
1270 1632 1375 1689 cst,
1411 1639 1509 1678 nec
1537 1630 1625 1678 est
1651 1621 1848 1691 aliquis

243 1737 498 1791 sponsus,
541 1719 630 1790 qui
681 1718 784 1773 hoc
833 1726 1112 1773 mereatur
1158 1715 1370 1770 audire.
1406 1713 1583 1770 Unum
1642 1726 1846 1766 numen

241 1826 369 1881 est,
413 1831 550 1870 unus
611 1822 696 1869 est
754 1828 987 1884 sponsus
1051 1813 1375 1876 hominum,

245 1910 376 1964 tiam
418 1909 669 1965 Christus
716 1906 928 1976 accepit
959 1915 1006 1960 δ.
1055 1905 1175 1960 Non
1220 1904 1429 1974 poteris
1469 1902 1537 1958 ad
1567 1911 1620 1958 te
1651 1902 1846 1957 aliena:

242 2002 523 2057 felicitatis
573 1999 871 2056 transferre
915 1997 1166 2070 gloriam,
1202 2011 1304 2052 nec
1353 1997 1556 2065 poteris
1601 1994 1848 2052 caelestis

243 2096 485 2153 numinis
521 2095 809 2164 splendore
849 2093 1116 2150 decorari.
1150 2091 1209 2146 1n
1240 2089 1492 2146 tenebras
1539 2087 1846 2158 squalor-es-

241 2204 349 2260 quc
380 2187 654 2258 proiectus
678 2202 738 2242 es
766 2205 779 2240 :
808 2186 921 2241 illic
948 2184 1158 2250 sordes,
1184 2184 1426 2254 squalor,
1453 2181 1631 2253 caligo
1649 2223 1664 2246 ,
1697 2190 1850 2235 tene-

241 2285 382 2350 hrre,
409 2291 464 2339 et
494 2290 771 2354 perpetuae
803 2283 978 2337 noctis
1007 2279 1320 2336 dominatur
1355 2278 1572 2333 horror.
1601 2275 1657 2332 Si
1684 2275 1769 2330 vis
1793 2283 1851 2330 ut

245 2379 428 2434 tenuis
477 2378 668 2433 saltem
721 2376 816 2432 tibi
861 2373 1120 2446 splendor
1167 2372 1389 2428 luminis
1436 2371 1650 2438 luceat,
1699 2370 1849 2440 erige

242 2472 451 2538 vultus,
483 2478 540 2526 et
567 2471 848 2525 demersos
869 2469 1020 2538 erige
1040 2466 1252 2532 oculos,
1280 2475 1355 2530 et,
1384 2464 1616 2519 desertis
1649 2463 1756 2528 his,
1780 2461 1849 2517 ad

243 2581 374 2623 eum
406 2576 456 2620 te
483 2563 673 2620 confer
700 2563 791 2631 qui
833 2562 973 2616 dixit
1002 2580 1013 2614 :
1052 2560 1161 2631 Ego
1191 2576 1304 2613 sum
1334 2559 1426 2613 lux
1452 2557 1632 2611 mundi
1663 2555 1847 2629 (Joan.

243 2676 340 2715 vni
364 2700 380 2724 ,
417 2657 538 2730 12);
569 2656 726 2727 cujus
768 2654 968 2711 divinis
997 2653 1285 2722 prceceptis
1314 2651 1627 2706 continetur
1650 2691 1664 2714 ,
1696 2658 1754 2702 ut
1796 2648 1850 2702 in

247 2753 350 2806 hac
404 2762 619 2805 terrena
671 2747 1091 2803 conversatione
1129 2759 1266 2816 opus
1295 2752 1543 2798 nostrum
1591 2757 1690 2812 per
1733 2741 1852 2796 dies

243 2845 490 2916 singulos
538 2844 737 2898 luceat.
772 2841 980 2897 Lucere
1022 2847 1205 2895 autem
1239 2855 1344 2892 non
1375 2845 1590 2907 potest,
1620 2835 1721 2890 nisi
1751 2835 1853 2888 im-

245 2940 518 2996 maculata
571 2953 672 2994 nos
714 2934 1071 2992 conscientiae
1120 2943 1444 2988 ornamenta
1487 2931 1848 3002 protexerint,

247 3035 354 3091 nisi
388 3035 594 3105 integra
619 3047 720 3088 nos
746 3041 808 3086 et
831 3032 1140 3100 incorrupta
1170 3030 1278 3084 vita
1307 3026 1689 3091 commendet;
1725 3036 1853 3082 tunc

245 3132 458 3187 orietur
480 3129 639 3185 nobis
662 3127 776 3183 veri
807 3126 1030 3182 luminis
1057 3125 1227 3196 gratia
1250 3139 1264 3189 ;
1300 3131 1428 3178 tunc
1449 3139 1508 3176 se
1531 3122 1690 3176 nobis
1717 3120 1854 3176 lucis

246 3233 443 3281 auctor
471 3221 744 3288 insinuet;
766 3230 894 3275 tunc
924 3233 1116 3274 verum
1144 3217 1326 3272 lumen
1358 3226 1412 3270 et
1442 3215 1696 3285 accipere
1727 3228 1854 3283 pos-

248 3329 440 3372 sumus
460 3323 513 3369 et
536 3313 743 3369 videre.
775 3310 882 3368 Sed
907 3319 964 3364 ut
986 3309 1265 3379 sacrilegae
1289 3308 1440 3361 vocis
1461 3305 1856 3376 comprimatur

248 3406 604 3476 improbitas,
635 3404 756 3476 quis
784 3403 851 3458 sit
886 3417 1016 3459 vere
1044 3416 1283 3472 sponsus
1306 3441 1321 3466 ,
1353 3415 1635 3454 sacrarum
1667 3399 1859 3453 lectio-

251 3516 382 3556 num
430 3498 668 3554 oraculis
717 3495 1124 3567 comprobabo;
1174 3503 1232 3548 ut
1283 3493 1545 3564 probetur
1591 3505 1854 3563 sponsum

247 3607 373 3648 esse
402 3591 704 3654 Christum,
754 3603 1009 3659 sponsam
1056 3585 1359 3641 Ecclesiam
1393 3601 1498 3639 :ex
1545 3599 1652 3652 quo
1689 3597 1856 3638 vene-

249 3687 422 3742 rando
467 3686 604 3754 patri
653 3682 970 3752 spirituales
1009 3680 1102 3734 lilii
1138 3694 1234 3749 per
1276 3677 1394 3732 dies
1442 3676 1688 3747 singulos
1731 3691 1858 3744 pro~

249 3789 532 3837 creantur.
580 3777 635 3832 In
692 3775 793 3831 hac
846 3773 1172 3844 probatione
1218 3785 1416 3824 arcana
1468 3767 1858 3840 pr0phetarum

250 3871 566 3928 veneranda
596 3869 926 3942 pandantur.
954 3865 1191 3922 Assistat
1217 3864 1372 3919 nobis
1394 3872 1706 3918 sanctorum
1737 3877 1860 3916 ora-

250 3967 507 4023 culorum
556 3964 712 4020 fides.
769 3962 884 4018 Joel
917 3959 1107 4015 divino
1150 3958 1360 4028 Spiritu
1390 3964 1645 4011 monente
1673 3953 1754 4010 sic
1781 3954 1860 4008 di-

250 4062 330 4116 cit
364 4077 378 4114 :
410 4057 594 4114 Canite
639 4056 760 4111 tuba
803 4056 856 4109 in
897 4053 1031 4109 Sion
1055 4095 1070 4117 ,
1120 4051 1441 4122 sanctiﬁcata
1479 4049 1782 4121 jejunium,
1815 4057 1862 4102 et

251 4151 472 4206 indicite
519 4149 858 4212 curationem,
905 4153 1183 4216 aggregate
1230 4142 1502 4212 populum,
1543 4139 1864 4208 sanctiﬁcate

253 4244 570 4310 Ecclesium,
620 4240 844 4308 excipite
886 4238 1109 4304 maiores
1150 4246 1298 4302 natu,
1347 4234 1578 4305 colligite
1621 4233 1864 4303 parvulos

255 4340 525 4405 lactentes,
559 4333 802 4407 procedat
830 4348 1051 4402 sponsus
1081 4330 1148 4386 de
1171 4327 1408 4384 cubiculo
1435 4345 1554 4394 suo,
1592 4336 1641 4382 et
1672 4343 1865 4400 sponsa

256 4433 324 4489 de
365 4431 593 4487 thalamo
637 4445 732 4485 suo
757 4426 786 4466 ι)
813 4428 832 4501 (
859 4425 980 4482 Joel
1011 4441 1070 4492 ιι,
1105 4425 1195 4488 15,
1227 4421 1338 4496 16).
1390 4422 1503 4478 lloc
1529 4421 1671 4477 idem
1705 4420 1862 4476 Jere-

257 4525 399 4582 mias
439 4523 602 4579 simili
632 4521 846 4576 ratione
879 4517 1184 4590 significat;
1216 4517 1290 4570 ait
1330 4515 1476 4571 enim
1508 4529 1630 4570 cum
1665 4513 1864 4568 Hiero-

1439 1823 1668 1879 quorum
1727 1821 1851 1878 gra-
1876 1837 1926 1900 Β

1947 549 2082 604 ritus
2128 561 2370 606 sanctus.
2406 552 2462 607 ln
2505 568 2636 607 xvm
2667 553 2875 623 psalmo
2906 552 3010 609 hoc
3046 553 3323 611 invenitur
3350 569 3546 611 oracu-

1947 643 2096 709 lum;
2129 645 2206 698 ait
2243 644 2389 700 euim
2423 663 2437 702 :
2466 643 2534 699 Et
2562 646 2672 717 ipse
2717 646 2853 701 velut
2899 662 3121 719 sponsus
3166 646 3435 719 egrediens
3482 647 3548 703 de

1947 735 2174 791 thalamo
2194 735 2601 810 suolexsultavit,
2619 747 2674 792 ut
2695 739 2863 810 gigas,
2879 738 3018 792 viam
3037 755 3266 796 currere.
3285 739 3329 794 Α
3348 756 3550 796 summa

1947 831 2059 884 coeli
2089 830 2338 899 profectio
2358 832 2492 902 ejus,
2520 841 2567 885 et
2598 831 2833 886 decursio
2859 832 2972 901 ejus
3000 849 3158 903 usque
3191 833 3261 886 ad
3290 849 3550 888 summum

1945 926 2079 994 ejus,
2113 934 2160 978 et
2182 942 2284 979 non
2311 935 2385 980 est
2412 926 2498 995 qui
2520 926 2680 981 lateat
2707 943 2740 980 a
2759 928 2932 982 calore
2957 931 3071 1000 ejus
3092 925 3119 965 ιι
3158 926 3180 1001 (
3212 926 3363 984 Psal.
3395 945 3549 997 xvm,

1947 1018 2002 1084 6,
2037 1017 2114 1089 7).
2147 1017 2456 1074 Secretiora
2485 1019 2794 1090 pandantur
2822 1035 3022 1075 arcana
3044 1038 3058 1076 :
3080 1021 3135 1075 in
3165 1021 3500 1092 Apocalypsi
3526 1031 3550 1060 ο

1946 1111 2070 1182 quis
2119 1113 2188 1166 sit
2233 1112 2482 1183 Sponsus
2541 1113 2923 1179 inveniemus;
2971 1113 3044 1169 ita
3093 1114 3238 1169 enim
3287 1113 3553 1185 scriptum

1946 1213 2031 1262 est
2056 1223 2069 1260 :
2112 1204 2258 1273 Veni,
2284 1208 2554 1262 ostendam
2576 1207 2668 1261 tibi
2690 1223 2875 1262 novam
2902 1219 3142 1278 nuptam,
3168 1224 3383 1264 uxorem
3402 1209 3548 1280 agni.

1950 1298 2018 1352 Et
2046 1298 2197 1354 duxit
2226 1316 2306 1353 me
2331 1300 2383 1354 in
2407 1300 2600 1370 spiritu
2629 1300 2684 1355 in
2716 1309 2937 1354 montem
2962 1317 3232 1372 magnum,
3257 1310 3305 1356 et
3335 1301 3559 1356 ostendit

1948 1390 2079 1445 mihi
2115 1392 2372 1446 civitatem
2419 1404 2651 1447 sanctam
2695 1391 3028 1448 Hierusalem
3064 1393 3454 1466 descendentem
3494 1392 3560 1448 de

1949 1485 2077 1539 caelo
2096 1482 2307 1556 ‘(Apoa
2325 1483 2618 1557 xx1,9,lO).
2646 1485 3082 1557 [investigandum
3106 1497 3212 1554 est,
3239 1486 3366 1558 quid
3389 1488 3556 1542 etiam

1950 1579 2108 1633 nobis
2147 1579 2213 1632 de
2244 1579 2345 1634 hac
2394 1580 2509 1650 ipsa
2542 1595 2602 1635 re
2635 1579 2816 1635 tradat
2859 1580 3187 1649 Evangelica
3231 1580 3558 1651 disciplina;

1950 1669 2294 1726 inveniemus
2325 1673 2467 1727 enim
2497 1672 2550 1726 in
2585 1672 2883 1744 Evangelio
2923 1672 3150 1728 Joannis
3183 1673 3254 1727 ita
3298 1686 3422 1729 esse
3450 1672 3562 1744 sig-

1950 1773 2135 1817 natum
2168 1780 2181 1816 :
2220 1762 2326 1818 Vos
2373 1765 2500 1817 mihi
2545 1773 2693 1820 testes
2740 1765 2887 1828 estis,
2915 1765 3157 1836 quoniam
3186 1765 3300 1820 dixi
3328 1765 3400 1820 eis
3423 1807 3438 1832 ,
3464 1765 3557 1835 qui

1953 1855 2100 1908 missi
2145 1869 2267 1910 sunt
2315 1855 2377 1908 ab
2423 1855 2800 1928 Hierosolymis
2846 1857 2916 1911 ad
2964 1873 3076 1923 me,
3121 1859 3244 1928 quia
3288 1873 3392 1912 non
3444 1873 3562 1911 sum
3656 1895 3662 1903 -

1951 1945 2223 2013 Christus,
2256 1949 2346 2003 sed
2373 1951 2622 2021 quoniam
2650 1950 2838 2005 missus
2877 1968 2991 2006 sum
3035 1960 3156 2006 ante
3205 1951 3400 2022 ipsum.
3450 1949 3553 2019 Qui

1951 2043 2085 2097 cnim
2114 2043 2262 2098 habet
2285 2061 2527 2116 sponsam
2567 2061 2788 2115 sponsus
2812 2054 2910 2113 est,
2944 2046 3144 2101 amicus
3171 2055 3344 2102 autem
3377 2047 3558 2118 sponsi

1951 2144 2060 2203 est,
2106 2137 2196 2202 qui
2232 2147 2333 2192 stat
2368 2148 2416 2192 et
2446 2139 2592 2192 audit
2623 2155 2738 2192 eum
2761 2180 2775 2204 ,
2811 2148 2860 2193 et
2895 2138 3087 2208 gaudio
3120 2139 3311 2210 gaudet
3347 2147 3561 2211 prapter

1951 2242 2128 2313 vocent
2142 2231 2317 2295 sponsi
2344 2239 2369 2276 Β
2400 2229 2580 2301 (Joan.
2605 2245 2684 2297 tu,
2717 2230 2788 2286 28
2817 2241 2864 2286 et
2890 2229 3008 2301 29).
3043 2230 3217 2301 Hujus
3245 2230 3326 2288 rei
3349 2239 3555 2303 myste-

1951 2319 2089 2374 rium
2133 2331 2414 2377 ostensum
2456 2331 2543 2380 est
2565 2365 2580 2390 ,
2609 2323 2775 2394 hujus
2801 2325 2987 2394 sponsi
3020 2323 3312 2379 adventum
3343 2323 3563 2394 sapien-

1951 2414 2086 2467 tium
2107 2415 2372 2484 virginum
2395 2414 2598 2471 chorus
2621 2425 2926 2486 exspectat,
2949 2415 3076 2472 huic
3104 2416 3324 2488 praefert
3351 2416 3559 2473 lumina

1951 2508 2203 2577 pervigili
2233 2523 2364 2563 cura
2394 2519 2584 2565 sancta
2615 2509 2925 2581 virginitas,
2959 2511 3376 2578 exspectantibus
3404 2527 3568 2581 spon-

1951 2616 2066 2654 sum
2099 2601 2316 2668 (Matth.
2348 2618 2480 2668 xxv,
2513 2603 2536 2656 1
2571 2602 2706 2675 seq.)
2739 2603 2913 2658 servis
2936 2602 3178 2659 felicium
3215 2603 3564 2674 prtemiorum

1954 2698 2290 2766 promittitur
2336 2713 2556 2754 munus.
2609 2699 2924 2756 Invenimus
2969 2701 3113 2756 enim
3157 2702 3211 2756 in
3263 2700 3565 2773 Evangelia

1954 2790 2114 2847 Lucae
2144 2809 2157 2846 :
2189 2790 2308 2847 Sint
2337 2791 2496 2847 lumbi
2524 2794 2676 2846 vestri
2699 2794 2963 2864 prtecincti
2984 2803 3032 2848 et
3053 2793 3281 2849 lucerna:
3300 2795 3562 2861 ardentes,

1953 2896 2000 2940 et
2065 2901 2152 2939 vos
2217 2887 2413 2941 similes
2469 2884 2765 2940 hominibus
2830 2885 3246 2956 exspectantibus
3294 2887 3566 2941 dominum

1953 2998 2125 3044 suum,
2158 2981 2364 3050 quando
2409 2981 2577 3034 veniat
2617 2999 2648 3035 a
2692 2981 2928 3049 nuptiis;
2978 2989 3064 3046 ut,
3119 2997 3238 3035 cum
3280 2981 3475 3036 venerit
3519 2989 3568 3036 et

1957 3074 2260 3143 pulsaverit,
2293 3074 2530 3142 aperiant
2557 3073 2658 3127 illi.
2695 3072 2898 3128 Felices
2929 3074 3062 3128 servi
3089 3073 3205 3140 illi,
3239 3090 3370 3142 quos
3406 3072 3566 3129 adue-

1959 3169 2106 3222 niens
2153 3165 2408 3221 Dominus
2453 3167 2702 3221 invenerit
2755 3167 3024 3238 vigilantes
3055 3164 3084 3205 ιι
3115 3166 3268 3240 (Luc.
3321 3183 3428 3235 xtl,
3460 3167 3565 3234 35,

1881 3234 1928 3299 (ἶ
1959 3260 2074 3331 56).
2099 3259 2238 3316 Ecce
2259 3258 2694 3314 venerandorum
2720 3275 3114 3330 responsorum
3137 3259 3374 3316 oraculis
3397 3274 3566 3329 spon-

1959 3368 2053 3409 sus
2105 3363 2359 3409 ostensus
2413 3363 2518 3409 est.
2568 3353 2708 3422 Quid
2753 3362 2808 3408 tu
2851 3353 2947 3410 tibi
2993 3354 3044 3409 in
3083 3354 3301 3410 acerbis
3346 3354 3568 3412 casibus

1960 3449 2290 3502 constitutus
2320 3447 2538 3503 beatum
2569 3463 2769 3502 nomen
2799 3446 3076 3516 imponis?
3107 3445 3166 3503 Si
3192 3447 3276 3503 vis
3305 3446 3571 3504 liberatus

1961 3538 2147 3594 lumen
2198 3539 2351 3608 sequi
2401 3538 2612 3609 sponsi,
2669 3537 2878 3609 projice
2924 3553 3166 3606 errores,
3207 3548 3264 3594 et
3309 3539 3575 3612 pervigili

1960 3647 2091 3687 cura
2124 3633 2425 3698 sollicitus,
2456 3631 2818 3702 przecedentia
2860 3632 2986 3687 vitae
3036 3631 3278 3687 facinora
3312 3633 3574 3704 religiosa

1963 3727 2256 3782 devotione
2292 3725 2520 3796 castiga.
2554 3727 2707 3783 Tunc
2735 3735 2788 3782 te
2816 3727 2867 3782 in
2897 3729 3117 3785 nomine
3152 3745 3252 3784 suo
3279 3745 3401 3784 cum
3433 3729 3574 3799 vigi-

1961 3817 2166 3872 lantem
2223 3819 2499 3874 invenerit
2549 3833 2825 3888 sponsus,
2868 3834 2990 3875 cum
3039 3819 3165 3875 fidei
3216 3828 3324 3875 tua:
3377 3820 3574 3876 merita

1963 3911 2308 3981 cognoverit,
2335 3910 2485 3967 dabit
2537 3914 2834 3966 maximum
2883 3911 3164 3982 prannium
3188 3953 3203 3977 ,
3247 3911 3400 3968 dabit
3432 3913 3573 3968 inte-

1962 4017 2120 4073 grum
2154 4016 2372 4066 munus,
2404 4002 2635 4057 intrabis
2661 4015 2784 4057 cum
2816 4017 2884 4058 eo
2916 4003 3040 4059 caeli
3075 4002 3396 4070 thalamum,
3424 4003 3576 4060 vide-

1964 4095 2052 4148 bis
2081 4110 2246 4163 regna
2275 4093 2483 4159 mundi,
2511 4103 2566 4149 et
2599 4102 2660 4150 ut
2695 4109 2886 4150 eorum
2918 4095 3195 4166 particeps
3219 4109 3344 4151 esse
3372 4096 3575 4167 possis,

1963 4203 1995 4242 a
2026 4189 2277 4258 piissimo
2317 4187 2705 4257 etjustissimo
2743 4187 2978 4246 Domino
3019 4187 3451 4246 immortalitatis
3481 4189 3579 4247 tibi

1964 4284 2137 4356 gratia
2166 4282 2503 4340 conferetur.

2559 4359 2794 4456 CAPUT
2835 4397 2984 4454 xxx.

1967 4515 2022 4571 5.
2051 4513 2118 4568 In
2150 4515 2278 4582 alio,
2307 4523 2444 4570 certe
2472 4513 2778 4582 Mithriaco,
2805 4515 2929 4577 Θεὸς
2951 4515 3003 4569 ἐκ
3026 4516 3220 4587 Πέτρας
3249 4530 3263 4569 :
3299 4513 3384 4569 ubi
3412 4514 3580 4570 multa

257 4617 489 4685 solymze
523 4611 660 4668 truci
700 4613 935 4667 minatur
963 4607 1184 4663 oraculo
1216 4625 1228 4662 :
1263 4606 1332 4659 Et
1357 4609 1594 4676 auferant
1627 4605 1689 4658 de
1733 4605 1865 4658 civi-
1894 4643 1948 4704 Β
2043 4609 2273 4682 congerit
2299 4625 2362 4663 ea:
2391 4608 2554 4663 sacris
2585 4607 2872 4680 Scripturis
2901 4606 2966 4662 de
2987 4605 3191 4663 Christo
3219 4607 3412 4679 lapide.

257 4711 450 4766 tatibus
477 4706 638 4762 Iuda:
664 4715 710 4761 et
738 4705 950 4760 urbibus
985 4703 1316 4757 Hierusalem
1345 4717 1517 4756 vocem
1546 4701 1862 4767 laetantium,

258 4817 433 4856 vocem
477 4798 675 4867 Sponsi
721 4807 768 4852 et
820 4812 992 4850 vocem
1041 4809 1245 4867 sponsa:
1279 4805 1299 4832 ο
1335 4793 1552 4866 (Jerem.
1601 4791 1863 4866 xVI,16).

338 4949 362 4974 η
407 4937 556 4990 Alius
587 4933 816 5005 symboli
846 4932 928 5005 vel
969 4932 1154 5002 hymni
1188 4932 1238 4986 in
1273 4931 1456 5005 sacris
1480 4931 1684 4985 cantari
1718 4929 1865 5005 soliti

261 5011 526 5064 admonet
561 5003 793 5060 lectores
842 5003 1135 5068 Ethnieos;
1167 5019 1196 5057 e
1227 5003 1552 5071 quibusdam
1587 5003 1867 5074 mysteriis

263 5084 522 5137 haustum
548 5079 639 5140 sit,
665 5077 878 5146 ignoro.
915 5077 990 5129 Ex
1025 5075 1322 5129 Mithriacis
1348 5074 1512 5146 forte,
1545 5075 1773 5146 cmnjol
1801 5087 1868 5146 eo

263 5153 555 5208 salutetur.
589 5143 787 5216 Sponsi
814 5161 947 5200 vero
972 5155 1027 5200 et
1055 5161 1208 5198 noue
1255 5145 1388 5199 lucis
1435 5147 1638 5198 mentio
1672 5143 1868 5198 Firmi-

263 5238 391 5278 cnm
449 5221 740 5282 inducunt,
773 5219 833 5270 ἰιι
869 5217 937 5272 de
977 5218 1226 5286 Christo,
1259 5231 1420 5286 quem
1462 5233 1574 5270 sua:
1607 5217 1866 5270 Ecclesia:

264 5309 528 5360 sponsum
558 5303 612 5346 et
638 5289 823 5345 mundi
854 5289 1029 5343 lucem
1060 5285 1174 5360 (lo.
1197 5285 1310 5351 vni,
1344 5287 1433 5357 19)
1459 5287 1869 5342 venerabantur

267 5364 577 5426 christiani,
610 5370 844 5430 exponat
869 5370 1030 5430 atque
1056 5359 1123 5412 ad
1151 5374 1276 5412 enm
1325 5360 1580 5428 applicet.

345 5435 370 5474 ιι
417 5435 481 5489 Ut
511 5433 817 5506 Cyprianus
849 5431 1077 5506 Testim.
1110 5430 1204 5506 lib.
1237 5445 1296 5484 ιι.

349 5519 370 5546 ε
414 5501 611 5575 (ἔγρζῄ
639 5503 868 5560 Testim.
903 5502 1067 5557 habet
1097 5502 1468 5575 de‘quadriviis
1497 5501 1870 5570 Hierusalem;

268 5573 684 5637 noster—omittit
719 5593 733 5629 :
761 5585 809 5628 et
835 5584 1011 5628 vocent
1037 5573 1394 5647 gaudentium.

345 5649 371 5687 ά
414 5651 576 5719 Cypr.
613 5647 848 5719 Testim.
896 5647 991 5700 lib.
1041 5645 1113 5719 ιι,
1145 5645 1327 5700 differt
1372 5654 1576 5719 tantum
1606 5659 1708 5698 una
1740 5657 1874 5699 voce

276 5717 553 5794 profectio,
585 5734 709 5774 cum
738 5717 1276 5794 Cyprianusnhabeat
1303 5717 1547 5794 egressio.

355 5803 378 5830 °
419 5793 699 5848 Glossema
733 5787 877 5861 quod
910 5789 1126 5861 inuadit.
1161 5789 1406 5861 principe
1445 5787 1642 5859 legitur
1677 5805 1688 5841 :
1720 5788 1774 5842 id
1803 5795 1877 5843 est

275 5867 334 5923 in
362 5864 691 5932 reuelatione,
722 5860 926 5918 delevit
955 5858 1284 5919 Wowerius.

2045 4703 2286 4760 Alterius
2328 4701 2538 4770 profani
2578 4702 2906 4757 sacramenti
2950 4699 3167 4772 signum
3205 4709 3332 4755 est:
3364 4702 3487 4763 Θεὸς
3524 4705 3581 4759 in

1973 4797 2166 4872 Πέτρας
2204 4791 2247 4848 ί.
2297 4790 2410 4848 Cur
2453 4793 2558 4849 hoc
2603 4803 2849 4848 sanctum
2875 4793 3357 4866 venerantiumque
3390 4809 3580 4852 secre-

2048 4926 2066 4966 f
2113 4927 2182 4983 Ut
2209 4926 2515 4998 Cyprianus
2549 4925 2778 4983 Testim.
2807 4929 2904 4984 lib.
2933 4943 2993 4985 ιι.

2047 5009 2072 5070 Β
2112 4998 2184 5055 Ut
2219 4998 2654 5070 Cyprafl‘estim.
2687 5015 2745 5053 ιι.

2041 5069 2068 5105 ιι
2110 5069 2276 5142 Cypr.
2305 5069 2372 5125 ad
2400 5069 2629 5124 Fortuu.
2663 5070 2892 5127 Testim.
2923 5086 2980 5126 ιι.

2053 5142 2066 5178 ί
2113 5142 2346 5205 Mithrae,
2380 5143 2433 5195 in
2463 5142 2619 5220 cuius
2645 5142 2927 5220 mysteriis
2961 5142 3066 5220 hoc
3099 5146 3435 5220 sacramenti
3463 5147 3577 5220 sig.

1971 5229 2099 5268 num
2152 5224 2493 5281 usurpatmn.
2543 5212 2744 5267 Hieron
2777 5228 2795 5268 ι
2825 5213 2950 5268 adv.
2992 5213 3268 5272 Jovinian.
3321 5212 3577 5275 Mithram

1965 5285 2118 5354 juxta
2168 5285 2454 5354 gentilium
2503 5283 2712 5354 fabulas
2744 5285 2796 5338 in
2843 5284 3019 5354 lapide
3064 5286 3133 5342 de
3164 5297 3300 5342 :cstu
3333 5289 3577 5346 libidinis

1973 5353 2293 5430 generatum
2325 5354 2516 5411 scribit
2539 5353 2786 5410 Justinus
2821 5353 2956 5410 Dial.
2985 5358 3360 5430 c.1‘ryphonc
3385 5376 3436 5416 ε.
3465 5363 3573 5417 70:

1976 5429 2042 5508 Oi
2079 5427 2134 5484 δὲ
2160 5431 2226 5484 τὰ
2252 5434 2341 5484 τοῦ
2369 5429 2554 5508 μίθρου
2585 5432 2858 5508 (euaginata
2879 5427 3250 5508 παραξιδὸὗτις
3277 5433 3579 5508 ⁸ᾉᾶσγουσεὰ

1977 5447 2036 5484 υι
2079 5447 2134 5484 οε
2160 5451 2226 5484 τα
2252 5450 2341 5484 του
2370 5447 2554 5552 tuttth
2585 5449 2852 5504 μυστηρια
2879 5447 3250 5506 παραοιοοντις
3292 5447 3496 5508 Λὲγουσι
3522 5447 3579 5489 in

1977 5503 2174 5577 πέτρας
2218 5507 2458 5574 γεγεννῆσ
2491 5521 2543 5554 αι
2587 5496 2758 5556 αὐτόν.
2790 5497 2969 5555 Wow.
3025 5499 3454 5562 Commodianus
3488 5504 3581 5560 ln-

1977 5581 2172 5628 ειτιιει.
2207 5586 2301 5625 XIII
2330 5588 2343 5624 ε

2109 5685 2327 5736 Invictus
2347 5684 2414 5734 de
2437 5689 2577 5749 petra
2599 5689 2760 5747 natus,
2787 5685 2828 5735 si
2850 5685 2976 5737 deus
2997 5686 3228 5740 habetur.

1987 5787 2359 5870 augustinLin
2391 5789 2558 5870 ᾼιιιιιε
2588 5804 2670 5854 ιιι,
2691 5789 2757 5870 f1,
2787 5797 3096 5870 πετρογενὴς
3125 5794 3314 5870 ῃίθρας
3333 5808 3423 5870 ap.
3451 5794 3582 5870 Joh.

1989 5861 2126 5934 Lyd.
2158 5859 2227 5918 de
2256 5859 2561 5930 Mensibus,
2591 5876 2646 5933 p.
2678 5859 2770 5919 47.
2815 5859 3128 5934 Romanos,
3157 5859 3335 5937 inquit
3351 5859 3384 5937 ,’
3397 5864 3593 5940 ἱωιιιίς
