3970 6408
459 290 591 346 1051

1693 284 1864 344 JULII
1903 283 2164 344 FIRMICI
2203 287 2514 346 MATERNI

3625 292 3784 350 £032

449 402 683 458 duorum
715 411 765 468 ο,
798 415 918 473 qua:
949 414 1046 472 per
1083 400 1230 455 latus
1258 399 1484 464 vadunt,
1517 400 1837 472 compagine
1873 400 2058 455 oriens
2085 407 2140 468 Α
2235 403 2322 457 ubi
2365 405 2637 460 occasione
2682 404 2934 477 unguenti
2973 419 3075 475 quo
3118 407 3295 476 fauces
3341 414 3628 478 myslarttm
3683 409 3785 464 de-

453 497 736 566 tangitur,
782 493 1041 549 occidens
1085 492 1442 558 sublevatur,
1479 502 1538 547 ut
1585 493 1668 548 sic.
1714 502 1864 546 totus
1913 493 2062 546 orbis

453 591 730 662 tripartita
757 587 1057 644 stabilitate
1091 587 1335 642 firmatus
1362 587 1566 642 confixi
1598 587 1807 656 eperis,
1840 587 2065 640 immor-

449 681 680 737 talitatis
731 679 935 736 radicis
980 677 1333 734 fundamenta
1381 687 1713 734 teneantur:
1747 678 1852 732 hoc
1881 693 2064 733 secre-

447 785 563 830 tum
592 775 752 828 nobis
779 771 1149 829 venerandum
1195 776 1476 841 propheta:
1503 771 1786 826 oraculum
1819 770 2061 826 tradidit.

448 869 792 924 Inveniemus
837 866 984 921 enim
1012 866 1066 920 in
1099 864 1350 920 Habacuc
1381 865 1450 919 ita
1484 879 1608 920 esse
1646 864 2010 934 perscriptum
2045 881 2059 918 :

451 958 605 1016 Texit
633 959 787 1014 stelas
815 959 978 1012 virtus
1005 959 1120 1030 ejus
1143 997 1156 1021 ,
1192 966 1239 1009 et
1267 955 1422 1010 laude
1458 957 1574 1028 ejus
1615 956 1770 1024 plena
1798 965 1872 1010 est
1901 964 2058 1008 terra.

453 1052 520 1108 Et
556 1051 803 1121 splendor
843 1051 955 1122 ejus
986 1060 1042 1104 ut
1073 1048 1164 1103 lux
1190 1049 1321 1113 erit,
1350 1063 1550 1102 cornua
1580 1048 1635 1101 in
1667 1047 1905 1101 manibus
1943 1050 2060 1116 ejus

445 1154 616 1200 erunt.
639 1143 704 1198 Et
721 1144 832 1198 illic
851 1141 1182 1197 constabilita
1201 1149 1278 1195 est
1295 1141 1458 1194 uirtus
1477 1139 1647 1205 gloria
1657 1141 1846 1207 ejus,et
1864 1138 2059 1192 consti-

449 1249 555 1294 tuet
568 1237 892 1292 dilectionem
904 1251 1072 1290 suam.
1090 1233 1194 1289 Ibit
1207 1234 1436 1300 verbum,
1452 1244 1500 1288 et
1515 1233 1765 1304 praecedet
1779 1233 2060 1287 secundum

445 1347 652 1403 gressus
679 1347 798 1385 suos
825 1328 852 1368 δ
884 1329 902 1402 (
929 1317 1128 1382 Habar.
1157 1343 1236 1394 ιιι,
1269 1325 1413 1397 3-5).
1454 1327 1531 1381 En
1569 1324 1879 1381 veneranda
1907 1323 2050 1380 Cru-

448 1425 530 1481 cis
560 1439 789 1487 cornua,
824 1437 892 1478 en
924 1431 1126 1476 sanetae
1156 1420 1376 1475 virtutis
1407 1419 1714 1476 immortale
1757 1417 2056 1489 fastigium,

445 1532 516 1573 en
566 1516 797 1587 gloriosi
849 1515 1034 1585 operis
1085 1513 1269 1569 divina
1319 1528 1605 1584 compago.
1658 1513 1761 1578 'l‘u,
1820 1513 2056 1580 Christe,

453 1609 717 1664 mundum
768 1623 832 1663 ac
872 1617 1075 1663 terram
1121 1605 1364 1662 extensis
1411 1607 1686 1671 manibus,
1731 1614 1788 1660 tu
1835 1606 2060 1662 eteleste

450 1711 731 1758 sustentas
761 1700 1051 1770 imperium
1078 1715 1093 1765 ;
1127 1702 1234 1754 tuis
1259 1699 1658 1755 immortalibus
1681 1699 1926 1756 adhzeret
1951 1699 2054 1754 hu-

448 1795 618 1850 meris
647 1792 796 1849 salus
824 1801 1009 1848 nostra
1035 1807 1051 1858 ;
1085 1801 1164 1857 tu,
1210 1790 1464 1857 Domine,
1497 1801 1717 1848 aeterna:
1747 1793 1873 1848 vitae
1902 1791 2057 1861 baju-
2088 1789 2132 1849 Β

449 1885 530 1940 las
557 1884 800 1956 signum,
836 1891 891 1939 tu
922 1881 1234 1938 venerando
1257 1883 1515 1938 instinctu
1535 1882 1638 1938 hoc
1667 1883 1824 1938 nobis
1849 1881 2060 1939 denun-

449 1979 548 2033 tias
583 1993 681 2049 per
711 1977 1028 2049 prophetas.
1075 1976 1169 2032 Ait
1197 1976 1343 2032 enim
1375 1975 1563 2031 Esaias
1591 1993 1604 2029 :
1639 1975 1772 2030 Ecce
1800 1985 1952 2030 natus
1983 1985 2058 2031 est

445 2072 593 2127 nobis
623 2071 791 2141 ﬁlius,
822 2071 1101 2140 imperium
1130 2087 1285 2139 super
1305 2072 1545 2125 humeros
1573 2073 1712 2143 ejus,
1745 2081 1792 2124 et
1821 2083 2057 2126 vocatum

446 2176 519 2220 est
549 2181 734 2220 nomen
774 2165 886 2236 ejus
941 2180 1145 2238 magna:
1184 2165 1513 2236 cogitationis
1563 2167 1775 2219 nuntius
1820 2175 1842 2204 ο
1881 2162 2055 2235 (Esai.

445 2273 524 2326 ix,
559 2255 659 2328 6).
690 2257 821 2314 Haec
863 2267 992 2313 sunt
1033 2255 1224 2313 Crucis
1269 2272 1496 2324 cornua,
1545 2257 1742 2326 quibus
1778 2257 1958 2313 omnia
2001 2267 2057 2313 et

441 2351 799 2408 sublevantur
829 2352 1032 2420 pariter
1048 2361 1104 2407 et
1124 2351 1496 2406 continentur.
1520 2350 1614 2405 His
1638 2351 1899 2407 cornibus
1916 2352 2058 2406 bene

446 2442 733 2499 hominum
773 2442 964 2498 nititur
1003 2445 1136 2500 vita.
1168 2442 1242 2500 Ut
1290 2443 1550 2499 Amalech
1581 2443 1912 2510 vinceretur,
1957 2459 2056 2500 ex—

445 2537 620 2592 tensis
673 2537 925 2592 manibus
973 2535 1189 2608 Moyses
1248 2536 1365 2592 lucc
1417 2537 1663 2592 imitatus
1711 2547 1796 2594 est
1849 2552 2055 2592 cornua

445 2629 646 2702 (Exod.
670 2645 800 2696 xvn,
826 2629 916 2701 ιε)
943 2645 958 2696 ;
981 2639 1042 2684 ιιι
1062 2628 1281 2685 facilius
1303 2629 1641 2700 impetraret,
1665 2629 1807 2701 quod
1833 2645 2056 2701 magno-

443 2740 577 2797 pere
609 2722 945 2795 postulabat,
972 2737 1191 2778 crucem
1224 2721 1330 2778 sibi
1369 2722 1495 2778 fecit
1521 2738 1591 2779 ex
1615 2725 1790 2794 virga.
1827 2724 1909 2780 Ad
1936 2723 2055 2780 haec

440 2835 647 2878 cornua
691 2818 891 2875 festina
916 2817 1203 2872 celeritate
1242 2827 1532 2887 properate
1561 2814 1613 2881 ἀ,
1657 2816 1723 2871 ad
1765 2816 1882 2872 haec
1926 2832 2051 2873 cor-

443 2927 551 2968 nua
582 2909 780 2966 humili
816 2909 1170 2965 veneratione
1207 2907 1506 2979 confugite.
1556 2908 1650 2963 His
1696 2923 1793 2965 vos
1829 2909 2056 2980 alligant

445 3002 736 3068 cornibus,
771 3000 1010 3072 jnstitia,
1056 3000 1305 3071 tequitas,
1337 3000 1619 3071 pudicitia,
1653 3001 2050 3072 misericordia,

443 3096 729 3168 patientia,
759 3094 933 3149 fides:
967 3103 1026 3148 ut
1062 3092 1373 3149 veneranda
1412 3092 1764 3164 praeferentes
1793 3093 2048 3165 insignia,

437 3187 747 3246 consecrati
778 3185 945 3242 fontis
976 3185 1267 3256 majestate
1297 3184 1633 3256 gaudentes,
1665 3197 1720 3241 et
1750 3186 2050 3258 sepulturae
2077 3180 2123 3244 C

438 3280 646 3339 Christi
676 3279 970 3353 participes
996 3278 1119 3335 sitis
1143 3289 1200 3334 et
1226 3278 1372 3335 vitae.

1009 3391 1242 3448 CAPUT
1285 3391 1480 3448 XXIII.

447 3491 506 3548 5.
550 3489 619 3545 In
640 3486 850 3555 Isiacis,
879 3487 942 3541 de
967 3486 1194 3541 redivivo
1221 3486 1433 3543 Osiride
1465 3504 1480 3545 :
1518 3497 1784 3567 Θαρριῖτι,
1811 3508 2043 3564 μυσται;

513 3638 543 3668 ⁸
580 3627 674 3685 Sic
698 3626 943 3696 intelligo
968 3642 980 3679 :
1007 3623 1074 3678 Et
1098 3640 1126 3679 e
1151 3624 1378 3698 duorum
1401 3640 1515 3692 quia
1535 3641 1625 3698 per
1646 3627 1783 3698 latus
1810 3628 2040 3681 vadunt:

442 3701 700 3756 nimirttm
746 3695 1106 3753 antennarnm
1139 3696 1351 3760 crucis,
1383 3711 1414 3751 e
1439 3695 1635 3766 quibus
1665 3695 1915 3753 Christus
1947 3715 2042 3767 pc-

439 3773 665 3844 pendit;
695 3769 996 3844 compagine
1017 3768 1206 3844 _oriens
1249 3769 1500 3844 tangitur,
1523 3768 1762 3822 occidens
1805 3769 2040 3844 subleva-

439 3839 525 3898 iur
556 3860 575 3899 :
602 3839 868 3898 orientem
900 3839 1158 3895 nimirum
1189 3847 1248 3894 et
1289 3839 1630 3894 occidentem
1673 3842 1994 3910 Spectabant
2022 3855 2036 3905 ;

439 3925 496 3970 ut
542 3915 617 3969 sic
664 3923 800 3968 totus
841 3913 1010 3976 orbis,
1054 3911 1316 3980 tripartito
1360 3910 1640 3965 stabilitate
1681 3928 1696 3964 :
1739 3912 1940 3980 stipitis
1985 3922 2042 3967 et

439 3986 670 4041 duarum
701 3995 1092 4047 antennarum;
1126 3982 1363 4050 ﬁrmatus
1391 3981 1586 4050 conﬁxi
1620 3983 1791 4051 operis
1815 3998 1834 4036 :
1857 3983 2037 4038 crucis

439 4058 493 4112 in
525 4065 724 4112 terram
753 4055 981 4118 delixze;
1012 4053 1421 4107 immortalitatis
1449 4053 1641 4106 radicis
1668 4055 2038 4124 fundamenta:

438 4143 571 4183 crux
602 4127 804 4182 dicitur
832 4126 984 4180 radix
1012 4124 1431 4180 immortalitatis
1455 4139 1475 4188 ;
1505 4133 1774 4179 teneantur
1793 4140 1812 4178 :
1835 4126 2040 4181 rectius

438 4213 588 4261 vero,
625 4206 847 4261 teneant,
885 4197 935 4250 id
961 4197 1104 4265 quod
1149 4209 1348 4250 sensus
1377 4196 1654 4264 postulare
1692 4194 1928 4250 videtur.

511 4267 540 4307 ι)
581 4268 906 4323 Plerumque
932 4265 1178 4321 concinit
1201 4282 1324 4320 cum
1351 4265 1515 4323 Cvnr.
1546 4267 1773 4322 Testim.
1806 4283 1864 4322 ιι.

965 4283 1773 4322 οηοηηιρυηιυγυτ.1θευηι
1806 4283 1864 4322 Π.

513 4281 540 4307 ο
581 4281 906 4337 Plerumque
932 4281 1178 4321 coneimt
1201 4282 1324 4320 cum
1351 4281 1515 4338 Cypr.
1547 4281 1773 4322 't'esttm.
1806 4283 1864 4322 ιι.

512 4350 535 4379 ο
580 4338 756 4394 Locus
779 4338 1095 4392 memoriter
1123 4345 1180 4391 et
1216 4337 1558 4393 breviuscule
1588 4338 1806 4404 citatus,
1833 4338 1888 4392 in
1922 4339 2040 4393 ulti-

439 4411 545 4467 mis
569 4411 753 4466 verbis
781 4424 980 4481 magna:
1030 4408 1356 4477 cogitationis
1387 4410 1599 4481 nuntius
1627 4426 1644 4473 ;
1687 4411 1961 4480 eunspirat
1986 4425 2036 4464 c.

440 4483 716 4609 Cypran
754 4481 791 4535 ι.
827 4479 880 4537 Ι(
898 4479 1104 4538 Vocem
1149 4481 1476 4550 cogitationis
1519 4480 1573 4533 lti
1613 4482 1720 4537 duo
1763 4479 1864 4536 soli
1914 4490 2043 4537 sunt

440 4571 528 4609 aut
581 4572 628 4609 ia
672 4563 821 4608 eant.

480 4556 528 4610 ui
562 4556 821 4609 habeant.

603 4572 628 4607 π
672 4571 821 4608 eant.

437 4571 774 4681 qugli‘le’scio
820 4623 968 4680 unde
1000 4623 1108 4695 hoc
1139 4622 1409 4678 Firmicus
1450 4623 1714 4678 hauserit.
1769 4623 1842 4680 De
1889 4625 2041 4695 virga

479 4697 659 4754 uidem
685 4696 850 4752 Mosis
886 4694 1214 4751 miraculosa
1247 4695 1411 4748 multa
1443 4695 1749 4749 fabulantur
1779 4694 2041 4751 Thalmn-

480 4772 616 4824 istaa.
645 4769 794 4823 Hanc
821 4768 965 4823 Dens
987 4767 1246 4823 Sabbathi
1268 4780 1495 4835 vespere
1517 4781 1732 4822 creasse
1752 4774 1810 4822 et
1833 4766 2043 4822 Adamo

435 4841 738 4898 credidisse
763 4838 997 4894 traditur
1023 4879 1040 4901 ,
1087 4851 1117 4890 a
1147 4852 1255 4906 quo
1283 4837 1349 4891 ad
1381 4838 1693 4892 llenochnm
1720 4880 1735 4904 ,
1769 4837 1938 4892 Noam
1987 4849 2046 4894 et

433 4911 735 4982 Josephum
767 4910 1071 4982 transierit.
1100 4908 1234 4963 Post
1258 4909 1414 4979 hujus
1440 4920 1667 4982 mortem
1695 4910 1750 4963 in
1781 4909 2040 4979 palatium

437 4979 738 5040 Pharaonis
761 4981 998 5036 delatam
1030 4981 1173 5035 clam
1206 4981 1494 5034 abstulisse
1528 4979 1844 5035 Jethronem
1887 4991 1940 5034 et
1988 4982 2040 5034 in

440 5055 601 5110 horto
638 5069 737 5109 suo
787 5054 1060 5122 plantasse
1087 5051 1252 5115 ;Mosi
1306 5064 1510 5114 autem,
1555 5069 1676 5105 cum
1717 5066 1926 5122 nomen
1946 5051 2043 5105 Dei

434 5121 805 5188 ιπ-ωστ-ωως
834 5124 915 5179 illi
939 5123 1262 5195 inscriptum
1289 5123 1468 5195 legere
1499 5125 1780 5195 potuisset.
1805 5121 2043 5195 denique

437 5201 694 5252 cessisse.
729 5197 840 5251 lloc
867 5192 1130 5250 narratur
1152 5196 1204 5247 in
1249 5193 1388 5248 libro
1417 5193 1680 5247 Midrasch
1709 5192 2038 5262 Vajoschab.

438 5267 576 5321 Cum
605 5266 870 5322 Firmicus
891 5267 961 5322 de
987 5265 1136 5337 virga
1167 5265 1324 5319 unice
1352 5266 1619 5334 loquatur,
1645 5264 1869 5333 cogitari
1899 5264 2040 5318 haud

441 5346 621 5406 potest
663 5337 734 5392 de
780 5338 947 5407 ligno,
984 5339 1036 5391 in
1063 5350 1172 5405 quo
1210 5349 1440 5397 serpens
1486 5350 1672 5407 tenens
1720 5337 1774 5388 in
1823 5339 2042 5407 deserto

435 5405 735 5476 Suspensus
757 5405 893 5474 erat,
916 5407 1140 5462 Numer.
1165 5421 1275 5466 χιιι,
1307 5407 1362 5476 8,
1391 5407 1448 5471 9,
1472 5407 1556 5460 cui
1581 5405 1649 5460 ab
1671 5407 1894 5476 antiquo
1915 5405 2042 5462 inde

439 5473 710 5545 tempore,
759 5487 817 5531 ut
871 5473 998 5547 typo
1045 5475 1252 5547 Christi
1302 5473 1482 5546 (Joan.
1537 5492 1637 5539 nt.,
1695 5473 1819 5546 id),
1865 5477 2042 5547 crucis

437 5547 619 5608 forma
645 5547 824 5604 aflicta
861 5545 966 5603 est.
996 5547 1082 5604 Cf.
1129 5545 1427 5620 Ursprung,
1476 5547 1652 5603 Natur
1692 5548 1800 5602 und
1845 5545 2042 5620 Fortp-

2239 495 2570 562 liniebantur,
2611 497 2675 552 de
2703 507 2949 552 venenato
2989 507 3248 567 unguento
3281 498 3473 554 diaboli
3512 499 3780 568 loquitur.

2235 588 2397 644 Aliud
2443 589 2607 644 etiam
2647 589 2954 662 symbolum
3000 604 3366 661 praponamus
3397 600 3446 657 ο,
3477 601 3537 645 ut
3587 607 3774 648 cnna—

2164 682 2314 737 mine
2362 683 2705 752 cogitationis
2757 682 2966 737 scelera
3013 681 3362 750 revelentur;
3413 684 3568 753 cujus
3615 694 3778 739 totus

2164 771 2300 826 ordo
2337 773 2601 829 dicendus
2645 784 2762 840 est,
2794 785 2854 829 ut
2880 775 3022 843 apud
3051 789 3244 831 omnes
3281 785 3529 842 constet,
3561 777 3777 834 divina

2164 866 2541 935 dispositionis
2572 867 2745 937 legem
2783 882 3040 936 perversa
3081 867 3283 922 diaboli
3311 884 3434 925 esse
3462 869 3777 926 imitatione

2163 965 2500 1026 corruptam.
2532 955 2705 1012 Nocte
2736 957 2969 1028 quadam
3002 959 3350 1014 simulacrum
3376 960 3431 1015 in
3458 962 3648 1017 lectica
3674 976 3777 1017 su-

2164 1051 2352 1120 pinum
2419 1051 2670 1120 ponitur,
2714 1061 2767 1106 et
2824 1066 2922 1122 per
2970 1067 3228 1108 numeros
3274 1052 3496 1124 digestis
3544 1055 3774 1111 ﬂetibus

2162 1144 2452 1214 plangitur.
2481 1145 2686 1200 Deinde
2715 1160 2837 1200 cum
2867 1161 2926 1201 se
2953 1144 3074 1201 ficta
3105 1146 3490 1202 lamentatione
3516 1147 3774 1202 satiave-

2163 1239 2294 1302 rint,
2322 1238 2500 1294 lumen
2535 1237 2781 1292 infertur.
2809 1236 2962 1293 Tunc
2987 1252 3018 1293 a
3054 1237 3342 1294 sacerdote
3371 1241 3633 1304 omnium,
3669 1239 3775 1308 qui

2161 1330 2386 1398 flebant,
2418 1331 2603 1387 fauces
2630 1341 2906 1402 unguntur
2927 1347 2942 1396 ;
2967 1332 3160 1399 quibus
3183 1334 3482 1404 perunctis,
3500 1333 3776 1390 sacerdos

2162 1423 2267 1479 hoc
2296 1423 2448 1479 lento
2478 1440 2760 1480 murmure
2787 1433 3038 1481 susurrat
3063 1441 3077 1479 :

2380 1545 2662 1613 θαρρεῖτε,
2692 1540 2890 1613 μύσται
2919 1539 3150 1613 τοῦ-θεοῦ
3178 1541 3539 1613 σεσωσμένον,

2387 1605 2576 1664 "Hirrus
2596 1605 2703 1683 γὰρ’
2725 1613 2844 1682 ἡμῖν
2873 1612 2927 1666 ἐκ
2962 1611 3128 1666 πόνων
3148 1605 3400 1688 σωτηρίά.

2160 1720 2302 1789 Quid
2351 1721 2582 1777 miseros
2615 1722 2852 1778 hortaris
2894 1733 2952 1778 ut
2981 1725 3302 1798 gaudeant?
3325 1726 3453 1796 quid
3500 1726 3774 1798 deceptos

2162 1813 2412 1869 homines
2449 1815 2622 1870 laetari
2661 1815 2989 1886 compellis?
3020 1795 3182 1886 quam
3223 1795 3554 1889 illisispem,
3596 1795 3773 1891 quam

2162 1906 2394 1961 salutem
2442 1907 2656 1962 funesta
2705 1909 3060 1979 persuasione
3109 1910 3420 1980 promittis?
3455 1911 3586 1982 quid
3638 1912 3776 1968 illos

2159 2002 2292 2058 falsa
2323 2001 2716 2072 pollicitatione
2743 2002 3052 2058 sollicitas?
3086 2003 3182 2059 Dei
3214 2003 3290 2059 tui
3321 2019 3468 2060 mors
3496 2014 3622 2059 nota
3654 2016 3773 2071 est,

2162 2096 2276 2150 vita
2307 2109 2414 2149 non
2455 2105 2758 2162 comparet,
2792 2110 2892 2150 nec
2927 2095 2996 2150 de
3025 2097 3428 2152 resurrectione
3467 2097 3589 2167 ejus
3625 2098 3775 2152 divi-

2160 2202 2290 2242 num
2318 2185 2612 2256 aliquando
2635 2186 2912 2256 respondit
2934 2188 3212 2242 oraculum
3241 2185 3286 2254 ί,
3311 2202 3412 2243 nec
3442 2188 3775 2245 hominibus

2160 2295 2221 2337 se
2253 2289 2374 2351 post
2407 2291 2661 2346 mortem,
2709 2289 2768 2335 ut
2796 2281 2898 2336 sibi
2923 2282 3271 2348 crederetur,
3305 2282 3575 2350 ostendit,
3615 2284 3770 2339 nulla

2160 2375 2324 2445 hujus
2364 2375 2547 2444 operis
2576 2375 2905 2430 documenta
2938 2376 3208 2446 promisit,
3239 2392 3341 2432 nec
3367 2392 3426 2431 se
3457 2375 3563 2431 hoc
3592 2377 3774 2431 factu-

2158 2483 2280 2523 rum
2308 2482 2431 2524 esse
2459 2466 2890 2538 praecedentibus
2915 2467 3236 2523 monstravit
3261 2469 3530 2538 exemplis
3561 2477 3611 2522 ε.
3644 2467 3772 2522 Ido-

2160 2559 2269 2614 lum
2309 2559 2548 2630 sepelis,
2597 2559 2798 2613 idolum
2832 2559 3074 2630 plangis,
3112 2559 3316 2614 idolum
3359 2561 3428 2614 de
3476 2560 3771 2629 sepultura

2161 2652 2392 2724 profers,
2418 2663 2471 2707 et
2493 2652 2677 2719 miser,
2707 2668 2832 2708 eum
2863 2654 2977 2708 haec
3001 2653 3218 2720 feceris,
3245 2654 3470 2726 gaudes.
3495 2654 3578 2708 ’l‘u
3600 2655 3770 2710 deum

2160 2756 2308 2800 tuum
2343 2745 2564 2810 liberas,
2598 2755 2654 2799 tu
2679 2744 2917 2814 jacentia
2951 2745 3150 2815 lapidis
3176 2745 3418 2800 membra
3449 2746 3765 2816 componis,

2159 2849 2215 2894 tn
2256 2839 2576 2894 insensibile
2616 2838 2844 2908 corrigis
2888 2853 3099 2893 saxum.
3146 2837 3266 2894 Tibi
3313 2837 3510 2893 habent
3558 2840 3767 2908 gratias

2157 2931 2292 2987 deus
2320 2942 2443 2987 tuus
2468 2974 2484 2999 ,
2533 2941 2585 2987 te
2612 2933 2840 3003 paribus
2872 2941 3187 2988 remuneret
3215 2931 3399 2999 donis,
3431 2941 3489 2988 et
3507 2933 3601 2988 sui
3635 2933 3769 2988 velit

2153 3041 2280 3082 esse
2325 3025 2676 3097 participem;
2710 3027 2790 3080 sic
2821 3024 3074 3081 moriaris
3106 3035 3161 3079 ut
3199 3027 3450 3091 moritur,
3489 3024 3572 3082 sic
3613 3025 3768 3082 vivas

2159 3127 2218 3173 ut
2245 3117 2400 3173 vivit.
2446 3117 2579 3172 Nam
2625 3117 2770 3188 quod
2812 3125 3088 3189 unguento
3133 3128 3514 3190 perunguntur
3554 3119 3764 3184 fauces,

2157 3215 2280 3284 quis
2298 3228 2406 3269 non
2437 3213 2648 3269 facinus
2677 3213 2820 3268 istud
2850 3213 3110 3284 despecta
3139 3213 3379 3270 vanitate
3403 3217 3768 3271 contemnat?

2160 3307 2333 3364 Habet
2354 3322 2485 3378 ergo
2505 3305 2756 3361 diabolus
2781 3305 3027 3363 Christos
3048 3321 3178 3361 suos
3207 3303 3259 3375 ιι,
3285 3315 3339 3362 et
3359 3308 3486 3378 quia
3513 3307 3636 3378 ipse
3657 3307 3767 3364 An—

2160 3400 2441 3456 tichristus
2468 3407 2575 3464 est,
2606 3397 2675 3454 ad
2704 3397 2979 3453 infamiam
3011 3399 3247 3453 nominis
3278 3399 3361 3453 sui
3401 3401 3642 3454 miseros
3670 3401 3765 3456 ho-

2156 3493 2332 3547 mines
2368 3490 2633 3546 scelerata
2663 3487 2931 3545 societate
2960 3488 3228 3560 perducit.
3277 3488 3632 3562 Unguentum
3665 3493 3765 3548 hoc

2145 3627 2391 3702 ﬂanzung
2412 3627 2552 3702 einer
2575 3625 2798 3702 Iteiligen
2825 3625 3224 3702 Wissenscltaft.
3246 3626 3448 3702 Scin-iit
3470 3629 3584 3682 und
3599 3631 3764 3702 Sprlt-

2144 3697 2235 3772 cite
2260 3710 2428 3772 unter‘
2458 3699 2558 3752 den
2589 3698 3101 3772 Stammvatelngdes
3133 3697 3760 3772 Menschengeschlechts,

2145 3771 2270 3823 oder
2299 3768 2593 3840 Erklarnng
2625 3769 2843 3824 tltmkler
2891 3768 3091 3823 Fabeln
3129 3771 3238 3824 und
3273 3768 3622 3828 Traditionen
3667 3768 3761 3829 non

2145 3842 2334 3913 Adam,
2362 3839 2489 3913 Scth
2517 3839 2579 3894 uf
2607 3858 2649 3894 s.
2683 3856 2744 3894 ω.
2781 3840 3004 3911 (Bresl.,
3034 3842 3218 3912 l786),
3251 3859 3307 3913 p.
3339 3843 3466 3898 l'56.

2221 3922 2243 3949 ι’
2273 3912 2570 3986 _Sceuicam
2600 3913 2742 3986 hanc
2773 3912 3337 3986 repraesentationein,
3366 3932 3470 3986 qua
3509 3926 3759 3974 mortuus

2146 3983 2450 4060 lugebatur,
2477 3982 2918 4060 carminibusque
2949 3983 3062 4056 (per
3091 4001 3333 4060 nutrieras
3370 3982 3587 4060 digestis
3622 3991 3759 4058 ﬂeti-

2147 4051 2266 4126 bus)
2301 4055 2625 4126 intenebris
2665 4051 3055 4125 plangebatur,
3094 4056 3274 4112 donec
3307 4051 3558 4113 accensis
3598 4051 3760 4115 lumi-

2153 4125 2516 4180 nib’us-fletns
2556 4128 2610 4180 in
2649 4127 2840 4194 gaudia
2887 4134 3215 4193 mutaretur,
3252 4130 3306 4183 in
3346 4132 3606 4187 omnibus
3647 4134 3758 4188 fere

2149 4197 2425 4269 Mysteriis
2454 4198 2602 4269 varia
2635 4197 2806 4269 forma
2839 4199 3168 4266 reperimus.
3199 4199 3470 4256 Morinum
3513 4204 3666 4258 enim
3704 4216 3760 4261 et

2149 4267 2401 4324 invitam
2444 4267 2698 4323 reducem
2734 4267 3008 4324 Osiridem
3038 4279 3200 4338 atque
3229 4270 3566 4338 Adonidem;
3605 4291 3756 4329 mor-

2151 4351 2323 4406 tutnn,
2354 4339 2535 4393 nescio
2559 4354 2623 4392 an
2647 4341 2701 4394 in
2725 4340 2887 4394 vitam
2913 4353 3249 4407 revocatum,
3272 4343 3562 4409 Cabirtnn;
3589 4349 3759 4402 amis-

2149 4427 2263 4489 sam
2293 4423 2457 4489 atque
2481 4411 2662 4466 denuo
2687 4412 2962 4489 iuventam
2994 4412 3374 4489 Proserpinam
3410 4419 3460 4471 in
3497 4419 3564 4472 iis
3597 4422 3755 4489 luge-

2145 4484 2323 4559 bant,
2353 4483 2572 4559 ltetique
2603 4483 2952 4559 salutabant.
2992 4483 3202 4559 Neque
3229 4486 3454 4559 dubium
3505 4483 3755 4559 quin'in

2147 4553 2444 4610 Mithriacis
2484 4551 2701 4609 ’similes
2757 4551 2893 4608 ritus
2937 4551 3205 4610 celebrati
3257 4558 3481 4613 fuerint.
3526 4551 3630 4614 Dei
3681 4564 3755 4616 tui

2144 4643 2281 4679 mors
2327 4636 2449 4677 nota
2493 4634 2601 4690 est,
2644 4624 2698 4678 in
2743 4626 3101 4693 sequentibus
3133 4628 3296 4684 habet
3334 4628 3629 4686 Firmicus.
3677 4635 3751 4687 Ad

2145 4697 2250 4751 hoc
2281 4696 2463 4768 igitur,
2491 4696 2634 4770 quod
2665 4694 2888 4770 Firmici
2919 4709 3078 4755 aetate
3109 4701 3451 4755 notissimum
3477 4712 3604 4756 erat
3628 4703 3752 4770 Epi-

2145 4766 2439 4839 phonétna,
2465 4766 2642 4836 cujus,
2667 4767 2814 4839 quod
2836 4770 3027 4833 sciam,
3055 4770 3205 4825 solus
3233 4773 3572 4828 mentionem
3600 4766 3746 4839 facit,

2145 4837 2486 4918 referendum
2519 4845 2647 4907 puto
2681 4838 2838 4918 illud,
2863 4848 3110 4918 Qappsi‘rs
3135 4880 3151 4907 ,
3181 4845 3377 4918 μύσται
3397 4850 3489 4901 τοῦ
3521 4847 3640 4900 θεοῦ
3661 4837 3745 4902 σεέ

2147 4912 2449 4987 saeuitiae,
2483 4925 2590 4987 quo
2620 4924 2684 4963 ex
2713 4910 2799 4964 dei
2830 4910 3004 4987 sui,'e_
3029 4910 3239 4987 magnis
3269 4916 3526 4984 periculis
3553 4919 3744 4987 erepti,

2143 4981 2322 5060 salute
2353 4981 2454 5034 sibi
2483 4981 2716 5036 invicem
2744 4997 2964 5053 quoque
2991 4981 3238 5041 laborum
3270 4981 3744 5060 aerumnarumque

2145 5054 2307 5107 linem
2343 5063 2698 5121 augurantur.

2221 5123 2240 5162 ί
2286 5121 2354 5178 Ut
2380 5123 2450 5178 de
2479 5126 2890 5182 resurrectione
2917 5125 3143 5184 Christi.

2218 5205 2242 5266 β
2283 5193 2438 5248 Filiae
2467 5195 2624 5262 .lairi,
2651 5195 2870 5266 juvenis
2897 5197 3175 5266 Nainitici,
3207 5200 3419 5256 Lazari.

2217 5264 2244 5302 ιι
2285 5267 2341 5320 ln
2373 5264 2740 5339 fronteietiam
2766 5271 3104 5339 ungebantur
3125 5264 3405 5328 sacrorum
3434 5273 3744 5329 Mithriaco—

2145 5353 2265 5414 [um
2298 5337 2512 5414 mystae.
2544 5337 2769 5414 Mithras
2797 5337 2965 5414 signat
2993 5345 3047 5396 in
3077 5343 3249 5412 fronte
3278 5353 3473 5414 mystas
3502 5363 3645 5412 suos,
3672 5344 3743 5399 ait

2145 5408 2390 5488 Tertull.
2428 5409 2498 5464 de
2543 5408 2860 5488 _p_r§esc_r_ip_tl
2915 5408 3241 5488 llmreticor.
3294 5408 3351 5488 (ᾖ
3403 5416 3497 5470 40.
3553 5408 3741 5488 Zoega:

2143 5479 2415 5562 ébhandl.
2445 5481 2661 5562 p._l78,
2701 5479 2933 5539 Christos
2976 5501 3127 5554 suos,
3173 5486 3367 5544 allusio
3407 5489 3476 5544 ad
3525 5479 3739 5562 ειγιιιῖιιι

2144 5552 2392 5609 Graccum
2425 5555 2616 5632 χρίειν.
