3970 6408
177 197 278 264 lilii?

1071 195 1159 253 DE
1200 195 1480 254 ERRORE
1517 189 1997 253 PROFANARUM
2033 175 2510 250 REUGIONUM.‘

3297 192 3435 252 £058

171 324 284 370 certa
321 311 590 377 mandata,
630 310 1019 366 immortalium
1048 312 1426 369 mandatorum
1472 313 1719 370 ordinem
1750 320 1797 381 Α
1829 309 1908 365 Ex
1938 309 2163 380 virginis
2205 318 2366 365 terrae
2395 309 2523 363 limo
2569 307 2744 364 factus
2773 307 2945 365 Adam
2976 309 3431 380 prmvaricationc

170 411 244 463 ista
268 406 370 476 lege
399 405 668 461 conclusit
699 421 713 458 :
748 404 886 459 Data
938 415 1010 461 est
1057 406 1185 460 mihi
1218 410 1382 462 omnis
1413 419 1640 480 potestas
1667 410 1722 463 in

168 501 265 558 uelo
284 510 320 554 et
344 500 394 552 in
423 509 579 554 terra.
608 498 688 553 Ite
705 515 828 569 ergo
851 508 897 553 et
924 499 1100 554 docete
1129 517 1301 556 omnes
1331 514 1527 574 gentes,
1557 503 1725 574 bapti-

167 606 301 652 zantes
343 613 425 651 eos
475 599 531 650 in
578 597 783 651 nomine
834 595 1032 662 Patris,
1085 607 1135 651 et
1187 595 1336 666 Filii,
1393 608 1437 651 et
1490 598 1724 668 Spiritus

164 692 308 755 sancti,
330 691 563 745 docentes
590 707 674 746 eos
704 690 972 747 observare
998 693 1194 753 omnia,
1224 706 1555 762 qutecumque
1587 708 1723 765 prte—

164 785 250 856 cepi
275 782 400 838 vobis
426 782 659 857 (Matth.
684 800 874 851 xxvnt,
905 785 993 850 18,
1025 784 1091 841 19
1115 784 1154 855 ).
1185 784 1342 853 Quod
1373 798 1554 840 autem
1580 786 1726 841 Deus

167 882 311 945 l’ater,
342 878 661 951 participem
696 893 817 933 eum
858 879 1011 951 regni
1045 879 1277 945 faciens,
1322 879 1524 949 regalis
1573 879 1726 933 sellm

161 975 200 1031 ei
239 973 552 1030 concesserit
608 973 790 1036 sedes,
846 973 950 1028 hoc
997 971 1225 1028 docetur
1271 973 1543 1027 oraculo:
1581 971 1729 1026 Dixit

161 1068 377 1122 Dominus
409 1067 632 1121 Domino
660 1083 792 1130 meo,
824 1066 943 1123 sede
974 1083 1002 1119 α
1029 1066 1226 1120 dextris
1274 1067 1420 1126 meis,
1454 1066 1725 1136 quoadus-

158 1181 237 1232 que
252 1178 426 1236 ponam
454 1162 690 1216 inimicos
720 1170 835 1216 tuos
860 1162 1251 1233 suppedaueum
1280 1161 1466 1232 pedum
1495 1173 1725 1215 tuormn.

165 1259 342 1331 i’irgam
364 1257 565 1312 virtutis
593 1266 692 1311 tua:
719 1257 911 1311 emittet
940 1253 1194 1309 Dominus
1219 1272 1281 1309 ex
1308 1255 1461 1321 Sion,
1491 1255 1730 1308 domina-

156 1352 266 1406 beris
285 1351 332 1404 in
355 1349 528 1403 medio
557 1350 887 1403 inimicorum
915 1358 1141 1403 tuorum.
1173 1347 1362 1401 Tecum
1411 1347 1729 1420 principium

153 1447 195 1501 in
216 1447 288 1500 die
325 1445 526 1500 virtutis
556 1455 676 1507 tute,
705 1445 757 1498 in
789 1444 1023 1498 claritate
1051 1453 1370 1509 sanctorum,
1405 1455 1449 1497 et
1480 1460 1541 1497 ea:
1586 1453 1730 1498 utero

151 1551 250 1594 ante
279 1539 554 1608 luciferum
581 1538 737 1611 genui
785 1547 850 1591 te.
883 1536 1088 1590 Iuravit
1123 1536 1398 1602 Dominus,
1423 1553 1515 1592 nec
1559 1537 1726 1606 paeni-

154 1635 254 1687 tebit
293 1649 410 1686 eum
433 1639 458 1669 ει
491 1633 509 1702 (
537 1630 687 1685 Psal.
736 1632 913 1698 c1x,l,
941 1632 1034 1702 4).
1072 1629 1136 1685 lii
1187 1639 1312 1685 sunt
1346 1629 1554 1685 inimici
1612 1629 1728 1697 Dei,

1831 404 2048 476 propria
2074 405 2399 474 promissam
2423 403 2659 475 perdidit
2687 404 2877 461 vitam.
2908 405 3012 462 Per
3037 407 3298 479 virginem
3324 409 3434 464 Ma-

1829 499 1962 553 riam
1993 512 2056 553 ac
2076 497 2341 569 Spiritum
2368 509 2617 555 sanctum
2641 497 2893 556 Christus
2923 511 3105 568 natus,
3136 511 3194 559 et
3215 504 3434 560 immor-

1832 593 2092 648 talitatem
2125 593 2338 665 accepit
2367 603 2422 649 et
2451 609 2700 666 regnum.
2737 595 2916 651 Arbor
2946 595 3078 667 ligni
3115 598 3434 668 pestiferum

1831 688 2075 759 deceptis
2120 689 2381 760 pabulum
2433 691 2664 760 praebuit
2694 701 2762 745 8:
2806 692 3008 764 lignum
3055 693 3236 750 crucis
3263 695 3432 750 vitam

1833 783 2126 837 immortali
2186 797 2449 854 compage
2495 784 2763 840 restituit.
2826 785 3170 857 Contempsit
3222 785 3434 855 Adam,

1832 876 2073 932 obedivit
2107 877 2217 932 Deo
2246 877 2518 934 Christus.
2566 878 2659 936 Sic
2687 878 2868 934 divina
2897 879 3256 951 dispositione
3279 882 3438 954 quid-

1831 969 1959 1042 quid
1984 969 2156 1026 Adam
2176 969 2409 1041 perdidit
2437 971 2684 1027 Christus
2703 973 2931 1030 invenit.
2952 974 3084 1029 Nam
3118 984 3240 1046 post
3267 975 3438 1031 multa

1835 1073 2081 1134 tempora
2113 1063 2426 1119 novissimis
2453 1073 2757 1135 temporum
2787 1066 2982 1137 spatiis
3011 1066 3089 1137 (id
3119 1076 3224 1136 est,
3257 1069 3443 1124 novis-

1834 1157 1967 1212 sima
1998 1172 2135 1227 pene
2167 1158 2493 1214 smculorum
2531 1159 2905 1232 hebdomade)
2939 1160 3176 1217 Verbum
3207 1163 3298 1217 Dei
3336 1163 3435 1218 hu-

1835 1264 1994 1305 mano
2033 1265 2092 1305 se
2134 1251 2353 1306 miscuit
2383 1253 2599 1322 corpori
2631 1252 2678 1319 ι),
2728 1263 2786 1308 ιιι
2833 1254 3108 1309 hominem
3158 1254 3437 1320 liberaret,

1836 1353 1893 1399 ut
1921 1355 2150 1400 mortem
2179 1345 2448 1412 vinceret,
2480 1357 2538 1400 ut
2566 1345 2915 1417 fragilitatem
2937 1348 3161 1404 humani
3191 1351 3440 1420 corporis

1815 1451 1957 1494 eum
2009 1439 2194 1493 divina
2240 1437 2656 1496 immortalitate
2688 1442 3064 1513 conjungeret.
3107 1443 3245 1512 Quid
3293 1445 3440 1500 enim

1835 1531 2039 1588 faceret
2063 1540 2210 1588 tanta
2241 1531 2397 1588 turba
2423 1535 2778 1590 sanctorum?
2802 1551 2922 1606 qum
2943 1536 3053 1592 illis
3079 1551 3206 1608 spes
3227 1536 3445 1593 salutis?

1836 1625 1980 1698 quod
2033 1626 2354 1681 meritorum
2396 1626 2712 1697 praemium,
2760 1629 2805 1684 si
2847 1629 2950 1684 sub
2992 1645 3100 1685 una
3142 1629 3444 1701 eademque

151 1727 481 1784 Sacratissimi
513 1725 900 1796 imperatores,
929 1726 1022 1796 qui
1047 1725 1296 1779 veritatis
1315 1724 1565 1780 ordinem
1593 1738 1727 1780 con-
1763 1732 1808 1793 Β
1837 1721 2151 1778 conditione
2178 1721 2346 1777 sortis
2378 1720 2821 1778 ineluc'tahilibus
2859 1724 3206 1779 mortalitatis
3233 1723 3444 1794 laqueis

155 1820 296 1874 traria
331 1820 446 1891 lege
475 1819 830 1885 conturbant,
867 1819 958 1889 qui
993 1831 1262 1888 perversae
1290 1817 1609 1888 cupiditatis
1652 1819 1735 1872 in-

148 1918 326 1972 sunctu
356 1916 619 1986 sacrilega
653 1924 777 1969 vota
811 1914 1153 1984 concipiunt,
1189 1915 1278 1984 qui
1313 1913 1557 1983 profanae
1581 1927 1734 1967 men-

151 2011 206 2064 tis
222 2010 400 2065 furore
423 2020 512 2064 aut
538 2009 739 2080 lignum
761 2023 978 2080 semper
1002 2016 1335 2062 venerantur
1359 2016 1450 2061 aut
1477 2007 1731 2078 lapidem.

151 2103 196 2157 lu
225 2105 322 2159 isto
353 2103 476 2158 loco
509 2102 668 2172 positi
717 2101 964 2157 ordinem
1010 2100 1273 2156 debemus
1303 2111 1510 2155 sancta:
1551 2100 1740 2172 dispo-

155 2197 356 2254 sitionis
385 2197 600 2266 aperire
632 2212 645 2249 :
682 2205 735 2249 ut
764 2195 1031 2266 quidquid
1077 2195 1235 2251 nobis
1275 2195 1739 2265 iuvestigantibus

146 2299 379 2345 sanctum
429 2288 518 2343 Dei
554 2288 777 2344 verbum
814 2287 1132 2359 prophetica
1167 2287 1392 2342 tradidit
1423 2287 1735 2356 disciplina,

145 2383 201 2436 ad
249 2381 561 2438 refutandus
601 2380 818 2452 profani
865 2381 1071 2436 erroris
1120 2381 1366 2436 maculas
1432 2382 1745 2452 specialiter

143 2475 452 2545 explicetur,
504 2489 665 2529 ue....
704 2471 732 2512 δ
783 2475 924 2528 sicut
981 2488 1083 2528 nos
1130 2472 1394 2538 diximus,
1446 2474 1740 2530 commenti

145 2577 259 2624 sunt
291 2581 340 2635 ο,
375 2569 465 2638 qui
499 2567 780 2638 sacrilegia
818 2567 1133 2621 errantibus
1183 2566 1544 2620 tradiderunt.
1589 2565 1683 2623 Sic
1714 2582 1742 2621 a

141 2663 288 2717 nobis
313 2659 456 2716 ordo
483 2659 728 2714 veritatis
763 2660 1037 2715 curiosius
1067 2660 1396 2730 requiratur.
1444 2662 1743 2732 Suspensis

143 2756 314 2826 itaque
345 2753 626 2824 paululum
655 2755 894 2820 cmteris,
924 2753 990 2808 ad
1023 2753 1141 2809 hrec
1167 2750 1195 2790 ά
1226 2745 1568 2823 explicanda,
1616 2771 1738 2826 quae

142 2865 261 2905 vera
294 2857 445 2914 sunt,
473 2848 837 2903 transferatur
867 2849 1069 2903 oratio.

722 2941 952 2999 CAPUT
978 2942 1174 2998 XXVI.

141 3036 373 3094 Breviter
404 3035 655 3092 Ecclesiae
700 3037 764 3090 de
791 3034 999 3091 Christo
1048 3053 1164 3090 cum
1209 3036 1410 3093 Adamo
1452 3046 1769 3108 comparato.

1838 1817 1999 1871 etiam
2053 1816 2174 1886 ipsa
2233 1815 2472 1886 obligata
2521 1817 2838 1872 teneretur?
2887 1815 3032 1872 Nihil
3087 1815 3257 1884 Abel,
3309 1817 3445 1872 nihil

1839 1909 2027 1965 Euoclt
2053 1951 2066 1976 ,
2113 1908 2251 1963 nihil
2279 1907 2418 1977 Noe,
2447 1908 2584 1964 nihii
2609 1909 2735 1965 Sem
2756 1952 2769 1974 ,
2808 1908 2943 1964 nihil
2974 1909 3248 1966 Abraham
3269 1953 3282 1977 ,
3311 1909 3448 1966 nihil

1839 2003 2011 2069 Isaac,
2047 2002 2182 2057 nihil
2209 2001 2379 2058 Jacob
2411 2001 2478 2058 de
2500 2001 2593 2058 Dei
2618 2001 2724 2058 sibi
2755 2003 3131 2059 misericordia
3152 2019 3220 2060 ac
3249 2004 3451 2075 majes-

1842 2105 1950 2153 tate
1979 2097 2366 2169 promitterent
2393 2114 2407 2153 :
2437 2096 2584 2154 irent
2608 2098 2770 2153 etiam
2795 2098 2899 2170 ipsi
2929 2108 3054 2171 post
3083 2108 3296 2154 tantum
3321 2099 3450 2156 ﬁdei

1842 2193 2098 2247 meritum
2140 2207 2261 2247 cum
2311 2191 2526 2247 caeteris
2558 2191 2812 2247 omnibus
2843 2191 3045 2263 pariter
3091 2192 3360 2260 addictis,
3397 2203 3450 2250 et

1842 2301 2033 2340 omnes
2060 2286 2150 2340 Dei
2184 2293 2404 2341 sanctos
2431 2300 2596 2341 unum
2648 2288 2840 2342 mortis
2864 2285 3089 2342 exitium
3130 2287 3412 2358 exciperet
3437 2329 3451 2352 ,

1845 2393 1943 2434 nec
1992 2377 2220 2433 haberet
2273 2377 2415 2448 apud
2463 2379 2629 2434 Deum
2665 2381 2946 2450 praemium
2991 2381 3194 2450 pietas,
3255 2381 3300 2435 si
3349 2393 3453 2436 una

1845 2473 2142 2543 eademque
2169 2488 2359 2528 omnes
2383 2473 2624 2529 conditio
2654 2476 2846 2529 mortis
2875 2473 3139 2530 hauriret.
3172 2474 3279 2531 Sed
3309 2475 3452 2531 Deus

1847 2567 2078 2625 Abrahae
2105 2569 2308 2625 clarius
2339 2583 2369 2622 a
2391 2569 2514 2625 cceli
2541 2569 2813 2624 sideribus
2845 2570 3172 2640 promiserat
3199 2585 3449 2642 regnum:

1849 2661 1968 2717 ideo
1994 2676 2060 2717 ex
2083 2676 2284 2733 genere
2301 2661 2536 2717 Abrahae
2556 2660 2894 2719 descendens
2918 2662 3080 2718 Maria
3107 2663 3255 2734 virgo
3279 2662 3453 2719 Deum

1847 2755 2116 2825 concipit,
2179 2765 2234 2809 ut
2266 2753 2706 2826 supradictorum
2753 2755 3035 2811 hominum
3084 2756 3305 2812 soboles
3353 2757 3456 2812 im-

1848 2850 2095 2904 mortalis
2127 2849 2405 2904 societatis
2434 2849 2651 2904 vinculo
2679 2850 3022 2920 iungeretur,
3071 2861 3122 2906 et
3153 2852 3232 2906 sic
3259 2852 3454 2906 buma-

1851 2958 1978 2997 num
2007 2957 2181 3014 genus
2233 2955 2330 3014 per
2359 2941 2636 2998 hominem
2669 2945 2871 3014 pariter
2919 2950 2974 3000 et
3023 2944 3194 2999 Deum
3242 2954 3454 3016 aequata

1851 3034 2126 3091 societatis
2146 3037 2556 3106 comparatione
2583 3037 2956 3107 conjunc'tum,
2985 3037 3050 3091 ad
3075 3037 3459 3094 immortalita-

214 3132 412 3203 dogma
438 3131 669 3201 exponit;
700 3130 952 3199 quidquid
983 3129 1216 3184 Adamus
1245 3131 1574 3204 perdidisset,
1610 3148 1744 3200 eum,
1776 3139 1820 3203 ρ
1856 3131 1924 3186 tis
1977 3131 2267 3202 imperium
2317 3129 2644 3186 obedientitc
2688 3131 2888 3186 merito
2938 3132 3269 3202 perveniret.
3320 3133 3458 3200 Quia

203 3242 230 3280 e
260 3223 446 3279 Maria
483 3223 695 3293 Virgine
723 3233 924 3291 natum,
953 3224 1222 3279 invenisse.
1263 3225 1414 3280 Redit
1439 3227 1490 3280 in
1521 3229 1672 3280 viam.

203 3318 341 3383 Vos,
396 3317 602 3372 domini
632 3319 1014 3389 imperatores,
1045 3329 1357 3375 sanctarum
1384 3322 1594 3376 aurium
1628 3336 1750 3378 ves-

136 3422 343 3467 trarum
376 3411 508 3465 mihi
535 3411 880 3467 commodata
905 3413 1221 3480 patientiam
1256 3424 1299 3482 ε’,
1348 3422 1409 3468 ut
1439 3424 1608 3469 totum
1643 3416 1756 3470 cle-

134 3507 364 3561 mentire
404 3516 619 3571 vestrae,
656 3503 801 3575 quod
837 3506 1228 3575 promittimus,
1266 3505 1620 3577 explicemus.
1647 3508 1756 3563 Cur

131 3595 300 3663 Deus,
329 3595 519 3659 idest,
556 3593 722 3650 Filius
748 3596 839 3649 Dei
865 3636 879 3658 ,
909 3595 1073 3651 homo
1105 3612 1294 3667 passus
1317 3606 1401 3652 est
1434 3597 1573 3665 fieri,
1603 3600 1753 3655 brevi

130 3707 194 3747 ac
240 3707 382 3747 vera
433 3688 618 3760 pietati
664 3699 859 3744 vestrm
910 3693 1124 3746 ratione
1154 3691 1569 3746 monstrabitur.
1621 3692 1753 3747 Cum

127 3783 425 3841 hominem
455 3784 715 3853 primum,
742 3782 794 3837 id
822 3793 924 3851 e51,
959 3783 1152 3847 Adam,
1185 3785 1252 3839 ad
1282 3785 1570 3856 imaginem
1602 3800 1753 3840 suam

129 3878 282 3934 Deus
319 3877 534 3932 faceret
561 3873 727 3948 (Gen.
760 3890 830 3943 tt,
861 3876 976 3944 ⁴ΞΠ),
1037 3887 1240 3932 certam
1270 3877 1346 3931 illi
1377 3878 1754 3933 mandatorum

122 3972 286 4028 dedit
315 3971 524 4039 legem.
550 3967 600 4023 is
617 3983 715 4039 per
736 3967 1020 4036 feminam,
1055 3969 1106 4024 id
1140 3979 1246 4037 est,
1275 3969 1445 4026 Evam
1473 3971 1753 4042 deceptus,

123 4069 345 4125 diaboli
375 4066 853 4138 persuasionibus,
882 4069 1163 4138 promissae
1188 4069 1288 4125 sibi
1311 4069 1500 4141 gloriae
1526 4071 1762 4141 perdidit

118 4163 497 4237 dignitatem.
520 4161 751 4233 Lignum
781 4171 898 4217 erat
929 4163 981 4217 iu
1015 4163 1272 4233 paradiso
1309 4161 1352 4231 ί,
1393 4180 1502 4235 quo
1529 4166 1760 4236 promis-

119 4273 327 4315 sorum
376 4277 408 4310 τι
441 4256 553 4311 Deo
605 4257 954 4327 praemiorum
985 4257 1223 4327 perdidit
1263 4260 1518 4331 gratiam.
1552 4261 1629 4318 De
1652 4264 1760 4318 vir-

111 4353 271 4422 ginis
330 4360 499 4406 tet'ra:
528 4349 658 4405 limo
681 4350 1039 4407 homol’actus
1065 4361 1186 4409 est:
1222 4355 1460 4411 nomium
1494 4357 1638 4413 enim
1663 4400 1677 4425 ,
1704 4367 1761 4414 ut

113 4449 196 4502 ait
228 4447 570 4516 Scriptura,
616 4460 780 4517 supra
815 4458 1011 4503 terram
1043 4448 1274 4517 pluerat.
1308 4451 1406 4506 llic
1429 4454 1760 4524 contemptis

109 4541 427 4597 mandatis
457 4539 591 4606 Dei,
625 4539 924 4595 humanum
971 4556 1141 4612 genus
1173 4544 1518 4600 mortalitatis
1552 4546 1758 4617 laqueis

110 4635 361 4690 afﬂixit.
404 4631 702 4703 Oportebat
726 4632 830 4689 hoc
863 4643 1035 4690 totum
1063 4643 1117 4691 et
1139 4636 1432 4693 reformari
1458 4647 1511 4694 et
1535 4640 1755 4712 corrigi,

106 4737 168 4784 et
203 4725 556 4784 reformatio
597 4725 823 4797 originis
865 4726 1054 4784 debuit
1099 4728 1400 4787 reformare
1445 4732 1758 4801 primordia.

191 4864 227 4895 ⁸
261 4863 1010 4939 Pleru_mque_conc_init_cum
1035 4865 1309 4938 Cypriane
1332 4867 1554 4924 Testim.
1578 4871 1672 4927 lib.
1695 4888 1756 4939 ιι,
1785 4877 1837 4939 D

101 4951 395 5010 excepto
426 4933 667 5010 Yet-5.5,
700 4936 814 5010 _ub_i
863 4936 953 4992 hic
982 4933 1145 4994 habet
1191 4941 1480 4997 lectionem
1531 4933 1758 5001 SabateQ

101 5006 366 5065 rianam
404 5007 494 5062 :in
525 5006 884 5072 splendoribus
912 5021 1225 5066 sanctorum.

189 5083 223 5121 ι)
278 5077 570 5136 Excidere
601 5081 847 5148 paucula.

193 5167 219 5194 ε
281 5154 456 5221 Lege
484 5152 796 5227 commentiti
823 5162 964 5206 sunt.
999 5153 1375 5212 Conin'tenlior
1404 5173 1499 5227 pro
1529 5162 1762 5216 mentior

96 5222 577 5305 occurritapud
607 5222 896 5305 Apuleium
927 5227 1084 5305 Apol.
1107 5243 1169 5305 _p.
1204 5229 1328 5283 5H.
1364 5222 1589 5305 Ligurum
1619 5249 1648 5286 a
1677 5249 1763 5289 me

93 5309 238 5358 toto
271 5296 504 5368 Oppido
527 5296 812 5368 quavsitunt
838 5314 944 5350 nun
977 5296 1145 5365 piguit
1173 5315 1267 5354 vos
1289 5296 1649 5358 commentiri.

179 5372 218 5410 d
271 5366 352 5426 Iri
383 5366 716 5422 editionibus
739 5366 934 5438 legitur
953 5370 1152 5424 act/uec.

187 5456 215 5482 ο
273 5443 650 5515 Lactantii.
687 5439 710 5493 1
739 5482 752 5503 ,
787 5442 1032 5515 audiendi
1074 5442 1372 5515 patientiam
1403 5447 1766 5514 commodare;

83 5529 153 5576 Cl
182 5514 386 5588 apug
426 5511 722 5588 Aruultium
749 5553 764 5578 ,
796 5511 1120 5569 commodare
1159 5532 1420 5588 aures,“
1466 5519 1499 5573 6
1526 5560 1540 5584 ,
1573 5534 1646 5582 ιν,
1671 5511 1770 5586 53',

84 5607 179 5645 γη
207 5584 252 5656 ,⁷
287 5585 393 5643 ‘55
419 5625 432 5648 ,
465 5584 791 5638 commodare
842 5600 1142 5654 assensum,
1198 5605 1252 5653 1,
1297 5587 1394 5654 54,
1433 5607 1531 5655 vn,
1585 5590 1676 5647 25.
1703 5584 1775 5634 -έ-

84 5665 513 5729 Sanctarum.
581 5655 945 5710 Sacratissimi
1007 5674 1223 5729 qucque
1268 5660 1335 5716 ab
1387 5662 1535 5719 illius
1601 5667 1777 5723 unus

87 5728 542 5794 scriptoribus
566 5736 829 5782 vocantur
861 5728 1234 5798 imperatores.

197 5801 223 5844 ί
285 5798 503 5858 Arbor
533 5798 796 5856 scientia.
827 5798 1024 5857 Cenes.
1055 5814 1146 5872 ιιι,
1177 5802 1228 5858 5.

1852 3224 2054 3294 itaque,
2111 3224 2463 3280 sacratissimi
2519 3224 2912 3294 imperatores,
2957 3225 3191 3280 curiosis
3235 3225 3459 3284 auribus

1853 3317 2474 3389 satisfecimus,reliqua
2503 3332 2922 3390 prosequamur,
2957 3327 3016 3373 ut
3046 3319 3130 3373 vel
3163 3320 3244 3374 sic
3281 3321 3459 3390 pollu-

1854 3420 2032 3466 tarum
2049 3412 2258 3466 aurium
2283 3409 2472 3466 sordes
2492 3409 2786 3480 puriﬁeans
2803 3410 2976 3480 possit
2995 3425 3180 3466 sermo
3203 3427 3456 3484 purgare.

2411 3501 2641 3557 CAPUT
2689 3499 2901 3558 XXVII.

1860 3599 2111 3657 Ultimum
2145 3595 2543 3653 Mil/triacorum
2571 3598 2839 3652 initiorum
2886 3597 3181 3668 symbolum
3207 3641 3221 3666 ,
3256 3608 3461 3678 Ταῦρος

1927 3693 2222 3770 δράκοντος,
2241 3694 2326 3748 καὶ
2341 3689 2542 3768 δρακων
2559 3691 2751 3766 ταῦρον
2769 3695 2965 3766 πατὴρ,
2987 3691 3218 3758 exponit.
3231 3690 3461 3761 Serpen-

1931 3789 1994 3841 tis
2025 3786 2286 3849 meminit,
2323 3777 2776 3854 Pr'otoplastorum
2818 3781 3140 3852 seductoris,
3169 3785 3464 3853 funestique

1929 3882 2039 3952 ejus
2069 3880 2257 3946 cultus,
2289 3877 2668 3949 draconemque
2697 3894 2756 3931 eo
2775 3875 2857 3930 die
2873 3893 3175 3948 percussum
3197 3895 3326 3947 esse,
3356 3895 3460 3952 quo

1929 3971 2166 4028 Christus
2194 3970 2522 4044 apparuerit.

1931 4063 2185 4134 Sequitur
2216 4063 2396 4117 adhuc
2423 4059 2568 4115 aliud
2596 4059 2905 4131 symbolum
2951 4057 2996 4128 ί,
3025 4060 3171 4132 quod
3217 4078 3315 4133 pro
3347 4079 3463 4119 ma-

1857 4174 1964 4231 gno
1996 4157 2324 4213 miserorum
2351 4155 2636 4210 hominum
2665 4153 2908 4209 creduiis
2938 4154 3165 4210 auribus
3212 4157 3463 4215 traditur:

1859 4265 2057 4333 Ταῦρος
2085 4253 2390 4332 δράκοντος,
2437 4255 2522 4307 καὶ
2548 4249 2754 4328 δράκων
2796 4252 2994 4328 ταύρου
3041 4257 3215 4331 πατήρ
3254 4253 3300 4309 i.
3349 4255 3466 4310 Ali-

1858 4350 2075 4423 quando
2107 4349 2261 4406 nobis
2291 4347 2465 4418 signa,
2498 4346 2739 4413 diabolo,
2768 4346 3026 4402 maculati
3077 4349 3311 4404 nominis
3339 4364 3468 4420 pro-

1859 4445 2042 4502 didisti
2063 4488 2077 4513 ,
2106 4442 2395 4515 aliquando
2437 4441 2640 4497 infame
2666 4456 2865 4498 nomen
2895 4443 3115 4512 propria
3165 4458 3302 4501 voce
3331 4460 3464 4503 cou-

1867 4543 2042 4598 fessus
2074 4557 2151 4597 es.
2189 4539 2315 4597 Scio
2345 4537 2438 4610 qui
2465 4536 2656 4605 fueris,
2682 4536 2813 4607 quid
2857 4551 3023 4592 ausus
3067 4537 3163 4603 sis,
3198 4539 3312 4596 scio
3335 4541 3468 4612 quid

1866 4637 2058 4694 fecerit
2107 4635 2376 4692 scelerum
2425 4642 2640 4687 tuorum
2691 4630 2966 4685 malitiosa
3007 4633 3315 4700 persuasio.
3357 4635 3471 4693 Hoc

1868 4742 2017 4801 erat,
2076 4731 2220 4803 quod
2282 4728 2440 4794 Evte,
2473 4740 2598 4781 cum
2641 4739 2762 4780 eam
2807 4724 3092 4796 perderes,
3140 4743 3468 4802 magnopere

1937 4881 1961 4919 ις
2005 4871 2254 4926 Mortem.

1937 4939 1966 4979 ι,
2009 4941 2288 5014 Amm,“
2329 4937 2439 5014 60}
2470 4935 2755 5014 Assttmpsit
2782 4936 2940 5007 igitur
2967 4936 3189 5014 hominis
3219 4945 3464 5014 formam,

1865 5027 1914 5072 et
1945 5014 2038 5070 sub
2067 5013 2227 5067 nostri
2249 5010 2448 5084 generis
2474 5007 2811 5084 similitudine
2835 5009 3116 5084 potentiam
3145 5007 3289 5067 suam
3318 5007 3466 5073 claui

1869 5089 1955 5152 sit,
1981 5096 2036 5141 ut
2060 5085 2220 5140 videri
2249 5079 2418 5154 posset
2437 5089 2485 5134 et
2505 5079 2753 5150 conspici,
2777 5079 2929 5132 verba
2955 5085 3148 5149 {areret
3168 5095 3216 5139 et
3243 5089 3465 5158 doceret,

1871 5170 2018 5227 atque
2039 5173 2210 5211 omnes
2241 5163 2724 5227 exsequereturres,
2741 5224 2746 5227 _
2760 5163 2968 5227 propter
2991 5169 3121 5227 quas
3143 5158 3195 5210 in
3218 5162 3470 5216 mundum

1871 5224 2074 5286 venerat
2102 5226 2386 5302 faciendas,
2432 5224 2776 5302 summirpegis
2823 5225 3045 5302 imperio,
3064 5236 3108 5279 ct
3135 5230 3469 5302 dispositions

1872 5295 2112 5357 sernatisf
2159 5301 2405 5355 Lactant.
2467 5312 2556 5362 tv,
2615 5296 2790 5368 ilict.
2847 5295 2961 5368 12;
3017 5295 3348 5368 Augustinus
3401 5309 3471 5363 de

1869 5375 1937 5430 C.
1973 5374 2030 5428 D.
2065 5391 2135 5438 χ,
2163 5372 2264 5438 29;
2305 5371 2508 5437 aliique
2536 5382 2624 5436 ap.
2650 5367 3022 5423 Elmenhorst.
3089 5367 3364 5433 observat.
3412 5379 3467 5434 ιη

1874 5437 2172 5503 Arnobium
2205 5461 2258 5514 p.
2293 5441 2384 5496 56.
2407 5437 2874 5514 Confer._quoque
2898 5453 2951 5494 c.
2984 5441 3079 5496 ‘25.

1956 5518 1972 5556 ί
2018 5517 2094 5572 Ex
2122 5510 2398 5586 my'steriis
2435 5510 2700 5586 S_abaziis.

1957 5594 1969 5641 l
2020 5583 2195 5646 Clem:
2257 5588 2410 5640 Alex.
2463 5583 2774 5652 Proptrept.
2834 5584 2988 5657 cxi,
3027 5587 3474 5657 [ι.15τ‹ι›ησέτις

1883 5669 2097 5724 ποιητὴς
2123 5660 2400 5720 εὲδωλικὸς,
2449 5661 2642 5732 caupo:
2665 5660 2861 5732 orasti-,0
2892 5655 3164 5732 δράκοντος
3197 5667 3280 5718 καὶ
3299 5655 3474 5732 natiiis

1885 5721 2310 5808 έταύροὖδράκῶν.
2330 5729 2534 5808 Artiob.
2554 5721 2620 5807 'v,
2641 5727 2715 5808 ,ιιι
2730 5768 2741 5781 .
2766 5721 3038 5808 Αὐξιόνρηι
3062 5734 3246 5800 aliquis
3269 5721 3474 5793 deside.-

1886 5796 2020 5866 ,οαθέι
2065 5796 2169 5872 rei,
2229 5814 2331 5858 tum
2359 5802 2505 5856 illum
2533 5796 2800 5854 citabimus
2833 5796 3163 5858 Tarentinum
3210 5815 3481 5879 notumque

3052 6003 3882 6404 -Λ
