3716 6322
845 401 935 458 DE
974 401 1258 461 ERRORE
1297 404 1774 468 PROFANARUM
1812 413 2259 475 BELIGIONUM.

3062 424 3202 481 1042

36 513 362 612 ,egmin‘ibus
393 525 417 554 ³·
464 515 665 570 factum
699 518 900 573 idolum
952 517 1185 575 Osiridis
1215 522 1497 591 sepelitur.
1529 526 1584 584 Α
1611 526 1842 583 Abrahtc
1871 530 2219 588 immolaturo
2252 534 2418 590 ﬁlium
2447 536 2600 607 jussu
2649 539 2743 593 Dei
2771 539 2914 595 aries
2945 541 3212 612 supponi-

36 610 337 680 'oserpina:
381 612 556 667 sacris
595 627 733 668 cassa
763 614 926 669 arbor
977 615 1030 669 in
1071 614 1306 686 efﬁgiem
1345 617 1507 688 virgi-

34 718 356 774 mnamque
382 706 728 774 componitur
757 705 810 772 1»,
840 716 891 761 et
920 721 1043 761 cum
1067 707 1208 762 intra
1227 707 1504 764 civitatem

35 804 52 848 t
86 795 236 849 illata
259 837 275 861 ,
313 795 669 868 quadraginta
729 799 980 854 noctibus
1013 799 1288 870 plangitur
1311 842 1323 865 ,
1373 816 1506 870 qua-

34 888 197 943 esima
253 903 394 944 vero
419 900 579 945 nocte
625 889 985 945 comburitur.
1037 891 1145 947 Sed
1195 901 1250 948 et
1282 892 1369 946 illa
1400 892 1504 947 alia

39 1029 53 1053 ,
115 1004 239 1059 qua:
290 988 438 1054 dixi,
495 989 690 1045 similis
755 989 967 1045 ﬁamma
1023 990 1328 1057 consumit;
1380 1007 1502 1046 nam

38 1100 50 1135 ι
84 1089 209 1147 post
239 1097 446 1136 annum
471 1083 709 1153 ipsorum
741 1083 1010 1152 lignorum
1042 1098 1232 1153 rogum
1283 1082 1500 1137 ﬁamma

31 1175 198 1228 scitur
232 1184 279 1227 ο.
319 1174 524 1230 Errasti
547 1174 747 1238 miser,
795 1185 848 1229 et
878 1175 1229 1230 vehementer
1281 1176 1500 1242 errasti,

75 1265 176 1321 tibi
232 1267 441 1338 poterit
473 1266 606 1338 ignis
664 1267 764 1322 iste
813 1266 1088 1336 prodesse,
1157 1267 1353 1321 frustra
1408 1267 1499 1322 tibi

29 1369 107 1416 sta
157 1361 379 1416 ﬂamma
442 1360 739 1424 blandiris.
795 1361 937 1416 hunc
991 1361 1166 1431 ignem
1223 1375 1503 1416 commen-

30 1453 102 1507 lis
154 1468 383 1523 semper
429 1467 725 1509 renovans.
803 1454 982 1523 Ignis,
1033 1454 1124 1524 qui
1174 1454 1244 1508 de
1306 1453 1502 1508 facino-

29 1565 37 1600 ε
107 1547 216 1602 tuis
297 1545 474 1618 exigit
555 1561 787 1618 pmnas,
870 1559 1126 1617 perpetua
1199 1555 1502 1602 tormento-

44 1639 462 1696 continuatione
492 1649 790 1710 grassatur.
858 1639 1036 1695 Divini
1108 1655 1171 1694 ac
1220 1639 1500 1694 liberantis

45 1733 292 1788 ordinem
324 1733 510 1800 disce,
543 1742 598 1786 ut
624 1733 768 1789 scias
792 1733 938 1788 nulla
971 1732 1065 1788 tibi
1095 1747 1256 1804 posse
1282 1731 1496 1789 ratione

27 1828 150 1882 urri.
183 1827 262 1882 De
285 1827 624 1898 cataclysmo
651 1821 946 1882 humanum
971 1842 1143 1899 genus
1168 1841 1292 1882 arca
1319 1828 1495 1896 lignea

1612 627 1720 686 tur,
1769 631 1823 676 et
1863 623 1915 676 in
1970 626 2163 681 vicina:
2193 628 2405 684 arboris
2457 630 2730 687 radicibus
2775 632 3025 704 alligatur
3053 632 3210 705 (Gen.

1610 726 1774 780 χιιι,
1808 714 1918 785 15).
1951 714 2304 775 Liberaturus
2338 721 2479 776 Deus
2519 739 2762 778 summus
2810 740 2876 779 ex
2919 724 3213 798 Egyptio.

1611 821 1729 860 rum
1774 809 2058 878 tyrannide
2092 812 2302 880 plebem
2355 829 2530 882 suam,
2583 816 2810 872 arietem
2860 818 3214 886 noctejussit

1609 899 1820 969 occidi,
1852 908 1907 956 et
1932 907 2195 974 sanguine
2220 905 2340 975 ejus
2365 918 2549 976 postes
2581 909 2724 964 liniri
2755 912 3034 982 prmcepit.
3070 920 3096 957 ε
3128 911 3214 982 lp-

1609 1006 1728 1048 sum
1754 1009 1785 1047 a
1811 1005 1969 1050 certo
2008 1012 2240 1053 numero
2265 998 2544 1056 hominum
2578 1018 2672 1071 per
2696 1014 2990 1059 nocturnas
3020 1004 3212 1075 epulas

1607 1089 1801 1142 conﬁci
1827 1088 2012 1158 jubet,
2047 1098 2102 1146 et
2123 1092 2391 1148 sacriﬁcio
2421 1095 2520 1165 ipsi
2555 1095 2775 1152 Paschae
2806 1113 3003 1154 nomen
3035 1098 3212 1170 impo-

1608 1180 1707 1232 nit.
1758 1178 1863 1234 Sed
1924 1181 2026 1235 hoe
2084 1181 2148 1236 ad
2191 1181 2483 1252 imaginem
2516 1185 2820 1242 futurorum
2864 1188 3206 1258 providentia

1607 1273 1808 1329 divina:
1863 1275 2166 1345 maiestatis
2208 1277 2447 1343 invenit,
2503 1291 2562 1335 ut
2611 1297 2708 1353 per
2757 1285 2967 1354 signum
3014 1301 3200 1341 verum

1610 1365 1812 1421 Pascha
1851 1369 2004 1424 nobis
2027 1369 2363 1426 ostenderet.
2401 1371 2527 1428 Ideo
2553 1388 2674 1428 cum
2717 1376 2785 1431 de
2817 1377 3066 1446 passione
3098 1379 3200 1432 Do-

1607 1459 1737 1513 mini
1768 1461 1936 1514 nostri
1975 1460 2158 1517 divino
2190 1461 2396 1533 Spiritu
2431 1463 2658 1534 jubeute
2697 1467 2964 1539 Propheta
2997 1485 3204 1541 przeca-

1604 1562 1794 1622 neret,
1831 1554 1908 1608 ait
1939 1573 1952 1608 :
1982 1554 2129 1609 Sicut
2159 1557 2268 1610 ovis
2311 1558 2381 1610 ad
2421 1558 2676 1613 victimam
2704 1559 2887 1616 ductus
2909 1572 2983 1617 est
3006 1605 3018 1628 ,
3071 1567 3200 1618 sicut

1603 1663 1768 1718 agnus
1797 1664 1972 1702 coram
1997 1649 2241 1703 tondente
2263 1667 2340 1714 se,
2370 1652 2446 1704 sic
2475 1668 2575 1706 non
2604 1655 2806 1722 aperuit
2839 1671 2894 1708 os
2923 1673 3095 1710 suum.
3134 1656 3201 1710 In

1605 1741 1895 1796 humilitate
1915 1743 2174 1812 judicium
2216 1745 2263 1798 ei
2291 1743 2547 1799 sublatum
2593 1755 2685 1799 est.
2717 1745 3054 1802 Nativitatem
3090 1751 3204 1818 eius

1603 1835 1716 1901 quis
1746 1836 2044 1890 enarravit?
2065 1837 2310 1905 quoniam
2351 1839 2618 1906 auferetur
2646 1856 2676 1891 a
2705 1847 2840 1893 terra
2870 1839 2972 1894 vita
3003 1844 3115 1911 ejus
3151 1841 3196 1894 ⁶·.

28 1923 139 1978 ὀγίι
190 1922 350 1991 (Gen.
414 1939 511 1987 vu,
562 1924 701 1994 vni).
761 1923 966 1978 Deinde
1020 1922 1294 1978 Abraham
1352 1923 1494 2000 ligna
1527 1931 1573 1991 Β
1607 1925 1777 1998 (Esui.
1803 1943 1928 1997 ιιιι,
1971 1929 2023 1994 7,
2059 1929 2138 2000 8).
2169 1930 2324 1985 Alius
2355 1933 2520 1987 etiam
2566 1933 2828 2002 propheta
2863 1935 2978 1990 hazc
3004 1935 3197 1991 eadem

28 2017 40 2071 i
74 2018 155 2072 lilii
187 2016 438 2073 humeris
469 2017 699 2088 imponit
722 2016 879 2086 (Gen.
913 2033 1028 2071 san
1053 2016 1128 2088 6).
1166 2017 1240 2071 De
1262 2014 1495 2087 zEgypto

25 2112 229 2166 dentem
266 2112 530 2183 populum
565 2111 657 2166 Dei
706 2112 918 2182 plebem
951 2112 1126 2182 lignea
1174 2111 1325 2180 virga
1365 2126 1490 2180 pro.

51 2205 246 2277 (Exod,
277 2222 396 2273 xsv,
447 2206 542 2270 21,
571 2205 688 2277 2(5).
721 2206 948 2276 Lignum
981 2206 1193 2261 dulcem
1240 2221 1492 2276 saporem

25 2316 88 2355 ra:
131 2301 374 2373 myrrhae
412 2300 656 2356 fontibus
705 2301 941 2356 reddidit
980 2299 1178 2371 (Exod.
1232 2317 1322 2368 xv,
1374 2299 1493 2372 25).

30 2407 89 2446 ea
119 2391 268 2463 virga
298 2409 367 2448 ex
417 2391 684 2462 Spiriluali
715 2401 866 2463 petra
896 2391 1156 2447 salutaris
1183 2391 1328 2446 unda
1363 2407 1493 2462 pro-

24 2502 56 2539 ιι·
86 2484 286 2557 (Exod.
325 2502 464 2554 xvu,
495 2487 557 2552 6;
585 2485 604 2541 Ι
645 2486 765 2542 Cor.
792 2503 846 2554 κ,
878 2484 956 2558 4).
992 2486 1094 2553 Ει,
1131 2495 1188 2541 ut
1232 2487 1492 2542 Amalech

23 2587 217 2646 eretur,
252 2580 402 2636 circa
431 2581 636 2650 virgam
684 2579 895 2651 Moyses
935 2579 1189 2648 expansis
1239 2579 1493 2635 manibus

23 2672 200 2728 oditur
255 2670 282 2710 ά
321 2671 526 2742 (Exod.
574 2689 724 2739 xvn,
777 2673 1015 2744 “,12).
1069 2672 1244 2728 Scala:
1299 2674 1490 2745 lignea:

21 2766 195 2822 iarclta
245 2767 656 2824 incumbentem
686 2767 938 2836 angelum
991 2767 1265 2832 somniat,
1311 2777 1365 2822 et
1397 2782 1491 2836 per

21 2864 130 2919 dem
165 2865 305 2920 alios
354 2865 689 2931 ascendere,
719 2864 859 2918 alios
890 2862 1066 2918 cernit
1095 2861 1430 2918 descendere
1465 2873 1488 2899 ο

49 2973 248 3026 xxvuu,
283 2958 396 3029 12).
440 2958 499 3013 Et
531 2957 616 3012 lex
669 2956 761 3012 Dei
805 2970 948 3011 arcae
996 2955 1192 3026 ligneas
1248 2955 1490 3011 creditur

21 3053 86 3105 id.
120 3068 205 3119 η,
235 3051 356 3122 20).
393 3061 448 3108 ut
491 3051 576 3106 his
605 3050 878 3114 omnibus,
932 3051 1087 3121 quasi
1146 3067 1240 3120 per
1291 3050 1489 3121 gradus

19 3146 173 3213 adam,
202 3145 269 3202 ad
291 3146 498 3218 lignum
529 3143 706 3200 crucis
737 3143 884 3198 salus
925 3143 1204 3198 hominum
1239 3145 1488 3215 perveni-

30 3237 370 3312 Quapropter
396 3240 599 3312 lignum
623 3237 803 3294 crucis
848 3237 972 3294 cmli
999 3239 1233 3294 sustinet
1281 3239 1486 3294 machi-

1599 2019 1763 2074 simili
1792 2020 2074 2092 respondit
2103 2022 2325 2077 oraculo
2356 2040 2368 2076 :
2421 2021 2665 2091 Domine,
2689 2025 2928 2097 signiﬁca
2954 2026 3084 2080 mihi
3107 2069 3122 2093 ,
3154 2039 3203 2082 et

1598 2125 2092 2185 cognoscam;tunc
2136 2115 2241 2169 vidi
2285 2116 2638 2171 meditationes
2683 2134 2879 2174 eorum.
2931 2117 3042 2191 Ego
3067 2119 3202 2173 sicut

1595 2224 1759 2276 agnus
1786 2207 1896 2261 sine
1924 2209 2126 2262 malitia
2156 2209 2433 2278 perductus
2460 2227 2573 2263 sum
2605 2211 2672 2264 ad
2699 2212 2976 2266 victimam.
3008 2209 3073 2264 In
3118 2228 3199 2265 me

1596 2301 1946 2371 cegituverunt
1986 2303 2263 2372 cogitatum
2311 2303 2533 2356 dicentes
2589 2319 2602 2356 :
2676 2301 2852 2358 Venite
2886 2320 2905 2358 :
2936 2304 3200 2358 mittamus

1595 2393 1787 2463 lignum
1808 2393 1858 2446 in
1889 2410 2075 2461 panem
2099 2401 2230 2464 ejus,
2255 2406 2303 2450 et
2331 2396 2606 2450 eradumus
2635 2416 2667 2450 ιι
2688 2405 2824 2450 terra
2852 2398 3009 2451 vitam
3039 2401 3152 2467 ejus
3175 2399 3189 2434 ί

1597 2485 1839 2557 (Jerem.
1897 2504 2062 2552 xvm,
2117 2490 2223 2556 18,
2275 2490 2397 2562 19).
2451 2492 2660 2561 Agnum
2699 2501 2880 2546 autem
2930 2492 3194 2560 appellari

1598 2581 1884 2636 Dominum
1913 2592 2194 2649 nostrum,
2225 2595 2411 2638 sancta
2465 2584 2622 2639 nobis
2652 2583 2984 2638 revelationc
3014 2599 3198 2638 mons-

1597 2683 1788 2728 tratur.
1827 2674 1882 2728 ln
1914 2674 2240 2746 Apocalypsi
2283 2676 2428 2730 enim
2458 2676 2530 2730 ita
2565 2675 2875 2732 invenimus
2910 2691 3031 2730 esse
3068 2691 3194 2746 per-

1594 2766 1854 2836 scriptum
1877 2783 1892 2821 :
1918 2765 1982 2820 Et
2004 2768 2108 2821 vidi
2128 2768 2180 2822 in
2196 2769 2366 2821 medio
2394 2766 2563 2822 throni
2577 2777 2624 2822 et
2643 2777 2865 2838 quatuor
2887 2769 3192 2823 animalium

1593 2869 1637 2913 et
1669 2861 1722 2913 in
1753 2860 1920 2914 medio
1971 2862 2232 2914 seniorum
2259 2878 2450 2932 agnum
2476 2871 2714 2930 stantem,
2761 2864 2911 2934 quasi
2941 2863 3188 2927 occisum,

1593 2954 1858 3008 habentem
1899 2971 2095 3008 cornua
2127 2965 2343 3024 septem,
2375 2966 2423 3009 et
2468 2956 2646 3010 oculos
2673 2967 2864 3028 septem
2887 2999 2901 3024 ,
2951 2960 3040 3027 qui
3069 2970 3191 3011 sunt

1591 3060 1782 3121 septem
1803 3051 2019 3120 spiritus
2048 3050 2142 3104 Dei
2188 3052 2334 3104 missi
2375 3067 2466 3122 per
2490 3051 2658 3105 orbem
2693 3061 2862 3106 teri-te.
2892 3050 2957 3105 Et
2984 3051 3117 3106 venit
3147 3063 3192 3105 et

1594 3145 1785 3214 accepit
1817 3144 2009 3198 librum
2049 3145 2112 3198 de
2143 3145 2328 3198 dextra
2377 3145 2600 3198 sedentis
2630 3144 2682 3198 in
2723 3145 2929 3199 throno.
2977 3143 3044 3198 Et
3075 3161 3190 3198 cum

1589 3239 1872 3305 accepisset
1913 3237 2124 3302 librum,
2152 3248 2380 3304 quatuor
2406 3238 2656 3292 animalia
2681 3247 2730 3292 et
2758 3238 2940 3308 viginti
2970 3247 3190 3306 quatuor

26 3375 40 3399 ,
65 3343 221 3390 terra:
259 3332 612 3390 fundamenta
645 3329 999 3395 corroborat,
1028 3329 1224 3384 aflixos
1259 3331 1360 3385 sibi
1391 3329 1484 3383 ho-
1514 3320 1556 3381 C
1592 3332 1818 3385 seniores
1846 3341 2235 3400 prostraverunt
2273 3348 2328 3385 se
2351 3341 2471 3384 ante
2493 3347 2704 3401 agnum,
2729 3329 2970 3385 habentes
2997 3330 3192 3400 singuli

19 3443 67 3482 es
103 3428 252 3485 ducit
281 3428 349 3485 ad
379 3430 562 3484 vitam.
599 3426 827 3498 Lignum
857 3425 1055 3480 diaboli
1087 3426 1243 3481 ardet
1268 3441 1487 3495 semper

20 3521 230 3589 aoritur,
255 3530 311 3578 et
335 3521 403 3577 ad
436 3522 540 3577 ima
570 3518 754 3574 tartari
781 3517 1065 3574 credentes
1093 3519 1341 3575 homines
1362 3535 1484 3575 cum

26 3612 86 3668 lis
109 3614 220 3671 suis
245 3613 417 3670 ducit.
451 3613 587 3668 Illud
615 3612 778 3668 etiam
803 3611 964 3681 quale
993 3611 1061 3664 sit
1089 3611 1298 3668 ratione
1345 3622 1486 3668 trac-

19 3721 58 3760 r.
103 3707 370 3763 Arborem
402 3721 556 3763 suam
606 3703 858 3759 diabolus
898 3716 1252 3768 consecrans,
1288 3705 1485 3759 intem-

22 3814 48 3853 a
93 3809 245 3857 nocte
272 3801 504 3856 arietem
537 3800 588 3853 in
620 3812 776 3852 Cll'Stl‘
809 3795 1025 3850 arboris
1057 3795 1186 3850 facit
1214 3795 1488 3852 radicibus

19 3892 160 3948 tolari
197 3893 238 3947 τ.
269 3893 405 3964 Quis
435 3892 531 3947 tibi
562 3891 666 3946 hoc
697 3890 963 3945 scelerate
1008 3888 1312 3958 persuasit?
1346 3891 1487 3948 unde

27 3987 268 4055 pestifera
293 3986 598 4058 cupiditate
629 3983 914 4039 didicisti?
945 3982 1249 4053 Semperne
1277 3991 1328 4036 te
1354 3997 1486 4037 con-

19 4078 288 4138 Dominum
321 4096 594 4138 summum
624 4078 825 4134 nefaria
847 4076 1143 4146 cupiditate
1167 4077 1490 4147 componis?

19 4195 24 4220 ο
54 4181 102 4225 te
125 4173 192 4230 de
218 4177 361 4231 casio
383 4189 634 4230 severum
660 4169 960 4226 divinitatis
984 4168 1253 4239 judicium
1286 4172 1490 4226 caduca

19 4264 194 4321 tilitate
224 4268 564 4338 prmcipitat,
590 4265 713 4318 ideo
747 4264 840 4320 tibi
875 4263 965 4318 Dei
993 4262 1262 4317 sententia
1297 4278 1490 4332 perpe-

25 4374 170 4423 poena
193 4359 531 4425 decernitur,
564 4357 708 4428 quod
739 4355 1069 4412 facinoribus
1101 4354 1207 4408 tuis
1248 4370 1344 4425 per
1373 4355 1490 4411 dies

20 4449 138 4506 ‘ulos
178 4469 375 4508 novum
422 4467 638 4522 semper
671 4449 889 4504 additur
940 4448 1150 4504 facinus
1172 4489 1186 4513 ,
1219 4449 1360 4516 quod
1394 4447 1492 4503 ho-

22 4555 101 4595 em
134 4543 226 4600 Dei
259 4545 603 4601 fraudulenta
633 4542 851 4597 conaris
894 4542 1249 4611 persuasione
1273 4540 1491 4610 decipe—

47 4634 169 4691 \’ide
222 4640 349 4711 quid
408 4640 511 4694 sibi
559 4638 889 4693 ludibriosos
959 4635 1131 4689 hostis
1199 4636 1490 4692 invenerit.

19 4752 92 4806 cio
137 4769 200 4808 an
252 4757 389 4812 alius
446 4755 680 4823 scriptor
747 4753 906 4824 hujus
959 4753 1095 4824 ritus
1151 4751 1485 4824 mentionem
1518 4759 1565 4818 ι)

19 4832 80 4945 it).
133 4825 262 4883 Vide
307 4839 484 4884 tamen
539 4825 815 4882 Plutarch.
866 4825 934 4880 de
977 4823 1118 4879 lside
1165 4831 1222 4878 et
1265 4823 1488 4880 Osiride

45 4901 74 4932 ν)

57 4966 217 5023 Recte
284 4971 593 5028 emendavit
659 4969 947 5024 anerus
1004 4967 1292 5022 lectionem
1353 4966 1488 5022 edit.

19 5037 157 5106 tcipis
187 5041 290 5099 illis
320 5046 384 5099 de
407 5043 703 5100 seminibus.
752 5041 884 5095 Vide
935 5038 1209 5094 Plutarch.
1250 5037 1319 5093 de
1349 5037 1490 5094 Iside

19 5107 190 5168 lsiride
213 5130 263 5168 c.
311 5117 402 5172 21.

54 5179 239 5240 Nescio
267 5201 332 5242 an
366 5187 505 5242 alius
556 5193 742 5238 auctor
780 5182 941 5250 hujus
981 5184 1116 5237 ritus
1155 5184 1486 5237 mentionem

19 5258 87 5330 at.
146 5255 311 5313 Video
364 5259 582 5330 quidem
636 5251 1080 5330 SanlaTCrttcium
1111 5269 1211 5330 ,μ’
1253 5268 1305 5322 p.
1365 5254 1492 5330 157,

20 5324 186 5398 ianum
212 5343 261 5382 c.
319 5324 393 5385 16‘
433 5329 688 5398 allegare,
729 5326 818 5394 qui
853 5339 983 5398 vero
1029 5325 1097 5398 de
1147 5324 1298 5398 Rhea
1349 5326 1494 5398 agit;

19 5407 72 5445 ue
109 5397 322 5454 Arnohii
359 5402 506 5456 locos
535 5395 654 5453 mox
686 5398 879 5452 citatos
929 5395 996 5451 de
1029 5395 1196 5450 Matre
1225 5395 1385 5449 deum
1418 5397 1498 5448 lo.

20 5473 155 5520 ules.
187 5469 298 5538 Qua
327 5473 393 5526 de
420 5488 477 5526 re
503 5472 766 5526 Silvester
795 5468 1001 5539 Sacyus
1027 5469 1259 5539 lectores
1285 5481 1499 5539 atroque

19 5535 487 5599 nonethaudare
537 5557 668 5596 sane
727 5535 1151 5598 SantaLCrucius
1216 5535 1495 5592 debuisset

20 5608 238 5678 micnm,
291 5616 544 5679 unicum,
593 5623 650 5666 ut
689 5613 932 5677 videtur,
963 5609 1122 5679 hujus
1175 5607 1501 5663 narrationis

23 5686 141 5734 lem.
183 5683 410 5742 Paucula
433 5684 587 5740 aﬁ‘ert
607 5682 932 5741 Creuzerus.
964 5697 1038 5743 tv.
1065 5680 1191 5735 455.

19 5757 24 5780 ⁸
69 5748 242 5823 llaque
284 5759 532 5813 absoluto
559 5769 731 5820 anno,
759 5770 884 5810 cum
915 5753 1035 5808 festi
1089 5749 1206 5823 dies
1233 5748 1500 5817 redirent,

19 5832 30 5892 l
61 5819 180 5892 hinc
210 5828 490 5892 simulacra
517 5844 548 5884 a
579 5827 952 5884 sacerdotibus
988 5822 1390 5892 cremabantur.

19 5883 126 6013 me
153 5886 294 5968 virga
321 5883 400 5954 nil
431 5883 588 5955 habet
619 5912 776 5952 sacer
803 5907 985 5952 textus
1006 5935 1021 5963 ,
1057 5909 1232 5965 neque
1263 5891 1499 5955 interm).

87 5976 117 6013 ι.

87 5976 117 6013 l.

1591 3443 1775 3482 aureas
1821 3428 2053 3482 citharas
2102 3428 2283 3498 plenas
2313 3427 2664 3481 odoramentis
2713 3427 3192 3498 supplicationum,

1591 3536 1704 3590 qua:
1733 3530 1880 3574 erant
1911 3522 2174 3576 orationes
2217 3530 2534 3584 sanctorum,
2567 3529 2613 3573 et
2641 3530 2974 3574 cantaverunt
2999 3537 3191 3575 novum

1590 3614 1852 3666 canticum
1881 3613 2106 3667 dicentes
2135 3629 2153 3667 :
2187 3611 2389 3683 Dignus
2411 3630 2462 3666 es
2492 3613 2726 3684 accipere
2756 3612 2965 3679 librum,
2995 3624 3042 3667 et
3067 3630 3193 3685 ape-

1591 3707 1694 3759 rire
1734 3707 1886 3777 signa
1929 3709 2063 3779 ejus,
2093 3705 2336 3776 quoniam
2367 3705 2563 3758 occisus
2606 3721 2690 3768 es,
2723 3715 2770 3759 et
2792 3705 3054 3758 redemisti
3099 3722 3192 3759 nos

1593 3794 1704 3850 Deo
1735 3796 1993 3865 sanguine
2028 3806 2115 3850 tuo
2147 3813 2210 3850 ea:
2238 3796 2378 3849 omni
2405 3794 2541 3848 tribu
2572 3807 2619 3849 et
2647 3797 2825 3866 lingua
2847 3805 2892 3850 et
2922 3797 3114 3867 populo
3145 3807 3194 3852 et

1593 3892 1799 3945 natione
1820 3933 1834 3955 ,
1859 3901 1904 3944 el
1932 3907 2025 3944 nos
2047 3907 2256 3962 regnum
2291 3889 2399 3944 Deo
2430 3899 2604 3943 nostro
2631 3889 3019 3959 sacerdotesque
3040 3890 3196 3960 fecis-

1591 3985 1664 4048 ti,
1719 3994 1766 4037 et
1819 3982 2147 4055 regnabimus
2193 3998 2348 4053 super
2391 3991 2579 4035 terram
2610 3981 2656 4035 i.
2703 3980 2947 4035 Joannes
2976 3994 3192 4049 quoque

1593 4079 1784 4134 Filium
1814 4078 1909 4133 Dci
1942 4079 2066 4148 agni
2089 4078 2309 4131 nomine
2340 4075 2604 4146 appellat,
2638 4084 2695 4130 ut
2722 4085 2778 4130 et
2809 4075 2924 4145 ipse
2953 4073 3192 4144 prophe-

1595 4171 1715 4228 tica:
1751 4171 2133 4241 pollicitationi
2166 4170 2536 4240 respondeat;
2565 4168 2641 4224 ait
2669 4169 2812 4224 enim
2860 4167 2914 4223 in
2941 4168 3195 4238 Evange-

1596 4267 1670 4321 lio
1695 4284 1708 4320 :
1737 4267 1912 4321 Altero
1942 4267 2026 4320 die
2066 4264 2208 4320 videt
2238 4261 2468 4318 Joannes
2513 4261 2698 4318 Iesum
2735 4263 3015 4317 venientem
3043 4262 3110 4316 ad
3139 4279 3193 4318 se

1594 4371 1642 4416 et
1661 4362 1735 4416 ait
1761 4378 1780 4416 :
1809 4359 1946 4415 Ecce
1965 4376 2129 4430 agnus
2156 4359 2286 4424 Dei,
2319 4375 2432 4412 ecce
2451 4360 2539 4426 qui
2566 4360 2738 4428 aufert
2759 4365 2968 4428 peccata
2991 4355 3191 4408 mundi.

1596 4453 1779 4524 (1,55,
1808 4453 1949 4524 36H
1981 4454 2084 4508 Pro
2110 4453 2285 4507 salute
2337 4451 2616 4505 hominum
2667 4452 2788 4520 agni
2835 4449 2989 4504 istius
3031 4463 3194 4503 vene-

1597 4549 1800 4605 randus
1821 4550 2041 4619 sanguis
2059 4546 2374 4611 eﬁ'unditur,
2398 4557 2448 4600 ut
2477 4554 2696 4600 sanctos
2732 4558 2862 4598 suos
2892 4541 3062 4596 Filius
3099 4540 3197 4596 Dei

1601 4645 1918 4714 profusione
1949 4641 2171 4714 pretiosi
2197 4638 2478 4709 sanguinis
2507 4638 2774 4693 redimat:
2797 4635 2963 4706 utqui
2992 4633 3198 4690 Christi

1669 4771 1692 4796 υ
1729 4760 1802 4816 De
1823 4760 1993 4830 lignea
2017 4757 2160 4812 scala
2193 4757 2253 4830 in_
2277 4755 2603 4830 somnoyisa
2635 4768 2704 4830 ne
2727 4752 2953 4808 verbum
2975 4751 3195 4823 quidem

1602 4831 1764 4887 habet
1798 4821 1997 4895 Moses,
2032 4844 2210 4898 neque
2240 4827 2439 4896 interp.
2475 4824 2672 4880 Latini.

1677 4903 1694 4940 ί
1738 4905 1814 4958 De
1848 4903 1976 4972 pino
2029 4896 2169 4954 haud
2213 4897 2377 4972 dubie
2414 4899 2699 4972 loquitur;
2732 4897 2784 4950 in
2815 4896 3013 4972 quibus
3062 4909 3196 4972 vero

1602 4966 1898 5046 mysteriis,
1955 4975 2166 5028 reticet.
2217 4970 2329 5026 Nec
2378 4969 2597 5024 aliunde
2647 4977 2806 5022 notus
2837 4967 3050 5021 videtur
3108 4966 3197 5022 hic

1597 5048 1753 5101 ritus.

1671 5128 1695 5187 β
1729 5121 1938 5187 Agnum
1969 5113 2294 5187 paschalem
2315 5116 2332 5187 (
2354 5113 2523 5187 Exodi
2551 5127 2655 5187 xu,
2691 5113 2723 5164 4
2753 5109 2906 5187 seq_.).

1674 5186 1701 5224 ιλ
1727 5180 1923 5242 Parum
1948 5180 2132 5240 ditfert
2162 5201 2192 5240 a
2223 5180 2370 5241 textu
2402 5184 2776 5240 Sabateriano.
2811 5181 2965 5235 Vers.
3000 5180 3034 5236 8
3061 5195 3199 5236 con-

1604 5261 1751 5315 venit
1784 5259 1898 5314 fere
1928 5272 2050 5311 cum
2080 5255 2246 5327 Cypr.
2293 5257 2442 5312 Test.
2478 5254 2573 5310 lih.
2609 5268 2666 5317 ιι,
2711 5266 2882 5321 usque
2925 5251 2994 5307 ad
3032 5253 3201 5308 verba

1601 5346 1722 5402 quae
1747 5331 1800 5384 in
1833 5329 2528 5402 Cyprianouesiderantur.

1682 5401 1695 5439 ί
1735 5394 2209 5468 Plane-conspirat
2235 5416 2356 5454 eum
2388 5396 2644 5470 Cypriani
2668 5394 2903 5470 Testim;
2935 5394 3074 5470 libro
3105 5410 3158 5452 ll.

1680 5476 1694 5523 ι
1741 5473 1942 5528 Eadem
1989 5463 2232 5540 pauculis
2261 5463 2504 5539 excepii's
2531 5467 2696 5540 habet
2717 5481 2836 5537 quae
2864 5463 3200 5540 Cyprianus,

1603 5545 1658 5600 in
1707 5560 1772 5599 eo
1820 5537 2036 5614 quoque
2084 5556 2206 5614 cum
2260 5558 2326 5595 eo
2371 5537 2722 5614 conspirans.
2781 5537 2925 5608 quod
2966 5552 3122 5614 vers.
3169 5537 3204 5593 8

1610 5617 1808 5680 habet,
1840 5610 2056 5667 'aureas
2111 5613 2352 5667 citharas
2405 5610 2594 5677 plenas
2642 5610 3011 5665 odoramentis
3075 5624 3206 5678 sup-

1613 5689 1963 5760 plicationnm
1985 5724 1998 5749 ,
2031 5684 2252 5739 omissis
2287 5684 2470 5739 verbis
2519 5681 2890 5744 intermediis,
2924 5690 2968 5734 et
2998 5681 3201 5752 phialas

1609 5777 1808 5814 aureas.
2228 5817 2230 5819 ,

1686 5831 1706 5867 ιε
1741 5828 2058 5883 Memoriter
2084 5823 2335 5880 citatum.
