3970 6408
499 253 636 312 1047

1007 251 1180 310 JULII
1220 246 1476 308 FIRMICI
1516 244 1826 304 MATERNI
1868 247 1958 304 DE
1999 247 2278 304 ERRORE
2319 244 2797 304 PROFANARUM
2831 243 3268 306 RELIGIONUM.

3582 257 3683 314 10i8

489 369 775 427 firmaret:
820 385 961 426 nunc
991 370 1158 425 etiam
1209 368 1367 438 stirpi
1410 367 1647 422 minatur
1685 374 1733 422 et
1784 365 1998 431 soboli,
2039 377 2095 421 et
2124 384 2174 445 Α
2199 365 2266 421 ad
2315 364 2446 421 illud
2474 379 2674 436 anceps
2701 407 2716 430 ,
2755 365 2843 420 ubi
2895 381 3021 436 spes
3048 407 3063 430 ,
3094 367 3180 421 ubi
3219 379 3333 422 vota
3373 368 3607 427 deﬁciunt.
3637 375 3685 431 Et

493 466 600 520 hoc
629 465 772 536 agit,
805 479 873 520 ne
923 479 1027 536 qua
1059 478 1185 535 pars
1212 463 1529 534 nequissimi
1559 462 1783 516 seminis
1823 461 2098 533 relinqua-

492 570 618 627 tur,
668 576 738 617 ne
787 559 936 632 quod
989 559 1199 630 profani
1255 559 1472 630 generis
1514 557 1802 628 vestigium
1858 565 2095 612 maneat.

493 655 811 726 Sacriﬁcans
835 697 851 723 ,
908 654 1118 726 inquit,
1164 654 1264 708 diis
1298 652 1646 707 eradicabitur
1689 649 1872 725 (Deut.
1904 666 2054 706 xxxu
2081 693 2096 717 ,

493 751 608 819 17).
641 747 943 804 Considera
974 747 1104 818 quid
1143 761 1273 819 agas
1300 788 1313 810 ,
1347 747 1544 802 misera
1586 759 1651 800 ac
1689 745 1932 800 luctuosa
1971 758 2097 814 per.

493 845 698 896 suasio.
726 839 958 895 Facinus
981 848 1130 893 tuum
1159 838 1422 910 plurimos
1451 836 1658 908 perdit,
1683 845 1738 892 et
1765 852 1860 906 per
1880 849 2097 891 omnem

492 935 854 992 substantiam
881 935 1100 1006 generis
1133 934 1211 989 tui
1240 933 1465 988 fecunda
1494 947 1653 1004 paena
1683 930 1962 986 dividitur.
1989 930 2099 985 Cur

492 1039 675 1082 autem
708 1038 896 1082 contra
930 1026 1308 1082 sacrificantes
1339 1027 1417 1081 sic
1447 1027 1635 1080 sarviat
1661 1066 1676 1089 ,
1711 1023 1977 1079 ordinata:
2025 1024 2100 1078 le-

488 1121 573 1192 gis
612 1121 950 1176 auctoritatis
981 1122 1032 1175 in
1059 1120 1489 1176 Deuteronomio
1517 1117 1802 1174 manifesta
1831 1117 2100 1188 significa-

489 1216 637 1271 tione
665 1225 1005 1270 monstratur
1031 1234 1042 1268 :
1080 1216 1150 1270 ita
1175 1214 1322 1271 enim
1350 1215 1658 1270 invenimus
1679 1227 1801 1268 esse
1831 1211 2099 1282 perscrip-

493 1319 608 1363 tum
638 1327 651 1363 :
688 1307 1132 1377 Sacri/icaverunt
1177 1307 1446 1362 deemoniis
1470 1350 1485 1372 ,
1518 1316 1567 1361 et
1607 1323 1708 1360 non
1739 1303 1849 1359 Deo
1878 1302 2097 1374 (Ibid.).

491 1402 572 1458 Ad
603 1404 1008 1458 contaminatos
1037 1417 1100 1457 ac
1144 1402 1379 1473 pollutos
1407 1410 1461 1457 te
1500 1400 1722 1471 spiritus
1750 1414 1818 1453 ne
1863 1397 2098 1453 transfe-

495 1510 622 1561 ras,
667 1496 735 1550 ab
773 1495 1133 1551 inferioribus
1172 1512 1239 1550 ne
1287 1511 1474 1566 Spercs
1527 1494 1789 1550 auxilium
1837 1513 1848 1547 :
1897 1508 1966 1549 ne
2015 1491 2100 1547 his

491 1590 772 1662 supplices
798 1634 812 1658 ,
847 1591 1043 1661 quibus
1077 1591 1170 1645 Dei
1215 1593 1387 1661 gratia
1414 1632 1427 1653 ,
1455 1590 1564 1660 jam
1600 1589 1869 1659 imperare
1907 1587 2093 1643 debes.

497 1687 641 1743 Ecce
687 1687 899 1741 dzcmon
952 1697 1035 1742 est
1079 1702 1239 1757 quem
1281 1686 1458 1751 colis;
1501 1700 1622 1739 cum
1661 1685 1750 1738 Dei
1802 1693 1856 1738 et
1893 1681 2099 1738 Christi

490 1781 611 1848 ejus
643 1795 841 1837 nomen
859 1780 1128 1846 audierit,
1148 1780 1527 1836 contremiscit
1547 1823 1561 1844 ,
1581 1787 1636 1832 et
1665 1789 1724 1832 ιιι
1753 1777 2098 1848 interrogan-

492 1873 637 1928 tibus
689 1873 847 1928 nobis
899 1873 1230 1946 respondeat
1279 1870 1605 1943 trepidantia
1651 1870 1858 1936 verba,
1908 1870 1996 1924 vix
2040 1883 2100 1925 sc

493 1966 704 2038 colligit
731 1977 756 2003 η
790 1987 800 2019 ;
833 1966 1124 2021 adhaerens
1170 1965 1374 2020 homini
1407 1964 1713 2030 laceratur,
1764 1963 1972 2025 uritur,
2003 1977 2100 2016 va-

491 2059 642 2128 pulat
668 2100 680 2123 ,
712 2069 766 2113 et
793 2059 974 2114 statim
1009 2060 1074 2114 de
1105 2059 1414 2114 commissis
1455 2058 1754 2113 sceleribus
1791 2056 2099 2112 confitetur.

495 2150 575 2205 Ne
621 2150 763 2206 hunc
803 2153 987 2220 colas,
1035 2168 1102 2206 ne
1151 2149 1277 2207 huic
1324 2151 1636 2223 supplices,
1685 2167 1752 2206 ne
1800 2160 2104 2221 prostratus

500 2245 624 2299 huic
665 2244 856 2300 ﬂectas
897 2260 1104 2315 genua,
1140 2244 1434 2301 interdicto
1469 2243 1794 2299 venerandae
1843 2243 1978 2314 legis
2018 2243 2106 2313 ju-

499 2338 666 2392 beris.
708 2338 847 2393 llinc
877 2339 1187 2393 severitatis
1229 2353 1385 2408 paena
1408 2379 1423 2403 ,
1456 2337 1583 2392 hinc
1612 2335 2104 2392 animadversionis

497 2441 645 2486 metu
688 2430 977 2485 metuenda
1042 2430 1335 2486 sententia.
1389 2429 1568 2498 Quid,
1623 2429 1716 2484 Dei
1771 2429 2102 2501 indulgentia

495 2521 747 2579 libertate
777 2538 1072 2591 concessa,
1100 2523 1287 2594 jugum
1328 2524 1509 2593 potius
1541 2524 1700 2595 eligis
1729 2523 2009 2578 servitutis
2035 2521 2105 2575 b?

820 2615 936 2670 Non
966 2617 1169 2671 desinit
1198 2616 1345 2672 Deus
1373 2631 1617 2672 summus
1643 2616 1850 2671 crimen
1887 2616 1991 2670 hoc
2018 2628 2105 2668 sa-

496 2708 663 2765 lutari
695 2723 832 2764 voce
866 2709 1113 2780 pulsare,
1143 2709 1238 2765 sed
1289 2709 1659 2766 misericiirdia
1693 2710 1810 2779 ejus
1856 2716 2105 2764 errantes

501 2805 754 2860 homines
785 2805 1063 2876 corrigere
1103 2804 1374 2875 frequenti
1403 2805 1829 2860 comminatione
1862 2802 2100 2859 festinat.

501 2897 639 2952 Audi
675 2912 770 2968 per
801 2897 1018 2952 Esaiam
1053 2901 1368 2968 prophetam
1401 2913 1502 2952 vox
1541 2899 1723 2953 divina
1755 2895 1884 2965 quid
1915 2898 2060 2952 dicat
2088 2913 2102 2950 :

499 2990 859 3044 Adoraverunt
897 2989 1052 3055 deos,
1083 3007 1212 3061 quos
1239 2990 1467 3060 fecerunt
1497 2991 1646 3063 digiti
1669 3006 1847 3044 eorum
1871 3030 1886 3056 ,
1917 2999 1964 3043 et
1991 3005 2108 3042 cur-

498 3095 646 3138 vatus
687 3094 758 3138 est
801 3085 987 3150 homo,
1019 3094 1066 3136 et
1099 3083 1406 3138 humiliatus
1435 3094 1513 3138 est
1543 3085 1650 3147 vir,
1682 3094 1729 3136 et
1774 3099 1877 3136 non
1922 3081 2107 3135 laxabo

2203 469 2258 515 ut
2287 458 2629 516 manifestius
2667 459 2958 514 instruaris
2982 499 2999 526 ,
3038 459 3481 517 animadversionis
3516 465 3685 522 exitium

2201 551 2372 607 disce.
2423 551 2600 622 Super
2632 550 2734 606 hac
2776 565 2836 606 re
2879 551 2930 605 in
2974 552 3282 623 Apocalypsi
3322 561 3452 610 totus
3475 557 3586 611 ordo
3608 575 3686 613 res-

2202 644 2359 716 ponsi
2399 651 2520 710 est;
2557 644 2627 698 ita
2661 643 2808 700 enim
2855 642 3114 715 scriptum
3160 653 3283 700 est:
3322 646 3377 702 Si
3419 648 3517 716 quis
3554 650 3687 705 adorat

2203 739 2410 794 bestiam
2435 747 2485 793 et
2511 739 2787 812 imaginem
2816 739 2958 809 ejus,
2992 750 3036 794 et
3061 741 3238 811 accipit
3264 751 3370 794 vota
3393 743 3438 795 in
3463 748 3599 813 [route
3621 763 3686 801 sua

2202 844 2248 888 et
2284 835 2336 886 in
2379 850 2536 890 manu
2559 878 2572 902 ,
2609 834 2742 888 bibet
2783 844 2829 889 et
2875 835 2985 903 ipse
3015 835 3077 888 dc
3113 835 3225 889 vino
3251 835 3335 890 ire
3361 828 3475 901 Dei,
3499 839 3622 893 misto
3652 841 3686 893 in

2201 930 2387 1002 poculo
2415 929 2506 984 ira:
2543 931 2679 1002 ejus.
2711 928 2781 984 Et
2813 929 2991 999 puniet
3021 931 3136 1001 igne
3161 939 3205 982 et
3231 929 3452 999 sulphure
3476 931 3552 984 sub
3575 933 3689 985 oculis

2199 1024 2324 1096 agni
2347 1067 2362 1089 ,
2397 1033 2445 1078 ct
2475 1027 2648 1095 fumus
2677 1024 2740 1078 de
2776 1024 3043 1078 tormentis
3073 1040 3243 1078 eorum
3269 1024 3318 1076 in
3344 1023 3510 1078 stecula
3534 1025 3690 1079 saculo-

2202 1133 2316 1170 rum
2353 1116 2616 1170 ascendet.
2652 1113 2765 1171 Nec
2814 1115 3070 1169 habebunt
3121 1115 3332 1185 requiem
3367 1116 3441 1170 die
3475 1133 3526 1169 ac
3557 1128 3688 1183 mete,

2201 1211 2509 1280 quicumque
2533 1210 2751 1265 adorant
2781 1210 2997 1266 bestiam
3027 1220 3074 1264 et
3113 1209 3373 1281 imaginem
3395 1213 3491 1282 ejus
3515 1208 3529 1246 ί
3556 1209 3688 1281 (Apoc.

2205 1320 2330 1370 Μ’
2363 1302 2430 1373 9’
2466 1304 2579 1372 Μ’
2774 1375 3005 1434 CAPUT
3043 1375 3210 1432 xxx.

2207 1467 2436 1540 Denique
2456 1469 2691 1524 divinum
2719 1469 2784 1526 de
2808 1468 3104 1525 idololatris
3128 1471 3450 1542 exstirpandis
3470 1470 3692 1523 mandatum

2264 1562 2445 1633 (Deut.
2478 1562 2595 1636 xnt)
2631 1563 3030 1635 imperatoribus
3103 1562 3356 1634 inculpat,
3381 1563 3452 1617 cui
3496 1563 3532 1615 si
3558 1577 3692 1614 olorem

2272 1666 2489 1727 gerant,
2523 1667 2570 1713 et
2607 1673 2912 1727 prosperum
2969 1657 3033 1710 iis
3073 1665 3296 1711 eventum
3321 1665 3364 1709 et
3407 1655 3516 1726 felix
3544 1653 3694 1725 postlmr

2129 1783 2177 1842 Β
2273 1749 2564 1818 imperium.

2277 1866 2384 1922 Sed
2434 1876 2489 1922 ct
2517 1866 2669 1922 vobis
2691 1909 2706 1932 ,
2734 1867 3094 1923 sacratissimi
3127 1867 3482 1938 Imperatores,
3505 1863 3557 1918 ad
3576 1862 3696 1918 vindi-

2206 1957 2437 2014 candum
2484 1969 2537 2014 et
2581 1959 2911 2028 puniendum
2941 1959 3048 2016 hoc
3078 1960 3272 2014 malum
3306 1957 3558 2014 necessitas
3579 1955 3695 2024 impe-

2208 2061 2394 2117 ratur,
2436 2061 2490 2107 ct
2531 2051 2635 2108 hoc
2676 2052 2830 2108 vobis
2865 2053 2958 2108 Dei
3000 2053 3199 2110 summi
3237 2054 3348 2124 lege
3375 2051 3628 2123 przecipitur,
3654 2056 3694 2100 ut

2206 2145 2469 2202 severitas
2498 2156 2678 2203 vestra
2711 2145 3034 2202 idololatria:
3075 2147 3278 2202 facinus
3304 2143 3584 2201 omnifariam
3609 2153 3693 2212 per.

2207 2247 2488 2310 sequatur.
2541 2240 2740 2296 Audite
2783 2251 2839 2296 et
2881 2239 3262 2297 commendate
3306 2238 3489 2294 sanctis
3523 2231 3697 2290 sensibus

2209 2331 2422 2387 vestris.
2446 2331 2576 2403 quid
2606 2331 2673 2388 de
2699 2333 2804 2389 isto
2838 2332 3086 2390 facinore
3116 2333 3254 2388 Deus
3285 2331 3472 2403 jubeat.
3496 2328 3541 2384 lu
3567 2327 3699 2382 Dente-

2210 2426 2459 2482 ronomio
2495 2427 2582 2483 lex
2618 2427 2722 2483 ista
2757 2429 3078 2498 prescripta
3124 2438 3240 2483 est:
3282 2427 3352 2482 ait
3375 2419 3700 2493 enim:quodsi

2207 2520 2463 2591 rogaverit
2506 2530 2553 2575 te
2592 2523 2756 2592 frater
2777 2531 2920 2590 tuus,
2961 2532 3052 2576 aut
3095 2522 3234 2585 ﬁlius
3255 2531 3385 2584 tuus,
3411 2522 3698 2572 autuxortsa,

2207 2631 2326 2687 qua:
2358 2626 2432 2670 est
2466 2616 2519 2670 in
2560 2616 2678 2670 sinu
2711 2626 2822 2683 tuo,
2853 2626 2944 2671 aut
2980 2617 3180 2671 anticus
3215 2626 3349 2681 tuus,
3372 2613 3451 2685 qui
3475 2605 3702 2676 estaqualit

2207 2709 2394 2764 anima:
2424 2718 2546 2774 tute,
2577 2709 2796 2764 latenter
2817 2708 2995 2764 dicens
3024 2725 3045 2764 :
3077 2709 3272 2766 Eamus
3307 2718 3350 2762 et
3378 2703 3606 2760 serviamus
3626 2697 3703 2751 aliis

2208 2803 2310 2859 diis
2338 2804 2588 2878 gentium,
2632 2821 2736 2859 non
2768 2805 3061 2860 consenties
3092 2805 3160 2872 ei,
3190 2815 3237 2859 et
3265 2819 3361 2858 non
3388 2797 3589 2856 exaudiet
3610 2809 3702 2858 cum.

2208 2906 2256 2951 et
2301 2913 2405 2951 non
2442 2906 2623 2963 parcat
2661 2897 2842 2952 oculus
2889 2907 3008 2952 tuus
3039 2914 3199 2969 super
3223 2912 3355 2961 eum,
3381 2902 3423 2948 ct
3456 2906 3541 2946 non
3556 2884 3703 2946 celabis,

2207 2995 2523 3049 annuntians
2568 2994 2902 3050 annuntiabis
2943 2994 3008 3049 de
3048 2995 3165 3050 illo.
3203 2992 3384 3048 Manus
3408 2999 3485 3043 tua
3509 2985 3584 3041 erit
3601 2996 3706 3051 super

2208 3103 2324 3141 eum
2370 3088 2624 3158 imprimis
2657 3088 2948 3158 interﬁcere
2975 3105 3116 3157 eum,
3151 3097 3200 3143 et
3233 3101 3406 3141 manus
3431 3081 3570 3138 omnis
3585 3075 3705 3149 populi

499 3175 610 3230 illis
645 3181 667 3208 ε
699 3175 884 3247 (Esai.
917 3192 987 3241 ιι,
1022 3177 1055 3231 8
1077 3217 1092 3243 ,
1128 3177 1216 3247 9).
1253 3181 1319 3231 Et
1361 3179 1472 3245 jam
1521 3192 1618 3231 vos
1639 3190 1703 3241 ,0
1737 3173 1946 3246 profani
1996 3174 2097 3228 110-
2125 3172 2171 3235 C
2205 3179 2468 3252 deinceps.
2512 3179 2848 3252 Lapidabunt
2869 3198 2986 3236 eum
3027 3192 3078 3238 et
3108 3181 3365 3244 morietur,
3395 3174 3596 3249 quoniam
3613 3183 3707 3240 qua-

499 3267 676 3323 mines
705 3310 719 3333 ,
773 3269 966 3322 iratum
1006 3284 1205 3323 numen
1237 3269 1560 3340 alloquitur,
1591 3279 1645 3323 et
1667 3267 1847 3324 adhuc
1886 3282 2105 3324 errores

494 3372 710 3416 vesmis
740 3377 894 3417 sacra
923 3365 1187 3417 convenit
1230 3378 1397 3429 voce;
1431 3365 1507 3418 ait
1551 3363 1692 3416 enim
1733 3363 1784 3417 in
1827 3362 2104 3433 sequenti-

499 3454 600 3509 bus
639 3470 732 3523 per
761 3455 1010 3510 eumdem
1043 3455 1364 3524 prophetam
1391 3473 1404 3509 :
1437 3453 1556 3510 Illis
1587 3455 1798 3526 fudistis
1826 3455 2104 3522 libamina,

499 3558 547 3604 et
573 3550 684 3604 illis
728 3551 1050 3623 imposuistis
1079 3552 1362 3622 sacriﬁcia.
1396 3551 1570 3621 Super
1598 3551 1706 3604 haec
1735 3566 1838 3604 non
1865 3550 2108 3623 indigna-

499 3644 622 3710 bor,
657 3645 780 3698 dicit
827 3646 1082 3702 Dominus
1111 3645 1139 3683 «ί
1168 3645 1354 3720 (Esai.
1393 3662 1531 3715 Lvn,
1565 3645 1672 3718 6)?
1700 3645 1888 3700 Adhuc
1934 3646 2108 3716 indig-

499 3739 782 3794 nationem
823 3755 975 3796 snam
1007 3740 1264 3796 salutaris
1295 3741 1440 3796 Deus
1479 3740 1667 3797 dilatat
1693 3783 1709 3809 ,
1757 3741 2105 3796 severitatem

499 3832 820 3902 suspendit,
854 3835 898 3888 si
934 3849 1031 3888 vos
1058 3833 1284 3890 forsitan
1319 3849 1549 3904 peccare
1581 3833 1836 3904 poeniteat
1860 3875 1876 3900 ,
1911 3843 1970 3888 ut
2021 3848 2098 3888 sa-

497 3927 716 3997 crilega:
747 3927 1047 3982 voluntatis
1066 3929 1294 3983 exitium
1336 3929 1522 3998 aliquo
1539 3942 1740 3998 genere
1763 3927 2104 3999 relinquatis.

503 4018 648 4074 Ecce
680 4021 733 4074 in
767 4020 884 4090 ipso
916 4020 1305 4092 indignationis
1350 4022 1551 4092 impetu
1600 4019 1876 4075 moderata
1921 4036 2108 4076 rursus

503 4126 635 4167 voce
667 4113 995 4179 persuadet,
1035 4123 1089 4169 et
1130 4114 1331 4168 irarum
1380 4129 1602 4169 suarum
1655 4115 1968 4184 comprimit
2011 4113 2107 4168 sti-

499 4205 708 4270 mulos;
748 4205 824 4259 ait
850 4205 994 4259 enim
1025 4222 1124 4277 per
1155 4206 1481 4262 Hieremiam
1531 4206 1852 4278 prophetam
1883 4225 1896 4261 :
1931 4205 2108 4262 Nolite

499 4295 767 4350 ambulare
816 4306 931 4366 post
976 4296 1098 4352 deos
1127 4300 1374 4369 alienos,
1409 4309 1464 4353 ut
1509 4301 1748 4354 seruiatis
1795 4302 1906 4368 eis,
1955 4311 2002 4356 et
2045 4316 2110 4354 ne

495 4390 881 4458 adoraveritis,
927 4408 989 4445 ne
1035 4392 1262 4445 incitetis
1312 4409 1391 4446 me
1438 4394 1681 4464 aperibus
1721 4410 1966 4448 manuum
1997 4410 2106 4449 ves—

495 4493 694 4540 trarum
725 4486 794 4539 ad
833 4486 1206 4557 disperdendos
1237 4503 1323 4541 vos
1349 4496 1370 4522 θ
1403 4485 1631 4559 (Jerem.
1675 4505 1820 4556 xxv,
1849 4488 1926 4559 6).
1960 4488 2100 4556 Quid

2207 3275 2326 3329 sivit
2362 3285 2585 3330 avertere
2617 3285 2665 3330 te
2708 3293 2739 3329 a
2789 3275 3008 3331 Domino
3039 3287 3133 3332 tuo
3170 3286 3194 3324 ε
3249 3273 3417 3348 (Deut.
3453 3284 3556 3334 xm,
3585 3259 3705 3330 640l-

2209 3365 2320 3422 Nec
2351 3367 2460 3423 lilio
2490 3368 2643 3439 jubet
2665 3369 2836 3439 parci,
2864 3385 2964 3424 nec
2991 3367 3172 3436 fratri,
3205 3380 3259 3426 et
3285 3383 3378 3440 per
3403 3371 3599 3419 amatam
3620 3369 3706 3410 con-

2205 3459 2388 3530 jugem
2423 3460 2661 3532 gladium
2687 3463 2958 3519 vindicem
2997 3463 3170 3521 ducit.
3204 3462 3439 3520 Amicum
3463 3467 3633 3526 quoque
3651 3462 3707 3503 διι-

2209 3553 2363 3609 blimi
2409 3557 2710 3612 severitate
2741 3558 3088 3628 persequitur
3110 3601 3125 3625 ,
3171 3566 3227 3614 et
3254 3556 3317 3611 ad
3347 3546 3709 3621 discerpendasa-

2210 3645 2536 3717 crilegorum
2559 3662 2786 3720 corpora
2813 3651 2995 3705 omnis
3026 3650 3261 3721 populus
3287 3655 3524 3703 armatur.
3551 3632 3710 3706 Integris

2209 3739 2372 3794 etiam
2402 3740 2733 3808 civitatibus,
2767 3742 2812 3798 si
2856 3744 2909 3797 in
2957 3743 3066 3798 isto
3093 3742 3296 3800 fuerint
3337 3739 3553 3795 facinore
3576 3732 3709 3798 dell“?

2212 3831 2416 3902 hensae,
2462 3833 2828 3891 decernuntur
2862 3835 3074 3891 excidia
3107 3854 3121 3891 :
3148 3845 3222 3903 et,
3249 3843 3305 3890 ut
3333 3833 3428 3888 hoc
3452 3817 3707 3901 providentia

2209 3937 2390 3981 veSIra
2444 3926 2786 3984 manifestius
2833 3928 3033 3997 discat,
3075 3930 3378 3985 constitutm
3418 3923 3533 3994 legis
3557 3924 3710 3973 senten-

2209 4019 2338 4075 tiam
2367 4024 2658 4091 proferam.
2693 4021 2750 4077 in
2785 4022 2976 4078 eodem
3004 4022 3144 4078 libro
3176 4023 3226 4077 in
3259 4018 3467 4091 integris
3484 4005 3710 4070 civitatibus

2211 4129 2424 4184 pinnam
2454 4115 2719 4172 Dominus
2763 4118 2863 4173 hac
2894 4131 3026 4173 voce
3050 4115 3361 4178 constituit;
3389 4112 3456 4167 ait
3479 4107 3594 4164 enim
3616 4098 3710 4154 εΑιιι

2207 4208 2254 4262 si
2300 4208 2528 4262 audieris
2572 4209 2624 4277 in
2664 4225 2768 4263 una
2793 4224 2856 4263 ea:
2895 4208 3216 4272 civitatibus,
3244 4222 3368 4275 quas
3393 4200 3602 4257 Dominus
3619 4189 3711 4243 DNS

2207 4310 2326 4356 tuus
2374 4302 2464 4356 dat
2492 4302 2605 4370 tibi,
2641 4303 2929 4357 inhabitare
2953 4303 3086 4368 illic,
3117 4303 3343 4357 dicentes
3361 4316 3380 4354 :
3400 4296 3569 4351 Eamus
3588 4297 3709 4382 etsti-

2207 4396 2403 4450 viamus
2429 4396 2528 4450 diis
2555 4396 2696 4463 aliis,
2737 4412 2867 4468 quos
2887 4395 2999 4450 non
3021 4396 3189 4450 nostis
3219 4413 3238 4449 :
3269 4389 3551 4462 interﬁciens
3569 4375 3712 4435 uectith

2207 4505 2401 4557 omnes,
2430 4491 2518 4560 qui
2543 4501 2663 4544 sunt
2691 4490 2744 4544 in
2780 4490 2985 4544 civitate
3011 4492 3154 4545 ccede
3181 4488 3368 4563 gladii,
3388 4495 3432 4540 et
3455 4476 3646 4538 incendes
3661 4469 3709 4524 ti-

496 4574 586 4629 hic
612 4574 680 4631 ad
720 4576 1065 4648 sacrilegium
1101 4594 1305 4648 pronus
1335 4593 1492 4634 aures
1523 4588 1640 4634 tuas
1671 4579 1946 4635 obstruis?
1973 4581 2098 4651 quid
2127 4573 2182 4634 D
2207 4582 2413 4636 vitalem
2444 4582 2581 4653 igni,
2611 4591 2662 4636 et
2691 4581 2787 4636 erit
2823 4583 2934 4636 sine
2957 4581 3272 4637 habitatore.
3305 4578 3416 4634 Non
3453 4563 3711 4653 ludiﬁcabilllf

497 4666 587 4723 hic
618 4669 876 4724 obstinati
926 4670 1124 4725 furoris
1161 4669 1356 4726 ardore
1401 4670 1453 4726 in
1496 4672 1719 4727 exitium
1761 4681 2098 4743 mortemque

496 4760 766 4819 festinas?
805 4763 1059 4818 Liberum
1103 4775 1154 4819 te
1186 4764 1327 4820 Deus
1354 4763 1483 4821 fecit
1505 4807 1523 4833 ,
1552 4765 1604 4820 iu
1653 4776 1742 4820 tua
1777 4781 1940 4821 manu
1970 4777 2053 4822 est
2077 4810 2093 4834 ,

499 4867 557 4912 ut
588 4869 677 4914 aut
711 4860 858 4915 vivas
887 4867 982 4913 aut
1020 4875 1227 4929 pereas.
1258 4859 1397 4929 Quid
1443 4871 1492 4916 te
1521 4877 1617 4931 per
1651 4861 1876 4933 abrupta
1911 4863 2097 4932 praeci-

497 4952 672 5021 pitas?
699 4953 750 5007 in
782 4953 988 5008 lubrico
1018 4952 1214 5009 itinere
1240 4955 1605 5023 constitutus,
1636 4964 1690 5010 ct
1715 4955 1767 5010 in
1797 4956 1914 5026 ipso
1943 4957 2092 5026 lapsu

495 5047 744 5113 positus,
803 5045 1090 5100 titubantia
1147 5046 1437 5114 aliquando
1489 5048 1766 5118 suspende
1821 5050 2094 5120 vestigia?

498 5135 638 5191 Ecce
678 5140 950 5194 sententia
981 5139 1352 5210 depromitur,
1381 5155 1510 5196 ecce
1555 5156 1709 5212 paena
1743 5141 2092 5200 decernitur:

493 5229 586 5285 diu
615 5233 936 5289 criminibus
965 5237 1070 5289 tuis
1118 5235 1361 5305 pepercit
1398 5235 1582 5292 divina
1629 5237 1969 5292 moderatio:
2003 5238 2095 5293 diu

492 5321 704 5380 facinus
736 5335 886 5381 tuum
914 5342 1037 5384 cum
1067 5329 1500 5385 dissimulatione
1532 5331 1808 5401 respexit:
1844 5332 2095 5402 pervenis

567 5486 592 5554 j‘
733 5492 895 5548 supra
917 5480 982 5535 ad
1005 5496 1054 5536 c.
1087 5483 1184 5554 14,
1213 5498 1336 5554 pag.
1363 5483 1429 5538 57
1449 5526 1464 5550 ,
1490 5495 1604 5542 not.
1637 5504 1688 5541 τι.

563 5546 590 5585 δ
619 5547 769 5622 lianc
785 5546 1001 5622 (vocem,
1012 5546 1447 5622 excipit'lacuna.

561 5618 864 5700 chirmico
912 5618 1236 5700 suffragatur
1272 5625 1578 5698 Cyprianus
1608 5646 1696 5700 ep.
1734 5629 1823 5685 64.
1857 5631 2074 5688 exhort.

485 5690 571 5764 ad_
586 5690 808 5764 Martyr.
842 5702 897 5748 et
918 5693 985 5746 de
1015 5690 1203 5764 lapsis.

549 5760 575 5798 ιι
603 5751 667 5817 llt
691 5751 855 5833 C'ypr.
879 5751 1094 5820 exhort'.
1129 5767 1194 5822 ad
1227 5766 1446 5838 Martyr.

2205 4675 2258 4729 in
2284 4652 2526 4730 (sternunt
2553 4673 2579 4711 ιι
2613 4673 2807 4746 (Ibid.,
2835 4675 2923 4740 12,
2965 4676 3054 4743 l3,
3089 4675 3204 4748 15).
3237 4674 3303 4729 Et
3338 4678 3562 4727 evertetur
3587 4652 3712 4715 Domi-

2204 4785 2302 4824 nus
2348 4769 2413 4823 ab
2459 4769 2813 4843 indignatione
2848 4770 2942 4824 ira:
2983 4785 3119 4836 suae,
3146 4780 3193 4824 et
3235 4768 3370 4823 dabit
3391 4763 3473 4818 tibi
3494 4753 3711 4813 misericor-

2207 4867 2366 4931 diam,
2387 4875 2436 4918 et
2465 4864 2782 4920 miserebitur
2808 4863 2904 4931 tui,
2935 4873 2982 4919 et
3006 4861 3365 4936 multiplicabit
3391 4869 3453 4919 te,
3479 4855 3517 4909 si
3538 4843 3713 4905 exaudie-

2205 4957 2276 5012 ris
2298 4973 2471 5012 vocem
2497 4955 2709 5011 Domini
2730 4955 2828 5010 Dei
2853 4961 2949 5024 tui,
2966 4967 3011 5011 et
3040 4954 3384 5014 observaveris
3407 4950 3620 5034 pra'cw‘ll
3637 4937 3714 5034 il'f

2206 5052 2395 5127 (lbid.,
2432 5053 2518 5118 17,
2547 5051 2657 5123 18).
2684 5051 3076 5106 Misericordia:
3103 5067 3218 5105 sua:
3241 5048 3408 5112 vobis,
3431 5030 3711 5099 εδει-διίξεῑωί

2205 5147 2599 5218 imperatores,
2652 5145 2798 5202 Deus
2843 5162 3087 5202 summus
3134 5145 3353 5217 praemia
3384 5128 3712 5228 pollicetur.f‘

2205 5240 2646 5314 amplificationis
2685 5243 2937 5297 maximae
2980 5249 3268 5314 augmenta
3298 5233 3544 5294 decernit.
3582 5222 3712 5317 Ρπῖξε

2203 5339 2383 5410 itaque
2417 5338 2561 5409 quod
2594 5337 2772 5408 jubet,
2813 5340 3088 5408 complete
3127 5337 3272 5408 quod
3301 5327 3545 5407 praecipit.
3572 5321 3711 5382 Αυεριο

2265 5502 2290 5529 θ
2323 5490 2396 5548 Ut
2421 5492 2588 5547 idem.

2265 5561 2284 5637 Υ
2321 5563 2577 5637 Concinit
2620 5564 2944 5635 plerumque
2969 5580 3093 5621 cum
3120 5566 3283 5637 Cypr.
3307 5560 3515 5619 Testim.
3539 5553 3648 5610 LIII.
3669 5548 3706 5596 ει

2184 5633 2499 5708 exhort._ad
2530 5633 2749 5708 Martyr.

2255 5715 2280 5781 β
2301 5706 2358 5781 Ei
2375 5693 2690 5781 plerumque
2712 5707 3039 5781 suffragatur
3054 5707 3445 5781 Cypr..exhort.
3463 5697 3518 5756 ad
3539 5693 3698 5756 Martyr-

2252 5775 2277 5810 ¹¹
2307 5777 2554 5836 Concinit
2591 5775 2908 5851 plerumque
2933 5775 3184 5854 (ἦρι-ξι.
3218 5781 3270 5834 1.
