3970 6408
183 264 313 326 1049

802 257 1119 317 SANCTUS
1156 256 1634 319 PlllLASTBIUS.
1677 258 2017 318 EPISTOLA
2058 260 2527 319 DEDICATORIA
2570 260 2805 320 PRIMA.

3316 267 3341 320 1
3354 264 3460 322 050

207 385 256 439 ia
295 390 462 437 vestra
508 378 803 449 majoribus
849 378 1123 435 cumulata
1170 386 1299 432 sunt
1344 376 1544 443 donis,
1599 376 1756 433 initio
1782 390 1836 454 Α
1861 379 2013 435 vobis
2049 380 2191 436 Deus
2234 394 2514 447 summus,
2542 381 2900 438 sacratissimi
2950 382 3331 454 imperatores,
3361 396 3461 455 pro

180 476 292 535 ﬁdei
319 476 503 549 positae
528 474 695 529 divini
719 473 920 529 favoris
940 473 1275 529 incrementa
1298 472 1751 528 sensistis.Num-

178 585 322 643 quam
360 582 451 623 vos
476 582 667 623 manus
697 567 789 622 Dei
822 566 1128 623 veneranda
1159 566 1424 632 deseruit,
1457 582 1752 640 numquam

176 664 315 720 vobis
350 662 723 719 laborantibus
765 662 1056 732 denegavit
1105 661 1390 717 auxilium.
1434 661 1598 718 Strati
1628 672 1756 719 sunt

175 755 554 814 adversantium
580 757 762 824 cunei,
797 766 852 812 et
880 757 1205 813 rebellantia
1234 766 1363 813 ante
1394 767 1749 826 conspectum

172 862 393 909 vestrum
423 835 639 922 semper
666 866 817 907 arma
842 850 1180 907 ceciderunt.
1209 851 1357 908 Missi
1382 860 1509 907 sunt
1532 851 1752 920 superbi

173 948 262 1003 sub
282 946 460 1018 jugum
492 946 716 1017 populi,
762 955 816 1003 et
846 946 1062 1003 Persica
1098 955 1228 1001 vota
1263 946 1502 1018 collapsa
1549 957 1675 1002 sunt
1698 956 1747 1001 ε.

171 1041 269 1098 Nec
314 1050 456 1097 stare
500 1041 591 1097 diu
633 1051 822 1097 contra
862 1056 960 1098 vos
1001 1041 1204 1113 poterit
1230 1041 1387 1097 malis
1409 1041 1520 1096 suis
1546 1050 1751 1096 armata

170 1134 462 1191 crudelitas.
520 1134 614 1189 Dei
659 1136 915 1191 virtutem
973 1136 1188 1205 utrique
1228 1134 1450 1189 diverso
1504 1134 1753 1189 sensistis

167 1236 370 1282 eventu.
422 1225 590 1283 Vobis
626 1228 866 1284 caelestis
908 1227 1149 1284 victoria:
1193 1241 1399 1283 corona
1449 1226 1669 1290 collata,
1698 1234 1754 1282 et

166 1321 407 1379 felicitate
448 1332 629 1379 vestra
670 1332 854 1378 nostra
886 1322 1199 1379 relevantur
1228 1320 1594 1378 incommoda.
1628 1320 1751 1377 llaec

229 1494 252 1520 η
276 1484 428 1540 Anno
468 1483 598 1552 344,
629 1484 982 1542 Constantius
1014 1501 1101 1541 res
1128 1500 1253 1541 cum
1288 1483 1468 1540 Persis
1497 1482 1639 1538 haud
1668 1484 1749 1537 in-

164 1554 375 1612 feliciter
395 1556 604 1622 gessise
632 1558 866 1617 videtur.
892 1556 1034 1613 unde
1071 1556 1290 1621 factum,
1325 1564 1385 1611 ut
1413 1554 1748 1623 Theophane

163 1635 287 1683 teste
332 1627 666 1699 (Chronogr.
726 1648 779 1698 p.
833 1632 922 1685 30.
977 1628 1155 1699 Scrip.
1206 1627 1410 1683 Rerum
1460 1625 1745 1697 Byzantia.

164 1708 307 1771 tam,
329 1698 419 1771 Χ),
472 1698 807 1770 triumphum
839 1701 907 1757 de
946 1700 1128 1756 Persis
1158 1700 1362 1767 egerit;
1405 1700 1494 1769 qui
1527 1699 1744 1771 quidem

160 1768 384 1825 Firtnico
413 1768 762 1829 occasionem
803 1773 1047 1841 praebere
1087 1771 1261 1841 potuit
1312 1771 1381 1841 de
1421 1768 1549 1823 uotis
1616 1768 1744 1823 Per-

159 1858 319 1895 sarum
366 1844 617 1914 collapsis
648 1839 944 1899 scribendi.
981 1839 1250 1914 Cmt‘ernm
1297 1839 1648 1914 Constantius
1691 1842 1743 1896 in

158 1923 367 1985 cruento
400 1913 516 1969 hoc
546 1915 692 1971 bello
717 1930 747 1969 τι
778 1915 987 1985 Sapore
1015 1915 1205 1970 novies
1234 1913 1332 1968 l‘uit
1355 1913 1536 1969 fusus.
1560 1914 1745 1983 impri-

159 1984 250 2057 mis
287 1986 351 2040 ad
391 1986 677 2057 Singaram
709 1984 865 2041 anno
888 1985 1023 2051 348;
1054 2001 1157 2042 nec
1190 1986 1293 2040 nisi
1324 1985 1740 2057 Massagetarum

159 2054 348 2111 invasio
368 2054 633 2114 victorem
661 2059 731 2114 ab
756 2059 1040 2114 obsidione
1079 2057 1284 2114 Nisibis
1327 2056 1595 2112 avocavit.
1642 2056 1743 2109 Zo-

156 2142 331 2192 naras,
355 2130 452 2184 lib.
500 2146 598 2186 XIII
638 2146 689 2186 c.
722 2130 795 2186 5:
838 2131 1081 2193 Βασιλεὺς
1130 2132 1512 2193 Κωνστάντιος,
1555 2129 1742 2184 πολλά-

156 2220 222 2260 κις
240 2208 340 2264 τοῖς
363 2204 589 2280 Πέρσαις
620 2202 924 2276 συμβαλὼν,
949 2208 1040 2263 τήν
1061 2192 1252 2262 ἥττονα
1279 2210 1461 2278 μοῖραν
1494 2192 1606 2271 size
1625 2243 1638 2267 ,
1661 2204 1744 2255 καὶ
1776 2192 1822 2252 Β

1861 470 1969 530 {ide
2016 483 2193 529 vestra
2234 472 2264 512 δ
2297 474 2533 531 reddidit
2572 474 2817 546 praemia.
2852 474 2947 531 His
2987 489 3085 531 vos
3114 476 3331 532 interim
3375 492 3461 531 rc-

1862 576 2176 623 muneratos
2205 568 2509 640 insignibus
2531 567 2599 624 ad
2614 583 2814 625 arcana
2831 569 3155 626 veneranda:
3173 571 3309 642 legis
3324 571 3460 627 invi-

1862 669 1955 715 tat.
1976 659 2112 716 Pura
2138 670 2341 729 mente,
2362 661 2555 718 devota
2572 661 2925 732 conscientia,
2944 663 3262 735 incorrupto
3277 662 3461 719 animo

1859 752 2147 809 clementia
2177 766 2357 810 vestra
2388 756 2585 812 coelum
2609 773 2826 829 semper
2850 757 3146 828 aspiciat,a
3180 758 3292 813 Deo
3318 772 3461 813 sem—

1861 862 1956 918 per
1976 856 2257 919 exspectet
2296 849 2557 905 auxilinm
2581 892 2596 916 ,
2629 850 2831 908 Christi
2858 850 3227 907 venerandum
3259 866 3459 905 numen

1858 942 2128 1012 imploret,
2160 950 2213 997 et
2242 957 2339 1013 pro
2369 942 2545 999 salute
2571 944 2721 1001 orbis
2755 954 3021 999 terrarum
3059 957 3123 997 ac
3164 952 3345 999 vestra
3375 957 3459 997 sa.

1857 1036 2016 1091 lutari
2041 1036 2153 1091 Deo
2180 1037 2493 1108 spirituales
2519 1036 2716 1093 oll‘crat
2743 1037 3017 1093 victimas.
3042 1036 3135 1093 Sic
3156 1035 3311 1092 vobis
3338 1035 3458 1093 feli-

1854 1132 1990 1187 citer
2035 1143 2227 1188 cunCta
2272 1132 2630 1201 provenient,
2676 1132 2939 1198 victoriae,
2993 1131 3293 1203 opulentia,
3335 1145 3458 1200 luas,

1854 1225 2042 1297 copia,
2069 1225 2275 1281 sanitas
2308 1236 2362 1281 et
2387 1225 2641 1297 triumphi
2665 1268 2681 1294 ,
2714 1236 2769 1281 ut
2798 1226 2979 1282 divina
3016 1228 3300 1295 majestate
3328 1240 3456 1296 pro-

1856 1321 2009 1387 tecti,
2041 1319 2228 1375 orbem
2259 1329 2417 1376 terra:
2447 1320 2585 1376 felici
2612 1320 2927 1391 gubernetis
2955 1321 3203 1391 imperio.

1853 1484 2071 1557 πολλοὺς
2089 1491 2190 1540 τῶν
2215 1484 2411 1557 οἱκεῖῳν
2431 1486 2677 1557 ἀπέβαλε.
2696 1482 3021 1557 Eutronius,
3036 1499 3093 1548 x,
3120 1482 3174 1537 6.
3195 1481 3458 1557 Constat}-

1856 1554 1962 1610 tius
1993 1571 2022 1609 a
2054 1555 2234 1610 Persis
2263 1556 2427 1610 multa
2459 1566 2514 1611 et
2535 1553 2739 1627 'gravia
2772 1570 3088 1627 perpessus,
3115 1568 3257 1622 saepe
3283 1553 3457 1627 captis

1852 1627 2087 1697 Oppidis,
2113 1626 2353 1682 obsessis
2377 1625 2623 1693 urbibus,
2653 1625 2812 1683 caesis
2833 1625 3453 1697 esercitibus;nullum-

1851 1696 1957 1766 que
1984 1699 2031 1752 ei
2062 1708 2253 1753 contra
2279 1700 2539 1766 Saporem
2575 1714 2895 1768 prosperum
2923 1696 3173 1769 praelium
3204 1696 3328 1769 fuit,
3352 1697 3455 1769 nisi

1850 1770 1995 1840 quod
2024 1770 2166 1839 apud
2202 1770 2484 1841 Singaram
2515 1770 2653 1825 haud
2682 1767 2902 1825 dubiam
2925 1767 3224 1825 victoriam
3256 1767 3453 1841 ferocia

1850 1842 2082 1897 tnilitum
2120 1840 2322 1906 amisit,
2350 1842 2441 1911 qui
2477 1856 2707 1911 pugnam
2738 1841 3002 1897 seditiose
3030 1851 3081 1897 et
3106 1840 3301 1895 stolide
3326 1854 3457 1894 con-

1851 1925 1933 1985 tra
1959 1914 2222 1985 rationem
2256 1914 2383 1968 belli
2412 1913 2624 1983 dicjam
2660 1914 2941 1983 prmcipite
2966 1920 3348 1985 poposcerunt.

1922 1984 1950 2024 ι)
2002 1986 2076 2040 De
2120 1984 2417 2041 Constante
2468 1980 2842 2040 tantummodo
2886 1980 3070 2041 dicere
3120 1980 3457 2055 potuitiFir-

1850 2056 2047 2126 micus,
2080 2061 2170 2129 qui
2195 2057 2465 2114 Nicmnam
2490 2056 2652 2113 (idem
2674 2058 2985 2129 amplexus,
3006 2054 3133 2112 eant
3154 2058 3207 2111 in
3235 2054 3458 2129 Oriente

1854 2127 2515 2203 protexitL3Constantius
2572 2127 2779 2187 contra
2811 2129 3029 2186 Arianis
3066 2138 3253 2199 aperte
3303 2127 3451 2181 favit.

156 2339 3448 2406 ω

326 2534 1407 2705 SANCTUS
1538 2535 3255 2721 PHILASTRIUS

1188 2824 1632 2908 BRIXUE
1688 2822 2361 2909 EPISCOPUS.

794 3022 1335 3097 EPISTOLA
1420 3023 2189 3097 DEDICATORIA
2263 3024 2630 3098 PRIMA
2674 3008 2792 3099 (α).

1499 3174 2009 3206 -Θ-

142 3332 471 3391 Sanctissimo
540 3335 751 3390 domino
826 3346 998 3391 nostro
1061 3336 1309 3392 Clementi
1378 3352 1529 3407 papa:
1584 3334 1679 3390 XII
1720 3378 1734 3401 ,
1765 3342 1810 3405 C
1842 3338 2030 3408 priscis
2060 3336 2414 3394 Ecclesiarum
2440 3337 2786 3393 monumentis
2810 3336 2902 3391 lux
2930 3339 3100 3411 major
3126 3335 3359 3401 accedat,
3389 3352 3450 3390 ac

205 3430 454 3485 Ancsws
496 3428 673 3484 Mum
711 3432 849 3484 tituli
882 3432 1048 3485 sancti
1078 3430 1249 3487 Marci
1277 3432 1540 3504 presbyter
1567 3432 1743 3487 cardi-

202 3516 335 3575 ‘ualis
357 3520 630 3591 QUIRINUS
670 3522 985 3592 Apostolicw
1027 3522 1181 3579 Sedis
1213 3524 1661 3593 bibliothecarius,
1696 3536 1743 3580 et

206 3614 479 3687 episcopus
502 3613 808 3673 Brixiensis.

208 3794 334 3862 Quae
374 3812 457 3851 me
508 3796 719 3868 impulit
774 3814 964 3863 causa,
1018 3798 1323 3855 Beatissime
1372 3802 1552 3867 Pater,
1608 3813 1664 3857 ut
1712 3820 1744 3857 a

142 3883 423 3943 Sanctitate
462 3887 649 3943 Vestra
698 3887 964 3945 Vaticante
1012 3890 1335 3948 bibliotheca:
1392 3896 1741 3965 prwpositus,

139 3980 203 4033 ad
231 3983 603 4051 proferendam
632 4000 696 4038 ea:
744 3984 1000 4040 litterario
1044 3986 1135 4040 illo
1165 3986 1575 4052 locupletissimo
1607 4006 1745 4061 penu

140 4088 314 4129 novam
345 4075 406 4130 S.
441 4075 690 4148 Ephrtem
722 4076 845 4149 Syri
866 4078 1141 4134 editionem
1166 4082 1397 4136 animum
1424 4084 1742 4153 appulerim,

139 4165 248 4234 ipsa
276 4170 432 4223 modo
460 4169 634 4239 efﬁcit,
667 4179 722 4223 ut
748 4169 817 4223 ad
844 4168 1111 4226 Brixiante
1133 4171 1404 4239 Ecclesiw,
1439 4176 1523 4230 cui
1550 4179 1747 4246 pariter

140 4275 381 4328 prmum,
415 4272 463 4317 et
490 4280 675 4318 nomen
699 4274 747 4319 et
771 4265 926 4321 decus
951 4268 1267 4339 augendum,
1292 4280 1485 4325 veteres
1515 4283 1745 4344 quatuor

139 4351 367 4419 ejusdem
394 4354 658 4410 antistites
680 4357 837 4411 simul
867 4368 1016 4429 atque
1045 4361 1322 4430 scriptores
1352 4380 1487 4417 nunc
1521 4367 1745 4434 primunt

139 4444 189 4497 in
212 4462 373 4502 unum
416 4450 653 4503 volumen
687 4452 926 4505 redactos
954 4464 1340 4523 reprwsentem.
1374 4455 1453 4510 Ea
1501 4458 1745 4514 nimirunt

138 4548 211 4592 est
227 4558 383 4595 sacro
392 4558 510 4595 rum
527 4542 816 4599 litterarum
834 4561 1000 4603 amor.
1014 4546 1105 4616 qui
1114 4564 1311 4602 summa
1329 4546 1424 4602 Dei
1438 4550 1746 4607 immortalis

138 4633 388 4704 bene/icio
418 4653 449 4690 α
480 4625 669 4692 teneris‘
722 4638 849 4692 mihi
877 4638 1073 4693 inditus
1115 4640 1268 4694 annis
1290 4682 1305 4708 ,
1336 4659 1534 4697 mecum
1565 4655 1744 4713 postea

1842 3433 2122 3487 veneratio.

1918 3526 2195 3596 Equidem,
2223 3525 2529 3581 Beatissime
2564 3526 2721 3581 Pater
2742 3568 2756 3592 ,
2784 3542 2901 3580 cum
2945 3528 3096 3595 plura
3138 3526 3452 3598 ejuscemodi

1844 3628 2173 3673 monumenta
2204 3635 2307 3673 non
2334 3618 2523 3683 desint,
2556 3619 2742 3689 quibus
2779 3616 3036 3671 Brixiana
3080 3616 3315 3671 Ecclesia
3354 3617 3453 3670 mi-

1844 3726 1959 3766 rum
2002 3711 2053 3764 in
2098 3710 2309 3764 modum
2336 3710 2628 3773 decoratur,
2662 3708 3119 3776 prccclarissimum
3166 3705 3303 3761 illud
3353 3716 3449 3767 est,

1844 3803 1983 3870 quod
2024 3802 2077 3856 in
2118 3806 2233 3875 ejus
2284 3804 2529 3858 cathedra
2582 3802 2833 3873 prmsules
2893 3811 3118 3873 quatuor
3173 3801 3445 3867 sederunt,

1846 3900 2277 3968 sanctitatemque
2303 3899 2455 3953 editis
2489 3896 2712 3968 Scriptis
2754 3897 3005 3963 illustres,
3053 3911 3275 3966 quorum
3321 3895 3449 3960 duo,

1848 3993 2033 4049 Sancti
2058 3993 2278 4059 scilicet,
2310 3991 2650 4057 Pltilastrius,
2677 4001 2722 4045 et
2750 3988 3092 4054 Gaudentius,
3119 3988 3224 4043 divi
3245 3988 3451 4059 Augus-

1848 4089 1945 4142 tini
1975 4086 2330 4159 Hipponensis
2384 4086 2612 4159 episcopi
2658 4095 2859 4139 (etatem
2900 4085 3206 4155 attigerunt,
3264 4081 3453 4137 Beatus

1849 4199 1964 4235 vero
2014 4178 2327 4253 Rantpertus
2379 4197 2410 4233 a
2465 4180 2792 4250 nonagentis,
2826 4196 2886 4234 ac
2916 4178 3222 4233 venerabilis
3289 4176 3448 4231 Adcl-

1849 4291 2069 4329 manuus
2097 4292 2128 4328 a
2165 4275 2499 4346 septingentis
2524 4276 2726 4329 circiter
2748 4274 2898 4326 annis
2927 4274 3243 4343 ﬂoruerunt.
3278 4269 3449 4325 Porro

1849 4365 2167 4421 Philastrius
2188 4383 2380 4439 supper
2407 4367 2534 4421 adeo
2557 4368 2654 4438 fuit
2681 4366 2990 4437 Augustino,
3016 4376 3072 4419 ut
3104 4363 3188 4417 hic
3208 4381 3239 4417 a
3290 4362 3451 4429 Quot-

1848 4463 2052 4516 vulldeo
2072 4462 2291 4516 diacono
2314 4478 2404 4532 per
2415 4462 2684 4535 epistolam
2702 4472 2918 4530 rogatus
2945 4467 3220 4513 tractatum
3236 4456 3299 4509 de
3325 4454 3452 4509 "(1’-

1849 4554 2045 4608 resibus
2071 4554 2417 4615 conscribere,
2460 4552 2805 4608 Philastrium
2834 4553 2927 4606 sibi
2960 4561 3135 4605 notum
3166 4546 3455 4602 Mediolani

1849 4651 1992 4719 apud
2021 4648 2366 4713 Ambrosium,
2400 4649 2456 4701 id
2484 4650 2651 4716 ipsum
2674 4646 2881 4700 abunde
2904 4644 3207 4717 praestitisse
3236 4656 3451 4709 respon-

134 4724 381 4792 adoleuit,
409 4728 633 4795 mihique
654 4746 745 4798 per
760 4746 961 4783 omnem
976 4740 1175 4785 «etatem
1196 4731 1380 4801 ubique
1411 4734 1641 4789 locorum
1665 4738 1737 4791 ita
1764 4749 1815 4808 ι)
1841 4740 1996 4796 derit.
2034 4740 2354 4795 Gaudentius
2378 4750 2547 4795 autem
2576 4758 2633 4793 eo
2655 4741 2768 4809 ipso
2793 4736 3266 4793 Mediolnnensium
3291 4750 3441 4787 sanc-

134 4816 273 4885 ﬁdus
301 4836 475 4877 comes
499 4822 750 4890 adluesit,
782 4832 839 4877 ut
866 4839 968 4878 non
1001 4834 1201 4880 tantum
1224 4826 1582 4899 peregrinari,
1618 4844 1739 4899 per-

132 4922 363 4967 noctare
396 4922 453 4969 et
476 4914 764 4981 rusticari,
793 4930 912 4985 qua:
951 4917 1124 4971 omnia
1163 4919 1427 4973 nobiscum
1464 4922 1632 4992 facere
1682 4938 1745 4977 ea:

136 4999 390 5059 Tulliano
416 5006 555 5060 dicto
587 5007 773 5063 litterte
804 5008 1054 5076 assolent,
1084 5009 1176 5063 sed
1230 5020 1276 5064 et
1313 5028 1532 5078 mecum,
1575 5014 1619 5066 si
1671 5014 1742 5068 ita

130 5096 236 5163 fari
261 5097 438 5164 liceat,
462 5099 748 5170 episcopari
789 5100 1159 5167 comperiatur.
1188 5101 1304 5169 Quo
1336 5115 1594 5172 postremo
1624 5123 1740 5160 mu-

129 5200 251 5242 nere
280 5188 428 5242 haud
452 5193 682 5260 profecto
724 5190 1037 5246 laudabilius
1073 5192 1289 5265 defungi
1320 5210 1472 5264 posse
1512 5198 1733 5265 videtur,

125 5294 286 5345 quam
338 5283 384 5337 si
432 5296 645 5340 conatus
682 5286 764 5341 sui
808 5294 959 5356 atque
997 5286 1197 5342 labores
1233 5304 1293 5343 eo
1347 5290 1631 5360 colliment,
1679 5305 1735 5348 ut

200 5466 281 5539 (a)
315 5466 377 5522 In
407 5466 509 5525 hac
537 5479 591 5524 et
620 5468 871 5540 sequenti
900 5468 1130 5538 epistola
1160 5468 1319 5526 facile
1339 5472 1739 5531 animadvertat

126 5537 326 5603 lectur,
362 5541 429 5595 de
474 5537 803 5608 Philastrio,
855 5537 1103 5610 quamvis
1131 5542 1466 5610 specialiter,
1496 5559 1603 5601 non
1658 5556 1734 5601 ta-

126 5624 255 5683 men
277 5611 439 5667 unice
461 5626 769 5668 sermonem
789 5613 998 5668 haberi.
1023 5611 1177 5681 Quod
1201 5629 1269 5670 ne
1292 5615 1519 5672 miretur
1541 5617 1732 5683 lector,

125 5682 273 5737 sciat
304 5695 529 5740 necesse
560 5696 665 5749 est,
700 5684 1079 5741 collectionem
1103 5701 1168 5741 ex
1211 5702 1316 5757 qua
1348 5686 1533 5744 Sancti
1563 5682 1734 5746 nostri

1849 4835 2046 4890 tissimo
2077 4834 2309 4890 Praesule
2341 4844 2628 4908 satagente,
2680 4834 2801 4887 dum
2846 4833 2898 4886 in
2945 4829 3155 4885 Oriente
3189 4829 3258 4882 ad
3300 4843 3451 4881 sacra

1846 4926 1987 4981 Loca
2037 4929 2456 5001 peregrinaretur
2481 4971 2494 4990 ,
2555 4926 2860 4981 Brixianam
2920 4924 3205 4980 Ecclesium
3247 4922 3453 4992 ﬂorenti

1842 5019 2012 5073 adhuc
2072 5030 2224 5075 (etate
2285 5022 2383 5074 sibi
2440 5021 2669 5075 delatam
2720 5018 2934 5089 accepit.
2996 5016 3333 5084 Rampertum
3381 5015 3452 5067 ad

1841 5112 2074 5165 eamdem
2096 5113 2267 5169 sedem
2298 5115 2595 5168 subvectum
2626 5122 2672 5166 et
2701 5112 2974 5166 translatio
2998 5108 3059 5164 S.
3091 5107 3365 5161 Pliilastrii
3392 5107 3445 5159 in

1840 5208 2091 5277 majorem
2141 5204 2447 5271 Ecclesium,
2474 5217 2520 5260 et
2548 5205 2790 5271 ctcnobii,
2820 5205 2905 5257 ubi
2928 5211 3227 5258 sanctorum
3275 5197 3447 5252 Faus-

1838 5297 1956 5364 tini,
1996 5308 2043 5353 et
2083 5296 2271 5353 Jovita:
2318 5315 2540 5370 corpora
2600 5299 2948 5369 requiescunt,
3007 5295 3343 5359 constructio,
3386 5307 3447 5346 ac

1840 5489 1889 5533 et
1920 5477 2199 5536 Gaudentii
2225 5498 2407 5548 opera,
2435 5498 2635 5538 necnon
2664 5481 2727 5536 B.
2760 5479 3031 5550 Ramperti
3052 5489 3100 5533 et
3122 5476 3255 5533 Ven.
3292 5475 3445 5530 Adel-

1839 5554 2017 5624 manni
2047 5554 2324 5624 apusculu.
2374 5554 2484 5609 Illis
2516 5566 2697 5609 autem
2730 5554 3014 5623 epistolis,
3043 5561 3101 5606 ut
3141 5566 3263 5624 quae
3305 5564 3442 5603 non-

1840 5623 1974 5678 nihil
2004 5622 2222 5702 lt_t_ti_tinis
2252 5627 2449 5702 tamin
2470 5622 2818 5702 Philastriuin
2850 5642 3038 5702 quam
3060 5624 3112 5678 in
3146 5622 3283 5702 ejus
3308 5634 3439 5702 ope:

1837 5710 1961 5769 runt
1979 5697 2272 5754 editionem
2306 5698 2535 5769 inliciat,
2582 5698 2841 5757 lectorem
2872 5695 3137 5754 ‘lrandare
3185 5695 3437 5763 religioni

125 5764 303 5828 opera
333 5757 743 5828 excerpsimus,
786 5757 858 5828 ita
885 5758 1141 5828 componi
1184 5767 1253 5812 ut-
1290 5758 1383 5828 tali
1428 5758 1589 5815 titulo
1618 5777 1733 5818 rese
1834 5763 2109 5825 duximus.

126 5822 376 5885 borrdeat
405 5837 418 5874 ε
450 5822 689 5885 Veterum
705 5823 899 5884 Brixia
917 5822 1311 5900 episcoporum,
1344 5826 1405 5887 8.
1464 5829 1734 5891 Philastrll
