3716 6322
23 367 68 424 5
1139 369 1476 428 EPISTOLA
1516 368 1986 428 DEMCATQBIA
2027 371 2094 428 ll.

3099 373 3271 440 μοδι

24 501 110 538 ua
159 502 234 542 ea:
259 493 407 558 parte
451 501 544 554 pro
591 485 726 540 virili
773 486 1160 558 responderem,
1203 484 1560 542 Gaudentium
1583 491 1634 558 Α
1663 501 1762 540 non
1789 487 1980 556 exigua
2005 489 2196 544 mentio
2221 499 2318 556 est,
2349 507 2440 544 nec
2464 490 2584 546 laus
2603 491 2832 556 modica,
2857 490 2996 562 quod
3025 491 3160 546 inter
3181 507 3280 546 cte-

53 581 360 648 proau'mus
391 578 682 664 lilii’lastrio
700 580 940 635 subditur
960 623 975 648 ,
1007 581 1174 636 denuo
1201 591 1316 652 post
1340 580 1560 636 Patavi-

12 687 36 724 ἰ
73 672 380 728 editionem
417 669 549 756 "dimi
578 671 716 728 1720
743 671 808 728 de
847 674 1050 746 integro
1091 675 1362 742 recensui,
1408 685 1566 745 atque

11 783 28 818 ι
71 768 312 836 aptimat
363 775 500 850 uage
547 783 644 820 ms.
688 766 869 822 codice
904 769 993 840 qui
1027 768 1153 824 mihi
1189 769 1328 838 forte
1355 770 1566 840 fortuna

12 867 142 912 mss
171 863 374 929 fuerat,
404 852 684 938 diligenter
709 860 938 928 contuli,
975 861 1402 916 annotationibus
1423 862 1567 932 prio-

15 952 302 1006 editionis
343 937 584 1034 pltﬁ'ibus
625 955 678 1008 in
705 952 834 1008 locis
865 954 1130 1029 castigatis
1161 965 1210 1009 et
1239 955 1428 1008 auctis.
1461 953 1565 1008 De-

11 1060 62 1096 m
135 1044 516 1120 Rantpeyu‘m,
565 1054 611 1098 et
663 1046 1064 1116 Adclmannum,
1119 1049 1206 1116 qui
1249 1049 1563 1116 praeclarum

11 1155 62 1192 to
81 1127 488 1237 Brisianosgn
517 1139 826 1194 Antistitum
845 1142 1238 1212 quaternionens
1257 1142 1558 1212 conﬁciunt,

11 1251 122 1304 que
175 1251 288 1290 una
315 1232 769 1290 cuni/Gaudentio
801 1235 1076 1292 Patavinis
1097 1239 1238 1310 typis
1257 1239 1560 1310 prodierant

17 1344 114 1382 em
175 1344 318 1382 anno
338 1328 646 1412 ,Igonniltil
691 1339 998 1386 retractatos
1053 1331 1219 1386 eidem
1265 1331 1560 1390 Gaudentio

17 1345 114 1382 em
175 1345 318 1382 anno
338 1369 388 1412 ,Ι
441 1345 644 1384 onntmt
691 1345 998 1386 retractatos
1053 1345 1219 1386 autem
1265 1345 1560 1390 hauaentto

13 1421 132 1486 eoi,
169 1429 232 1476 ut
260 1345 436 1484 sitting
457 1421 663 1494 egregia
691 1421 802 1476 htec
831 1421 1084 1480 Ecclesia:
1111 1424 1381 1481 Brixiante
1405 1427 1560 1480 lumi-

11 1555 20 1578 ,
84 1528 209 1566 uno
259 1514 521 1568 uolumine
567 1517 938 1584 comprehensa
979 1518 1034 1572 in
1071 1534 1252 1578 manus
1281 1521 1561 1591 .Itominum

12 1605 204 1662 irene.
238 1607 404 1678 Atque
435 1608 516 1662 liae
539 1608 752 1678 quidem
777 1625 920 1666 cura:
949 1621 1052 1666 tute
1095 1621 1248 1676 sunt,
1279 1613 1560 1670 cardinalis

12 1701 296 1770 plissime,
327 1715 444 1770 quae
471 1717 800 1772 summopere
845 1704 1164 1774 Apostolicte
1191 1703 1352 1760 Sedis
1377 1706 1561 1762 biblio-

15 1797 246 1850 carium
271 1797 452 1850 decent
486 1811 504 1850 :
533 1813 634 1866 quo
668 1798 722 1852 in
743 1814 952 1854 munere
977 1800 1104 1854 talia
1131 1816 1196 1854 ac
1235 1809 1380 1856 tanta
1405 1811 1526 1856 sunt
1545 1843 1560 1866 ,

1671 587 1786 634 tera
1813 579 2084 636 industria:
2107 597 2214 638 sua
2239 591 2590 650 uwnsmenta,
2619 581 2868 638 Ecclesia
2897 581 3124 638 domin
3147 598 3268 638 nos-

1669 679 1763 726 tra:
1790 681 1986 728 sanctte
2034 673 2134 728 Dei.
2157 675 2426 744 genitricis
2471 673 2686 744 Marica,
2729 677 2880 749 cujus
2927 675 3274 745 fundamenta

1659 766 1882 838 jecerat,
1911 767 2194 840 adiuuante
2241 769 2462 824 maxime
2514 769 2752 826 Cuutone
2797 769 3072 826 Danorum
3123 786 3274 841 rege,

1668 873 1926 912 summam
1952 873 2168 914 manuni
2195 860 2548 932 imposuisset.
2570 861 2820 918 Convenit
2847 861 2990 916 idem
3011 863 3282 933 utriusque

1667 951 1848 1014 tentph'
1876 966 2094 1018 nomen,
2127 954 2362 1008 convenit
2387 955 2725 1028 magnitudo,
2755 971 2818 1010 ac
2842 959 3092 1030 ntajestas
3120 972 3140 1011 :
3183 956 3275 1014 sed

1667 1046 1842 1100 uultus
1867 1044 1962 1100 tibi
1993 1055 2066 1102 est
2100 1045 2266 1102 Cnuto
2295 1050 2384 1119 qui
2415 1049 2640 1120 prtebeat
2667 1067 2920 1117 nimium;
2947 1067 3108 1120 quare
3157 1066 3275 1120 spes

1665 1142 1856 1206 atnnis,
1899 1157 2150 1211 omneque
2185 1143 2474 1200 subsidium
2523 1145 2750 1215 positum
2778 1154 2852 1200 est
2881 1144 2938 1200 in
2965 1143 3278 1202 liberali-tate

1662 1253 1724 1292 ac
1751 1237 2108 1308 magnitudine
2135 1238 2304 1292 animi
2331 1239 2428 1295 tui.
2497 1238 2694 1294 Verum
2743 1255 2848 1294 non
2891 1249 2966 1296 est
3013 1239 3100 1296 hic
3127 1243 3274 1296 locus

1661 1329 1880 1386 laudum
1907 1341 2147 1396 tuarum;
2183 1345 2278 1386 nec
2327 1331 2466 1386 enim
2515 1329 2642 1386 mihi
2695 1331 3022 1402 propositum
3067 1341 3142 1388 est
3194 1349 3280 1388 eas

1663 1423 1920 1492 persequi,
1953 1438 2116 1494 neque
2137 1424 2184 1476 si
2207 1422 2263 1476 id
2289 1423 2502 1490 uellem,
2527 1421 2684 1493 facile
2709 1432 2844 1480 esset
2872 1422 2998 1478 milli
3025 1424 3278 1480 orationis

1662 1514 1822 1588 hujus
1875 1517 2073 1572 exitum
2108 1516 2340 1572 invenire
2364 1533 2382 1571 :
2408 1516 2744 1586 quamobrem
2771 1518 2842 1572 ad
2883 1527 3004 1572 uota
3029 1533 3112 1572 me
3153 1533 3278 1572 con-

1661 1621 1886 1679 vertam,
1937 1610 2204 1682 Deumque
2235 1611 2302 1666 0.
2339 1608 2418 1666 Η.
2450 1611 2601 1666 enixe
2651 1609 2920 1680 precabor,
2977 1621 3032 1666 ut
3076 1610 3270 1666 bonum

1661 1707 1802 1762 istud
1829 1723 1931 1777 quo
1975 1707 2154 1762 diuina
2178 1705 2426 1778 largitate
2455 1705 2703 1774 fruimur,
2735 1711 2970 1760 nostrum
3011 1719 3124 1758 esse
3147 1703 3270 1758 diu-

1667 1802 1768 1857 tius
1797 1801 1973 1868 sinat;
2007 1811 2154 1870 teque
2180 1801 2332 1856 nobis
2355 1800 2425 1854 ad
2449 1799 2646 1854 multos
2685 1813 2851 1852 asinos
2879 1806 3044 1852 seruet
3075 1797 3280 1852 incolu-

12 1909 48 1946 z
73 1892 275 1948 absens
299 1893 438 1959 licet,
467 1893 644 1948 studio
687 1903 777 1950 tuo
815 1903 1054 1963 praestas,
1095 1905 1152 1950 ut
1181 1898 1556 1968 prteteritorum
1586 1894 1632 1958 Β
1661 1913 1814 1952 mem.
1839 1895 1964 1950 Vive
1988 1896 2078 1950 diu
2100 1911 2280 1966 sospes
2308 1892 2582 1950 Brixiance
2604 1891 2882 1958 Ecclesiae,
2910 1891 3020 1946 sive
3043 1888 3270 1944 Littera-

13 2003 182 2040 orum
228 1987 320 2057 qui
367 1987 546 2042 eodem
575 1988 754 2059 officio
787 1990 954 2060 functi
983 2001 1134 2052 sunt,
1165 1991 1450 2048 luminibus
1471 1993 1556 2048 ob»

15 2077 224 2132 ueteris.
247 2075 392 2132 Nam
405 2078 501 2132 hoc
519 2089 773 2136 testantur
800 2090 847 2134 et
883 2079 1148 2136 Vaticanis
1177 2081 1506 2138 Bibliotheca:
1531 2101 1562 2140 a

12 2185 148 2224 ιηιηο
193 2171 446 2240 pontifice
467 2170 732 2228 Clemente
754 2171 880 2228 XII
912 2173 1240 2245 amplificata
1261 2178 1436 2248 spatia
1453 2219 1468 2243 ,
1515 2187 1562 2234 et

11 2263 55 2316 ri
87 2264 148 2316 in
173 2263 414 2320 eamdem
435 2281 466 2318 a
495 2275 544 2320 te
568 2267 814 2335 muniﬁce
843 2268 1036 2322 collata
1060 2285 1078 2324 :
1103 2279 1158 2323 ut
1189 2269 1324 2324 nihil
1352 2272 1562 2328 omnino

12 2373 114 2410 ram
143 2357 214 2412 de
245 2358 676 2430 splendidissima
699 2359 758 2416 S.
795 2359 1078 2433 Ephraimi
1122 2363 1382 2430 editione,
1413 2381 1446 2418 a
1477 2377 1524 2420 te
1543 2407 1558 2433 ,

12 2452 182 2506 onwis
231 2451 404 2508 Roma
432 2454 584 2527 longe
623 2454 806 2508 dissita
827 2497 840 2520 ,
889 2455 1123 2512 studiose
1145 2458 1278 2512 adeo
1301 2469 1558 2527 promota,

25 2561 170 2616 pene
199 2545 270 2600 ad
291 2545 596 2600 umbilicum
625 2549 902 2618 perducta,
929 2559 986 2604 ut
1005 2550 1086 2606 vel
1107 2567 1170 2606 ea:
1197 2549 1294 2606 hoc
1315 2569 1420 2608 uno
1447 2569 1563 2612 rere

11 2643 198 2716 ἱεργος
226 2641 330 2694 dici
354 2641 540 2712 possis.
572 2641 828 2696 Brixiana
847 2659 1002 2713 porro
1023 2641 1286 2712 Ecclesia,
1321 2647 1404 2702 cui
1427 2646 1558 2702 duo-

11 2734 214 2788 cimum
253 2737 376 2808 jam
403 2751 598 2790 annum
643 2751 834 2805 prates,
867 2738 1072 2808 quantis
1101 2755 1132 2792 a
1163 2748 1210 2794 te
1235 2739 1563 2798 incrementis

13 2835 98 2880 cta
123 2828 312 2898 fuerit,
341 2827 482 2882 haud
510 2829 665 2898 facile
691 2828 912 2884 dixerim
937 2844 954 2884 :
984 2831 1082 2886 hoc
1106 2840 1310 2888 tantum
1347 2849 1562 2888 comme-

12 2923 194 2986 n-abo,
253 2925 470 2996 majoris
493 2925 700 2998 Templi
730 2929 918 2982 molem
945 2931 1086 2983 curis
1111 2931 1234 2996 tuis,
1271 2947 1562 3003 magnoque

12 3027 162 3086 mptu
183 3019 360 3072 aerarii
387 3019 484 3084 tui,
514 3035 572 3074 eo
595 3031 886 3090 prouectam
913 3039 1046 3090 esse;
1063 3033 1116 3077 ut
1139 3026 1352 3096 quisque
1369 3037 1556 3093 speret,

11 3115 178 3178 rfecta
209 3111 410 3166 dudum
445 3114 662 3184 majori,
691 3115 1038 3187 nobiliorique
1061 3127 1230 3189 parte,
1257 3120 1560 3190 magnisque

11 3206 274 3260 mamentis
306 3206 492 3272 ditata,
521 3208 778 3279 reliquum
805 3211 958 3266 etiam
991 3227 1092 3266 non
1131 3212 1290 3285 longe
1311 3214 1558 3284 temporis

12 3299 244 3366 ‘ervallo,
281 3299 576 3356 absolutum
603 3302 690 3356 iri.
711 3303 828 3370 Qua
859 3305 910 3358 in
941 3320 996 3358 re
1015 3305 1172 3376 plane
1207 3305 1336 3360 mihi
1361 3317 1550 3380 tempe-
1583 3289 1630 3354 (ἶ

12 3405 60 3442 re
95 3407 206 3444 non
254 3409 486 3462 possunt,
519 3395 646 3464 quin
677 3404 723 3448 te
751 3395 924 3468 ipsum
953 3397 1224 3467 conferatis
1260 3417 1446 3472 magno
1473 3401 1555 3456 illi

12 3483 198 3538 tlberto
233 3485 824 3559 Carnotensi-episcOpo,
850 3491 1004 3558 cujus
1031 3491 1084 3544 in
1115 3489 1212 3544 hac
1243 3489 1556 3548 Collectione

1663 2009 1782 2046 rum
1813 1991 1946 2048 bona
1978 2008 1996 2046 :
2029 1992 2370 2059 virtutemque
2398 1991 2556 2044 istam
2589 1997 2732 2042 tuam
2753 2028 2768 2052 ,
2802 1987 3138 2058 religionem,
3179 1985 3275 2038 ltu-

1665 2084 1990 2150 manitatens,
2023 2083 2450 2154 temperantiam,
2481 2091 2770 2153 etetemque
2785 2081 2950 2134 animi
2974 2089 3277 2134 ornamenta

1663 2177 1846 2248 mribus
1869 2176 2130 2242 abundas,
2157 2175 2398 2231 Briaiani
2418 2175 2600 2246 populi
2620 2217 2636 2243 ,
2669 2183 2724 2230 ut
2746 2173 2960 2246 quidam
2989 2188 3052 2228 ea:
3085 2173 3276 2227 nostris

1663 2271 1870 2344 egregie
1891 2271 2078 2327 eecinit
2099 2285 2117 2326 :

1756 2392 1868 2443 Sari
1891 2392 2106 2442 habeant
2129 2403 2236 2452 sua,
2259 2403 2316 2440 se
2333 2390 2524 2453 iactent
2543 2396 2596 2439 te
2621 2388 2845 2451 principe
2865 2388 2986 2436 seri.

1737 2499 1894 2566 Quod
1914 2500 1958 2554 si
1990 2503 2124 2568 forte
2151 2515 2302 2552 casus
2324 2497 2536 2567 aliquis,
2553 2505 2612 2549 ut
2627 2505 2702 2550 est
2729 2495 3076 2548 humanarum
3099 2507 3272 2547 rerum

1661 2593 2001 2660 vicissitudo;
2030 2593 2107 2647 vel
2128 2601 2284 2658 certe,
2319 2590 2454 2660 quod
2478 2606 2570 2662 ego
2599 2603 2860 2657 auguror,
2895 2601 3140 2654 suprema
3174 2583 3275 2638 Ec-

1662 2687 1832 2742 clesia:
1879 2686 2106 2757 dignitas
2161 2693 2209 2738 te
2247 2681 2394 2738 nobis
2443 2679 2728 2752 aliquando
2777 2679 2993 2749 eripiet;
3024 2693 3126 2731 non
3155 2677 3273 2732 ideo

1663 2779 2028 2849 beneﬁciorum
2080 2786 2286 2831 tuorum
2349 2774 2490 2846 apud
2545 2789 2638 2828 nos
2692 2773 2943 2826 memoria
3001 2770 3268 2838 interibit,

1663 2873 1854 2942 quippe
1889 2885 2006 2940 qua:
2035 2867 2348 2940 perennibus
2390 2866 2738 2921 monumentis
2781 2865 2979 2919 credita
3023 2872 3275 2918 a'ternum

1663 2967 1824 3032 vivet;
1871 2965 2028 3019 immo
2059 2974 2174 3034 post
2214 2965 2420 3035 longam
2448 2962 2602 3016 etiam
2629 2975 2885 3014 annorum
2914 2958 3121 3025 seriem,
3151 2973 3268 3012 cum

1660 3061 1826 3115 solent
1880 3063 1988 3130 fere
2029 3061 2202 3114 omnia
2248 3057 2506 3112 oblivione
2551 3054 2874 3118 occumbere,
2925 3069 2988 3106 ac
3038 3063 3272 3120 tempora

1661 3155 1980 3226 temporibus
2001 3153 2214 3216 mutari,
2247 3151 2388 3224 apud
2433 3149 2703 3205 Brixiath
2725 3147 2867 3202 urbis
2897 3147 3062 3214 cives,
3093 3145 3271 3200 ablata

1663 3249 1924 3303 communi
1958 3248 2054 3300 hac
2077 3247 2188 3315 lege
2205 3285 2220 3312 ,

1756 3367 1965 3429 Semper
1988 3363 2162 3426 honos,
2189 3375 2468 3426 nomenque
2495 3365 2652 3422 tuum,
2677 3357 2952 3420 laudesque
2978 3355 3265 3406 manebunt.

1733 3494 1940 3550 Dabam
1971 3493 2168 3550 Brixia
2189 3491 2320 3548 Kal.
2346 3489 3020 3547 decembrisunccxuvm.

1093 3739 1450 3828 PAULI
1503 3743 2119 3878 ῼᾼΕΕΑΗΒΙ

741 3881 858 3942 AD
893 3881 1194 3945 LIBRUM
1241 3882 1301 3944 S.
1351 3881 1808 3944 P‘HILASTRII
1851 3883 1960 3948 DE
1995 3879 2468 3944 HiEﬂESlBUS

1154 4035 1206 4092 ο
1289 4023 1896 4098 ΡΒιἘΕΑΤΙΟ.

1417 4183 1780 4202 ᾤ

13 4295 64 4348 1.
109 4293 398 4350 Philostrii
441 4308 640 4349 nomen
683 4295 829 4351 inter
873 4296 1274 4352 ecclesiasticos
1317 4297 1554 4368 scripto-

11 4399 56 4452 s,
81 4386 298 4456 jamdiu
320 4385 387 4443 ab
419 4388 537 4458 ipso
560 4389 901 4460 antiquitatis
929 4405 1046 4446 tero
1073 4391 1210 4447 adeo
1240 4401 1426 4446 notum
1449 4400 1554 4458 est,

31 4493 138 4532 non
171 4479 406 4548 alicujus
435 4477 617 4536 verbis
646 4481 906 4552 indigeat,
935 4498 1039 4552 quo
1069 4485 1241 4554 magis
1271 4485 1554 4548 clarescat,

12 4577 42 4620 ,ι
69 4569 398 4626 illustratur.
427 4570 554 4628 Fuit
583 4573 732 4628 enim
764 4573 1050 4630 Gaudentii
1079 4577 1271 4632 Brixia:
1315 4575 1556 4648 episcopi

30 4663 164 4719 scd'e
195 4663 449 4720 Brixiana
490 4673 833 4733 autecessor,
877 4683 906 4722 a
961 4684 1067 4740 quo
1113 4671 1274 4725 etiam
1308 4687 1414 4726 non
1448 4686 1556 4725 uno

37 4755 158 4813 loco
192 4760 408 4818 eximiis
457 4761 711 4818 laudibus
767 4763 1078 4820 celebratur
1109 4765 1367 4838 (a);ejus
1420 4782 1552 4822 vero

12 4865 87 4904 ter
119 4852 183 4905 de
213 4851 506 4908 Haresibus
532 4870 652 4910 cum
703 4859 936 4928 primum
967 4858 1221 4930 vulgatus
1253 4859 1371 4926 fuit,
1407 4868 1553 4914 tanta

12 4957 111 4996 nne
163 4947 484 5004 celebritate
513 4949 704 5020 viguit,
761 4959 820 5006 ut
865 4969 974 5007 non
1007 4953 1184 5008 solum
1241 4955 1392 5026 prior
1428 4963 1556 5008 ante

12 5037 88 5092 ios
121 5041 280 5112 hujus
327 5048 634 5116 argumenti
684 5047 979 5118 scriptores
1007 5089 1020 5112 ,
1053 5059 1218 5120 atque
1247 5049 1387 5106 adeo
1429 5060 1554 5104 ante

13 5147 130 5188 sum
165 5137 528 5210 Epiphaniam
559 5141 627 5195 ab
653 5141 957 5213 Augustino
981 5153 1334 5210 mcnnoretur,
1363 5160 1550 5200 verum

15 5225 117 5282 iam
147 5231 234 5286 vel
262 5249 328 5287 ex
362 5235 481 5303 ipso
511 5234 792 5292 Philastrii
823 5236 1000 5307 Opere
1020 5280 1034 5302 ,
1063 5241 1152 5308 qui
1198 5249 1346 5292 tanto
1376 5239 1557 5308 plures

11 5335 108 5376 tam
159 5323 500 5397 Epiphanius
541 5329 778 5386 haereses
810 5332 1177 5398 enumeravit,
1211 5332 1413 5386 inferat
1444 5333 1555 5387 Au-

11 5415 218 5485 Istiuus,
270 5437 431 5492 quam
477 5423 702 5479 difﬁcile
731 5424 805 5480 sit
830 5433 1116 5478 tractatum
1142 5423 1211 5478 de
1241 5423 1550 5480 llmrcsibus

11 5511 316 5578 onscrihere,
343 5523 508 5585 atque
556 5516 684 5572 hinc
714 5517 1133 5573 excusationem
1167 5517 1268 5572 sibi
1301 5525 1448 5588 petat
1487 5519 1554 5573 ab

15 5599 259 5668 Ijusmodi
289 5609 466 5679 Opere
483 5610 851 5682 suscipiendo,
881 5592 1128 5668 scribens
1152 5612 1218 5666 ad
1247 5611 1552 5680 Quodvult-

35 5781 106 5852 (α)
146 5784 300 5864 Bruti.
334 5789 401 5864 ad
420 5789 750 5864 Benivolnm
775 5807 829 5864 p.
860 5792 1002 5859 218;
1029 5787 1496 5864 serm.lG,_p.35d
1525 5805 1538 5855 ;

154 5856 242 5932 gi:
267 5877 321 5932 Ρ·
337 5861 460 5932 37,0-

37 5924 116 5996 (δ)
153 5924 304 5985 Tom.
341 5931 414 5988 vr
439 5931 580 6005 Opp.
611 5935 717 5992 col.
751 5936 804 6008 6,
838 5935 967 5995 edit.
997 5935 1232 5992 Froben.

1658 4297 1820 4352 deum
1852 4293 1948 4368 (ὑ).
1976 4291 2136 4350 Licet
2150 4293 2298 4350 enim
2325 4292 2690 4366 Epiphanium
2721 4289 3018 4348 Philastrio
3052 4291 3265 4348 doctio-

1659 4405 1772 4446 rem
1800 4390 2138 4461 pronuntiet,
2169 4403 2276 4444 non
2309 4397 2486 4444 tamen
2503 4395 2792 4460 pr0pterea
2815 4385 3010 4442 factum
3029 4387 3267 4444 afﬁrmat

1660 4496 1719 4542 ut
1747 4485 1838 4540 ille
1873 4483 2182 4556 pauciores,
2218 4483 2304 4538 hic
2333 4484 2519 4554 plures
2544 4483 2864 4554 complexus
2896 4483 2966 4538 sit
2997 4482 3265 4548 haereses,

1660 4579 1814 4650 quod
1841 4579 2012 4634 multa
2037 4592 2072 4634 a
2099 4576 2390 4632 Philastrio
2435 4576 2580 4630 inter
2626 4575 2865 4630 haereses
2905 4582 3266 4628 numerentur

1661 4688 1782 4744 qua:
1806 4687 1932 4726 vere
1964 4671 2203 4726 hmrcses
2229 4685 2332 4722 non
2362 4668 2470 4722 sint
2492 4683 2507 4733 ;
2532 4667 2598 4720 de
2630 4682 2739 4740 quo
2767 4665 2912 4720 hunc
2940 4663 3082 4720 bene
3110 4664 3264 4720 multi

1655 4765 1980 4838 jampridem
2009 4779 2130 4818 cum
2175 4761 2510 4817 Bellarmino
2539 4757 2630 4830 (c),
2669 4757 2968 4812 novissime
2999 4772 3132 4812 vero
3161 4758 3266 4814 Bo—

1658 4859 1881 4916 chortus
1913 4857 2017 4929 (ά),
2049 4865 2106 4910 et
2127 4853 2337 4910 Cavcus
2361 4851 2432 4925 (e)
2463 4860 2726 4908 accusant
2759 4869 2771 4904 :
2804 4851 2897 4906 scd
2931 4851 3072 4921 quod
3119 4851 3268 4906 aliud

1657 4955 1750 5008 uni
1771 4968 1950 5008 eorum
1977 4949 2231 5004 videretur
2261 4964 2370 5003 esse
2389 4946 2620 5012 Ittcresis,
2645 4945 2792 5000 aliud
2819 4945 2990 5000 alteri.
3025 4945 3143 5000 Hoc
3165 4961 3264 5000 au-

1660 5057 1766 5104 tem
1816 5045 2037 5102 omnino
2086 5043 2348 5110 delinire,
2397 5042 2622 5098 difﬁcile
2671 5057 2862 5097 revera
2910 5055 3031 5096 esse
3081 5049 3268 5096 monet

1659 5141 1804 5199 idem
1837 5139 2200 5210 Augustinus;
2237 5145 2290 5190 et
2321 5133 2570 5206 proiecto
2617 5134 2865 5204 quatm'is
2897 5133 3120 5188 minime
3146 5132 3263 5188 inli-

1658 5233 1790 5289 ciari
1824 5232 2006 5296 velim,
2045 5229 2398 5284 Philastrium
2443 5229 2492 5282 in
2529 5227 2633 5282 hoc
2659 5227 2728 5282 de.
2757 5227 3070 5283 llauresibus
3101 5227 3264 5294 libro,

1658 5327 1890 5382 fortasse
1921 5341 2026 5379 non
2059 5338 2164 5377 uno
2194 5321 2245 5377 in
2282 5323 2416 5384 loco,
2457 5322 2576 5392 plus
2600 5321 2883 5394 religiOuis
2911 5319 3056 5386 zelo,
3080 5330 3132 5376 et
3157 5319 3266 5376 Ca-

1658 5423 1872 5480 tholica:
1905 5420 2148 5476 veritatis
2190 5419 2380 5483 anmri,
2413 5433 2570 5486 quam
2603 5416 2828 5487 judicio,
2858 5417 3270 5487 diligentiaeque

1657 5519 1960 5584 tribuisse;
2006 5523 2195 5572 notum
2229 5522 2316 5569 est
2357 5511 2714 5567 nihilominus
2743 5513 2991 5588 αἶρέσεως
3026 5509 3270 5580 appella-

1659 5611 1860 5666 tionem
1895 5609 2002 5664 late
2037 5617 2257 5679 patere,
2284 5615 2341 5661 et
2385 5603 2711 5676 quandoque
2743 5619 2848 5660 non
2884 5615 2988 5659 tam
3021 5616 3262 5662 cruorem

1726 5787 1798 5860 (ε)
1841 5789 1916 5844 De
1944 5784 2145 5860 script.
2177 5783 2332 5860 Eccl.
2353 5798 2424 5860 _p.
2459 5760 2584 5840 r53.

1722 5855 1801 5932 (d)
1845 5855 2128 5932 Pltalcgfl.
2163 5873 2200 5922 ι,
2231 5872 2280 5932 c_.
2307 5855 2397 5932 ll.

1727 5927 1799 6006 (ε)
1842 5934 1978 5990 llist.
2008 5927 2204 6002 Script.
2240 5927 2388 5984 Eccl.
2422 5945 2476 6001 p.
2511 5927 2632 5984 176.
