3716 6322
0 279 37 333 5
1128 289 1188 346 P.
1231 291 1587 350 GALEARDI
1625 293 2015 356 PREFATIO.
3101 315 3244 376 £066

0 398 147 456 lice
181 403 475 470 docuisse;
510 404 562 461 id
593 406 738 461 enim
767 405 999 464 habetur
1036 418 1146 464 tum
1180 412 1232 465 in
1262 412 1536 468 Lectioni-
1563 417 1611 474 Δ
1643 416 1866 484 proprio
1913 418 2172 488 episcopo
2235 421 2534 487 caruerint,
2586 422 2950 484 Vcrcellensis
3021 445 3243 502 nempe,

13 492 320 552 Breviarii
340 497 622 567 cujusdam
643 515 777 556 mss.
804 502 1115 559 Monasterii
1139 497 1445 560 Mouia'lium
1473 507 1532 563 S.
1638 506 2008 576 Novariensis,
2035 512 2440 580 Eporediensis,
2465 524 2522 570 et
2548 515 2987 594 DcrtonensisU:
3005 521 3060 592 );
3085 492 3246 593 quin;

0 589 248 682 ias-inae
274 590 506 682 Brixia,
538 600 672 646 tom.
705 593 774 650 IV
804 594 902 652 SS.
935 595 1080 652 Junii
1106 598 1296 653 relatis
1323 615 1377 669 p.
1403 600 1531 664 585,
1638 601 1749 655 imo
1779 602 1846 656 ab
1879 619 1986 656 uno
2017 605 2319 675 eodemque
2348 610 2609 682 episcopo
2636 613 2824 682 plures
2852 589 3015 671 simul
3046 589 3240 676 Eccle-

38 681 218 748 apud
266 681 585 739 Malvetinm
618 686 671 740 in
703 684 978 744 Chronico
1011 690 1109 762 (a),
1140 691 1266 746 dist.
1299 691 1355 756 4,
1389 707 1440 747 c.
1475 695 1528 746 5.
1638 693 1747 748 sias
1775 708 1843 749 eo
1891 705 2133 768 tempore
2179 681 2608 771 administratas,
2640 681 2817 762 docet
2864 723 2964 764 nos
2996 711 3240 779 Epistola

0 789 42 824 n
106 775 305 831 retulit
335 776 624 835 Ferrarius
664 780 716 834 in
759 779 931 836 Catal.
967 782 1065 839 SS.
1105 785 1273 840 Italia:
1304 786 1370 840 I8
1401 786 1532 842 Julii
1637 788 1869 858 plebibus
1924 789 2356 863 Vercellensibus,
2391 795 2824 868 Novariensibus,
2862 775 3244 877 Ilipporegien-

2 871 264 927 verbis:
290 872 476 928 Roma:
498 893 530 929 a
556 875 787 930 Damaso
810 893 950 947 papa
974 878 1260 934 liberaliter
1288 891 1535 936 tractatus
1635 882 1776 938 sibus
1803 884 1960 955 (lege
1991 885 2427 962 Eporediensibus
2453 890 2472 961 )
2503 909 2594 946 nec
2626 910 2728 948 non
2764 898 2917 950 etiam
2955 871 3249 953 Dertonen-

0 962 125 1015 lice
163 962 383 1032 docuit;
416 982 604 1022 verum
636 983 759 1023 cum
790 969 857 1024 de
885 969 992 1026 hoc
1017 970 1355 1028 Gaudentius
1400 973 1536 1030 nihil
1637 975 1798 1042 sibus,
1827 975 1898 1030 ab
1923 976 2163 1034 Eusebio
2187 980 2520 1038 Vercellensi
2550 986 2805 1058 episcopo
2847 989 3105 1060 inscripta
3132 992 3152 1061 (
3167 991 3244 1062 i).

0 1069 156 1109 rsus
185 1054 408 1125 habeat,
437 1061 804 1131 nescioquam
829 1070 946 1118 tuto
977 1063 1025 1117 id
1050 1065 1533 1133 possital‘lirmari;
1640 1067 1711 1124 At
1763 1083 1886 1123 cum
1947 1071 2001 1125 in
2057 1072 2368 1130 Sardicensi
2432 1054 2687 1146 concilio,
2739 1054 2888 1151 quod
2937 1054 3081 1140 anno

0 1165 11 1200 ι
48 1151 386 1217 praesertim
409 1151 512 1208 sub
531 1153 763 1210 Damaso
785 1155 1135 1212 Philastriqu
1159 1157 1347 1216 Roma:
1367 1160 1535 1217 fuisse
1638 1161 1978 1217 celebratum
2001 1174 2108 1230 est,
2135 1175 2344 1235 prostet
2368 1166 2457 1239 (j)
2483 1169 2628 1226 inter
2652 1172 2788 1228 alios
2811 1177 3030 1231 concilii
3055 1177 3251 1235 Patres

71 1242 233 1298 adeo
262 1242 338 1298 sit
379 1246 698 1314 verisimile,
750 1247 846 1303 sed
899 1250 1077 1318 potius
1120 1250 1264 1306 circa
1317 1252 1535 1308 Damasi
1638 1255 1966 1326 subscriptio
1992 1256 2230 1313 Brixiaui
2257 1261 2500 1332 episcopi
2535 1262 2637 1319 hoc
2663 1266 2825 1321 modo
2861 1286 2872 1320 :
2916 1268 3163 1326 Ursacius
3183 1275 3247 1327 ab

15 1350 207 1436 pora,
248 1337 340 1408 qui
372 1338 565 1396 sedere
595 1341 758 1411 cmpit
789 1357 934 1398 anno
959 1345 1062 1400 567
1097 1344 1202 1417 (b)
1247 1346 1390 1402 inter
1419 1362 1537 1403 cer-
1638 1350 1803 1406 Italia
1845 1351 1909 1405 de
1934 1350 2117 1407 Brixia
2148 1355 2166 1424 (
2195 1355 2336 1409 hunc
2367 1357 2538 1411 nostri
2591 1358 2890 1416 Ursicinum
2927 1362 3157 1436 dicunt)
3182 1383 3248 1423 ac

0 1429 137 1483 lina
173 1430 527 1497 Arianorum,
558 1432 850 1490 Mediolani
880 1476 896 1503 ,
935 1443 996 1490 ut
1024 1436 1259 1493 vidimus
1285 1437 1383 1510 (c),
1412 1455 1534 1495 ver-
1637 1454 1905 1517 praeterea
1967 1447 2320 1520 Rampertus,
2351 1451 2548 1506 Brixia:
2592 1454 2903 1522 episcopus,
2947 1460 3037 1528 qui
3097 1429 3244 1517 nono

0 1531 163 1578 stur.
186 1525 268 1579 An
296 1531 478 1581 autem
508 1525 729 1582 Nicmno
750 1529 990 1584 concilio
1041 1529 1239 1587 adesse
1270 1533 1532 1602 potuerit,
1638 1539 1843 1595 saeculo
1899 1540 2056 1608 vixit,
2090 1542 2310 1598 disertis
2341 1545 2526 1601 verbis
2572 1545 2924 1604 Pbilastrium
2964 1525 3246 1610 “SEPTIHUI

0 1615 573 1712 »d.1\lalvetiustradit
599 1619 804 1675 Chron.
839 1620 969 1677 dist.
1001 1624 1059 1690 4,
1100 1638 1221 1693 cap.
1247 1624 1304 1690 2,
1331 1636 1384 1680 et
1415 1633 1538 1695 post
1638 1631 1838 1687 Brixia:
1859 1633 2174 1704 episcopum
2205 1647 2364 1692 vocet
2383 1635 2497 1709 (lt);
2529 1639 2754 1695 omnino
2783 1654 3001 1712 oportet
3027 1645 3243 1704 Brixia-

0 1705 515 1811 JCifPreOlufl-"j
534 1711 1306 1811 θίξιοΒτξιηηοιιἱπηιηετίιο
1326 1716 1538 1772 dubilal
1638 1743 1763 1782 nam
1819 1729 2117 1784 Ecclesiam
2158 1731 2342 1802 plures
2372 1705 2500 1787 ante
2549 1705 2900 1792 Philastrium
2957 1740 3247 1811 episcopos

0 1799 217 1855 'rarius
251 1801 444 1857 eodem
474 1802 736 1873 Gatalogo
760 1803 962 1859 Annot.
988 1805 1055 1860 ad
1086 1807 1228 1862 diem
1261 1807 1328 1864 18
1365 1808 1467 1864 Juli

1778 1825 1915 1880 isse.
1950 1825 2104 1894 Quod
2142 1837 2352 1881 eertum
2397 1839 2504 1895 est,
2553 1828 2831 1886 Philastrii
2877 1847 2997 1888 aevo
3032 1849 3245 1906 magnae

0 1909 39 1946 η
117 1908 249 1948 cum
305 1894 581 1950 Νίεωηυηι
637 1897 928 1953 εοηοίιίιιίη
979 1899 1311 1994 σείνεῧηιιυιη
1377 1903 1537 1957 fuerit
1638 1916 1819 1972 adhuc
1865 1917 2133 1973 idolorum
2173 1933 2238 1973 ac
2264 1918 2600 1976 Gentilitatis
2640 1922 2884 1994 reliquiae
2921 1894 3248 1986 Brixiaevex-

1 2003 66 2043 ιο
103 1989 309 2056 525,5i
335 1991 386 2046 in
418 2005 486 2047 eo
517 1991 752 2048 sedisset
811 1991 1160 2060 Philastrius,
1196 1995 1356 2050 valde
1381 1995 1468 2066 juv

1783 2019 1896 2076 uit;
1931 2010 2136 2067 idcirco
2160 2012 2359 2080 saepius
2385 2022 2574 2070 contra
2605 2029 2702 2071 eos
2731 2016 3010 2074 invehitur
3046 2021 3250 2078 acriori

2 2101 38 2137 η
77 2093 372 2182 tuneeum
403 2085 572 2182 fuisse
610 2087 852 2156 Oportuit
885 2085 988 2158 (ά),
1016 2088 1108 2182 qui
1149 2099 1270 2158 post
1296 2090 1536 2161 integros
1639 2101 1784 2173 stylo
1818 2101 1928 2174 (ι),
1959 2105 2046 2174 qui
2077 2103 2336 2159 dwmonia
2366 2107 2622 2174 colentes,
2655 2107 2904 2163 elementa
2944 2112 3250 2182 adorantes,

36 2187 102 2231 et
135 2177 530 2250 quinquaginta
559 2194 759 2244 annos,
799 2195 945 2234 anno
974 2181 1181 2236 scilicet
1224 2183 1352 2252 581,
1387 2183 1539 2239 inve-
1639 2193 1855 2250 deorum
1884 2196 2198 2266 dearumque
2226 2197 2436 2252 nomina
2466 2198 2521 2252 ut
2555 2201 2748 2271 pagani
2774 2177 3245 2264 invocantes“......i

5 2284 108 2328 tur
141 2275 309 2330 etiam
335 2275 674 2346 Aquileiensi
711 2274 944 2331 concilio
969 2275 1308 2334 interfuisse.
1639 2289 1920 2342 multorum
1971 2290 2172 2344 animas
2215 2293 2487 2346 mendacio
2527 2309 2587 2348 ac
2617 2294 2880 2364 pecudiali
2925 2300 3251 2370 turpitudine

0 2373 34 2424 ι.
89 2370 398 2441 Postquam
449 2370 777 2427 Philastrius
816 2388 908 2444 per
937 2372 1077 2426 uicos
1104 2381 1154 2425 et
1203 2373 1421 2427 castella
1449 2372 1535 2427 di-
1641 2395 1744 2433 non
1768 2381 2013 2435 desinunt
2046 2383 2348 2452 captiuare;
2383 2394 2438 2440 et
2470 2385 2598 2442 alibi
2627 2386 2723 2458 (m)
2751 2404 2770 2442 :
2797 2387 2953 2444 ldola
2982 2394 3249 2449 hominum

0 2481 201 2518 sarum
249 2465 554 2536 prazteriens
584 2466 880 2539 regionum,
929 2465 1006 2520 ait
1053 2464 1390 2521 Gaudentius
1436 2465 1535 2538 (ε),
1640 2473 1880 2529 voluntas
1925 2477 2147 2545 pessima
2190 2479 2271 2532 sui
2315 2480 2545 2545 sceleris,
2592 2491 2639 2535 et
2672 2483 3014 2553 turpitudinis
3056 2505 3247 2561 perpe-

0 2561 226 2614 sdicare
257 2560 464 2614 uerbum
490 2557 593 2614 Dei
621 2576 904 2629 numquam
928 2558 1122 2614 destitit
1148 2559 1323 2629 ﬁdelis
1346 2557 1538 2614 Christi
1642 2563 1842 2620 trandte
1866 2583 2022 2623 causa
2051 2569 2236 2623 maluit
2261 2569 2512 2636 inuenire,
2557 2581 2613 2625 ut
2655 2575 2877 2629 colentes
2926 2593 2986 2630 ea
3025 2557 3246 2644 eﬁ'usam

0 2658 267 2730 cipulus;
296 2657 494 2713 Brixiae
523 2657 747 2713 tandem
771 2658 1039 2724 constitit,
1070 2667 1125 2712 ut
1154 2658 1362 2714 haberet
1387 2667 1445 2714 et
1483 2660 1538 2714 in
1641 2658 1894 2728 Operandi
1932 2660 2059 2714 mali
2108 2661 2304 2733 possint
2354 2662 2541 2718 habere
2588 2664 2871 2720 licentiam.
2912 2667 3032 2724 Non
3064 2671 3245 2728 solum

0 2769 12 2807 :
43 2753 193 2808 urbe
216 2751 548 2823 Apostolicus
573 2753 652 2806 vir
679 2753 904 2822 aliquem
949 2755 1200 2826 fructum,
1233 2753 1369 2808 sicut
1411 2764 1460 2808 et
1483 2753 1538 2808 in
1641 2761 1822 2809 autem
1854 2751 2160 2820 Philastrii,
2193 2768 2385 2809 verum
2426 2765 2482 2810 et
2524 2755 2816 2812 Gaudentii
2860 2768 3111 2832 tempore
3153 2767 3249 2835 qui

4 2847 122 2901 eris
153 2845 417 2918 gentibus.
451 2844 638 2917 Itaque
684 2845 974 2916 episcopus
1013 2846 1128 2917 jam
1167 2847 1363 2914 lactus,
1407 2846 1537 2917 quid
1640 2844 1933 2902 Philastrio
1975 2847 2261 2914 successit,
2319 2847 2717 2918 frequentiores
2748 2851 2923 2908 adhuc
2976 2864 3133 2911 erant
3190 2858 3245 2912 in

0 2941 35 2994 li
63 2939 202 2996 huic
232 2939 566 3010 prrcstiterit,
594 2939 664 2995 ab
689 2940 884 2996 eodem
907 2940 1212 2997 Gaudentio
1229 2941 1533 3000 audiamus.
1641 2939 1758 3010 ipsa
1791 2940 1928 2996 urbe
1971 2941 2152 2996 Brixia
2181 2950 2236 2996 et
2262 2941 2517 2998 Brixiano
2562 2959 2718 3014 agro,
2761 2945 3033 3004 idolorum
3065 2952 3246 3007 culto-

0 3046 47 3089 st
106 3036 237 3090 illos
286 3036 553 3104 circuitus,
598 3037 778 3108 inquit
819 3037 1154 3094 Gaudentius
1197 3037 1298 3110 (ι’),
1330 3040 1538 3093 anima-
1641 3048 1763 3100 res;
1805 3049 2009 3105 eosque
2045 3033 2382 3093 Gaudentius
2423 3035 2540 3105 ipse
2569 3050 2676 3092 non
2725 3053 2836 3095 uno
2875 3041 2928 3095 in
2965 3043 3084 3098 loco
3114 3059 3243 3114 pcr-

0 3147 30 3181 η
81 3130 328 3201 plurium
357 3131 636 3198 salutares,
682 3129 866 3185 Brixia
891 3148 1008 3186 eum
1047 3131 1197 3186 rudis
1245 3133 1530 3203 quondam,
1639 3125 1881 3196 stringit,
1921 3127 2223 3197 prmsertim
2273 3127 2455 3182 Serm.
2489 3128 2579 3194 15,
2607 3129 2700 3184 ubi
2748 3132 2866 3188 haec
2919 3133 3081 3191 habet
3113 3137 3237 3208 (n):

31 3222 240 3292 cupida
275 3221 526 3278 doctrina:
566 3223 854 3293 promeruit
881 3237 899 3277 :
929 3224 1158 3278 scientia:
1183 3225 1392 3294 quidem
1420 3227 1526 3294 spi-
1557 3209 1603 3274 C
1637 3220 1715 3274 An
1743 3221 2048 3276 existimatis
2074 3222 2216 3292 quod
2238 3220 2404 3276 Deum
2435 3222 2619 3296 diligat
2649 3227 2853 3298 tepidus
2881 3245 2941 3283 ac
2969 3232 3238 3304 negligens

0 3317 92 3371 llis
147 3316 360 3388 ignara,
392 3316 568 3372 studio
599 3325 770 3371 tamen
818 3317 1052 3373 discendi
1085 3319 1392 3374 laudabilis.
1426 3319 1467 3373 Ε

1774 3315 1972 3382 :tianus,
2001 3313 2088 3383 qui
2119 3313 2261 3369 idola
2289 3314 2344 3368 in
2393 3317 2804 3386 possessionibus
2835 3322 2945 3374 suis
2993 3323 3092 3376 coli
3123 3340 3241 3394 per-

3 3409 46 3461 it
78 3409 338 3463 continuo
363 3408 482 3464 imis
508 3410 574 3463 ab
601 3410 852 3480 stirpibus
894 3410 1193 3466 horrentem
1228 3413 1414 3466 silvam
1450 3429 1470 3465 ι

1774 3417 1813 3474 t,
1853 3408 1944 3478 qui
1966 3409 2148 3478 {anum
2184 3407 2456 3475 damonis,
2501 3419 2549 3464 et
2586 3426 2733 3464 aram
2777 3411 2977 3467 diaboli
3025 3424 3162 3470 stare
3183 3417 3239 3470 in

0 3503 44 3554 si
70 3501 278 3556 erroris
319 3501 483 3556 bonus
507 3502 764 3572 agricola;
795 3510 844 3556 et
869 3511 1044 3557 aratro
1069 3503 1322 3559 doctrinae
1343 3522 1536 3575 pronus
1636 3501 2001 3554 contumeliam
2048 3498 2144 3553 Dei
2189 3501 2427 3572 patitur?
2466 3499 2656 3573 Itaque
2705 3503 2931 3560 minime
2986 3507 3244 3565 audiendi

0 3595 251 3660 nmbens,
284 3595 491 3649 invertit
520 3595 737 3649 crudam
766 3596 885 3650 totis
915 3596 1109 3650 viribus
1138 3606 1347 3664 terram,
1382 3615 1535 3669 squa-
1634 3600 1764 3648 sunt
1805 3591 2042 3646 Brixiani
2085 3591 2406 3663 scriptores,
2453 3593 2543 3662 qui
2589 3595 2702 3664 jam
2753 3597 2881 3652 inde
2911 3612 2940 3652 a
2991 3602 3241 3658 secundo

3 3698 217 3760 temque
260 3688 474 3744 humum
501 3689 661 3745 sulcis
701 3690 930 3744 assiduis
973 3691 1027 3745 in
1059 3692 1263 3745 novalia
1311 3693 1536 3763 fecunda
1635 3684 1838 3740 Christi
1878 3684 2084 3739 sacculo
2131 3692 2298 3739 totam
2329 3685 2530 3740 Brixia:
2585 3689 2776 3744 urbem
2818 3690 2920 3744 sub
2949 3691 3244 3760 Apollonio

0 3786 198 3850 tuertit,
234 3781 438 3851 all'atim
457 3785 656 3839 semina
682 3784 920 3839 vitalium
945 3786 1312 3840 mandatorum
1334 3804 1467 3858 grem

1770 3792 1922 3846 copo,
1957 3785 2016 3831 ut
2060 3775 2322 3847 Ughellus
2376 3777 2537 3832 tradit
2564 3778 2666 3852 (ο),
2716 3781 2885 3838 fuisse
2932 3784 3128 3840 volunt
3169 3788 3237 3843 ad

0 3895 31 3932 :3
58 3879 368 3934 εηείηιιαηε,
401 3877 657 3934 Profecto
687 3877 822 3933 nihil
854 3878 944 3934 hic
970 3878 1226 3945 habetur,
1253 3879 1361 3935 nisi
1383 3880 1531 3952 quod
1633 3867 1836 3925 Christi
1859 3869 2020 3924 ﬁdem
2048 3883 2406 3935 conversam;
2436 3885 2560 3926 cum
2589 3871 2806 3928 duobus
2828 3881 2885 3930 et
2909 3890 2975 3931 eo
2997 3879 3240 3948 amplius

4 3969 272 4039 ciplinam
300 3984 593 4040 moresque
617 3969 898 4040 respiciat,
925 3985 957 4025 a
988 3970 1277 4027 Philastrio
1304 3972 1359 4027 in
1400 3973 1471 4027 url

1804 3963 2156 4034 Apollonium
2188 3963 2427 4042 sreculis,
2482 3964 2661 4020 adhuc
2706 3967 2953 4039 reliquizc
3008 3972 3240 4028 Gentili-

0 4065 104 4121 ixia
137 4065 472 4122 reformatos
529 4065 585 4120 in
612 4065 806 4121 melius
830 4075 885 4120 et
913 4065 1262 4132 emendatos;
1286 4082 1467 4136 quarm

1789 4068 1845 4113 et
1875 4057 2148 4113 idolorum
2189 4057 2416 4113 delubra
2469 4071 2868 4130 superessent,
2913 4064 3058 4133 quod
3105 4066 3235 4123 olim

0 4160 48 4214 bi
77 4159 421 4217 Gaudentius
442 4158 560 4230 ipse
588 4159 903 4214 Brixianam
934 4160 1236 4216 Ecclesiam
1265 4175 1297 4214 α
1318 4159 1530 4216 Philas.
1630 4148 2114 4208 animadvertimus
2142 4149 2197 4205 in
2232 4150 2439 4207 nostris
2473 4149 2543 4206 ad
2588 4150 2951 4210 Gaudentium
2983 4159 3230 4214 Annota-

0 4268 26 4307 ο
68 4253 127 4309 ἱη
177 4252 314 4309 Fide
356 4253 638 4308 fundatam
687 4252 835 4308 dicat
865 4253 980 4325 (g):
1013 4253 1140 4308 Post
1183 4255 1333 4309 illam
1381 4271 1531 4310 νεηθ-
1632 4245 1870 4301 ιίοηίῢυε
1900 4244 2045 4316 (Ρ)-’

0 4348 103 4402 ida,
149 4348 416 4402 memoria,
463 4348 627 4419 ραινῑε
670 4349 770 4403 me;
799 4346 1076 4402 Ριιειαδινεί
1125 4349 1529 4404 eruditissimum
1701 4339 1758 4395 9.
1799 4339 1944 4394 Duos
1989 4337 2181 4394 habuit
2210 4337 2538 4395 Philastrius
2590 4339 2645 4394 in
2705 4340 2948 4398 Ecclesia
2981 4344 3237 4405 Brixiana

0 4455 116 4507 :em,
151 4455 271 4510 qua!
291 4457 385 4511 per
406 4441 630 4511 gratiam
659 4440 896 4510 Spiritus
921 4442 1087 4496 sancti
1117 4441 1259 4513 large
1283 4443 1467 4513 efﬂuen

1766 4447 1872 4496 :ues
1923 4433 2140 4502 pietatis
2171 4447 2284 4488 sua:
2336 4432 2709 4503 doctrinaeque
2750 4435 3025 4505 alumnos,
3065 4439 3233 4496 Beni-

0 4549 53 4586 nc
75 4531 374 4587 Ecclesium
403 4533 458 4586 in
490 4531 626 4588 Fide
653 4532 925 4589 Trinitatis
949 4533 1238 4590 adoranda:
1259 4537 1467 4604 fundavi

1766 4543 1810 4582 m
1847 4527 2078 4594 scilicet,
2116 4535 2172 4582 et
2209 4526 2600 4584 Gaudentium.
2651 4529 2729 4584 De
2780 4529 3047 4588 Benivolo
3078 4534 3233 4603 plura

0 4624 61 4679 lic
91 4624 390 4680 Gaudentii
421 4625 588 4691 dicto,
616 4640 724 4696 quo
755 4625 969 4692 videtur
997 4596 1306 4682 Brixianam
1335 4627 1527 4684 Eccle-
1550 4596 1606 4658 D
1630 4626 1868 4682 diximus
1899 4626 1952 4680 in
1979 4624 2307 4680 Praefatione
2335 4624 2625 4681 Gaudentii
2677 4624 3041 4683 Sermonibus
3078 4596 3234 4697 pra:-

0 4736 58 4774 tm
92 4732 207 4776 tum
241 4722 473 4791 primum
503 4736 533 4774 a
565 4719 858 4777 Philastrio
883 4722 1234 4777 constitutam
1258 4721 1467 4779 indicar

1765 4735 1799 4776 ia
1834 4719 1969 4793 (q);
2001 4717 2159 4787 cujus
2205 4717 2526 4788 prmclarum
2567 4715 2814 4786 facinus,
2859 4735 2966 4790 quo
3003 4719 3232 4780 Justinae

0 4813 172 4868 nniliil
202 4812 456 4882 ponderis
479 4827 544 4868 ex
568 4829 633 4869 eo
657 4812 891 4882 accedit,
916 4814 1059 4886 quod
1077 4813 1201 4868 aliae
1229 4815 1393 4870 etiam
1421 4816 1526 4871 Ec-
1631 4816 1890 4886 Augustae
1936 4812 2204 4868 mandatis
2234 4811 2454 4878 restitit,
2489 4826 2558 4866 ne
2585 4810 2760 4880 legem
2791 4814 3078 4870 catholicae
3103 4817 3234 4876 ﬁdei

0 4907 107 4964 :size
159 4907 322 4979 hujus
371 4917 596 4977 tractus,
647 4923 820 4980 usque
862 4908 929 4965 ad
960 4915 1216 4978 quartum
1265 4909 1522 4966 saeculum
1632 4904 1958 4964 contrariam
1989 4903 2240 4970 dictaret,
2288 4903 2461 4958 iusius
2503 4902 2819 4973 exsequitur
2857 4905 3123 4963 Baronius
3162 4911 3234 4967 ad

2 5114 78 5189 (ᾳ)
113 5114 273 5189 Tom.
307 5113 426 5170 XIV
461 5113 589 5189 Ber.
624 5112 848 5189 Ital._p1
869 5111 992 5169 809.

1708 5105 1774 5189 ti).
1806 5101 1964 5189 apud
1990 5100 2213 5189 139M;
2234 5098 2376 5189 ἕξει
2390 5096 2587 5189 11;.”-

7 5114 55 5182 (a
113 5114 273 5171 Tom.
307 5114 426 5170 XIV
461 5114 589 5169 Ber.
624 5114 745 5167 Ital.
779 5127 835 5183 p.
869 5114 992 5169 809.

7 5114 83 5257 (bi
115 5187 311 5313 Pagius
341 5186 558 5256 reponit
579 5199 724 5240 anno
745 5182 872 5240 566.

7 5257 78 5318 (cl
113 5259 176 5313 Vi
219 5273 250 5314 e
273 5271 394 5318 sup.
427 5272 481 5312 n.
516 5257 572 5311 5.

1766 5117 1772 5162 l
1806 5114 1964 5174 Apud
1992 5114 2115 5156 nar.
2144 5114 2213 5156 Α.
2247 5114 2376 5183 ano,
2403 5114 2588 5224 n.8uz.

1766 5171 2635 5318 ςἓὲιῐῐπζ.Ἂθιὲῗξξέξβῗιῗιᾷδιτίἰ
2662 5255 2716 5310 p.
2757 5239 2885 5299 591.
2910 5243 3048 5304 Vide
3070 5247 3233 5311 Praef.

5 5257 78 5380 (ἢ
113 5257 250 5314 Vide
273 5271 481 5340 supsn.
516 5257 572 5311 5.
769 5325 782 5338 ,
1142 5322 1154 5334 .
1347 5323 1359 5336 .

9 5328 45 5407 (_
74 5333 91 5398 )
120 5329 276 5407 Idem
315 5329 512 5407 dl_CIllIl‘
542 5327 611 5407 de
654 5325 861 5407 Sabino
912 5323 1235 5407 Placentino
1258 5337 1472 5407 _episcgl

1710 5257 1786 5318 (Ις)
1811 5257 1990 5302 Serm.
2014 5257 2083 5298 αθ
2107 5257 2323 5298 'l'ranSI.
2354 5257 2591 5297 I’nllasu'

1124 5322 1235 5407 “'39
1258 5323 1533 5407 PPiSCﬂPP
1632 5319 2181 5407 ad,§a.‘3‘_lleri‘lm__?s
2211 5313 2591 5407 §§5.'.-_.-....=

23 5383 300 5458 seness.
357 5383 603 5455 Januarii
650 5409 780 5453 tom.
813 5396 877 5462 ιι,
906 5410 961 5462 ρ.
1008 5393 1135 5450 163.
1172 5383 1388 5450 Videsis
1417 5383 1536 5449 'rii-
1711 5391 1775 5462 (ι)
1806 5383 1940 5462 cep.
1971 5383 2184 5462 GlLubi
2209 5384 2277 5440 de
2307 5383 2648 5440 Manienaeis.

1 5482 167 5528 mont.
198 5457 329 5528 tom.
364 5471 436 5539 Χ,
461 5480 576 5526 not.
602 5469 636 5524 5
661 5469 729 5524 ad
759 5457 873 5524 Viti
903 5457 1292 5539 S._Ambrosii,
1321 5482 1380 5539 p.
1404 5467 1468 5521 7t

661 5469 729 5524 ad
759 5457 873 5524 Vit;
903 5457 1292 5539 StAmbrosii,
1321 5482 1380 5539 p.
1404 5464 1531 5521 744.
1709 5457 1969 5539 (ἠθμὸν.

12 5543 82 5614 (c)
113 5547 290 5600 Serm.
315 5544 384 5599 de
414 5529 510 5598 vit.
543 5551 600 5598 et
625 5541 776 5596 obitu
800 5539 945 5596 beati
972 5537 1142 5603 Phil.,
1164 5552 1220 5606 ρ.
1241 5529 1367 5592 572'.

653 5541 776 5596 .bitu
800 5539 945 5596 beati
972 5537 1142 5603 Phil.,
1164 5552 1220 5606 ρ.
1241 5529 1367 5592 57Ξ.
1822 5531 1950 5614 εδδ.

13 5543 82 5614 (c)
113 5547 290 5600 Serm.
315 5544 384 5599 de
414 5532 510 5598 vit.
543 5551 600 5598 et
625 5541 776 5596 obitu
800 5539 945 5596 beati
972 5537 1142 5603 Phil.,
1164 5552 1220 5606 p.
1241 5532 1367 5592 572.
1738 5532 1792 5602 η)
1822 5532 1950 5600 Pag.
1995 5532 2121 5585 519.

13 5615 80 5684 (Γ)
109 5616 244 5672 Ibid.
1745 5619 1775 5656 ο
1826 5600 1984 5655 Tom.
2013 5598 2103 5665 IV,
2136 5597 2242 5653 col.
2273 5596 2403 5654 524.

13 5685 92 5816 iiii
119 5685 666 5815 ῗθῖιωῐιᾷθιοηῖίηῖἷῗῖ
696 5680 1208 5810 δδῖἇὲ’ἶ²ίῖἶῖξωοηι.
1274 5758 1406 5806 tom.
1437 5749 1531 5806 vn
1826 5670 2101 5809 13356.53?
2108 5707 2166 5810 ii.
2191 5739 2318 5797 190.

168 5775 198 5816 tt
241 5774 272 5813 e
321 5798 334 5812 .
420 5773 508 5813 om

37 5670 90 5755 ἓί)
111 5670 294 5744 Serm.
323 5685 392 5743 de
417 5685 666 5743 Ordinat.
696 5685 804 5750 sui,
826 5699 881 5754 p.
912 5680 1040 5755 554.
1437 5749 1504 5755 ___

655 5725 666 5738 .
696 5685 804 5750 sui,
826 5699 881 5754 p.
912 5680 1040 5755 554.
1437 5749 1529 5755 ____
1716 5670 1800 5755 (ρ)
1826 5671 1964 5755 ﬂag.
1995 5670 2122 5755 539.

39 5739 92 5827 "iii
121 5739 545 5830 ii'giieiifléiii.’
575 5755 689 5830 1v._
714 5739 1208 5830 Viaejinemom.
1274 5758 1406 5806 tom.
1437 5749 1531 5806 vn
1715 5739 1795 5816 (ἐι)
1826 5739 1990 5797 Num.
2024 5741 2079 5809 9,
2109 5739 2318 5810 p.190.

0 5825 58 5883 η.
76 5825 118 5885 '2
153 5825 218 5887 a'd
245 5829 358 5886 vn.
384 5828 440 5886 s.
472 5826 712 5892 Eusebii,
745 5843 799 5897 p.
824 5825 952 5880 772.

451 5924 732 5985 PATROL.
763 5919 911 5983 XII.
1811 5982 1817 5994 ,

1811 5982 1817 5994 ν
2580 5903 2663 5967 31ι
