3970 6408
381 199 390 203 ’
469 239 603 299 um
1749 229 2061 290 ssucws
2101 227 2575 288 PHILASTRIUS.
3586 229 3692 286 ton

463 358 523 412 S.
552 353 850 420 Philastrio
886 351 996 424 ξε,
1030 364 1086 406 ιι.
1117 350 1185 405 ll
1212 343 1322 421 (’a);
1351 355 1407 404 at
1430 363 1556 405 cum
1583 363 1682 404 nos
1714 364 1931 421 quoque
1960 347 2068 404 ini-
2095 353 2146 412 Α
2175 356 2277 402 late
2305 346 2490 401 Brixia
2522 349 2695 402 natals
2727 345 2788 402 S.
2825 345 3097 401 Philastrii
3120 345 3340 418 episcopi
3377 352 3421 399 et
3447 345 3695 415 confessoris

461 452 533 506 tia
582 449 876 506 Gaudentii
930 449 980 502 in
1031 461 1235 501 annum
1291 443 1420 510 557,
1475 459 1578 499 una
1637 459 1760 500 cum
1822 444 2070 510 Labbeo,
2175 441 2407 511 ejusdem
2435 439 2689 504 civitatis,
2741 439 2832 509 qui
2882 447 3088 506 quanta:
3129 439 3432 502 sanctitatis,
3472 439 3694 508 quantique

463 546 684 608 Vossio,
714 543 948 614 aliisque
973 541 1368 597 contulerimus
1393 538 1494 611 (ὁ),
1529 539 1777 609 profecto
1806 547 2072 608 expeten-
2174 532 2344 586 meriti
2366 531 2554 602 fuerit,
2588 533 2772 602 quibus
2793 531 2946 586 etiam
2973 531 3232 586 miraculis
3259 531 3438 586 claruit
3463 572 3477 596 ,
3503 529 3695 586 Gauden-

463 641 593 696 dum
624 641 784 703 foret,
826 646 887 691 ut
925 635 1147 692 certiori
1190 635 1372 704 aliquo
1400 633 1690 689 vetustatis
1732 631 2031 687 testimonit

2176 623 2278 676 tius
2321 625 2668 690 beatissimus,
2717 625 2951 693 ejusdem
3005 625 3223 678 civitatis
3265 624 3416 678 etiam
3459 625 3693 694 episcopus,

466 741 582 788 tum
628 731 754 785 anni
801 729 998 800 quibus
1040 726 1183 782 sedit
1208 725 1569 790 Philastrius,
1603 734 1714 779 tum
1745 723 1863 793 ejus
1892 723 2075 778 obitus
2175 715 2343 768 veraci
2365 717 2498 786 ston
2528 715 2763 789 digessit.
2799 715 2956 770 Plura
2986 716 3056 771 de
3084 715 3172 770 die
3197 715 3372 770 obitus
3400 714 3634 770 Philastrii
3658 717 3697 772 in

471 822 681 878 ﬁrmari
711 831 972 891 possent;
1001 819 1145 892 quod
1191 835 1314 874 cum
1348 833 1452 873 non
1496 825 1781 888 suppetat,
1812 815 1949 870 nihil
1995 825 2074 868 te-
2176 805 2327 862 Notis
2353 807 2420 862 ad
2443 806 2763 864 Sermonem
2790 807 3080 864 Gaudentii
3103 809 3171 864 de
3203 807 3500 876 Philastrio,
3534 825 3578 879 p.
3603 809 3696 866 571.

469 932 621 973 mere
666 913 1047 970 alﬁrmandum
1074 923 1160 968 est
1186 921 1280 966 aut
1312 910 1639 981 negandum.
1671 908 1831 964 Initia
1862 907 2077 978 episco-
2176 899 2332 955 Sedit
2358 915 2522 971 porro
2551 901 2875 957 Philastrius
2903 903 2957 958 in
2983 901 3115 958 sede
3162 902 3406 957 Brixiana
3445 911 3552 972 post
3575 903 3700 958 Faus-

472 1021 632 1084 patus
663 1008 950 1064 Philastrii
979 1005 1466 1063 conlertLabheus
1498 1003 1551 1058 in
1593 1019 1794 1058 annum
1839 1001 1946 1057 580
1974 1000 2072 1072 (e),
2179 995 2388 1060 tinum,
2444 995 2605 1066 eique
2649 997 2913 1052 successit
2966 995 3339 1063 Gaudentius,
3369 1006 3428 1050 ut
3474 995 3700 1066 perhibent

474 1120 596 1176 qua:
635 1101 854 1172 Faynus
895 1115 1041 1154 anno
1093 1098 1202 1154 554
1249 1098 1532 1166 assignat;
1582 1111 1757 1150 annus
1786 1109 1923 1148 vero
1967 1090 2076 1148 554
2177 1086 2420 1157 Catalogi
2448 1102 2639 1142 omnes
2668 1088 2974 1144 antistitum
3001 1088 3702 1160 Brixianorum,vocaturque

467 1195 612 1267 apud
643 1194 911 1250 Joannem
961 1192 1314 1247 Franciscum
1350 1189 1749 1244 Florentinium
1793 1187 1845 1241 in
1894 1184 2080 1241 Indice
2177 1194 2437 1236 sunmus
2467 1180 2665 1237 Brixiae
2695 1182 2988 1252 episc0pus
3041 1197 3072 1236 a
3121 1180 3412 1252 Ramperto
3434 1181 3526 1252 ως
3553 1196 3607 1236 ex
3627 1196 3700 1252 qua

466 1288 868 1358 Chronologico
895 1283 1215 1340 Autistitum
1246 1283 1628 1337 Brixianorum
1661 1279 1742 1351 (ά)
1787 1277 2079 1334 ascribitur
2181 1274 2392 1328 numeri
2422 1284 2548 1329 nota
2567 1289 2691 1330 cum
2718 1284 2827 1330 tota
2854 1275 3093 1346 pendeat
3119 1276 3259 1330 ratio
3277 1286 3423 1331 recte
3437 1275 3704 1330 constituen-

470 1379 732 1435 Faustino
779 1375 1058 1431 Philastrii
1106 1373 1406 1439 decessori,
1457 1372 1542 1426 cui
1573 1369 1791 1442 Faynus
1836 1369 1888 1423 in
1926 1367 2078 1424 Caelo
2181 1367 2374 1422 dorum
2401 1368 2784 1438 episcoporum
2814 1368 3045 1435 Brixiae,
3074 1379 3179 1424 tam
3209 1365 3596 1439 praecedentium
3615 1367 3704 1422 Phi-

468 1471 729 1527 Brixiano
758 1467 829 1541 (e)
868 1467 1089 1538 triginta
1119 1475 1174 1521 et
1199 1479 1266 1521 eo
1293 1463 1527 1532 amplius
1555 1475 1728 1516 annos
1753 1460 1899 1516 sedis
1925 1460 2080 1514 attri-
2181 1461 2405 1530 lastrio,
2434 1478 2596 1533 quam
2625 1463 2743 1534 ejus
2771 1478 3152 1519 successorum
3182 1506 3196 1529 ,
3246 1463 3370 1519 ideo
3398 1477 3487 1533 pro
3512 1477 3566 1518 ea
3591 1477 3707 1516 cons-

467 1563 606 1617 huit.
637 1562 824 1631 Itaque
856 1561 959 1615 hoc
1001 1567 1162 1629 pacto
1197 1555 1476 1612 Philastrii
1523 1556 1877 1625 episcopatus
1915 1552 2077 1623 juxta
2183 1562 2362 1609 tanter
2393 1555 2714 1623 retinenda,
2748 1556 2997 1627 quamvis
3031 1554 3266 1611 sufﬁciat
3291 1556 3566 1612 auctoritas
3589 1555 3707 1610 llam-

477 1656 873 1713 Florentinium
905 1668 1049 1708 anno
1073 1653 1181 1708 584
1207 1653 1503 1722 inceptus,
1533 1650 1622 1720 qui
1643 1649 1796 1719 juxta
1837 1647 2080 1719 Faynum
2183 1649 2359 1718 perti,
2395 1649 2501 1705 alia
2553 1649 2904 1705 nihilominus
2960 1659 3073 1704 tum
3126 1649 3466 1721 antiquitatis
3489 1648 3705 1720 sull‘ragia,

471 1763 616 1804 anno
643 1747 748 1802 585
778 1746 986 1810 ﬁnitus,
1018 1744 1178 1799 unico
1207 1754 1414 1798 tantum
1443 1758 1588 1797 anno
1617 1739 2073 1804 concluderetur;
2107 1749 2154 1809 Β
2183 1751 2295 1797 tum
2322 1741 2484 1796 etiam
2512 1733 2782 1798 rationum
2814 1753 3090 1800 momenta
3110 1743 3406 1814 diligenter
3423 1742 3708 1812 expendimus

471 1858 573 1899 nec
588 1840 938 1897 Philastrium
959 1837 1274 1908 episcOpum
1298 1851 1442 1891 anno
1462 1836 1560 1891 581
1591 1835 1642 1889 in
1662 1833 1897 1889 concilio
1913 1830 2081 1902 Aqui-
2181 1837 2236 1892 in
2261 1837 2590 1894 Ρτωῐθιίοηθ
2617 1839 2684 1892 ad
2707 1837 3064 1908 Rampcnum
3092 1838 3169 1912 (κ)
3188 1855 3381 1909 ,quam
3403 1838 3707 1900 aduncum;

469 1933 662 1991 leiensi
687 1930 966 1986 sedentem
986 1927 1556 1987 admitteret.lnversa
1578 1939 1825 1994 prorsus,
1857 1938 1921 1978 ac
1939 1921 2080 1976 male
2182 1930 2260 1986 uti
2287 1940 2342 1986 ει
2376 1931 2818 1986 Admonitionem
2873 1933 3132 2002 ρι-ωνίειηι
3165 1933 3217 1987 in
3248 1935 3520 2002 antiquum
3559 1929 3711 2001 Rhym.

471 2032 726 2082 concreta
746 2019 948 2077 omnia.
968 2019 1145 2074 Locus
1163 2015 1438 2072 Philastrii
1457 2014 1700 2070 occurrit
1721 2027 1844 2082 cap.
1877 2011 2000 2077 106,
2025 2010 2038 2064 i

2184 2037 2334 2076 mum
2377 2021 2447 2077 de
2493 2022 2824 2091 Philastrio,
2852 2036 2904 2094 p.
2930 2021 3057 2079 575.
3116 2022 3258 2078 Num
3290 2038 3418 2079 vero
3460 2022 3710 2078 Philastrius

471 2132 580 2187 quo
597 2129 718 2170 cum
732 2113 898 2179 dicat,
929 2109 1333 2180 quadringentos
1354 2109 1471 2179 jam
1493 2106 1609 2174 plus
1626 2120 1789 2158 annos
1811 2103 2039 2157 transisse

2183 2114 2440 2186 Martyris
2489 2117 2711 2172 nomine
2765 2117 3072 2172 censendus
3099 2118 3199 2184 sit,
3254 2129 3316 2173 ut
3362 2119 3527 2189 placet
3563 2131 3710 2186 nupera

474 2226 540 2264 ex
568 2223 669 2278 quo
694 2206 829 2261 venit
859 2203 1143 2266 Dominus,
1175 2210 1326 2270 atque
1374 2198 1683 2266 completos,
1713 2195 1944 2250 fortasse
1985 2195 2042 2250 all

2183 2210 2412 2264 Gavanti
2481 2210 2717 2266 additori
2769 2210 2880 2282 (ι),
2928 2211 3393 2282 quemadmodum
3437 2209 3710 2274 Numidicus,

474 2302 561 2357 cui
616 2298 787 2354 videri
836 2297 1012 2371 possit
1058 2293 1339 2350 Philastrii
1390 2300 1608 2348 :etatem
1673 2289 1818 2344 ultra
1875 2295 2042 2345 exitur

2185 2300 2558 2374 Euthychius,
2607 2303 2911 2359 Sosthenes
2947 2303 3068 2376 (ιιι),
3099 2303 3328 2376 aliique,
3355 2319 3484 2375 quos
3509 2309 3713 2357 tormenta

474 2390 656 2463 quarti
682 2389 868 2444 saeculi
901 2401 1026 2442 esse
1056 2382 1485 2456 perducendam.
1521 2384 1731 2438 Atcum
1757 2389 1970 2436 certum
2012 2395 2038 2435 s

2184 2396 2315 2450 olim
2345 2407 2636 2466 expertos,
2675 2406 2890 2452 constat
2922 2398 3156 2453 naturali
3187 2397 3448 2468 deinceps
3487 2404 3632 2452 morte
3653 2394 3716 2448 de-

473 2481 825 2539 Philastrium
856 2480 1063 2535 obiisse
1095 2477 1386 2532 Ambrosio
1430 2476 1748 2546 superstite,
1798 2475 1891 2544 qui
1938 2491 2041 2529 ann

2185 2489 2460 2544 cessisse:
2486 2503 2611 2544 eum
2644 2489 2960 2560 neutiquam
2990 2489 3094 2545 hoc
3127 2489 3288 2545 titulo
3331 2505 3363 2544 a
3416 2485 3717 2558 Martyrologis

475 2576 581 2632 597
629 2576 738 2630 vita
782 2574 983 2636 cessit;
1029 2571 1173 2642 quod
1204 2569 1421 2641 quidem
1462 2584 1529 2624 ex
1560 2568 1867 2623 Gaudentio
1911 2571 2043 2622 man

2185 2581 2517 2652 appelletur,
2551 2598 2728 2653 neque
2756 2583 2860 2638 sub
2909 2584 3012 2638 hoc
3049 2584 3200 2639 cultu
3262 2582 3504 2639 Brixiana
3538 2579 3717 2636 Ecclesia

472 2669 613 2725 teste
641 2675 878 2732 constat,
914 2665 1002 2720 hic
1029 2664 1235 2720 etenim
1282 2664 1460 2718 factus
1488 2665 1778 2733 episcopus
1805 2662 1984 2718 Serm.
2014 2661 2040 2715 d

2185 2690 2311 2730 eum
2337 2675 2602 2741 honoret,
2635 2675 2687 2729 in
2711 2675 2893 2730 medio
2920 2675 3194 2746 relinquo.
3223 2675 3486 2745 Sepultus
3504 2681 3573 2728 est
3586 2681 3716 2726 autem

475 2758 728 2816 Ordinat.
772 2757 857 2814 sui
884 2755 1230 2811 Ambrosium
1263 2764 1586 2826 praesentem
1631 2753 1930 2824 alloquitur
1961 2752 2031 2825 (ι’)

2185 2783 2290 2823 una
2321 2781 2444 2822 cum
2473 2767 2593 2837 ejus
2618 2767 2798 2838 ligneo
2829 2768 2962 2823 lituo
2982 2810 2996 2834 ,
3022 2783 3118 2824 seu
3141 2767 3344 2824 baculo
3365 2765 3619 2839 pastorali,
3644 2761 3718 2833 _qui

478 2859 702 2922 oportet
718 2857 811 2904 aut
835 2848 1012 2903 locum
1038 2847 1188 2902 illum
1213 2861 1334 2902 esse
1347 2855 1689 2915 corruptum,
1706 2844 2046 2914 supplendun

2185 2861 2482 2916 etiamnum
2512 2860 2564 2914 in
2595 2859 2854 2915 thesauro
2885 2860 3144 2917 Ecclesia:
3170 2860 3442 2916 Brixiana:
3459 2866 3717 2918 asscmtur,

475 2959 584 3013 que
607 2940 926 2996 utFabricio
948 2939 1152 3008 placuit
1171 2937 1272 3008 (μ),
1295 2937 1692 3010 quadringentos
1703 2943 1823 3004 jam
1850 2936 1967 3006 plus
1988 2952 2043 2990 m:

2186 2953 2264 3006 uti
2292 2967 2356 3007 ex
2386 2949 2661 3024 Capreolo
2690 2952 2785 3008 lib.
2823 2969 2878 3008 ιιι
2903 2953 3043 3008 Hist.
3072 2953 3229 3008 Brix.
3268 2952 3433 3010 tradit
3459 2953 3597 3008 etiam
3630 2948 3720 3004 Fer-

476 3049 782 3098 nusannos;
814 3032 898 3087 vel
922 3031 1275 3086 Philastrium
1307 3044 1412 3083 non
1437 3027 1729 3083 admodum
1753 3037 1962 3094 exacte,
1989 3027 2083 3084 sed
2189 3045 2366 3100 rarius
2397 3047 2451 3100 in
2479 3044 2742 3116 Camlogo
2769 3046 2869 3104 ss.
2898 3046 3066 3102 mum
3104 3046 3216 3118 (ﬂ);
3245 3064 3371 3119 qua,
3401 3045 3652 3102 novissime
3671 3055 3719 3097 ex

476 3145 576 3200 ιιετ
602 3127 817 3192 αὔξησιν
846 3125 1090 3180 loculum
1133 3137 1258 3178 esse
1280 3164 1296 3189 ν
1327 3135 1728 3191 numerumque
1753 3121 2083 3190 completum
2114 3141 2160 3206 C
2189 3139 2530 3195 Florentinio
2554 3141 2606 3194 in
2631 3138 2814 3195 Indice
2829 3139 3231 3212 Cbronologico
3250 3136 3722 3196 Antistitumllrixia—

482 3237 582 3291 pro
603 3217 938 3287 incompleto
961 3216 1234 3286 posuisse.
1254 3214 1422 3269 Recte
1444 3213 1607 3284 igitur
1627 3213 1696 3267 ab
1717 3212 1909 3268 eodem
1927 3211 2086 3268 Joan.
2193 3248 2387 3288 norum
2417 3273 2431 3297 ,
2459 3248 2512 3287 ν,
2547 3232 2620 3287 ει.
2652 3232 2978 3289 Guiliclmus
3008 3231 3267 3302 Cupems
3309 3234 3488 3290 rem“,
3525 3231 3570 3286 in
3604 3229 3721 3284 Com.

486 3313 713 3368 Alberto
744 3307 994 3364 Fabricio
1027 3309 1083 3362 in
1111 3305 1465 3362 Testimoniis
1492 3304 1560 3360 de
1581 3304 1897 3371 Philastrio,
1929 3305 2094 3362 casti-
2195 3325 2524 3381 memmium
2552 3325 2623 3380 de
2649 3324 2706 3382 δ,
2756 3324 3071 3394 Ριιίιεειτίο,
3125 3325 3333 3382 Brixia,
3362 3325 3594 3397 episcopo
3627 3319 3721 3393 μ’

484 3414 646 3477 gatur
692 3403 931 3458 Thomas
974 3397 1256 3456 Malvenda
1283 3441 1297 3464 ,
1342 3400 1674 3470 perspicuum
1717 3400 1956 3468 sphalma
1990 3400 2052 3454 Ba

2196 3433 2250 3472 ιι.
2298 3418 2366 3472 16
2395 3415 2497 3488 (ο),
2530 3433 2638 3488 quo
2670 3419 2721 3472 in
2747 3417 2868 3473 loco
2900 3418 3094 3475 Sermo
3119 3418 3402 3490 Ramperti
3441 3420 3504 3474 de
3537 3413 3723 3472 Transla-

486 3497 633 3554 ronii
657 3510 882 3562 vocans,
908 3495 1051 3565 quod
1074 3509 1141 3550 ex
1171 3491 1434 3564 praedicto
1471 3491 1756 3548 Gaudentii
1787 3494 2054 3550 Sermone

2197 3510 2345 3564 tione
2371 3508 2645 3565 l’hilastrii
2664 3551 2680 3578 ,
2730 3526 2801 3566 ex
2832 3510 3088 3567 Patavina
3114 3511 3361 3570 editione
3383 3514 3501 3568 anni
3527 3509 3638 3567 17Ξο
3667 3506 3723 3561 di-

486 3590 839 3646 Philastrium
868 3587 1166 3657 superstite
1195 3585 1372 3641 adhuc
1395 3585 1688 3640 Ambrosio
1716 3585 1918 3642 obiisse
1946 3585 2096 3641 afﬁr-
2195 3602 2427 3675 "gemet
2474 3603 2798 3660 emendams
2843 3613 2899 3660 ει
2952 3605 3286 3674 musmms,
3319 3607 3494 3662 denuo
3541 3602 3725 3671 νηιεηιυε

489 3692 631 3749 met;
665 3696 789 3736 cum
833 3679 1054 3734 aliunde
1099 3679 1268 3734 etiam
1315 3677 1590 3732 ructaverit
1619 3677 1764 3732 idem
1815 3677 2096 3736 Fabricius
2197 3706 2300 3751 εει,
2326 3695 2504 3751 Locus
2528 3696 2827 3767 sepultum
2857 3696 2928 3751 ad
2970 3697 3224 3753 sanctum
3256 3699 3547 3760 Andream.
3575 3706 3725 3750 mmo.

483 3775 687 3830 librum
717 3772 782 3826 de
812 3770 1110 3826 Ilteresibus
1151 3785 1180 3825 a
1226 3769 1520 3824 Philastrio
1566 3771 1938 3842 conscriptum
1969 3783 2096 3826 ante
2196 3795 2349 3842 ram,
2377 3787 2432 3842 in
2459 3788 2670 3844 duobus
2697 3787 2858 3844 codd.
2893 3804 3024 3844 mss.
3059 3789 3338 3846 arma“,
3362 3788 3611 3852 Ecclesia,
3636 3797 3727 3855 quo.

485 3867 1135 3936 Parmenialliﬂorlem:
1169 3863 1274 3919 Ῑιοε
1317 3872 1405 3919 θεῖ
1449 3873 1578 3919 ³³³⁸⁸
1605 3879 1806 3918 annum
1838 3864 1936 3921 59‘
1970 3864 2049 3938 (Ῑι)
2079 3883 2093 3920 ε
2198 3895 2317 3934 rum
2331 3888 2644 3950 excerptum
2661 3881 3061 3950 protulimusad
3077 3883 3404 3939 Sermonem
3419 3875 3727 3951 Rampertiﬁv);

493 3962 724 4032 ideoque
751 3959 858 4015 dici
901 3975 1009 4015 non
1043 3973 1204 4029 posse
1249 3972 1278 4011 a
1309 3957 1603 4012 Philastrio
1641 3957 1768 4012 dum
1799 3973 1924 4013 eum
1967 3973 2061 4014 con

2198 3973 2568 4029 cathedralem
2627 3989 2793 4044 porro
2847 3975 2910 4031 S.
2951 3976 3175 4030 Andrea:
3203 3977 3496 4033 ecclesiam
3530 3975 3728 4030 memorat

491 4057 781 4120 scriberet,
809 4053 1215 4124 quadringentos
1237 4054 1356 4122 jam
1383 4050 1498 4122 plus
1531 4067 1695 4106 annos
1729 4051 2008 4118 transisse,
2034 4068 2099 4107 ea:
2200 4063 2486 4121 Μδινειίυε
2516 4063 2721 4121 Chron.
2754 4066 2887 4122 ἀίει,
2914 4068 2986 4134 5’
3027 4082 3078 4123 ο,
3108 4069 3170 4124 η
3198 4111 3214 4136 ν
3267 4078 3324 4126 ει
3354 4069 3482 4124 dist.
3525 4066 3582 4136 4,
3619 4080 3656 4120 ε,
3690 4061 3727 4124 δ,

494 4169 594 4222 quo
619 4150 751 4205 venit
779 4148 1054 4214 Dominus,
1080 4156 1233 4216 atque
1260 4145 1561 4216 completos.
2201 4173 2313 4228 quo
2359 4175 2426 4215 ex
2479 4159 2600 4216 loco
2629 4177 2844 4216 sacrum
2892 4161 3172 4218 Philastrii
3206 4177 3408 4234 corpus
3437 4173 3540 4219 tum
3559 4160 3730 4232 primum

566 4245 658 4302 12.
701 4245 777 4298 De
802 4242 891 4298 die
917 4241 1096 4296 obitus
1123 4239 1402 4294 Philastrii
1430 4254 1529 4294 nos
1555 4239 1813 4296 dubitare
1833 4255 1940 4296 non
1972 4240 2103 4296 sinit
2200 4252 2524 4308 translatum
2584 4253 2753 4310 fuisse
2781 4269 2812 4308 a
2842 4253 3140 4326 Ramperto
3159 4297 3178 4324 ,
3226 4256 3466 4313 Brixiani
3509 4253 3732 4324 scriptores

493 4338 861 4402 Gaudentius;
903 4337 981 4390 θῖι
1025 4349 1222 4405 nempe
1265 4333 1328 4405 (ί)
1355 4349 1372 4388 -'
1403 4334 1802 4400 Ωιιίηιοάθεὶηιο
1849 4335 2101 4390 Ιιαίεηάα·
2203 4352 2491 4400 testantur.
2529 4345 2704 4403 Verba
2728 4347 3052 4404 Florentinii
3080 4348 3200 4404 haec
3235 4359 3369 4406 sunt
3393 4350 3503 4421 (q):
3532 4347 3639 4418 Ejus
3655 4358 3734 4397 cor-

497 4451 614 4489 rum
646 4433 994 4502 Augustarum
1019 4429 1162 4483 exuit
1211 4427 1501 4494 hominem,
1532 4443 1640 4498 quo
1665 4428 1828 4498 plane
1851 4429 1940 4484 die
1970 4429 2102 4484 Phi-
2203 4454 2302 4508 pus
2330 4454 2468 4493 anno
2490 4438 2596 4496 858
2626 4455 2661 4493 v
2689 4441 2807 4495 idus
2836 4441 3055 4513 Aprilis,
3087 4460 3122 4497 a
3167 4442 3233 4500 S.
3258 4445 3482 4500 Andrea:
3502 4452 3629 4496 antro
3649 4437 3732 4492 abs-

497 4528 676 4584 lastrii
725 4524 1044 4580 memoriam
1093 4521 1344 4578 recolunt
1411 4520 1856 4592 Martyrologium
1902 4521 2100 4578 Roma-
2126 4538 2181 4600 Ῑ)
2205 4540 2372 4597 truso,
2406 4532 2493 4586 ubi
2512 4533 2817 4604 quingentos
2847 4535 3008 4604 ferme
3034 4553 3200 4592 annos
3230 4538 3487 4606 latuerat,
3533 4552 3621 4591 una
3653 4545 3732 4586 cun

499 4636 654 4685 num,
686 4617 1026 4688 Maurolyeus
1049 4657 1064 4682 ,
1115 4613 1430 4671 Galesinius
1451 4655 1465 4678 ,
1518 4614 1720 4685 aliique
1759 4617 2100 4674 recentiores
2210 4627 2324 4692 eius
2349 4625 2480 4695 pedo
2509 4625 2709 4696 ligneo,
2739 4627 2792 4681 in
2813 4628 3109 4684 euthedrale
3131 4632 3382 4700 templum
3412 4622 3733 4685 hicmaleillsd,

499 4711 874 4785 Martyrologi.
926 4710 1064 4764 Male
1113 4707 1524 4763 Nomenclatura
1573 4708 1859 4764 ductorum
1911 4710 2105 4784 Cangii
2216 4719 2301 4772 cui
2348 4729 2526 4789 postea
2571 4721 2994 4792 supera’diﬁcala
3039 4734 3117 4778 est
3159 4725 3380 4779 ecclesia
3405 4739 3513 4795 qua:
3539 4722 3733 4778 Romam

498 4803 777 4861 Glossario
798 4801 1112 4872 praeposita,
1138 4797 1413 4854 Philastrii
1431 4800 1637 4855 obitum
1671 4801 1848 4870 primo
1876 4802 2062 4874 Augus

2204 4812 2360 4881 vulgo
2391 4811 2604 4879 dicitur,
2637 4813 2951 4868 translatum
2971 4825 3067 4870 est.
3117 4817 3268 4871 Alias
3301 4815 3563 4871 Philastrii
3585 4812 3732 4868 Trans-

499 4895 777 4966 assignat;
810 4907 933 4947 cum
965 4890 1170 4959 alioqui
1219 4905 1421 4945 annum
1471 4891 1827 4948 emortualem
1859 4895 1967 4951 587
1994 4912 2104 4953 una
2203 4902 2440 4959 lationes
2465 4914 2688 4960 enarrat
2726 4905 2872 4962 idem
2903 4908 3149 4978 Cuperus
3177 4909 3465 4965 memorati
3495 4907 3733 4964 Commen-

503 5004 629 5043 cum
652 4985 869 5042 caeteris
895 4992 1119 5038 statuat.
1149 4982 1219 5052 λιιι
1263 4982 1651 5055 Martyrologio
1681 4985 1971 5044 Alexandri
2005 4991 2109 5049 Pe-
2202 4996 2327 5051 tarii
2353 4996 2422 5052 de
2449 4996 2508 5052 S.
2544 4997 2842 5054 Philastrio
2871 5000 2898 5070 ᾗ
2941 4999 3008 5067 2,
3057 5017 3113 5056 ιι.
3144 5002 3212 5058 16
3255 5003 3330 5074 (r)
3355 5045 3369 5069 ,
3394 5001 3626 5074 quoniam
3643 5005 3734 5050 vero

501 5079 706 5148 regrini
724 5078 820 5164 die
851 5076 918 5131 18
945 5076 1072 5131 Julii
1105 5075 1171 5131 de
1190 5075 1484 5132 Philastrio
1506 5075 1624 5133 ιιωο
1647 5078 1936 5151 leguntur:
1969 5083 2105 5140 Civi-
2199 5088 2366 5161 lignei
2395 5090 2606 5160 baculi,
2653 5108 2751 5149 seu
2779 5095 2900 5164 pedi
2926 5096 3071 5166 quod
3093 5112 3196 5152 una
3223 5112 3350 5154 cum
3376 5095 3626 5154 Philastrii
3653 5105 3736 5148 cor-

576 5191 654 5287 sa
690 5193 848 5287 eu.-
878 5190 1287 5287 {uss-Aur:
1307 5206 1367 5287 ιο
1395 5192 1524 5287 δερ·

2388 5207 2661 5287 §erdee
2686 5209 2900 5269 Transl.
2921 5212 3216 5282 Philastrii,
3243 5230 3299 5287 p.
3333 5215 3474 5274 39l.‘

690 5262 851 5348 grief.
875 5263 950 5348 ᾖα
978 5258 1362 5348 Gaudentium,
1389 5281 1443 5319 ιι.
1465 5262 1522 5317 4.

1117 5258 1362 5348 letitium,
1389 5281 1443 5319 ιι.
1465 5262 1522 5317 4.

574 5332 1454 5422 εειΞρξι.;ιιοεμυτβι,ιο,.ί.ίηε
1542 5408 1625 5422 κη
1710 5420 1718 5422 _
2278 5332 3553 5422 ξι)’,Τ‹ιι“ἧ.Ῑίξ⁷ιι.559,ε‹ιιι.ιιοιηεητειιδε.

695 5396 1075 5539 ξὲἓιὶεξόῗιιιωι
1100 5403 1558 5462 Bartholomaeum
1585 5408 1910 5482 Fontanam,
1936 5415 2094 5473 16H.

601 5547 646 5611 f)
686 5541 815 5610 Pag.
848 5542 973 5597 554.

2090 5461 2094 5472 ,
2273 5396 2369 5490 ut.)
2391 5396 3658 5503 may-urna;'9:“xag:,“;r2:.t;§°s'm

2273 5491 2356 5564 (η)
2397 5491 2493 5548 Dte
2526 5494 2594 5550 18
2612 5493 2764 5550 Julii.

2274 5565 2348 5611 lol
2387 5562 2546 5611 Tom-
2576 5565 2641 5611 IV
2664 5565 2794 5611 Julii
2827 5569 3002 5611 n.32'l

601 5491 651 5611 F;
686 5491 821 5594 ἓξὲξ·
858 5491 951 5580 ΖΨ·
2273 5491 2356 5564 (ιι)
2397 5491 2493 5548 Die
2526 5491 2594 5550 f8
2612 5493 2794 5578 Julii.”
2967 5491 2976 5495 ⁷

603 5612 651 5638 η.
695 5556 815 5638 mli
848 5542 1090 5638 ﬁt-..
1602 5624 1617 5638 .
1937 5629 1977 5638 _
2019 5629 2024 5634 .
2274 5565 2351 5638 to).
2387 5562 2546 5638 T_0m-
2573 5565 2794 5638 lVJulu
2826 5569 3023 5638 p-587-

847 5570 1094 5680 Silii-mm
1121 5616 1310 5673 ordine
1341 5630 1520 5678 notam
1551 5624 1620 5681 ad
1649 5641 1773 5699 cap.
1793 5629 2087 5688 106.Ειιιτ.
2387 5570 2794 5693 ,ἕὲῗέιιῖιΐὲἐιῗ
2826 5570 3023 5695 pit-ﬁl
3107 5645 3176 5702 38

570 5685 588 5754 (
628 5687 652 5754 Δ)
688 5679 814 5754 ἕλοιο
840 5681 910 5754 ξς
927 5697 1095 5754 mm).
1121 5687 1190 5742 85
1216 5691 1423 5747 el106.
2275 5706 2350 5754 tal
2392 5706 2554 5754 Index
2578 5655 2854 5754 unmmlr3
2872 5712 2924 5754 in
2950 5645 3232 5754 ιιίιξῖζεινῗιῖ

579 5679 652 5762 [19)
688 5679 814 5734 Not.
840 5679 907 5733 ard
936 5697 1095 5754 capp.
1121 5687 1190 5742 85
1216 5699 1273 5744 et
1298 5691 1449 5764 106.-
1594 5679 1617 5681 ”
1657 5679 1771 5699 ’⁷⁷⁷
1796 5679 2087 5688 ’⁷⁷’“”“’

579 5751 646 5826 (ι)
687 5751 814 5823 Pag.
843 5750 968 5806 an.

2275 5679 2357 5847 ξῆί
2391 5679 3257 5793 ῐιὶῖιέῐὲιῖἔόἦρῗῗίῖἰῆιἷίὲέῧῖὸ.

2301 5775 2350 5846 r)
2388 5775 2544 5836 Tom.
2573 5779 2643 5836 IV
2665 5780 2816 5847 Julu,
2847 5796 2902 5847 ιι.
2923 5784 3051 5843 587.

2301 5775 2350 5846 r)
2388 5775 2544 5836 Tom.
2573 5779 2643 5836 IV
2665 5780 2816 5852 Julii,
2845 5796 2902 5855 p.
2923 5784 3051 5843 587.

2423 5891 3848 6408 -τΔ
