3716 6322
25 277 59 331 5
1100 277 1161 333 P.
1201 276 1492 338 GALEARI

1100 277 1161 333 P.
1201 276 1557 338 GALEARDI
1598 277 1989 340 ΡΒΛΕΡΑΤΙΟ.

3085 293 3111 348 1
3119 293 3225 352 074

25 405 59 446 e
81 389 364 446 inventum
390 399 507 456 est,
534 391 740 446 mentio
759 390 972 459 incidit,
1006 405 1112 447 non
1140 391 1376 448 alienum
1401 402 1529 462 puto
1555 397 1611 458 Α
1636 402 1695 450 ut
1713 411 1832 450 eam
1857 395 2368 468 lnterpretationem
2397 401 2692 461 Philastrio
2732 405 3068 475 tribuerent;
3095 411 3225 480 quin

61 485 184 539 loco
239 497 508 540 anuotare
564 485 815 540 baculum
869 485 1013 540 hunc
1064 499 1187 546 esse
1237 486 1518 557 ligneum,

26 591 84 630 te
111 575 164 630 in
188 577 427 642 vertice,
450 577 537 632 vel
560 578 878 633 summitate
916 591 1242 643 recurvum;
1297 577 1521 648 ejusque

25 684 143 724 ema
172 670 426 726 eamdem
451 669 678 741 figuram
708 671 1117 742 referre,quam
1146 687 1216 726 ex
1234 668 1522 726 Casinensi

25 806 36 818 .
73 765 367 822 delineavit
416 765 850 823 Montfauconius
876 769 1045 824 Diarii
1078 767 1248 824 Italici
1291 785 1344 839 p.
1392 767 1520 823 525.

29 861 183 916 ulum
217 862 548 931 pastoralem
598 862 661 916 Ι).
695 862 1023 932 AuguStini,
1069 877 1174 917 una
1232 877 1354 919 cum
1404 862 1522 932 ejus

25 969 151 1009 )ore
177 970 248 1011 ex
281 955 466 1012 Africa
497 956 550 1011 iu
581 955 886 1013 Sardiniam
917 958 1239 1014 translatum
1267 1001 1282 1024 ,
1317 973 1524 1013 memo-

26 1047 306 1104 Baronius
329 1063 422 1103 an.
449 1046 557 1104 504
585 1049 688 1120 (a),
720 1065 786 1105 ex
815 1065 923 1122 quo
951 1059 1179 1122 apparet
1207 1049 1519 1120 hujusmodi

26 1140 152 1198 ήλια
201 1154 308 1194 una
336 1155 461 1195 cum
490 1141 874 1211 episcoporum
912 1142 1237 1213 corporibus
1270 1142 1524 1197 tumulati

25 1244 116 1299 ta;
152 1232 411 1304 idemque
440 1234 621 1304 prodit
657 1233 919 1304 Ughellus
947 1237 999 1289 in
1029 1233 1525 1291 Mediolanensibus

25 1328 348 1400 tiepiscopis
379 1327 493 1400 (ὁ),
521 1329 612 1385 ubi
661 1345 727 1385 ex
779 1329 1046 1386 Puricello
1095 1339 1281 1385 narrat
1323 1343 1525 1399 corpus

25 1419 159 1475 elmi
189 1421 624 1493 archiepiscopi,
648 1422 741 1492 qui
769 1422 906 1478 vixit
929 1423 994 1478 ad
1017 1439 1219 1479 annum
1243 1422 1375 1489 822,
1417 1439 1523 1476 una

54 1515 170 1586 ejus
193 1514 381 1571 baculo
409 1515 582 1586 ligneo
602 1558 616 1581 ,
645 1516 712 1571 ad
740 1516 882 1572 latus
911 1517 1186 1581 dextrum,
1214 1516 1525 1587 aunuloque

25 1617 250 1679 trgeuto
278 1620 584 1679 gemmato,
635 1619 690 1666 et
729 1618 954 1678 aurato,
1004 1609 1172 1666 fuisse
1217 1612 1521 1668 inventum.

26 1718 67 1757 ιι
92 1703 279 1760 obitus
308 1702 587 1758 Philastrii
614 1702 914 1759 solemnem
939 1704 1069 1759 olim
1091 1702 1364 1759 Brixianis
1389 1702 1526 1758 civi-

1624 485 1806 556 potius
1836 497 1966 543 tom.
2001 489 2045 544 II
2087 491 2441 549 Bibliotheca:
2493 494 2596 550 PP.
2633 511 2752 568 pag.
2784 496 2856 553 I6
2877 541 2892 564 ,
2917 499 3005 555 ubi
3029 500 3223 556 Latina

1625 579 1715 634 illa
1736 579 2116 652 Interpretatio
2155 587 2352 642 iterum
2380 587 2522 643 edita
2555 600 2668 657 est,
2718 607 2886 661 pauca
2917 593 3034 648 haec
3083 609 3225 665 prae-

1625 673 1934 743 mittuntur,
1980 693 2102 748 quae
2140 695 2256 736 rem
2307 696 2526 738 omnem
2568 683 2621 737 in
2681 693 2872 754 aperto
2896 686 3220 742 collocant:

1625 764 1752 822 Cum
1789 768 1844 822 in
1889 767 2164 826 Philastrii
2191 774 2420 847 episcopi
2469 774 2757 833 Brixiensis
2785 779 3025 835 volumen
3069 797 3168 835 ms.
3200 798 3228 836 e

1627 861 1922 918 Corbeiensi
1944 869 2250 921 monasterio
2271 869 2532 925 incidisset
2562 873 2844 942 aliquando
2869 874 2936 930 Β.
2969 874 3036 930 P.
3074 875 3228 950 Hugo

1628 952 1932 1021 Menardus,
1961 954 2148 1011 ibidem
2173 960 2404 1028 proxime
2433 972 2549 1032 post
2579 963 2878 1033 Epistolam
2900 964 3233 1022 Tertulliani

1625 1047 1691 1100 de
1718 1047 1844 1101 cibis
1862 1045 2100 1104 Judaicis
2117 1090 2131 1115 ,
2155 1049 2416 1108 Barnabas
2445 1056 2649 1111 nomine
2677 1057 2977 1130 insignitum
3006 1058 3226 1129 Episto-

1628 1140 1759 1210 Iam,
1793 1159 1896 1196 una
1921 1158 2036 1196 cum
2065 1142 2254 1200 Jacobi
2276 1144 2523 1214 Apostoli
2566 1149 2815 1218 Epistola
2868 1151 3225 1222 deprehendit.

1626 1235 1811 1306 Itaque
1839 1237 1890 1292 iu
1917 1253 1984 1293 eo
2005 1239 2129 1294 cod.
2160 1240 2312 1310 plura
2331 1239 2602 1312 Opuscula
2654 1245 2996 1302 diversorum
3028 1250 3232 1303 Aucto-

1630 1343 1747 1383 rutn
1796 1329 1959 1384 simul
2015 1331 2244 1387 collecta
2293 1334 2612 1401 exstabant;
2665 1352 2894 1408 quorum
2950 1339 3225 1411 primum,

1629 1436 1829 1492 nempe
1879 1423 2017 1480 liber
2057 1425 2121 1479 de
2161 1424 2459 1481 eresibus
2503 1443 2626 1484 cum
2699 1429 2979 1488 Philastrii
3032 1450 3232 1490 nomen

1629 1513 1956 1584 prteferret,
1985 1515 2147 1572 facile
2177 1517 2352 1573 eidem
2383 1519 2676 1575 Philastrio
2715 1522 2878 1578 etiam
2910 1523 3101 1580 Latina
3141 1526 3233 1580 illa

1630 1606 2018 1679 Interpretatio
2043 1626 2163 1681 qua:
2196 1613 2436 1668 auctoris
2466 1615 2688 1671 nomine
2717 1615 2950 1674 fortasse
2979 1621 3230 1689 carebat,

1633 1701 1834 1755 tributa
1860 1711 1973 1767 est;
2005 1717 2189 1757 verum
2210 1703 2278 1759 de
2303 1705 2406 1760 hoc
2431 1705 2570 1760 infra
2591 1748 2606 1773 ,
2644 1722 2766 1762 cum
2815 1709 2974 1764 nobis
2998 1711 3066 1765 de
3105 1707 3240 1767 Cor-

75 1796 248 1852 iuisse
269 1837 284 1862 ,
347 1797 644 1852 ostendunt
699 1797 1012 1853 testimonia
1076 1797 1398 1863 Gaudentii,
1459 1813 1523 1854 ac
1555 1801 1602 1861 Β
1629 1793 1950 1850 beiensims.
1979 1797 2313 1852 exiustituto
2336 1798 2665 1869 loquendum
2689 1802 2791 1855 erit
2824 1801 2924 1873 (g).
2945 1802 3236 1860 Meuardus

25 1904 144 1961 upei
162 1891 243 1957 ti,
301 1905 528 1961 quorum
580 1891 730 1961 prior
761 1891 835 1962 (ε)
879 1890 1268 1962 quatuordecim
1292 1895 1409 1965 jam
1436 1908 1528 1963 per

30 2000 86 2036 os
112 1983 456 2037 solemnitatis
482 1983 640 2055 hujus
665 1984 861 2040 cultum
909 2000 968 2040 se
1015 1999 1308 2040 renovasse
1360 1986 1525 2051 dicit;

26 2092 59 2130 r
88 2091 220 2132 vero
244 2075 534 2132 Brixianos
574 2077 865 2148 episcopos
902 2077 1181 2134 Philastrii
1237 2094 1527 2135 successo-

59 2167 168 2239 (d),
221 2168 357 2223 diem
402 2168 648 2223 transitus
677 2171 792 2240 ejus
823 2179 1121 2225 venerantes
1143 2213 1158 2236 ,
1208 2180 1530 2227 reverenter

25 2275 265 2327 iurasse,
299 2259 364 2314 ab
391 2261 530 2315 omni
559 2271 762 2315 terreno
793 2278 947 2332 opere
993 2260 1318 2318 Brixiensem
1358 2281 1528 2334 popu-

26 2353 313 2408 :abstinere
331 2356 568 2426 jubentes
593 2372 612 2409 :
641 2371 833 2411 verum
857 2357 1034 2412 cultus
1062 2357 1529 2429 hujusmodijam-

25 2445 134 2501 lein
169 2445 473 2513 obsolevit;
516 2447 626 2503 imo
671 2447 859 2504 titulus
879 2463 1094 2520 quoque
1131 2450 1384 2519 patroni,
1433 2452 1526 2521 qui

25 2556 31 2592 ι
63 2538 364 2594 Philastrio
391 2581 406 2606 ,
438 2549 548 2594 tum
592 2541 886 2611 Apollonio
914 2541 1118 2597 dudum
1177 2542 1339 2598 tribui
1371 2544 1517 2600 sole-

47 2632 150 2706 (e),
180 2631 376 2690 iisdem
399 2633 594 2690 ascribi
616 2633 814 2690 desivit
837 2651 852 2690 :

25 2767 236 2820 l‘antum
257 2772 349 2822 avi
372 2770 635 2836 longinqua
657 2770 790 2824 valet
810 2781 1002 2824 mutare
1026 2781 1264 2825 vetustas.

31 2920 88 2975 3.
136 2917 342 2975 Praeter
366 2918 560 2975 librum
602 2921 667 2975 de
687 2919 984 2976 Hieresibus
1001 2936 1030 2976 a
1049 2921 1345 2978 Philastrio
1371 2936 1532 2977 cons-

26 3022 205 3079 itum,
241 3012 499 3067 nonnulla
525 3012 634 3068 alia
665 3012 840 3068 eidem
872 3015 1207 3079 tribuuntur,
1249 3030 1369 3084 qua:
1398 3013 1528 3070 Plii-

25 3108 180 3159 .rium
212 3112 488 3160 auctorem
521 3105 745 3161 minime
768 3115 1102 3176 agnoscunt;
1147 3121 1346 3178 nempe
1371 3115 1531 3163 vetus

1632 1897 1782 1942 certe
1803 1889 1893 1958 qui
1915 1888 2304 1945 Corheiensem
2327 1891 2449 1945 cod.
2482 1894 2866 1960 contrectavit,
2897 1903 3060 1965 atque
3083 1909 3148 1950 ex
3171 1910 3240 1952 eo

1632 1982 1880 2039 Latinam
1933 1985 2079 2038 illam
2138 1985 2652 2056 Interpretationem
2684 1987 2986 2058 desumpsit
3027 1990 3230 2058 (nam,

1630 2074 1823 2129 eodem
1847 2075 2219 2145 Papebrochio
2239 2087 2494 2132 narrante
2535 2077 2642 2149 (h),
2675 2077 2924 2134 Graecum
2959 2082 3238 2152 exemplar

1631 2167 1820 2223 habuit
1851 2184 1918 2223 ex
1947 2167 2163 2224 schedis
2186 2170 2498 2240 Turriani),
2544 2171 2632 2224 ubi
2682 2170 2735 2226 in
2766 2169 3087 2228 Corbeiensi
3129 2188 3233 2228 ms.

1631 2263 1938 2318 versionem
1963 2264 2111 2319 illam
2138 2264 2416 2320 Philastrii
2460 2265 2682 2320 nomine
2713 2265 2940 2321 vidisset
2967 2276 3240 2337 praenota-

1634 2366 1773 2422 tam,
1815 2357 2038 2412 minime
2090 2358 2195 2413 hoc
2225 2360 2387 2414 silere
2438 2358 2736 2414 debuisset.
2788 2359 3078 2416 Philastrio
3106 2361 3236 2416 item

1631 2448 1977 2504 ascribuntur
1998 2450 2127 2504 Acta
2155 2449 2264 2506 SS.
2300 2448 2576 2517 Faustini,
2605 2460 2652 2505 et
2680 2447 2900 2518 Jouiue,
2946 2459 3012 2507 ex
3042 2453 3238 2523 quibus

1632 2559 1822 2599 eorum
1853 2543 2030 2599 Vitam
2081 2544 2322 2600 edidisse
2375 2545 2662 2614 profitetur
2691 2543 2930 2600 Jacobus
2977 2545 3233 2614 Riccius,

1631 2634 1728 2704 qui
1757 2650 1878 2690 eam
1905 2635 2045 2706 typis
2085 2633 2488 2705 vulgavitanno
2520 2633 2653 2690 1511
2680 2675 2697 2701 ,
2740 2633 3018 2690 referente
3065 2637 3237 2690 Asca-

1632 2727 1725 2784 nio
1758 2727 2100 2797 Martinengo
2129 2727 2185 2781 in
2206 2726 2640 2782 ProcemioVita:
2655 2726 2974 2783 eorumdem
2993 2726 3138 2783 SS.a
3170 2743 3233 2784 se

1632 2821 1818 2878 Italiae
1831 2822 1992 2876 editae
2023 2821 2219 2877 Brixiae
2241 2837 2385 2877 anno
2410 2821 2581 2890 1602,
2606 2838 2794 2879 verum
2824 2839 2892 2879 an
2924 2823 3239 2894 huiusmodi

1630 2916 1762 2969 Acta
1782 2931 1910 2971 vere
1937 2915 2210 2970 Philastrii
2236 2916 2375 2982 sint,
2395 2916 2520 2986 jure
2542 2915 2751 2972 dubitat
2772 2915 2916 2972 idem
2939 2915 3242 2972 Martinen-

1631 3026 1764 3081 gus;
1791 3010 1955 3082 idque
1983 3010 2160 3065 innuit
2183 3011 2348 3065 etiam
2387 3009 2768 3067 Henschenius
2799 3008 2896 3082 (i),
2947 3025 3014 3066 eo
3033 3010 3177 3082 quod
3209 3025 3240 3066 a

1630 3104 1772 3161 libro
1802 3104 1866 3158 de
1903 3102 2201 3159 eresibus
2231 3105 2374 3175 ston
2411 3119 2475 3159 ac
2506 3103 2668 3159 modo
2711 3104 2986 3160 scribendi
3015 3119 3240 3176 prorsus

29 3200 118 3253 ina
152 3196 405 3266 Epistolas
433 3197 496 3253 S.
519 3195 776 3253 Barnabas
797 3196 1187 3269 lnterpretatio,
1210 3213 1370 3269 quam
1398 3197 1527 3254 Phi-
1552 3195 1597 3258 C
1630 3197 1905 3254 differant.
1929 3197 2042 3252 Nos
2069 3198 2197 3251 Acta
2217 3196 2486 3266 ejusmodi
2508 3195 2801 3251 Philastrio
2829 3197 3064 3253 libenter
3089 3196 3244 3267 θωυ-

32 3291 116 3346 rio
140 3289 366 3345 ascribit
391 3289 796 3360 Papebrochius
818 3291 873 3345 in
901 3292 1052 3346 Actis
1069 3290 1168 3348 SS.
1198 3291 1367 3358 Junii,
1392 3300 1523 3348 tom.

31 3402 82 3457 p.
112 3384 248 3452 457,
291 3393 348 3439 et
386 3385 763 3454 Papebrochio
805 3385 964 3455 vade,
1003 3386 1286 3442 Fabricius
1315 3402 1529 3458 quoque

34 3477 371 3533 Prasfatione
419 3475 486 3532 ad
526 3474 878 3532 Philastrium
907 3519 922 3542 ,
982 3493 1102 3548 qua:
1132 3477 1529 3549 Hamhurgensi

26 3571 154 3627 κίοιιί
214 3570 432 3641 prmlixa
479 3581 602 3637 est,
654 3580 818 3642 atque
841 3571 1068 3626 editioni
1111 3570 1236 3626 huic
1260 3570 1531 3626 Brixiante

33 3685 104 3723 uo
139 3667 497 3738 praeponitur.
558 3666 855 3722 Proﬁtetur
895 3674 1075 3720 autem
1115 3664 1532 3736 ,Papebrochius

25 3758 438 3831 :rpretationetn
487 3757 630 3812 illam
676 3772 737 3812 se
787 3757 888 3812 hoc
941 3757 1242 3826 praesertim
1305 3755 1528 3810 nomine

25 3853 106 3924 gni
134 3852 345 3916 facere,
375 3849 519 3921 quod
543 3848 891 3905 Philastrium
924 3859 1202 3904 auctorem
1233 3846 1486 3918 praeferat
1512 3865 1527 3900 :

25 3962 93 4000 'ue
122 3961 188 3999 ea
220 3945 239 4014 (
261 3943 425 3998 verba
467 3951 595 3998 sunt
645 3943 712 3995 Pa
724 3939 1035 4012 pebrochii)
1065 3951 1204 3995 tanto
1225 3941 1534 3996 azstimanda

25 4041 110 4106 ris,
145 4036 291 4108 quod
309 4036 364 4090 in
393 4036 550 4089 veteri
577 4052 675 4089 ms.
727 4033 1032 4090 Corbeiense
1055 4035 1365 4104 reperiatur,
1395 4044 1529 4087 lam-

29 4148 75 4183 m
103 4128 294 4182 Latine
315 4125 519 4180 reddita
539 4143 569 4179 a
603 4125 664 4181 S.
687 4123 1034 4195 Philostorgio
1056 4125 1200 4194 (lege
1222 4122 1531 4193 Philastrio)

26 4222 194 4278 xiensi
217 4219 480 4291 episcopo.
516 4218 707 4274 Hausit
735 4217 839 4273 hoc
867 4217 1106 4294 fortasse
1127 4215 1534 4286 Papehrochius

26 4313 302 4371 uccinello
332 4313 383 4366 in
415 4310 536 4366 Vita
563 4311 621 4366 S.
651 4310 911 4365 Barnabze
938 4309 1031 4364 lib.
1059 4324 1127 4377 tt,
1159 4324 1282 4381 pag.
1315 4308 1406 4375 69,
1436 4307 1533 4363 sed

25 4425 62 4464 'a
112 4420 346 4480 prorsus
402 4407 454 4459 itt
501 4419 568 4460 eo
620 4402 721 4458 fuit
766 4417 1104 4457 summorum
1131 4403 1395 4466 virorum,
1422 4411 1532 4455 tum

25 4502 293 4560 iebrochii
323 4501 492 4571 ipsius
525 4540 539 4566 ,
601 4507 714 4553 tum
756 4497 989 4553 Fabricii
1013 4497 1176 4552 etiam
1230 4495 1532 4550 hallucina-

1630 3289 1906 3354 dicatnus;
1940 3287 2099 3343 sicuti
2130 3289 2294 3342 ctiam
2317 3287 2512 3360 Aphrw
2538 3287 2877 3354 Passionem,
2909 3301 3072 3358 quam
3106 3287 3238 3342 Phi-

1629 3381 1818 3436 Iastrio
1832 3379 2018 3434 tribuit
2034 3378 2296 3450 Ugltellus
2310 3379 2364 3434 in
2382 3379 2660 3436 Procemio
2681 3379 2748 3434 ad
2763 3379 3076 3434 Brixienses
3099 3379 3245 3450 epis-

1631 3491 1794 3546 copos
1825 3474 1925 3546 (j);
1955 3473 2007 3529 id
2045 3484 2226 3530 autem
2249 3473 2512 3545 Ughellus
2541 3485 2832 3544 acceperat
2861 3491 2894 3530 a
2921 3473 3201 3532 Galesinio
3225 3517 3239 3542 ,

1631 3569 1724 3638 qui
1755 3571 1791 3620 Λ
1805 3567 1953 3636 ριιτίιι
1978 3565 2260 3621 historiam
2285 3580 2313 3619 a
2341 3565 2606 3621 Faustino
2629 3575 2685 3622 et
2709 3565 2999 3621 Philastrio
3028 3567 3245 3636 episco-

1633 3660 1718 3729 pis
1741 3657 1938 3712 Brixiae
1953 3657 2322 3726 conscriptam
2340 3672 2463 3712 esse
2486 3657 2669 3726 prodit
2688 3657 2870 3713 NOtat.
2903 3657 2971 3711 ad
2999 3657 3071 3711 24
3093 3658 3242 3714 Maii.

1633 3752 1693 3808 Si
1723 3751 1845 3820 quis
1903 3764 2064 3819 porro
2098 3749 2390 3804 Philastrio
2416 3750 2721 3806 ascriberet
2753 3750 3063 3820 Symbolum
3093 3752 3240 3821 quod

1633 3845 1797 3914 vulgo
1825 3842 2023 3897 dicitur
2047 3843 2351 3910 Athanasii,
2381 3843 2642 3913 cujusque
2669 3842 3242 3914 Expositioaliquando

1635 3937 1942 3998 Gaudentio
1969 3937 2134 3991 etiam
2163 3946 2354 3991 nostro
2387 3937 2588 3991 tributa
2617 3937 2864 4001 fuit,non
2887 3937 2978 3992 ille
3007 3936 3239 3993 forsitan

1636 4032 1858 4088 omnino
1911 4031 2257 4101 improbabili
2304 4030 2598 4086 duceretur
2643 4030 2989 4101 conjectura;
3043 4045 3236 4087 occur-

1638 4135 1767 4183 runt
1787 4125 1932 4181 enim
1956 4125 2158 4196 saepius
2187 4125 2238 4179 in
2257 4124 2553 4179 Philastrio
2579 4125 2721 4180 illius
2742 4124 2986 4198 Symboli
3018 4136 3242 4183 senten-

1637 4221 1726 4275 tia:
1757 4234 1867 4274 non
1888 4217 2092 4284 solum,
2129 4217 2223 4272 sed
2252 4218 2415 4272 etiam
2439 4217 2604 4273 verba
2636 4219 2787 4288 ipsa;
2848 4235 2968 4274 nam
2999 4219 3114 4276 ibi:
3144 4220 3243 4276 Est

1637 4331 1758 4386 ergo
1785 4311 1946 4367 Fides
1967 4321 2127 4378 recta,
2153 4321 2208 4365 ut
2229 4307 2497 4367 credamus
2519 4321 2567 4366 et
2599 4313 2960 4382 conﬁteamur,
2987 4314 3110 4383 quia
3131 4312 3241 4370 Do-

1636 4408 1810 4463 minus
1832 4417 2006 4461 noster
2028 4404 2184 4460 Iesus
2235 4405 2476 4460 Christus
2504 4447 2519 4470 ,
2570 4404 2714 4460 Deus
2742 4415 2817 4461 est
2845 4424 2908 4461 ea:
2949 4407 3244 4462 substantia

1640 4498 1817 4554 Patris
1837 4511 1955 4554 ante
1980 4501 2171 4555 saecula
2198 4501 2437 4572 genitus;
2466 4500 2786 4555 Philastrius
2801 4514 2930 4555 vero
2961 4499 3068 4571 (Ic):
3101 4498 3246 4570 Ergo

28 4598 127 4669 (f);
163 4608 291 4650 cum
319 4594 465 4647 enim
496 4592 550 4646 iu
578 4605 681 4647 tns.
709 4590 804 4645 illo
821 4587 1140 4644 Corbeiensi
1162 4629 1176 4651 ,
1197 4585 1355 4656 cujus
1384 4594 1530 4642 uter—
1555 4583 1610 4643 D
1634 4601 1849 4656 rectum,
1882 4601 1928 4645 et
1951 4588 2107 4645 Fidei
2128 4592 2511 4660 firmamentum
2539 4591 2846 4657 ostenditur,
2873 4601 2928 4643 ut
2954 4599 3000 4644 et
3015 4591 3244 4661 genitum

25 4710 31 4742 ε
63 4685 343 4752 meminit,
365 4683 772 4754 przuterlibrum
803 4679 1084 4736 Philastrii
1116 4680 1180 4733 de
1212 4677 1532 4744 Hceresibus,
1634 4701 1748 4740 eum
1769 4699 2140 4755 cognoscamus
2170 4683 2234 4736 de
2255 4682 2418 4736 Patre
2437 4683 2676 4752 praprie,
2706 4699 2813 4736 non
2842 4692 3011 4736 tamen
3036 4683 3090 4736 in
3115 4692 3245 4736 tem-

26 4783 318 4836 :tinerclur
366 4776 557 4833 Latina
589 4774 842 4846 Epistolis
868 4772 930 4830 S.
977 4770 1234 4826 Barnast
1264 4769 1535 4843 Interpre-
1634 4791 1758 4848 pore
1787 4816 1803 4841 ,
1834 4774 1925 4828 sed
1947 4781 2064 4827 ante
2107 4773 2280 4826 omnia
2302 4773 2514 4827 swcula.
2561 4771 2977 4828 Notaveratboc
3000 4773 3142 4827 idem
3167 4773 3240 4827 cl.

25 4895 86 4942 ο,
148 4874 592 4940 haberenturqlle
631 4869 736 4924 alia
775 4868 937 4923 etiam
970 4865 1268 4931 ηοιιηιιιιες
1330 4865 1540 4936 Ριιῑθνίῐ
1634 4872 1799 4926 etiam
1829 4866 2110 4924 Fabricius
2133 4866 2200 4920 ad
2229 4865 2320 4920 illa
2362 4865 2635 4920 Philastrii
2681 4864 2845 4920 verba
2902 4866 3010 4938 (ωε
3055 4865 3242 4934 Qualis

25 4986 188 5043 rque,
218 4984 278 5023 rc
305 4982 412 5022 non
441 4964 572 5021 satis
589 4972 904 5035 perspecta,
935 4961 987 5015 in
1019 4961 1114 5015 illo
1141 4959 1264 5015 cod.
1297 4969 1536 5016 veterem
1638 4962 1921 5017 immensus
1953 4969 2027 5016 est
2082 4959 2261 5024 Pater,
2307 4958 2426 5012 talis
2469 4967 2542 5011 est
2579 4968 2622 5012 et
2655 4957 2822 5012 Filius
2843 4999 2858 5023 ,
2905 4957 3024 5012 talis
3069 4969 3144 5012 est
3195 4967 3247 5012 et

30 5085 80 5122 tn
130 5060 646 5134 Interpretationem
703 5059 804 5112 sub
835 5057 1054 5112 nomine
1082 5056 1537 5112 Philastriiexhi-

29 5164 66 5217 i.
97 5161 307 5216 Verum
337 5170 433 5212 nec
456 5151 734 5217 Menardo,
763 5164 865 5205 nec
887 5149 1180 5216 Cotelcrio,
1203 5147 1534 5205 doctissimis

26 5272 78 5310 us
103 5250 357 5324 epistola.
387 5245 688 5304 editoribus
714 5255 969 5313 umquam
1000 5241 1148 5296 venit
1177 5241 1230 5297 in
1259 5251 1496 5299 mentem
1521 5285 1535 5309 ,

27 5417 85 5556 (ἐξ
309 5411 414 5556 31%,
430 5481 553 5556 col.
586 5479 676 5535 78.

35 5545 83 5630 ej
126 5545 408 5630 Serm.d_e'
429 5554 541 5630 \_lit.
566 5561 623 5630 et_
653 5552 804 5630 o_b_it_u
833 5547 980 5604 beati
999 5545 1304 5630 Philastrii,
1328 5561 1382 5617 p.
1417 5545 1541 5602 574.

25 5619 94 5697 d)
138 5631 317 5686 Serm.
347 5627 414 5681 de
434 5623 650 5697 Transl.
673 5621 952 5697 Philastr.,
977 5635 1032 5691 p.
1059 5619 1185 5676 387.

25 5693 91 5776 ξε)
131 5701 260 5776 let.
292 5699 359 5776 ad
385 5696 561 5754 Gaud.
585 5710 639 5766 p.
675 5693 803 5752 374,

130 5753 668 5848 Fui—ndemerrorém
687 5765 888 5823 erravit
910 5762 1125 5836 Ittigius
1150 5761 1288 5820 Hist.
1313 5760 1546 5828 Eccles.,

25 5843 110 5903 ἐῖι
128 5888 144 5915 ,
166 5859 290 5917 pag.
313 5843 405 5898 25.

1643 5052 1880 5122 Spiritus
1897 5061 2134 5118 sanctus,
2161 5051 2277 5108 hinc
2307 5049 2552 5110 snbdens
2581 5067 2593 5102 :
2630 5047 2825 5103 Iisdem
2850 5049 2958 5116 fere
2986 5047 3154 5103 verbis
3181 5049 3238 5102 in

1644 5145 1896 5216 Symbolo
1942 5145 2080 5214 quod
2143 5160 2383 5200 vocamus
2432 5141 2897 5197 Athanasianum:
2953 5139 3248 5203 Immensus

1646 5244 1827 5312 Pater,
1857 5246 2142 5303 immensus
2171 5244 2344 5300 Filius
2365 5286 2380 5310 ,
2423 5245 2704 5299 immensus
2730 5240 2964 5312 Spiritus
3014 5250 3248 5319 sanctus.

1836 5405 1997 5531 ﬁlum.
2019 5404 2113 5462 20.
2335 5473 2369 5485 η

1888 5492 1998 5531 om.
2025 5476 2072 5531 II
2097 5475 2196 5531 SS.
2223 5475 2369 5531 Junii

1756 5475 1802 5560 ξι.)
1832 5477 1998 5560 rom.
2022 5476 2072 5560 tt
2223 5475 2393 5557 Junii.

1746 5477 1802 5548 h)
1841 5477 1998 5534 Tom.
2025 5477 2072 5532 II
2097 5477 2196 5533 SS.
2223 5477 2393 5539 Junii,

1831 5548 1989 5605 Tom.
2022 5547 2068 5603 II
2089 5545 2401 5611 Februarii,

1742 5639 1770 5692 ,ι
1836 5621 1992 5692 Tom.
2018 5620 2108 5686 IV,
2136 5619 2242 5676 col.
2273 5616 2400 5674 525.

1726 5691 1806 5762 (Ις)
1841 5691 1972 5763 Cap.
2011 5692 2134 5746 127.

1731 5764 1797 5836 (ι)
1835 5764 1966 5836 Cap.
1993 5764 2082 5820 51.
2175 5833 2178 5836 ἢ

2425 5489 2479 5544 p.
2510 5473 2638 5529 457.

2431 5561 2484 5617 p.
2517 5544 2642 5602 806.
