3970 6408
549 236 690 293 {075

1795 231 2108 293 SANCTUS
2145 232 2624 294 PﬂllsABTRlUS.

3649 241 3754 301 ιυη

543 355 684 410 Alibi
711 369 930 426 quoque
959 353 1283 410 Philastrius
1303 354 1386 426 (tt)
1410 373 1421 408 :
1445 352 1541 410 Est
1557 369 1676 409 aera
1697 365 1920 426 persona
1943 354 2141 420 Patris,
2173 356 2224 416 Α
2252 365 2438 425 aperte
2454 328 2724 426 loquitur,
2755 365 2810 410 ut
2837 353 2989 425 plura
3023 370 3145 424 quc
3178 355 3228 407 in
3252 353 3510 426 Sytnbolo,
3527 357 3646 427 quod
3668 360 3754 413 vul-

542 457 592 503 et
622 458 694 502 est
717 459 833 501 sera
855 463 1077 515 persona
1109 446 1238 502 Filii
1255 489 1270 513 ,
1303 458 1350 501 et
1377 459 1450 502 est
1475 463 1595 502 aera
1626 459 1845 513 persona
1893 448 2142 518 Spiritus.

542 540 724 596 Trium
750 543 918 612 itaque
961 543 1146 596 harum
1175 559 1515 609 personarum
1543 558 1648 596 una
1676 554 1751 596 est
1776 543 1965 596 ueritas
1988 584 2001 604 ,
2035 557 2148 596 ma.

532 641 725 706 pestas.
751 647 798 692 et
825 637 1127 692 substantia:
1163 638 1454 707 inqualitas,
1488 647 1534 690 et
1562 637 1843 702 divinitas;
1885 637 1939 690 in
1989 635 2147 706 εγω.

2251 462 2318 515 go
2345 446 2644 500 Athanasio
2685 447 2965 513 tribuitur,
2999 457 3310 514 occurrunt,
3351 447 3600 503 videamur
3623 451 3754 505 ePlti-

2249 539 2439 593 lastrio
2463 539 2746 609 desumpta
2769 583 2784 607 ,
2818 540 2982 593 siculi
3036 555 3160 594 mox
3189 539 3563 594 observavimus
3579 542 3652 612 ti);
3687 558 3754 598 no-

2251 630 2410 684 tanda
2437 639 2618 687 autem
2651 632 2930 702 praecipue
2955 648 3076 702 qua:
3111 631 3273 687 habet
3295 647 3411 701 cap.
3438 633 3519 695 93.
3543 633 3620 687 ubi
3655 634 3754 691 inter

542 729 669 784 bolo
697 740 878 783 autem
905 746 916 782 :
966 728 1080 782 Alia
1109 739 1185 783 est
1222 745 1444 800 persona
1471 727 1648 782 Patris
1673 769 1686 792 ,
1736 729 1843 782 alia
1875 727 2018 791 Filii,
2043 728 2148 781 alia
2249 739 2467 781 errores
2499 736 2752 782 recenset
2781 727 3039 782 haeresim
3059 726 3344 798 quamdam
3369 728 3620 799 triformem
3639 729 3753 784 Data

541 821 774 887 Spiritus
801 821 1004 886 salicti;
1033 821 1124 874 sed
1151 820 1349 886 Patris,
1391 831 1438 874 et
1468 819 1618 884 Filii,
1649 830 1696 874 et
1721 820 1953 888 Spiritus
1980 821 2144 874 sancti

540 925 644 966 una
665 923 738 966 est
767 913 1014 966 divinitas
1039 953 1053 978 ,
1105 914 1322 982 mortalis
1347 913 1516 986 gloria
1534 954 1548 979 ,
1579 921 1831 967 eceterae
1853 915 2093 982 majestaa
2128 927 2146 966 :

538 1021 709 1074 quare
732 1021 836 1061 non
863 1005 1100 1061 alienum
1130 1006 1362 1071 videtur,
1417 1015 1479 1060 ut
1524 1013 1615 1059 aut
1655 1005 1972 1060 Philastrius
2001 1005 2145 1060 illius

542 1101 787 1169 Symholi
817 1109 1009 1157 auctor
1035 1103 1127 1169 sit,
1160 1111 1252 1156 ant
1283 1101 1526 1174 Symboli
1551 1112 1828 1158 auctorem
1857 1144 1871 1167 ,
1895 1102 2145 1170 quicum-

537 1210 644 1266 que
695 1194 887 1261 fuerit,
935 1210 966 1248 a
1015 1193 1310 1249 Philastrio
1361 1208 1468 1249 non
1518 1194 1696 1248 solum
1723 1194 2012 1264 dogmata,
2045 1193 2141 1248 sed

537 1288 701 1342 verba
733 1288 897 1343 etiam
927 1287 1043 1358 ipsa
1071 1287 1366 1358 aliquando
1395 1295 1583 1342 mutua
1610 1287 1885 1358 accepisse
1913 1305 1924 1339 :

541 1427 568 1499 ᾗ
612 1427 649 1483 Ι.
689 1421 765 1484 De
795 1428 1019 1482 utilitate
1049 1438 1095 1483 et
1124 1444 1222 1483 usu
1251 1425 1371 1482 libri
1402 1427 1469 1483 de
1493 1425 1807 1483 ":L‘I‘CSlbUS
1848 1445 1880 1480 a
1932 1425 2140 1482 Philas-

1112 1523 1208 1577 trio
1239 1523 1538 1595 conscripti.

608 1659 696 1714 ll.
733 1658 954 1714 Librum
987 1660 1050 1714 de
1076 1658 1370 1714 Hmresilius
1397 1675 1426 1713 a
1452 1659 1741 1714 Philastrio
1768 1660 2138 1729 conscriptum

2249 819 2555 886 facientem;
2603 831 2654 874 et
2708 835 2829 889 cap.
2884 818 3010 885 109,
3061 835 3168 890 quo
3209 820 3475 875 Trinitatis
3517 821 3747 888 scientius,

2245 911 2601 983 jamprimum
2651 914 2716 968 ab
2748 915 2947 988 origine
2973 915 3156 969 mundi
3200 913 3490 969 hominibus
3523 917 3751 971 nuntiatam

2250 1005 2439 1074 luisse,
2467 1007 2876 1077 Seripturarnm
2905 1007 3232 1065 testimoniis
3275 1007 3515 1064 ostendit.
3542 1009 3604 1063 De
3631 1008 3753 1078 gratis

2251 1101 2370 1166 Dei,
2399 1105 2560 1171 cujus
2584 1103 2834 1158 doctrina
2866 1112 2992 1158 ante
3025 1103 3384 1172 Augustinum
3425 1119 3519 1156 non
3555 1103 3660 1157 satis
3690 1118 3754 1158 eo

2247 1194 2447 1263 plicata
2482 1195 2681 1258 fuerat,
2715 1195 3020 1249 luculenter
3047 1195 3286 1263 loquitur
3313 1209 3415 1248 non
3445 1207 3539 1248 uno
3576 1192 3618 1247 in
3652 1193 3751 1258 loco,

2248 1303 2444 1358 nempe
2467 1304 2590 1357 cap.
2621 1287 2693 1344 98
2726 1306 2738 1341 :
2767 1286 3056 1358 [aspiratio
3081 1287 3252 1356 itaque
3293 1303 3389 1340 non
3414 1295 3477 1342 est
3518 1287 3753 1348 anim,“

2245 1381 2414 1452 gratia
2446 1381 2716 1451 dignitatis
2737 1382 2802 1435 de
2846 1381 3020 1435 divino
3075 1381 3383 1450 Spiritu;et
3432 1380 3571 1450 paulo
3603 1394 3750 1449 supra:

2246 1472 2532 1546 [aspiratio
2560 1475 2720 1528 divini
2761 1474 2987 1546 Spiritus
3015 1486 3091 1529 est
3119 1475 3354 1545 qumdant
3379 1473 3531 1546 gratia
3552 1482 3592 1525 et
3612 1471 3754 1542 proles-

2244 1570 2318 1621 tio
2347 1569 2657 1638 dignitatis;
2686 1569 2762 1622 uti
2790 1579 2844 1622 et
2883 1584 3004 1637 cap.
3040 1568 3367 1636 prtecedenti
3396 1585 3410 1623 :
3440 1565 3546 1621 Non
3582 1576 3640 1620 est
3676 1581 3754 1617 on-

2245 1659 2455 1733 biguunt
2482 1660 2619 1730 quod
2659 1661 2834 1714 anima
2864 1671 2984 1715 ante
3007 1661 3149 1729 facta
3193 1661 3284 1724 sit,
3309 1671 3423 1714 caro
3467 1669 3610 1713 autent
3631 1665 3755 1726 postes

533 1760 663 1807 ante
695 1752 1044 1809 Parmenioni
1069 1762 1320 1820 mortem,
1358 1754 1462 1808 hoc
1487 1763 1575 1809 est
1612 1761 1739 1810 ante
1767 1770 1968 1810 annum
2002 1756 2137 1821 Mil;
2173 1760 2219 1820 Β
2246 1755 2534 1824 plasmata;
2566 1763 2613 1807 et
2642 1755 2716 1808 sic
2753 1763 2930 1821 postea
2955 1753 3300 1824 inspiratione
3333 1751 3494 1821 infusa
3528 1747 3625 1811 Dei.
3649 1748 3754 1816 spiri-

534 1859 686 1905 recte
712 1845 1028 1904 olisrrvavit
1077 1849 1378 1916 Fabricius,
1411 1849 1556 1920 quod
1585 1865 1684 1904 nos
1718 1865 1935 1921 quoque
1973 1865 2140 1919 supra

534 1943 922 1997 annotavimus
953 1942 1059 2013 (ll);
1089 1943 1182 1997 sed
1245 1951 1372 2013 post
1407 1959 1611 1998 annum
1663 1944 1770 1999 580
1797 1942 1966 1999 fuisse
2009 1959 2140 1998 exa-

536 2045 714 2090 ratum
753 2035 940 2104 (quod
986 2034 1268 2090 Fabricius
1310 2051 1417 2090 non
1461 2033 1696 2105 monuit)
1744 2035 1872 2090 illud
1912 2035 2138 2101 indicat,

535 2143 791 2196 nempea
824 2127 1123 2182 l’hilastros
1171 2129 1266 2201 (e),
1319 2129 1464 2183 inter
1520 2127 1808 2184 htcreticos
1860 2129 2140 2184 recenseri

529 2220 874 2278 Abstinentes.
905 2219 1351 2275 Priscillianistas
1379 2220 1590 2276 scilicet
1611 2237 1748 2290 quos
1787 2220 1889 2276 hoc
1917 2222 2140 2276 nomine

531 2328 561 2366 a
590 2313 885 2367 Philastrio
909 2312 1199 2384 perstringi
1242 2313 1592 2382 perspicuum
1624 2322 1709 2368 est
1739 2312 1848 2385 (ά),
1882 2329 2140 2383 quorum-

529 2419 635 2476 que
677 2405 904 2459 hucresis
946 2405 1089 2460 circa
1126 2420 1327 2460 annum
1377 2405 1484 2461 580
1513 2413 1794 2475 emergere
1823 2407 1989 2476 repit
2038 2405 2138 2478 (ε).

530 2500 700 2570 Hujus
733 2498 884 2554 Libri
918 2500 1214 2554 utilitatem
1270 2509 1434 2570 atque
1485 2513 1662 2563 usum,
1695 2500 1942 2568 quamvis
1998 2499 2138 2554 nihil

527 2595 753 2646 omnino
783 2591 933 2646 aliud
980 2591 1421 2657 commettdaret,
1454 2591 1555 2646 hoc
1600 2601 1753 2648 certe
1794 2591 2136 2657 ostenderet,

529 2693 672 2756 qunti
726 2685 1064 2758 Augustinus
1112 2687 1315 2758 ipsein
1357 2701 1458 2742 suo
1489 2688 1552 2742 de
1598 2686 1898 2742 ﬂmsibas
1930 2686 2134 2753 libello,

529 2781 682 2847 plura
710 2795 739 2834 a
772 2780 1068 2835 Philastrio
1093 2780 1454 2850 decerpserit,
1498 2780 1617 2851 ejus
1646 2779 1865 2834 nomine
1913 2779 2138 2834 minime

528 2873 900 2938 dissimulato,
935 2883 992 2927 ut
1013 2873 1239 2929 cuilibet
1269 2885 1614 2943 cumpcrtutn
1647 2882 1818 2938 esset,
1851 2889 1948 2944 per
1977 2885 2138 2943 quem

527 2965 858 3033 profecerit;
906 2982 969 3020 ea
1003 2977 1184 3020 autem
1220 2983 1277 3020 re
1327 2981 1432 3022 non
1484 2967 1621 3021 satis
1651 2967 1720 3022 ab
1760 2967 2052 3035 aliquibus,
2081 2977 2138 3020 ut

523 3059 734 3119 debuit.
795 3075 1085 3130 perpetis,
1132 3063 1278 3115 visus
1335 3071 1419 3116 est
1478 3060 1752 3115 immerito
1800 3060 2136 3128 Augustinus

2246 1844 2366 1898 talis
2391 1844 2583 1899 collata
2606 1846 2672 1899 sit
2701 1847 2893 1918 gratia,
2923 1856 2978 1899 ut
3005 1849 3080 1898 sic
3102 1848 3219 1918 jam
3243 1860 3404 1915 capax
3427 1845 3559 1897 homo
3580 1843 3676 1912 legis
3696 1840 3752 1894 tli-

2243 1939 2375 1993 vinas
2414 1955 2517 1992 non
2542 1939 2798 2010 impotens
2825 1955 2858 1991 α
2888 1937 3116 1994 Domino
3148 1947 3528 1992 monstraretur.

2319 2030 2404 2086 15.
2461 2031 2569 2087 Sed
2620 2033 2880 2101 quoniam
2936 2031 3038 2086 hoc
3092 2032 3213 2086 loco
3263 2029 3332 2086 de
3370 2029 3580 2083 utilitate
3614 2033 3656 2081 et
3689 2039 3756 2079 usu

2244 2123 2590 2179 Philastriani
2620 2126 2814 2196 Operis
2841 2125 3185 2188 disserimus,
3217 2125 3436 2179 minime
3461 2118 3752 2194 praetereundi

2243 2227 2328 2272 est
2351 2216 2512 2287 hujus
2536 2217 2658 2272 libri
2682 2229 2934 2283 censura,
2953 2228 3007 2273 et
3026 2219 3164 2279 laus,
3187 2229 3349 2285 quam
3375 2216 3754 2270 Bibliotheccsue

2246 2312 2646 2367 Ecclesiasticte
2676 2313 2745 2386 (j)
2797 2313 3139 2382 cunsignavit
3179 2312 3478 2368 Ludovicus
3512 2310 3646 2364 Ellies
3682 2309 3752 2361 llu-

2244 2405 2446 2471 pinius.
2480 2405 2727 2460 Censura
2766 2405 2985 2474 Dttpinii
3018 2406 3258 2475 primum
3294 2415 3524 2460 versatur
3561 2402 3602 2457 iu
3627 2413 3692 2465 eo,
3709 2399 3753 2452 de

2242 2517 2350 2571 quo
2372 2499 2722 2555 Philastrium
2747 2510 2995 2556 nostrum
3017 2502 3132 2556 fere
3145 2505 3600 2562 omnesaecusant,
3616 2506 3752 2561 nempe

2241 2593 2382 2665 quod
2416 2595 2601 2661 plures
2631 2594 2734 2647 sibi
2775 2593 3100 2649 conﬁnxerit
3138 2593 3380 2648 ltmreses
3428 2607 3535 2662 qua:
3575 2588 3751 2657 nuspiuu

2243 2686 2462 2742 fuerunt
2487 2688 2585 2757 (lt),
2615 2696 2774 2758 prout
2821 2687 3133 2750 Nazarzeos,
3165 2687 3558 2758 lleliognostos,
3593 2679 3753 2737 Musori-

2243 2789 2346 2847 tas,
2382 2779 2899 2844 Muscaccaronitas,
2950 2777 3337 2850 Troglodytas,
3391 2771 3749 2832 Fortunatiznns.

2239 2886 2423 2947 atque,
2461 2884 2517 2928 ut
2545 2875 2682 2929 alios
2710 2886 3058 2943 prteteream,
3100 2875 3270 2929 etiam
3293 2872 3577 2946 Cyltclitss,
3602 2865 3751 2938 Cylnlis

2239 2970 2452 3024 scilicet
2481 2969 2754 3023 cultorum
2790 2967 3114 3022 imitatores.
3145 2967 3222 3021 De
3247 2966 3498 3038 Cyln-litis
3521 2961 3594 3033 qui
3626 2969 3665 3014 et
3685 2955 3750 3010 Va-

2240 3063 2359 3118 lesii
2412 3062 2743 3132 Epiphanio,
2785 3071 2842 3117 et
2894 3063 3202 3133 Augustino
3261 3065 3361 3132 (ι),
3403 3056 3668 3116 Philsstrius
3707 3065 3749 3105 ne

524 3151 819 3206 Phila~trio
864 3163 1051 3206 nostro
1121 3165 1312 3221 parum
1361 3154 1623 3208 tribuere.
1670 3153 1844 3207 Porro
1894 3169 2015 3223 quas
2068 3152 2207 3214 abC
2242 3157 2466 3211 verbum
2490 3155 2710 3226 quidem
2747 3154 2882 3228 iacit
2922 3155 3126 3219 ullum;
3155 3165 3392 3211 caeteros
3437 3159 3749 3218 remum"

526 3249 643 3315 ipso
685 3245 1020 3315 Augustinus
1073 3247 1401 3318 desumpsit,
1447 3265 1509 3302 ea
1563 3256 1816 3318 prostant
1859 3250 1913 3303 in
1970 3249 2131 3320 hujus

526 3341 794 3409 opusculo
823 3341 886 3394 de
933 3339 1225 3394 Ilrrresillns
1257 3357 1282 3392 a
1317 3351 1435 3410 cap.
1471 3341 1542 3396 58
1577 3358 1588 3394 :
1629 3340 1742 3396 illic
1788 3342 1933 3395 enim
1986 3352 2136 3411 posts

525 3449 685 3502 quam
715 3433 951 3488 haereses
1002 3434 1069 3486 ab
1099 3433 1405 3504 Epiphanio
1455 3442 1910 3488 coimuemoratas
1943 3449 2135 3490 recen-

523 3526 654 3589 suit,
684 3526 760 3578 sic
788 3527 864 3578 ait
903 3543 914 3577 :
963 3524 1123 3579 Nilne
1168 3526 1306 3578 addo
1333 3535 1461 3596 quas
1504 3524 1769 3579 Philaster
1800 3526 1992 3596 posuit,
2043 3543 2134 3580 nec

526 3619 699 3684 posuit
730 3617 1076 3689 Epiphanius.
1112 3621 1296 3690 Itaque
1323 3621 1425 3674 nisi
1452 3619 1730 3674 Philastrii
1768 3621 1897 3674 liber
1919 3620 1982 3674 de
2007 3619 2131 3675 Ilie-

527 3714 725 3767 resilms
773 3723 1035 3778 exstaret,
1071 3714 1230 3783 plane
1272 3713 1490 3770 Seleuci
1535 3721 1591 3768 et
1622 3710 1858 3768 Hermia:
1891 3713 2132 3770 haereses

526 3805 595 3862 de
627 3807 738 3860 Deo
790 3821 1079 3876 corporeo,
1114 3807 1178 3861 dc
1227 3806 1409 3860 Mundi
1463 3806 1710 3869 materia,
1755 3805 1824 3860 de
1853 3807 2133 3863 creatione

525 3902 854 3966 animarum,
887 3900 1130 3970 aliasque
1162 3899 1373 3954 similes
1403 3899 1795 3968 ignoraremus,
1841 3915 1975 3969 quas
2008 3901 2134 3956 toti-

525 3995 650 4050 dem
683 3993 852 4049 ferme
872 3993 1054 4047 verhis
1083 4007 1113 4046 a
1140 3991 1432 4048 Philastrio
1457 3993 1795 4062 Augustinus
1819 3992 2129 4062 exscripsit;

523 4094 689 4156 prout
743 4085 1119 4155 ignoraremus
1171 4084 1556 4151 Proclianitas,
1589 4085 1952 4150 Patricianos,
1982 4085 2136 4140 Asci-

524 4187 629 4241 tas,
665 4177 950 4245 Aquarios,
975 4175 1215 4245 aliosque
1242 4177 1575 4246 complures,
1604 4193 1742 4247 quos
1777 4191 1807 4231 a
1835 4177 2132 4233 Philastrio

523 4283 780 4344 acceptos
831 4273 888 4326 in
939 4285 1225 4328 numerum
1274 4273 1484 4344 redegit
1513 4274 1865 4344 Augustinus.
1920 4275 2130 4333 Animae

522 4365 989 4421 immortalitatem
1019 4363 1263 4435 pluribus
1310 4366 1361 4419 itt
1415 4365 1548 4420 locis
1594 4365 1881 4422 conllrmat
1922 4367 2133 4426 Philas-

520 4459 692 4522 trius,
742 4469 972 4529 eamque
1013 4473 1044 4513 a
1087 4457 1418 4528 Carpocrate
1449 4473 1665 4529 quoque
1703 4459 1777 4532 (θ’)
1825 4469 1881 4516 et
1927 4462 2126 4518 vale".

521 4553 638 4607 tino
667 4550 744 4624 (g)
768 4551 1004 4621 agnitam
1036 4559 1093 4607 et
1122 4560 1385 4606 assertum
1419 4551 1633 4622 prodit;
1664 4554 1797 4624 quin
1827 4556 1993 4610 etiam
2027 4556 2126 4612 Sa-
2155 4547 2207 4609 D
2231 4557 2424 4612 saltem
2456 4555 2507 4608 in
2531 4565 2819 4624 utramque
2857 4562 3064 4623 partem
3111 4553 3380 4621 disputari
3428 4564 3569 4621 posse
3597 4549 3738 4598 certm
3825 4547 3831 4624 ι

525 4645 848 4710 maritanos,
876 4648 1104 4699 animum
1124 4645 1471 4699 immortalem
1502 4645 1689 4701 habere
1736 4647 1996 4703 hominem
2018 4665 2121 4705 non

518 4739 789 4793 sentientes
818 4737 898 4809 (Α)
918 4778 933 4803 ,
961 4737 1263 4809 redarguit,
1291 4747 1452 4810 atque
1483 4739 1626 4796 inter
1667 4741 1952 4798 haereticos
1993 4757 2124 4799 con-

518 4838 789 4888 numerat.
836 4827 910 4886 De
949 4827 1229 4885 Trinitatis
1270 4829 1529 4901 mysterio
1575 4832 1861 4903 perspicue
1905 4834 2042 4890 adeo
2069 4841 2125 4889 et

592 4988 671 5062 (α)
707 4988 841 5058 ϐαρ.
872 4989 962 5056 95-.
1027 5063 1038 5074 ,

703 5059 996 5194 ἕὲῗιῖἒὲοί,
1026 5079 1078 5119 tn
1107 5061 1200 5118 lin.

618 5125 666 5194 ο)
703 5127 836 5200 Cap.
861 5125 950 5189 84.

615 5063 669 5194 ὁζ
703 5063 872 5184 ἓιιηι.
909 5063 996 5130 il,
1026 5063 1078 5119 in
1107 5063 1200 5118 ﬁn.

586 5063 672 5338 gi)
710 5125 1013 5260 Figriifad
1035 5220 1155 5276 cap.
1185 5206 1257 5263 Ol
1285 5217 1396 5264 not.
1432 5207 1642 5264 suntin
1663 5209 1872 5266 Galliis.
1911 5211 2066 5268 Eutr.

612 5277 661 5338 e)
692 5273 911 5332 Fabric.
960 5277 1152 5333 eodem
1202 5279 1306 5334 loc.
1337 5280 1656 5337 Tillemont.
1705 5292 1838 5338 tom.
1892 5283 2066 5338 Vll|.t

518 5273 661 5401 79(8e.)
692 5273 911 5332 Fabric.
960 5273 1152 5333 eodem
1202 5279 1306 5334 loc.
1337 5280 1656 5337 Tillemont.
1705 5292 1838 5340 tom.
1892 5283 2029 5351 VIII,
2062 5301 2114 5355 p.

526 5366 646 5401 (UO.

588 5415 661 5484 (Γ)
699 5413 831 5484 Cap.
857 5418 942 5474 35.

611 5485 666 5556 g)
707 5484 842 5556 Cap.
874 5488 962 5544 58.

610 5554 670 5622 It)
707 5554 842 5626 Cap.
877 5557 930 5611 7.

609 5629 624 5677 i
692 5627 850 5681 Num.
879 5629 971 5698 l5,
1002 5631 1069 5686 ad
1092 5633 1185 5689 lin.

609 5626 657 5838 βξ
684 5697 850 5784 Tom:
876 5699 940 5770 ll,
981 5719 1098 5760 sec.
1122 5707 1176 5762 4.

609 5767 634 5822 ts
699 5766 752 5828 It
779 5773 908 5838 ferul
939 5777 1174 5838 quantitt

707 4986 841 5058 Cap.
872 4989 962 5056 93-.

600 5697 652 5770 '1)
684 5697 838 5770 tom.
876 5697 1098 5770 ll,'sec.
1122 5707 1176 5762 4.

581 5766 657 5840 (κ)
699 5766 752 5828 Η
779 5772 908 5842 [εἰπε
925 5766 1174 5850 ’ᾳιιαηιὶιό
1197 5779 1469 5847 d'hlrlsies
1495 5786 1580 5862 qui
1636 5783 1776 5848 n'onl
1797 5783 1990 5864 jamais
2018 5783 2115 5848 ut.

2242 3251 2424 3318 plures
2455 3263 2563 3303 non
2620 3247 2884 3312 haeretici,
2917 3249 3013 3303 sed
3067 3248 3372 3304 idololatria
3401 3249 3559 3317 potius
3594 3237 3748 3296 vocandi

2237 3352 2418 3406 erant,
2465 3342 2763 3408 Scriptum
2817 3352 3284 3408 commemorant,
3334 3349 3544 3412 quarunt
3585 3332 3747 3401 vestigiis
3852 3333 3853 3353 ‘

2239 3433 2471 3489 inheret
2519 3433 2861 3488 Philastrius.
2909 3433 3197 3488 Nazarteos
3229 3433 3464 3504 agnoscit
3493 3433 3626 3486 etiam
3667 3423 3747 3492 Epi-
3850 3443 3851 3465 ι

2239 3527 2472 3599 phanius
2490 3537 2542 3583 et
2565 3527 2901 3598 Augustinus
2933 3527 3057 3602 (m);
3083 3528 3441 3599 Troglodytas
3461 3535 3611 3582 autem
3628 3520 3747 3575 Theu-
3848 3569 3849 3575 η

2236 3621 2468 3687 doritns,
2515 3621 2605 3691 qui
2661 3620 2852 3675 eadem
2927 3621 3306 3691 appellatione
3365 3619 3673 3676 Ennomianos
3711 3618 3745 3664 et
3846 3673 3847 3682 ξ

2237 3714 2492 3770 Aetianos
2532 3724 2874 3784 nuncupatos
2915 3715 3126 3780 scribit,
3160 3731 3228 3769 eo
3251 3713 3394 3785 quod
3419 3716 3464 3768 ἐν
3484 3713 3647 3768 οἰκείαις
3671 3707 3745 3759 in"

2235 3811 2512 3870 θανούσαις
2534 3809 2916 3874 convenirent,
2946 3809 3090 3878 quod
3117 3808 3330 3876 pridem
3357 3805 3601 3862 annotavit
3621 3797 3744 3854 Fabri-

2236 3901 2351 3955 cius
2381 3900 2482 3973 (η).
2515 3900 2688 3967 Quam
2741 3900 2883 3954 male
2910 3915 3075 3970 porro
3115 3900 3384 3970 Dupinius
3411 3897 3610 3952 afﬁrmet
3633 3888 3744 3946 nemi-

2238 4008 2359 4047 nem
2401 4001 2600 4061 praeter
2625 3993 2974 4048 Philastrium
3000 3992 3240 4047 locutum
3263 4007 3385 4048 esse
3404 3991 3469 4045 de
3491 3979 3743 4043 ludailis.de

2238 4085 2735 4151 Passalorinchitis,
2775 4085 2844 4141 de
2907 4084 3209 4149 thetoriis,
3243 4085 3313 4140 de
3363 4071 3741 4140 Excalcestisad-

2236 4181 2545 4236 monuimus
2573 4181 2626 4236 in
2657 4180 2947 4250 Spicilegio
2976 4179 3073 4251 (ο);
3110 4179 3366 4248 idemque
3415 4179 3555 4249 plane
3599 4174 3743 4227 caus!!!

2233 4291 2305 4333 ex
2329 4276 2580 4330 Fabricio
2605 4276 2658 4330 in
2684 4274 2834 4330 Notis
2854 4274 2921 4329 ad
2963 4275 3058 4327 has
3085 4274 3330 4329 haereses
3356 4273 3452 4345 (p).
3487 4262 3742 4334 Prosequitur

2234 4366 2358 4421 dein
2401 4364 2660 4434 Dupinius
2702 4364 3054 4419 Philastrinm
3086 4365 3340 4435 culpatis,
3369 4362 3500 4435 quod
3528 4350 3741 4427 aliquando

2235 4460 2377 4517 inter
2408 4459 2645 4515 haereses
2692 4468 2853 4530 ponat
2889 4462 3188 4514 sententias
3217 4471 3310 4514 aut
3358 4471 3524 4522 veras,
3549 4461 3623 4508 aut
3654 4458 3740 4517 ίιιιιε

2231 4659 2317 4704 est
2338 4646 2436 4720 (τι),
2463 4651 2520 4701 ut
2549 4655 2674 4715 puta
2704 4646 3037 4701 Mlllenarios
3061 4644 3159 4716 (r),
3186 4646 3418 4700 futuram
3439 4643 3738 4698 elementorum

2232 4757 2328 4812 per
2354 4744 2530 4812 ignem
2560 4740 3080 4796 consummationem
3111 4748 3372 4809 negantes
3387 4738 3475 4810 (s),
3498 4733 3621 4790 Pauli
3640 4725 3739 4796 Epis-

2230 4836 2396 4890 tolam
2422 4833 2488 4888 ad
2519 4833 2776 4889 [lubricos
2804 4833 2963 4888 Luca:
2984 4841 3076 4886 aut
3122 4831 3384 4886 Barnabtc
3415 4829 3664 4884 tribuentes
3684 4815 3736 4884 (tl.

2298 4996 2362 5067 (ι)
2403 4995 2670 5067 Epiphan.
2698 4995 2832 5050 hrer.
2875 4994 2968 5067 58,
3008 4993 3147 5065 Aug.
3173 4994 3242 5051 de
3271 4994 3409 5067 liter.
3445 5008 3490 5048 c.
3517 4990 3591 5045 57.

2298 5063 2394 5140 (ut)
2438 5063 2719 5140 Epiphan.
2744 5067 2877 5140 lizcr.
2907 5065 3000 5134 29,
3190 5083 3240 5122 c.
3277 5066 3332 5124 9.

2298 5130 2389 5207 ini
2425 5130 2634 5194 Νόιὶεά
2662 5130 2923 5194 Philastr.
2959 5130 3010 5208 p'.
3050 5130 3134 5193 tt‘.

2305 5199 2381 5284 to)
2420 5211 2561 5284 για.
2594 5214 2734 5265 inter
2752 5199 3050 5284 _notas'ad
3095 5212 3217 5280 cap.
3245 5209 3314 5264 76
3359 5217 3524 5263 notam
3551 5199 3631 5258 Alii
3663 5199 3732 5248 titul

2226 5281 2684 5352 passalorinchitte.
2750 5281 2904 5336 Eot'r.

2298 5353 2382 5426 (ρ)
2417 5354 2590 5426 Capp.
2617 5353 2706 5419 54,
2739 5354 2830 5426 76,
2863 5353 2954 5418 81,
2986 5352 3073 5409 91.
3233 5423 3240 5426 _
3365 5414 3381 5426 ι
3489 5413 3536 5426 Η
3572 5414 3617 5426 Η

2417 5409 2750 5495 Quelquefois
2779 5409 2828 5478 il'
2848 5409 2977 5498 meti
3004 5442 3073 5498 att
3102 5423 3312 5498 nomlrre
3349 5414 3435 5498 des
3479 5413 3660 5498 ltérésies
3677 5409 3728 5498 dt:

2221 5481 2519 5580 sentiments
2544 5481 2632 5567 qui
2653 5481 2772 5551 sont
2799 5497 3089 5565 eéritaltlss,
3120 5513 3186 5552 ou
3227 5495 3295 5549 du
3324 5491 3481 5550 maias
3521 5481 3726 5561 probitas.

2224 5581 2406 5639 liques.

2319 5708 2366 5781 ι)
2403 5708 2536 5781 Cap.
2569 5710 2658 5778 βο.

2323 5639 2370 5707 r)
2409 5635 2543 5707 Cap.
2567 5627 2658 5694 59.

2298 5639 2370 5858 ἱνξ
2409 5639 2543 5707 Cap.
2567 5639 2658 5694 59.

2319 5725 2344 5768 s
2403 5708 2536 5781 Cap.
2569 5710 2658 5778 βο.

2298 5784 2339 5860 (t
2400 5782 2534 5866 Cap.
2571 5781 2660 5844 89.

2427 5909 3807 6408 ...Δ

3823 4260 3836 4853 /
