3970 6408
225 183 368 244 1077

1427 187 1490 248 Ρ.
1529 189 1880 250 GALEARDI
1922 191 2313 254 PRAEFATIO.

3393 207 3534 268 1078

221 316 386 380 atque
427 306 534 364 alia
585 306 924 380 huiusmodi;
963 323 1154 364 verum
1207 309 1446 366 dandum
1499 321 1584 366 est
1628 312 1832 384 aliquid
1867 319 1908 376 Α
1943 315 2170 384 inferos,
2203 317 2478 392 quomodo
2503 319 2690 391 impiis
2745 321 2836 376 Dei
2869 323 3115 380 hostibus
3147 323 3279 380 nihil
3324 325 3542 398 prolue-

219 402 500 458 Philastrii
532 403 766 473 ingenio,
799 401 888 472 qui
931 403 1190 473 peculiari
1222 397 1462 474 qundam
1497 405 1679 460 studio
1705 422 1832 478 erga

219 494 524 552 Catholica:
542 497 782 552 veritatis
803 509 1046 550 amorem
1074 495 1368 566 ferebatur,
1402 507 1564 569 atque
1589 500 1834 554 ubicum-

219 607 328 662 que
357 591 574 662 aliquod
605 591 808 645 erroris
841 591 1124 662 vestigium
1168 590 1270 646 sibi
1319 592 1607 648 videbatur
1633 593 1832 666 depre-

221 687 494 750 hendere,
525 687 580 742 in
636 686 765 742 illud
809 685 1185 742 vehementius
1215 688 1413 760 stylum
1454 688 1828 758 convertebat;

221 790 284 836 ut
315 791 524 838 taceam
551 783 914 852 Millenarios,
935 799 1033 842 seu
1057 784 1372 852 Chiliastas,
1401 802 1430 841 a
1453 787 1706 842 Patribus
1723 803 1830 844 non

217 875 396 932 semel
453 877 596 932 inter
653 875 943 932 haereticos
991 879 1404 946 connumerari;
1447 879 1700 936 Mundam
1744 881 1830 936 in-

217 969 632 1040 corruptibilem
680 969 939 1038 credere,
983 973 1206 1026 omnino
1257 989 1504 1028 errorem
1563 989 1726 1042 esse,
1777 965 1834 1030 ut

219 1061 632 1133 Scripturarum
687 1065 992 1120 testimonia
1039 1081 1068 1120 a
1101 1065 1390 1122 Philastrio
1437 1067 1644 1140 prolata
1675 1069 1832 1122 evin-

217 1168 380 1224 cunt;
413 1157 712 1228 Epistolam
739 1169 920 1214 autem
960 1159 1026 1214 ad
1061 1161 1318 1216 llcbraeos
1357 1178 1543 1216 verum
1584 1177 1730 1229 esse,
1769 1177 1834 1218 ac

215 1252 514 1322 genuinum
555 1253 706 1308 Pauli
733 1253 926 1320 fetum,
959 1270 986 1306 a
1035 1255 1436 1310 recentioribus
1467 1257 1682 1312 Critiris
1713 1271 1832 1310 ma-

215 1361 330 1416 gno
351 1355 550 1402 conatu
591 1348 760 1410 astrui
786 1346 888 1420 (a).
921 1348 1074 1416 Quod
1121 1349 1306 1404 subdit
1359 1349 1640 1420 Dupinius,
1679 1350 1831 1420 plura

215 1447 278 1492 et
313 1439 500 1508 gravia
529 1454 558 1492 a
589 1439 886 1496 Pliilastrio
927 1443 978 1496 in
1015 1443 1116 1498 hoc
1147 1443 1286 1498 libro
1313 1455 1494 1498 errata
1539 1446 1830 1500 commissa

217 1547 344 1588 esse
373 1533 476 1606 (ὁ),
517 1533 766 1604 quamvis
811 1535 978 1605 probe
1027 1536 1242 1604 norim,
1283 1535 1498 1606 parcius
1535 1535 1654 1592 haec
1701 1537 1832 1592 viris

217 1629 420 1684 talibus
459 1628 805 1698 obiicienda,
863 1632 942 1685 uti
973 1631 1188 1701 parcius
1235 1630 1480 1700 profecto
1518 1647 1581 1688 ac
1615 1630 1833 1687 modes-

1943 407 2006 463 rit
2045 407 2388 482 (j);aliaque
2413 428 2519 466 non
2552 429 2718 482 pauca
2741 457 2755 480 ,
2789 431 2912 484 qua:
2951 415 3296 472 l’hilastriani
3343 417 3538 488 Operis

1941 509 2311 572 momentum,
2369 521 2634 575 usumque
2662 511 2796 562 satis
2824 510 3037 564 abunde
3083 511 3398 566 ostendunt.
3431 511 3537 586 Py-

1941 593 2324 676 thagoreorum
2367 607 2420 654 el
2473 599 2873 656 Platonicorum
2927 603 3214 672 dogmata,
3264 603 3542 662 haereticis

1937 692 2310 761 compluribus
2339 709 2586 750 errorum
2613 695 2791 752 fontes
2815 699 3119 774 aperuisse,
3151 713 3312 754 nemo
3342 699 3540 754 melius

1937 782 2230 840 Philastrio
2285 785 2578 854 indicavit;
2635 789 2778 859 apud
2821 806 2980 862 quem
3013 789 3338 846 Valentinus
3367 791 3542 848 vaudit

1941 875 2326 950 Pythagoricus
2359 883 2524 952 magis
2570 899 2724 948 quam
2771 882 3101 938 Christianus
3134 884 3206 956 (lt)
3238 927 3250 947 .
3281 883 3534 940 Passaic-

1936 970 2188 1026 rinchita:
2217 987 2349 1028 vero
2371 1015 2386 1042 ,
2417 974 2832 1046 Pythagoricum
2859 978 3138 1032 vanitatem
3181 979 3349 1046 potius
3379 993 3532 1047 quant

1939 1063 2320 1136 Prophetarum
2349 1065 2602 1120 cwleslem
2647 1067 2828 1136 vitam,
2876 1077 2922 1122 et
2945 1069 3252 1141 sapientiam
3281 1069 3424 1137 sequi
3445 1067 3530 1122 tli-

1935 1166 2135 1210 cuntur
2154 1157 2238 1230 (Ι).
2263 1157 2501 1227 Seleuci,
2516 1169 2568 1214 et
2583 1159 2847 1228 Hermite,
2861 1162 2949 1216 ubi
2963 1161 3027 1216 dc
3043 1161 3238 1216 horum
3256 1159 3534 1216 erroribus

1937 1251 2202 1319 loquitur,
2253 1251 2573 1306 Paradisum
2605 1254 2854 1308 visibilem
2904 1271 2972 1308 ex
3005 1254 3231 1310 Platone
3281 1255 3532 1310 haustum

1935 1357 2193 1412 expresse
2214 1353 2366 1401 notat
2391 1345 2712 1404 Philastrius
2734 1349 2861 1420 (in);
2889 1349 2954 1404 ac
2976 1349 3128 1420 plura
3144 1349 3360 1404 demum
3390 1337 3534 1419 apud

1937 1437 2112 1506 ipsum
2145 1438 2230 1494 hic
2255 1431 2368 1494 illic
2397 1451 2711 1508 occurrunt,
2765 1442 2964 1512 quibus
2991 1443 3318 1498 secretiores
3347 1443 3536 1498 Eccle—

1935 1531 2170 1587 siastica:
2233 1532 2574 1604 antiquitatis
2623 1549 2878 1590 recessus
2923 1534 3182 1590 studiosis
3233 1534 3533 1606 pateﬁunt;

1935 1633 1994 1680 ut
2049 1625 2279 1696 proinde
2327 1641 2435 1680 non
2479 1625 2758 1682 immerito
2811 1627 2881 1682 cl.
2943 1627 3260 1692 Fabricius,
3306 1629 3532 1686 minime

215 1713 326 1778 tius
358 1722 594 1792 idipsum
647 1723 940 1780 Philastrio
987 1724 1191 1792 obiecit
1227 1723 1534 1792 Fabricius,
1587 1725 1828 1782 ubicum—
1861 1725 1998 1786 Bse
2057 1719 2367 1788 poenitere,
2423 1719 2579 1774 horas
2650 1719 2904 1792 quasdam
2967 1719 3322 1788 recensendo,
3381 1730 3533 1791 atque

212 1831 326 1886 que
367 1831 490 1872 eum
547 1831 734 1871 errare
761 1815 1154 1886 deprehendit;
1188 1832 1290 1888 ego
1325 1827 1504 1872 tamen
1555 1833 1660 1872 non
1693 1834 1832 1889 pra:-

211 1905 390 1964 fraete
415 1907 752 1978 negaverim,
789 1925 895 1964 non
917 1923 1088 1982 pauca
1122 1909 1418 1966 Philastrio
1444 1911 1736 1977 excidisse,
1774 1911 1826 1968 in

207 2001 414 2070 quibus
453 2000 628 2071 major
671 1999 950 2072 diligentia
983 2017 1048 2058 ac
1085 2001 1347 2058 sedulitas
1387 2002 1453 2058 ab
1491 2019 1556 2058 eo
1606 2001 1824 2058 deside-

211 2095 324 2150 rari
357 2097 550 2164 possit,
581 2094 684 2148 nisi
729 2095 1032 2166 religionis,
1061 2110 1124 2150 ac
1165 2096 1384 2166 pictatis
1435 2095 1698 2162 Studium,
1741 2111 1828 2150 so-

211 2187 410 2252 lertiae,
463 2201 718 2258 cumque
783 2187 1056 2244 delectum
1105 2187 1451 2258 aliquatenus
1512 2197 1822 2244 excusaret.

213 2280 484 2351 Dupinius
515 2281 724 2336 interea
757 2280 1032 2336 l-‘hilastrii
1059 2295 1284 2346 censor,
1317 2281 1444 2336 dum
1473 2295 1594 2334 cum
1625 2277 1826 2336 acriori

215 2375 360 2448 stylo
387 2375 625 2446 sugillat,
661 2375 894 2446 turpiter
927 2375 1042 2446 ipse
1091 2375 1291 2430 labitur
1335 2374 1686 2430 Philastrium
1739 2389 1827 2428 re-

217 2468 583 2538 prehendens,
613 2468 759 2539 quod
790 2467 1166 2526 Samaritanus
1207 2467 1494 2522 deduxerit
1523 2484 1552 2520 a
1582 2465 1826 2522 Samaria

215 2571 334 2634 rege
361 2562 474 2632 ﬁlio
517 2561 766 2616 Chanaan
805 2561 906 2635 (c),
941 2576 1062 2616 eum
1109 2560 1434 2616 Philastrius
1485 2575 1592 2614 non
1637 2559 1827 2614 Sama-

215 2657 358 2710 riutn
391 2669 574 2728 regem
601 2655 806 2710 dixerit
845 2655 1012 2710 tilium
1044 2655 1325 2720 Chanaan,
1352 2653 1470 2722 sed,
1504 2651 1826 2732 Samaritani

213 2767 246 2804 a
269 2748 514 2804 Samaria
551 2765 671 2821 rege
700 2749 986 2818 nuncupati
1017 2757 1167 2814 sunt;
1209 2747 1406 2803 deinde
1437 2765 1452 2802 :
1497 2745 1602 2800 Alii
1651 2753 1824 2800 autem

213 2843 366 2896 aiunt
393 2859 426 2896 a
449 2841 564 2912 ﬁlio
586 2841 853 2910 Chanaan,
877 2843 967 2912 qui
997 2841 1268 2896 Samarius
1293 2841 1570 2894 vocabatur
1591 2837 1696 2912 (ά),
1725 2837 1828 2896 Sa-.

215 2935 518 2990 maritanos
545 2949 666 2990 esse
705 2935 1036 3006 appellatos,
1065 2935 1144 2990 uti
1183 2933 1494 2988 notavimus
1547 2932 1708 2987 etiam
1769 2931 1822 2986 in

215 3029 530 3100 Spicilegio.
563 3028 794 3084 Fallitur
823 3045 1046 3100 quoque
1077 3028 1340 3098 Dupinius
1364 3027 1658 3082 Philastrio
1687 3040 1822 3098 ,suc-

1933 1812 2246 1866 illustrando
2319 1811 2596 1866 Philastrii
2655 1813 2832 1868 libello
2891 1813 3244 1884 impendisse,
3291 1814 3536 1884 variaque

1933 1905 2115 1960 emitto
2156 1905 2428 1972 didicisse,
2483 1908 2718 1976 ingenue
2767 1905 3094 1976 proﬁteatur
3145 1905 3253 1978 (η).
3315 1905 3532 1962 Vanita-

1935 2006 2040 2050 tem
2117 2006 2172 2052 et
2253 1998 2470 2052 inanem
2531 1997 2988 2070 Philosophorum
3055 1999 3388 2076 sententiam
3462 2000 3532 2055 de

1931 2090 2315 2162 P)tltagoriea,
2371 2107 2467 2148 scu
2503 2092 2784 2148 Platonica
2837 2094 3318 2166 metempsychosi,
3363 2096 3533 2166 probe

1931 2184 2127 2240 irridet
2154 2183 2490 2262 Philastrius.
2524 2186 2636 2260 (o);
2679 2196 2838 2258 prout
2869 2187 3034 2242 etiam
3075 2203 3263 2242 eorum
3309 2188 3534 2264 δίδαγμα

1930 2276 1997 2330 de
2045 2277 2258 2332 Mundis
2305 2278 2532 2333 inlinitis
2580 2277 2696 2350 (p);
2730 2279 2872 2350 quod
2915 2289 3252 2350 postremum
3287 2292 3531 2338 notatum

1929 2377 2012 2424 est
2043 2369 2208 2424 etiam
2241 2369 2472 2440 aninio
2495 2389 2508 2434 ;
2535 2386 2602 2424 ex
2628 2371 2824 2440 quibus
2853 2355 3129 2428 Philastrii
3161 2373 3320 2440 locis,
3346 2375 3533 2444 hujus-

1929 2463 2073 2520 modi
2108 2479 2325 2518 errores
2353 2464 2650 2519 etiamnum
2681 2467 3042 2536 quorumdam
3077 2461 3350 2526 mentibus
3399 2469 3532 2524 insi-

1929 2559 2140 2626 dentes,
2195 2557 2576 2614 l'hilastrianis
2604 2559 2729 2614 telis
2779 2558 2940 2618 facile
2980 2561 3259 2618 coniicias.
3288 2545 3534 2632 Scriptu-

1931 2668 2112 2708 rarum
2141 2651 2381 2706 Canonis
2433 2655 2696 2709 αὐτινθίαν
2733 2651 2938 2708 diserte
2983 2656 3246 2726 exprimit
3292 2672 3410 2728 cap.
3437 2657 3530 2732 88,

1929 2760 2038 2818 quo
2094 2744 2147 2798 in
2201 2743 2323 2798 loco
2369 2746 2618 2818 apposite
2664 2744 2980 2801 observavit
3014 2747 3298 2802 Fabricius
3336 2749 3442 2818 (q),
3479 2749 3531 2804 in

1928 2855 2116 2896 earum
2147 2839 2466 2894 recensione
2495 2840 2674 2894 omitti
2705 2857 2736 2896 a
2773 2841 3070 2897 Philastrio
3119 2841 3522 2914 Apocalypsin,

1927 2942 1982 2988 et
2015 2934 2310 3004 Epistolam
2333 2933 2400 2988 ad
2425 2933 2706 3002 ilehrtnos,
2727 2952 2850 3008 qua:
2871 2945 3049 2991 tamen
3075 2946 3304 3006 utraque
3323 2937 3528 3014 scripta

1927 3027 2178 3098 amplecti
2229 3042 2288 3083 se
2336 3027 2478 3082 idem
2509 3029 2832 3084 Philastrius
2857 3029 2986 3086 alibi
3035 3037 3285 3085 testatur.
3319 3029 3526 3084 Eodem

213 3137 480 3188 censeas,
509 3121 654 3194 quod
699 3137 795 3178 eos
833 3123 1082 3190 damnet,
1123 3121 1218 3192 qui
1259 3121 1632 3176 Ecclesiastici
1679 3119 1820 3174 libro
1845 3135 1890 3198 ο
1925 3137 2044 3192 cap.
2079 3121 2148 3177 88
2175 3131 2323 3178 recte
2350 3123 2460 3189 ait,
2487 3121 2901 3180 Valentinianus
2931 3123 3246 3196 Apocrypha
3289 3121 3530 3194 PrOphe-

216 3227 488 3286 tamquam
515 3218 781 3272 canenico
803 3217 1094 3278 utebantur
1125 3217 1216 3288 (e);
1251 3231 1356 3271 non
1398 3215 1544 3270 enim
1594 3214 1820 3269 damnat

213 3309 541 3366 Philastrius
566 3326 662 3366 eos
687 3311 774 3382 qui
817 3310 920 3366 hoc
963 3311 1102 3366 libro
1131 3320 1188 3365 ut
1211 3308 1476 3366 canonico
1505 3309 1815 3376 utebantur,

209 3403 310 3460 sed
343 3404 432 3474 qui
461 3403 750 3458 utebantur
775 3413 1046 3475 tamquam
1071 3403 1210 3460 libro
1255 3402 1583 3468 Salomonis,
1619 3407 1677 3456 ut
1711 3415 1820 3482 ex-

211 3499 382 3570 plicat
420 3509 570 3554 recte
621 3499 907 3556 Fabricius
953 3498 1006 3554 in
1037 3499 1152 3554 suis
1199 3498 1264 3554 ad
1317 3497 1665 3554 Philastriutn
1709 3495 1818 3552 No-

213 3597 284 3652 Iis
317 3597 406 3669 (ῃ.

291 3692 376 3747 16.
403 3691 572 3748 Porro
595 3693 842 3763 quamvis
873 3707 982 3746 non
1003 3689 1299 3746 admodum
1331 3689 1562 3759 benigne
1593 3687 1660 3742 de
1689 3686 1817 3742 Phi-

209 3787 404 3841 lastrio
443 3787 686 3842 sensisse
727 3786 975 3842 videatur
1004 3785 1286 3856 Dupinius,
1321 3783 1584 3838 nonnulla
1611 3781 1812 3836 nihilo-

207 3883 394 3936 minus
422 3882 683 3952 peculiari
727 3880 1114 3936 observatiune
1140 3881 1300 3952 digna
1332 3879 1474 3950 apud
1505 3895 1628 3934 cum
1664 3879 1814 3936 inve-

207 3973 316 4029 niri
371 3974 762 4031 animadvertit
803 3975 908 4046 (g),
961 3989 1196 4042 quorum
1250 3989 1351 4029 nos
1391 3987 1610 4044 quoque
1643 3987 1812 4043 pauca

203 4069 455 4140 quasdam
480 4069 640 4140 paulo
663 4084 848 4140 supra,
869 4071 934 4124 ad
963 4071 1249 4126 utilitatem
1271 4069 1420 4124 Libri
1441 4068 1809 4135 indicandam,

207 4175 313 4232 pro
339 4163 639 4231 specimine
665 4163 1028 4218 delibavimns
1059 4164 1163 4232 (h).
1189 4162 1510 4234 llujnsmodi
1533 4173 1661 4217 sunt
1687 4160 1809 4216 ani-

1921 3229 2110 3284 tarnm,
2144 3227 2192 3272 et
2227 3217 2616 3290 Apostolorum,
2643 3219 2699 3272 id
2726 3229 2799 3274 est
2824 3219 2980 3272 Actus
3003 3260 3016 3284 ,
3046 3227 3315 3289 separatos
3337 3216 3524 3272 haben-

1922 3325 2015 3382 tes,
2045 3311 2338 3368 Canonicas
2371 3313 2681 3384 Scripturas
2713 3322 3074 3380 contemnere;
3105 3311 3250 3383 quod
3278 3321 3428 3368 certe
3457 3311 3527 3368 de

1921 3407 2198 3463 Valentini
2233 3406 2514 3477 discipulis
2545 3405 2984 3478 intelligendum,
3016 3419 3124 3460 non
3148 3403 3218 3460 de
3245 3404 3364 3475 ipso
3413 3403 3522 3458 Va-

1921 3499 2150 3566 lentino,
2177 3514 2337 3568 queui
2361 3498 2492 3554 nihil
2523 3498 2732 3554 Canoni
2757 3498 3056 3566 addidisse,
3081 3499 3166 3554 vel
3194 3498 3522 3562 detraxisse,

1917 3591 2014 3647 sed
2043 3599 2250 3646 tantum
2279 3591 2462 3662 pravis
2489 3593 2920 3662 expositionibus
2949 3592 3259 3664 Scriptores
3299 3590 3366 3646 ad
3393 3605 3522 3646 sen-

1917 3701 2036 3739 sum
2069 3701 2226 3740 suum
2255 3685 2736 3752 accommodasse,
2785 3701 2850 3740 ex
2883 3685 3222 3740 Tertulliano
3271 3685 3522 3756 probavit

1919 3779 2226 3834 Massuctus
2263 3777 2356 3848 (r).
2392 3777 2602 3832 Laudat
2649 3786 2914 3848 praeterea
2973 3775 3243 3848 Dupinius
3289 3776 3518 3848 praecla-

1917 3887 2034 3928 rum
2079 3871 2356 3932 Philastrii
2401 3872 2621 3928 effatum
2655 3873 2762 3944 (s),
2794 3887 2900 3943 quo
2941 3871 3132 3938 docet,
3175 3871 3378 3927 debere
3418 3885 3518 3926 nos

1915 3968 2144 4040 primum
2195 3977 2374 4022 nostra
2425 3985 2632 4022 currere
2675 3969 2978 4034 uoluntate,
3029 3966 3218 4021 deinde
3269 3983 3369 4020 non
3401 3983 3518 4022 cum

1915 4061 2316 4132 prtcsttmptione
2371 4071 2418 4116 et
2467 4061 2762 4132 iactantia,
2813 4061 2964 4132 quasi
3021 4068 3200 4114 nostra
3242 4060 3430 4114 uirtute
3471 4069 3520 4114 et

1905 4157 2116 4230 justitia
2143 4156 2428 4226 condigna,
2461 4171 2563 4210 non
2609 4155 2803 4210 Christi
2859 4172 3152 4210 mereamur
3181 4155 3370 4210 saluari
3411 4153 3518 4208 cle-

203 4271 314 4310 inte
345 4257 728 4312 immortalitas
771 4273 800 4312 a
835 4257 1152 4324 Ριιὶι.ιειι·ὶι›,
1184 4267 1240 4312 ut
1265 4257 1524 4320 diximus.
1561 4257 1810 4327 pluribus
1913 4251 2146 4315 mantia;
2199 4259 2360 4319 prout
2389 4249 2554 4304 etiam
2587 4249 2721 4304 illud
2750 4249 2892 4320 quod
2922 4248 3138 4320 subiicit
3165 4291 3180 4318 ,
3215 4248 3516 4320 reprehen-

203 4353 262 4406 in
309 4351 444 4406 locis
472 4359 714 4417 asserta;
765 4352 1050 4407 Trinitatis
1094 4355 1418 4424 mysterium
1467 4351 1704 4406 dilucide
1747 4365 1810 4405 ac
1913 4347 2049 4402 deus
2075 4350 2118 4402 si
2147 4349 2260 4418 quis
2283 4347 2508 4402 dixerit:
2535 4345 2757 4402 Possum
2787 4363 2894 4401 esse
2925 4356 3143 4416 martyr,
3170 4345 3382 4415 possum
3405 4355 3516 4424 esse

201 4446 496 4517 perspicue
531 4447 860 4518 explicatum
887 4463 900 4510 ;
951 4419 1231 4516 generatio
1269 4443 1429 4500 Verbi
1475 4443 1808 4514 sempiterna
1912 4441 2202 4508 apostolus,
2223 4451 2274 4495 et
2304 4457 2408 4496 non
2434 4440 2606 4496 dicit:
2635 4429 2695 4495 Si
2733 4435 2971 4496 CIt‘ristus
2999 4431 3255 4506 uoluerit,
3283 4419 3421 4512 dadd
3451 4435 3514 4488 ab

199 4541 356 4594 clare
381 4551 436 4594 et
465 4539 752 4595 enucleate
803 4539 997 4594 tradita
1033 4537 1099 4610 (ἱ)
1120 4553 1134 4604 ;
1159 4537 1360 4592 Christi
1409 4537 1708 4593 descensus
1737 4536 1804 4592 ad
1832 4533 1886 4594 D
1911 4549 1970 4588 eo
1999 4535 2370 4588 incrementum
2401 4531 2454 4586 id
2481 4535 2708 4588 muneris
2739 4525 2786 4586 ei
2811 4523 2995 4602 gratia:
3034 4529 3324 4600 confertur.
3355 4519 3518 4583 C'oln-

1983 4669 2053 4794 (λιξ
2084 4665 2370 4794 (ξιρὶ
2403 4665 2682 4722 Videndus
2705 4667 2832 4722 item
2855 4641 3139 4726 Fabricius
3155 4641 3278 4720 'co‘d.
3308 4645 3510 4735 Aptior.

2020 4755 2072 4795 ι·.
2197 4755 2358 4826 “illa.

1985 4812 2058 4885 (kx
2099 4811 2232 4885 μιν·
2269 4809 2364 4885 eti-

1987 4879 2366 4956 (ιλῦξῲ-Ἱβς,
2449 4947 2458 4956 .
2647 4955 2656 4956 ί
3019 4951 3031 4956 _
3102 4953 3110 4956 Α

1989 4947 2084 5026 (υἷι)
2126 4947 2255 5026 Cap.
2299 4951 2401 5026 55.7
2433 4947 2766 5024 Augustinus
2799 4967 2977 5026 porro,
3001 4951 3069 5010 de
3097 4953 3226 5010 ha-r.
3266 4967 3386 5026 capi.
3419 4949 3511 5026 59,

1915 5019 2104 5082 contra
2161 5019 2218 5080 id
2261 5025 2406 5094 quod
2436 5019 2543 5096 ait
2571 5019 2920 5096 Philastrius,
2951 5025 3018 5096 de
3072 5019 3409 5096 Seleuciani's
3435 5019 3513 5078 i'o-

1911 5113 2085 5166 quens
2112 5093 2356 5168 {Negant
2380 5095 2532 5150 etiam
2557 5095 2809 5152 visibilem
2829 5093 3164 5166 paradisum;
3189 5093 3508 5154 Philastrius

1911 5185 2079 5242 vero:
2105 5167 2702 5242 Paradisumoisibilent
2734 5169 3018 5242 afﬁrmant.

303 4675 358 4746 a)
403 4673 612 4746 Yidesis
651 4671 820 4746 Notas
853 4669 1086 4726 Fabricii
1116 4670 1180 4724 ad
1213 4685 1329 4746 cap.
1357 4668 1448 4746 89ἷ

303 4677 358 4746 α)
403 4677 612 4728 Videsis
651 4677 820 4726 Notas
854 4677 1086 4726 Fabricii
1116 4677 1180 4724 ad
1213 4685 1329 4738 cap.
1357 4677 1448 4730 δυ,

280 4677 357 4820 ib)
397 4731 448 4799 ll
477 4743 571 4817 fuit
602 4745 859 4812 plusieurs
903 4747 1075 4816 {antes
1099 4741 1378 4815 grossieres
1411 4742 1540 4794 dans
1582 4757 1639 4795 ce
1681 4741 1808 4812 petit
1911 4740 1976 4795 N.

199 4822 384 4874 traité.
815 4867 818 4870 .

279 4887 351 4962 (c)
393 4887 444 4943 ll
474 4887 549 4942 dit
587 4904 683 4959 que
705 4887 775 4962 les
800 4885 1154 4962 _Sap_zaritains
1187 4885 1419 4962 victinent
1448 4883 1568 4962 d’ttn
1607 4883 1687 4938 roi
1715 4881 1810 4954 ap-

201 4955 634 5032 pele'Samarius,
663 4961 746 5028 ﬁls
776 4957 1112 5032 dciChu‘nan;
1137 4957 1304 5032 quelle
1331 4955 1522 5032 ligone!

279 5027 360 5106 (ά)
403 5023 674 5106 Phliasii;
693 5047 814 5106 cap.
847 5031 876 5084 7
903 5049 914 5083 ε
948 5023 1268 5106 Samaritani
1290 5047 1325 5106 τε
1341 5025 1705 5106 .Saniariorcge
1731 5023 1802 5106 ita

199 5099 490 5176 nuncitpati
527 5113 666 5176 sunt.
707 5099 808 5156 Alii
843 5111 1012 5176 autem
1045 5099 1190 5154 aiunt
1229 5119 1259 5152 α
1289 5101 1399 5176 ﬁlio
1428 5099 1674 5176 Chanaan
1715 5099 1804 5170 qui

197 5173 300 5230 hoc
327 5169 533 5231 nomine
563 5175 838 5230 Samurius
853 5172 1149 5238 vocabatur,
1172 5189 1202 5224 α
1222 5169 1323 5240 quo
1341 5169 1660 5226 Samaritani
1683 5169 1802 5240 sunt

197 5245 479 5320 appellati;
507 5263 675 5320 quare
703 5245 938 5314 aninio
961 5243 1150 5320 reponi
1181 5251 1360 5320 potest
1384 5243 1594 5320 :ﬁq‘uelle
1615 5239 1805 5320 lzéuue!
1986 5240 2062 5320 (η)
2106 5241 2264 5320 frmi.
2393 5239 2646 5296 Philastr.

389 5303 755 5394 “condantur:
791 5303 926 5394 cenis
948 5303 1038 5386 qui
1065 5303 1343 5368 adniettenl
1391 5303 1804 5383 l‘Ecclésiatique

1985 5303 2062 5394 ζοὶ
2100 5313 2234 5394 95‘9-
2278 5311 2403 5394 {23.-

195 5383 648 5460 comr'neunliure
677 5383 980 5458 canonique'.
1504 5457 1530 5460 ἦ
1613 5455 1623 5460 _
1722 5451 1764 5460 ,ί
1985 5383 2243 5460 (p)_(_1_ap.
2289 5383 2410 5460 iis.
2494 5453 2556 5460 ﬂ
2748 5457 2763 5460 _
2843 5453 2848 5456 _
3075 5449 3084 5454 _

197 5453 360 5589 Eli)
399 5461 520 5518 Vid.
551 5461 617 5517 ad
667 5477 786 5532 cap.
817 5447 888 5517 56
917 5470 1028 5517 uot.
1057 5447 1269 5514 Librum
1302 5473 1459 5512 unum
1491 5451 1798 5530 Sapientior.
1912 5447 2062 5584 ΕΔΖ.)
2107 5447 2227 5510 Vid.
2259 5455 2326 5510 ad
2350 5469 2469 5526 cap.
2494 5453 2564 5514 58
2593 5467 2706 5514 not.
2735 5453 3002 5516 Statutum
3039 5449 3114 5516 est
3138 5453 3201 5516 ab
3229 5457 3503 5531 apeitolis.

251 5549 356 5589 nrr.
2058 5569 2071 5584 .
2825 5581 2828 5584 .

251 5549 356 5589 Dl‘l'.
1912 5543 2071 5584 LDIT.
2825 5581 2828 5584 .

275 5603 356 5678 (g)
397 5603 450 5678 Il
471 5622 502 5676 y
525 5601 870 5678 anegnmoins
889 5603 1374 5676 quelquesendroits
1403 5597 1803 5670 remarquables.
1986 5599 2057 5678 (ν)
2095 5599 2410 5678 ρίεεοιίιὶὲί,
2437 5601 2488 5656 in
2514 5597 2683 5668 Iren.,
2718 5619 2774 5658 ιι.
2806 5601 2860 5660 9.

278 5623 356 5730 ty)
397 5623 448 5672 μ
471 5623 502 5676 y
525 5623 870 5664 aneanmams
889 5623 1132 5676 quasquas
1143 5623 1374 5658 enarous
1403 5623 1803 5670 remarquumes.

278 5679 306 5750 (γ
335 5681 359 5748 )
395 5673 680 5750 ῌιιιηκῌέ.

2009 5623 2057 5670 η
2095 5623 2322 5655 mssen.
2355 5623 2380 5655 ι

1986 5623 2056 5744 ξε)
2096 5671 2228 5744 Cap.
2263 5671 2385 5728 128.

394 5745 522 5828 Cap.
565 5737 690 5807 η’).
