3970 6408
490 217 630 275 1079

483 438 608 480 cum
638 439 701 479 ex
729 425 962 480 adverso
985 425 1394 496 prolixissimum
1417 432 1576 480 vocet
1611 424 1946 494 Augustinus
1984 424 2086 494 (a):

490 517 762 573 Philaster
800 517 1084 573 Brixianus
1139 520 1411 589 episc0pus
1439 519 1493 572 in
1523 519 1874 590 prolixissimo
1919 516 2050 571 libro
2071 557 2086 582 ,

484 630 638 684 quem
663 614 726 666 de
769 612 1068 668 Iliensibus
1121 612 1391 668 condidit:
1434 612 1536 667 hoc
1580 620 1760 666 autem
1801 608 2090 681 Augustini

482 708 861 778 accipiendum
892 723 1013 763 esse
1046 707 1329 762 Fabricius
1358 714 1587 762 annotat
1620 703 1694 777 (b)
1737 721 1841 759 non
1875 705 1946 758 ob
1975 718 2092 758 ma-

483 800 824 870 gnitudinem
869 799 1192 864 voluminis,
1241 799 1332 854 sed
1362 799 1433 854 ob
1479 799 1749 868 prolixum
1798 795 2090 852 bzcrcsium

485 907 623 962 quas
653 899 1049 948 commemorat
1091 906 1380 948 numerum
1435 889 1743 962 Epiphanio
1789 888 1946 960 longe
1977 902 2090 941 ma—

481 989 501 1060 j
509 1005 658 1046 orem
670 1032 682 1044 .

559 1084 648 1138 l7.
690 1082 841 1137 Licet
862 1090 1040 1137 autem
1069 1080 1121 1135 in
1156 1078 1454 1136 haeresibus
1483 1075 1869 1133 enumerandis
1901 1075 2012 1131 fere
2033 1089 2092 1130 se

485 1177 888 1249 diligentiorem
923 1177 1236 1247 prtcstitcrit
1267 1174 1614 1240 Philastrius,
1640 1173 1712 1227 ita
1741 1181 1794 1226 ut
1822 1185 2092 1226 nonnum-

480 1284 646 1338 quam
675 1269 924 1326 eamdem
959 1268 1209 1324 bmresim
1233 1265 1432 1337 pluries
1461 1263 2004 1328 commemoraverit,
2032 1273 2092 1317 ut

481 1365 558 1417 ait
599 1364 864 1434 Dupinius
889 1361 962 1436 (c)
989 1381 1002 1427 ;
1033 1360 1296 1432 quasdam
1331 1370 1508 1414 tamen
1539 1359 1702 1414 etiam
1736 1357 2092 1430 praetermisit

485 1457 788 1510 recensitas
815 1456 883 1511 ab
913 1452 1218 1524 Epiphanio
1240 1495 1254 1516 ,
1289 1467 1424 1523 quas
1455 1460 1740 1522 pr0ptcrea
1771 1451 1821 1504 iu
1843 1449 2091 1518 catalogo

484 1561 585 1600 suo
609 1549 762 1617 ponit
794 1547 1169 1616 Augustinus;
1223 1556 1278 1599 ut
1310 1543 1667 1600 Archonticos
1686 1584 1698 1603 .
1727 1541 2052 1598 Severiauos
2073 1582 2089 1608 ,

486 1641 824 1704 Elcesmitas,
849 1649 904 1695 et
926 1639 1217 1704 Samsaaos,
1250 1638 1654 1702 Bardesanitas,
1679 1636 1949 1702 Valesios,
1976 1637 2088 1690 An-

1714 218 2026 277 SANCTUS
2065 217 2546 277 PHILASTRIUS.

484 330 711 386 mendat
735 331 862 386 item
892 330 1169 387 Philastrii
1193 331 1392 386 librum
1417 346 1446 386 a
1463 330 1728 387 brevitate
1748 331 2081 402 przesertim,
2117 337 2157 391 Α
2193 331 2392 400 piodoti
2411 331 2480 386 ab
2505 330 2909 401 Asclepiodoto,
2937 331 3026 401 qui
3049 330 3341 402 discipulus
3366 342 3474 386 erat
3499 331 3706 390 Theodoti

3600 221 3706 277 1080

2193 422 2410 478 coriarii
2461 423 2578 493 (ι),
2631 423 2784 492 isque
2832 421 3065 477 docebat
3112 422 3377 478 hominem
3403 427 3708 480 tantummodo

2194 515 2472 570 Christum
2501 530 2623 571 esse
2647 514 2764 587 (m).
2793 513 3116 585 Saccophori
3145 517 3354 586 species
3397 517 3610 585 quaedam
3631 519 3710 573 lla-

2194 607 2530 662 nichzeorum
2550 649 2564 673 ,
2595 608 2676 661 sic
2704 607 2834 661 dicti
2863 607 3016 677 quasi
3046 622 3262 662 saccum
3304 607 3548 672 ferentes;
3574 609 3627 663 de
3651 611 3710 666 his

2197 703 2403 756 mentio
2429 709 2514 756 est
2542 701 2596 755 in
2626 701 2826 756 Codice
2856 701 3236 756 Theodosiano
3261 700 3367 772 (u);
3407 701 3713 759 Tillemontius

2193 811 2326 851 vero
2357 793 2456 868 (ο)
2483 795 2770 849 Baronium
2821 803 3003 861 notat,
3037 793 3184 866 quod
3205 810 3298 850 eos
3339 795 3404 849 ad
3431 810 3512 849 an.
3555 796 3711 866 585(p)

2196 907 2483 964 perperam
2524 891 2797 962 putaverit
2827 891 3048 946 eosdem
3097 905 3220 946 esse
3263 906 3380 946 cum
3409 890 3712 956 Messalianis,

2195 1001 2332 1056 quos
2360 985 2698 1055 Augustinus
2730 999 2780 1038 c.
2812 984 2880 1039 57
2930 999 3037 1038 non
3093 983 3440 1039 Messalianos
3472 981 3615 1048 dicit,
3646 982 3714 1037 sed

2196 1077 2517 1134 Psallianos.
2546 1077 2842 1134 Helvidiani
2860 1077 2928 1132 ab
2957 1076 3204 1132 Helvidio
3231 1077 3473 1132 Auxentii
3494 1076 3712 1146 discipulo,

2195 1181 2385 1228 contra
2408 1187 2570 1244 quem
2603 1171 2969 1242 Hieronymus
2994 1171 3186 1225 librum
3206 1170 3438 1240 scripsit,
3463 1171 3716 1226 omittuntur

2194 1269 2263 1323 ab
2293 1269 2616 1339 Epiphanio,
2654 1267 2969 1330 Pbilastrio,
2999 1275 3055 1320 et
3085 1266 3418 1336 Augustino;
3439 1281 3714 1336 quamquam,

2196 1361 2427 1417 lortasse
2478 1361 2637 1417 iidem
2669 1361 2814 1426 sint,
2869 1375 3008 1430 quos
3050 1360 3518 1414 Antidicomaritas
3544 1359 3718 1429 Epipha-

2196 1456 2320 1510 nius
2333 1464 2484 1511 vocat
2496 1456 2595 1527 ,(q)
2612 1454 3192 1510 Antidicomariauitas
3208 1470 3339 1509 vero
3357 1455 3644 1526 Augustinus
3654 1455 3717 1525 (r).

2199 1548 2530 1603 illacrianum
2560 1555 2830 1603 memorat
2875 1546 3147 1602 Eusebius
3187 1547 3289 1618 (s),
3349 1548 3434 1617 qui
3479 1562 3541 1602 ex
3584 1547 3717 1602 catho-

2195 1642 2338 1707 lico,
2396 1643 2499 1696 hoc
2529 1650 2612 1695 est
2647 1640 2944 1706 rationali,
2995 1640 3459 1712 archisyuagogus
3505 1654 3720 1710 magorum

484 1735 713 1804 gelicos,
748 1735 1117 1804 Apostolicos,
1145 1733 1523 1803 Origenianos,
1566 1730 1928 1797 Hierachitas,
1980 1730 2094 1785 An-
2127 1732 2168 1792 Β
2199 1732 2424 1806 Egypti
2454 1732 2659 1801 factus,
2696 1749 2761 1789 ac
2784 1732 3058 1788 Valeriani
3093 1732 3435 1802 imperatoris
3459 1731 3520 1786 ad
3541 1733 3724 1802 impieta-

483 1827 1010 1898 thropomorphitas,
1043 1827 1526 1899 Appollinaristas,
1575 1825 2092 1881 Antidicomariaui-

483 1931 589 1990 tas,
619 1922 949 1990 Psallianos,
1003 1923 1400 1993 Martyrianos,
1449 1921 1896 1986 ctSatanianos,
1951 1936 2090 1990 quos

485 2027 763 2086 postremo
815 2016 938 2070 loco
988 2031 1051 2070 ex
1084 2013 1388 2084 desumptis
1415 2013 1484 2067 ab
1513 2012 1817 2083 Epiphanio
1861 2011 2093 2067 collocat

483 2109 822 2179 Augustinus
850 2109 955 2181 (ά).
992 2107 1168 2179 Atque
1199 2106 1284 2162 hic
1322 2106 1543 2177 quidem
1572 2116 1700 2160 sunt
1758 2105 1995 2160 haereses
2023 2104 2091 2159 ab

483 2200 794 2271 Epiphanio
834 2202 1148 2267 recensita,
1181 2209 1237 2257 et
1267 2216 1298 2256 a
1331 2200 1625 2256 Pbilastrio
1677 2201 1918 2266 omissae,
1955 2215 2091 2270 quas

482 2295 536 2348 in
564 2295 872 2365 catalogum
913 2309 1072 2349 suum
1103 2294 1442 2365 Augustinus
1465 2293 1699 2364 redegit.
1725 2292 1924 2348 Contra
1961 2307 2092 2347 vero

467 2384 629 2440 ‘idem
677 2387 1014 2457 Augustinus
1065 2387 1208 2441 inter
1263 2386 1505 2441 haereses
1553 2399 1692 2455 quas
1736 2399 1767 2440 a
1798 2383 2092 2440 Pbilastrio

483 2481 719 2548 accepit,
780 2480 1210 2536 Priscillianistas
1265 2489 1532 2537 memorat
1590 2479 1688 2551 (e),
1737 2494 1860 2535 cum
1911 2487 2091 2534 tamen

483 2571 951 2629 Priscillianorum
970 2591 1167 2630 nomen
1194 2576 1246 2630 in
1265 2574 1542 2630 Pbilastrii
1562 2574 1704 2629 libro
1724 2589 1833 2628 non
1858 2573 2089 2643 legatur,

485 2676 545 2722 ut
595 2669 808 2721 notavit
860 2667 1146 2724 Fabricius
1177 2669 1230 2723 in
1282 2667 1642 2723 Testimoniis
1669 2666 1738 2722 de
1765 2665 2087 2731 Pbilastrio,

481 2759 572 2815 ubi
601 2758 890 2830 Augustini
920 2761 990 2817 de
1020 2761 1213 2817 eodem
1237 2759 1534 2815 Pbilastrio
1559 2759 1930 2815 testimonium
1951 2759 2092 2814 reci-

485 2862 599 2920 tat;
630 2852 726 2909 sed
757 2868 853 2910 eos
885 2852 1213 2909 Philastrius
1243 2867 1365 2922 cap.
1413 2850 1507 2919 84,
1537 2852 1639 2907 sub
1667 2851 1887 2906 nomine
1919 2850 2093 2905 Absti-

481 2948 736 3012 nentium,
757 2947 1110 3017 perstringat,
1130 2955 1190 3001 ut
1214 2945 1412 3001 ibidem
1436 2945 1724 3001 Fabricius
1745 2944 2090 3000 animadver-

483 3040 551 3095 tit
598 3040 700 3112 (ι’).
746 3039 1227 3094 Passalorinchitas
1271 3040 1400 3094 item
1452 3047 1705 3094 recenset
1752 3039 2095 3108 Augustinus

2197 1836 2303 1882 tem
2326 1842 2543 1882 omnem
2572 1826 2791 1892 ductor,
2817 1837 2870 1880 et
2895 1825 3174 1895 magister,
3202 1840 3380 1896 neque
3405 1827 3722 1895 providentiam

2197 1921 2446 1976 universa
2476 1921 2851 1976 moderantem
2899 1920 3202 1982 intellexit,
3237 1935 3341 1974 nec
3369 1919 3536 1974 animo
3561 1931 3723 1988 reputa-

2196 2019 2274 2073 vit
2299 2017 2563 2087 judicium
2597 2016 2742 2071 illius
2771 2015 2859 2086 qui
2892 2023 3022 2070 ante
3064 2015 3282 2082 omnia,
3329 2025 3383 2070 et
3423 2014 3473 2068 in
3499 2014 3722 2077 omnibus,

2195 2119 2252 2166 et
2280 2126 2445 2180 super
2471 2110 2658 2165 omnia
2678 2118 2782 2173 est,
2818 2109 2936 2164 Dei.
2974 2107 3314 2162 Exocionitas
3364 2107 3578 2162 Arianos
3597 2107 3723 2161 nomi-

2196 2209 2290 2258 nat
2305 2217 2411 2257 uon
2430 2202 2598 2258 semel
2621 2201 2950 2256 Chronicum
2976 2200 3405 2255 Alexandrinum
3429 2200 3490 2272 (t)
3510 2201 3587 2271 qui
3605 2197 3725 2253 Atha-

2195 2294 2372 2361 nasio,
2399 2293 2626 2364 aliisque
2647 2292 3010 2362 scriptoribus
3025 2292 3188 2347 etiam
3221 2291 3496 2347 Exucontii
3513 2290 3723 2362 appellati,

2193 2385 2339 2457 quod
2399 2385 2598 2440 Filium
2633 2385 2763 2452 Dei,
2797 2398 2959 2455 quem
2991 2383 3140 2438 Patri
3161 2384 3726 2445 consubstantialem,et

2195 2488 2528 2536 coaeternum
2553 2478 2846 2550 negabant,
2869 2480 2918 2544 ἐξ
2939 2480 3026 2533 οὐκ
3045 2476 3224 2545 ὄντων,
3246 2494 3347 2534 seu
3371 2494 3432 2535 ex
3455 2478 3604 2532 nihilo
3619 2490 3727 2530 crea-

2196 2583 2306 2629 tum
2336 2572 2700 2638 afﬁrmarent,
2727 2570 2793 2625 de
2815 2571 3011 2640 quibus
3038 2571 3300 2640 praeclara
3328 2566 3729 2626 nonnullanolavit

2194 2667 2405 2738 lttigius
2427 2664 2526 2738 (τι).
2546 2663 2739 2720 Bonosi
2762 2664 2989 2720 bmresis
3007 2680 3035 2718 a
3058 2668 3273 2722 Bonoso
3291 2667 3516 2736 quodam
3533 2665 3728 2734 episcopo

2197 2763 2400 2836 (utrum
2430 2762 2768 2823 Sardicensi,
2798 2770 2853 2814 ut
2877 2775 3002 2816 eum
3030 2759 3160 2815 facit
3188 2759 3394 2816 Marius
3418 2761 3661 2824 Mercator,
3681 2773 3726 2811 an

2198 2871 2328 2911 vero
2348 2855 2554 2920 Naissi,
2581 2862 2639 2909 ut
2666 2852 2877 2924 iudicat
2897 2853 3208 2909 llolstenius
3236 2854 3338 2926 (r),
3370 2869 3472 2909 non
3491 2855 3604 2910 satis
3621 2866 3727 2906 com-

2196 2946 2433 3019 pertum)
2454 2948 2507 3002 in
2535 2961 2602 3002 eo
2624 2946 2966 3014 versabatur,
3000 2945 3144 3017 quod
3169 2945 3455 3002 Bonosiani
3484 2961 3577 3002 non
3599 2945 3728 3001 solum

2192 3038 2394 3096 Christi
2421 3039 2690 3094 Deitatem
2725 3040 3017 3110 negabant,
3046 3040 3141 3095 sed
3175 3041 3366 3108 plures
3406 3042 3555 3098 etiam
3583 3040 3729 3095 liberos

483 3149 534 3190 c.
563 3135 634 3190 65
676 3137 818 3190 inter
861 3135 1101 3190 hmreses
1131 3151 1260 3204 quas
1288 3134 1556 3189 Philoster
1576 3136 1768 3206 posuit.
1801 3151 1894 3188 nec
1921 3136 2092 3204 posuit
2121 3121 2167 3184 C
2199 3147 2230 3189 e
2259 3132 2424 3187 Maria
2452 3133 2668 3203 genitos
2699 3131 2868 3186 fuisse
2892 3132 3224 3198 credebant;
3253 3143 3316 3188 ut
3339 3150 3406 3190 ex
3425 3134 3728 3191 Bonosirausa

486 3226 855 3299 Epiphanius;
901 3243 1089 3284 verum
1121 3227 1602 3283 Pnssalorinchitas
1630 3228 1968 3298 Epiphanius
1998 3244 2093 3296 po-

486 3320 589 3385 nit,
622 3329 940 3374 utnotatum
973 3319 1224 3374 Fabricio
1261 3319 1328 3375 ad
1356 3319 1713 3375 PhilaStrium
1743 3336 1865 3391 cap.
1897 3322 1966 3378 76
1988 3322 2089 3392 (g),

487 3413 563 3466 uti
587 3420 645 3467 et
666 3410 1047 3480 Colluthianos,
1079 3428 1216 3482 quos
1246 3413 1588 3483 Augustinus
1612 3413 1774 3469 habet
1799 3430 1849 3470 c.
1870 3413 2090 3470 65mm-

485 3521 646 3577 quam
671 3522 700 3561 a
723 3505 1038 3572 Pbilastrio,
1064 3521 1173 3561 non
1197 3507 1265 3562 ab
1289 3506 1595 3576 Epiphanio
1625 3517 1960 3564 memoratos
1987 3507 2086 3581 (Ii).

484 3597 679 3654 Plures
720 3599 885 3654 etiam
929 3598 1169 3655 haereses
1205 3599 1544 3669 Augustinus
1587 3601 1796 3667 omisit,
1827 3617 1966 3671 quas
1990 3617 2094 3658 nec

488 3693 867 3764 Epiphanius,
921 3707 1022 3749 nec
1074 3693 1404 3750 Pbilastrius
1459 3705 1889 3763 recensuerunt;
1951 3700 2095 3752 inter

486 3802 580 3843 eas
613 3786 918 3842 Masbotluei
955 3803 984 3842 a
1029 3787 1364 3844 Masbotbzco
1407 3788 1486 3842 sic
1528 3788 1825 3858 appellati,
1870 3788 1962 3859 qui
1995 3789 2096 3845 fuit

486 3895 628 3937 unus
654 3881 722 3937 de
739 3889 946 3951 septem
973 3880 1165 3952 primis
1187 3879 1460 3936 licerelicis
1478 3895 1616 3952 quos
1638 3891 1891 3936 numerat
1920 3881 2093 3938 Euse-

483 3974 610 4030 bius
641 3973 727 4045 (i),
757 3981 919 4044 prout
947 3976 1110 4029 etiam
1139 3972 1372 4028 ϐοηΜεὶ
1393 3989 1423 4028 a
1451 3973 1708 4029 Gorthteo
1737 3974 1970 4044 quodam
2001 3976 2093 4046 (j),

485 4083 813 4138 quamquam
856 4067 1149 4123 Gorthenos
1196 4074 1364 4139 ponat
1409 4067 1574 4122 etiam
1628 4067 1962 4138 Epiphanius
1992 4068 2092 4140 (k),

484 4161 576 4233 qui
624 4169 805 4218 tamen
860 4161 1356 4230 prtetermittuntur
1406 4159 1474 4216 ab
1527 4159 1851 4232 Augustino.
1914 4160 2093 4217 Ascle-

483 4404 486 4408 ’
560 4391 641 4452 (ω
682 4395 985 4451 Testimon.
1019 4393 1088 4448 de
1123 4391 1439 4446 Pbilastrio.

583 4462 632 4540 οἱ
675 4467 727 4522 ll
769 4468 864 4539 [ait
913 4483 995 4540 un_
1030 4463 1322 4540 Cotologue
1355 4463 1399 4540 si
1429 4462 1716 4540 nombreux
1760 4463 2081 4540 deérésies,

482 4534 624 4610 qu’il'
637 4558 668 4593 a
689 4534 874 4594 encore
891 4538 1202 4606 multiplices
1218 4552 1281 4589 en
1295 4534 1486 4606 faisant
1503 4534 1732 4590 mention
1758 4535 1912 4591 d’une
1931 4539 2090 4594 méme

487 4613 688 4668 ltérésie
716 4613 974 4681 plusieurs
992 4610 1115 4680 fcis.

586 4683 643 4749 d)
683 4675 823 4754 Aug.
854 4683 920 4737 de
943 4675 1114 4746 υἱεῖ..
1146 4693 1268 4749 cap.
1300 4675 1489 4732 20-57.

587 4754 636 4826 ε)
679 4753 842 4819 lbid.,
886 4768 1006 4822 cap.
1052 4752 1142 4806 70.

557 4686 633 4897 Ξῖ)
673 4825 794 4879 Vid.
822 4825 898 4897 ad,
919 4839 1042 4887 cap.
1074 4824 1148 4897 ξιξ
1172 4830 1288 4878 not.
1321 4819 1489 4897 Sunt:

583 4343 615 4379 a
679 4324 758 4380 De
783 4323 932 4379 Hier.
955 4336 1006 4377 c.
1039 4321 1128 4376 41.

587 4324 641 4468 bi
682 4395 985 4451 Testimon.
1019 4393 1088 4448 de
1123 4393 1128 4445 l

557 4323 632 4541 ἕο)
675 4467 727 4522 ll
769 4468 864 4539 [ait
913 4483 996 4541 un_
1029 4463 1127 4541 βαρ

587 4754 636 4826 ε)
679 4752 842 4826 lbid.,
886 4768 1006 4822 cap.
1052 4752 1142 4826 70.

585 4819 633 4897 f}
673 4825 794 4879 Vid.
822 4825 898 4897 ad,
919 4819 1042 4887 cap.
1074 4824 1148 4897 ξιξ
1172 4830 1288 4878 not.
1321 4819 1456 4897 Sunt
1486 4820 1539 4875 in
1560 4819 1954 4897 Galliis._Em1‘.

490 4969 532 5024 Ε
562 4892 640 4968 (ᾖ)
685 4896 806 4950 Via.
839 4896 904 4951 ad
932 4911 1054 4966 cap.
1085 4893 1153 4949 76
1186 4901 1299 4947 not.
1343 4892 1448 4946 Alii
1471 4902 1589 4946 sunt
1613 4895 2087 4962 passalorinchitte.

538 4985 650 5024 m'r.

538 4985 650 5024 Dl'l‘.

558 5038 638 5110 (Ii)
677 5038 894 5093 Videsis
917 5037 1257 5102 Fabricium,
1289 5035 1355 5091 ad
1383 5049 1504 5105 cap.
1540 5034 1631 5098 79,
1667 5046 1778 5091 not.
1824 5035 2092 5095 Malorum

493 5126 595 5180 non
621 5125 727 5180 esse
751 5112 1018 5180 factorem.
1046 5110 1204 5164 Em'r.

589 5181 627 5247 ἰ)
668 5178 786 5234 Lib.
821 5197 871 5234 iv
900 5182 1036 5236 Hist.
1071 5181 1246 5249 Eccl.,
1277 5178 1506 5249 cap.22.

586 5249 634 5319 j)
676 5249 874 5306 Euseb.
903 5252 1038 5313 ibid.

593 5318 648 5388 k)
691 5319 929 5376 ἥξω-ΑΞ.

569 5388 635 5470 ςι)
683 5389 1070 5470 Dem'l‘beodoto
1092 5393 1417 5470 Pliilastrius
1435 5406 1557 5470 cap.
1583 5393 1678 5462 50,
1708 5395 1847 5465 Aug.
1869 5397 2091 5467 cap.‘55,

495 5457 590 5512 eui
606 5473 719 5530 non,
734 5457 1058 5530 Theodotus,
1088 5465 1182 5520 sed
1213 5457 1522 5519 Tlteodotio.

573 5528 669 5608 int)
694 5529 910 5608 Euseb.
946 5528 1054 5608 lib.
1079 5551 1143 5608 v_,_
1158 5551 1283 5608 cap.
1314 5535 1406 5608 28.

569 5597 651 5675 (η)
691 5597 812 5675 I_.ib.
855 5616 984 5675 x_vi_,_
999 5605 1081 5658 tit.
1113 5606 1168 5672 5,
1192 5597 1299 5675 lég.
1332 5606 1387 5662 9.

573 5667 650 5746 (ο)
690 5667 846 5746 Ῑοηι·
877 5670 1008 5746 Υιιιν
1033 5667 1164 5746 Pas!
1189 5667 1317 5732 7933.

569 5736 650 5808 (ρ)
689 5736 848 5794 Num.
884 5742 974 5810 δι,
998 5736 1095 5798 5'6.

2197 3239 2314 3285 acta
2355 3230 2408 3283 in
2444 3229 2656 3300 synodo
2698 3227 2955 3298 Capuana
2997 3229 3064 3284 A.
3092 3228 3153 3284 C.
3199 3229 3312 3287 589
3346 3231 3472 3285 satis
3500 3231 3641 3300 liquet
3657 3227 3728 3298 (ι).

2197 3326 2375 3393 Atque
2408 3323 2523 3377 hare
2547 3326 2614 3378 de
2658 3323 2962 3378 haeresibus
3000 3324 3070 3377 ab
3105 3323 3434 3394 Epiphanio,
3475 3322 3729 3384 Pbilastrio,

2197 3427 2250 3474 et
2299 3419 2603 3488 Augustino
2629 3419 2879 3484 omissis;
2932 3417 3185 3490 quoniam
3228 3435 3366 3474 vero
3395 3419 3655 3490 longiorem
3685 3413 3729 3468 de

2196 3513 2281 3568 his
2305 3527 2620 3568 sermonem
2667 3512 2848 3568 facere
2877 3522 3093 3568 nonest
3121 3512 3288 3582 hujus
3336 3515 3462 3580 loci,
3493 3512 3596 3568 haec
3618 3508 3730 3565 modo

2197 3607 2340 3663 dicta
2372 3606 2647 3662 sulliciaut
2670 3605 2748 3678 (g)
2783 3625 2795 3659 :
2850 3605 3062 3662 scilicet
3092 3622 3189 3660 nos
3217 3608 3332 3662 alio
3363 3618 3546 3662 avocat
3569 3604 3729 3660 institu-

2197 3709 2310 3755 tum
2343 3709 2614 3766 nostrum,
2647 3709 2703 3752 ut
2727 3713 2921 3768 nempe
2943 3700 3087 3752 varia
3123 3697 3190 3752 de
3215 3697 3512 3754 Pbilastrio
3533 3693 3730 3752 acatholi-

2198 3808 2387 3849 eorum
2431 3792 2632 3864 judicia
2664 3793 2715 3847 in
2755 3792 2996 3848 medium
3023 3793 3413 3863 proferamus,
3445 3804 3496 3850 et
3519 3789 3730 3862 expenda-

2198 3900 2341 3940 mus.

2275 3977 2303 4048 §
2331 3974 2396 4032 Il.
2425 3974 2639 4031 Iudicia
2663 3977 2965 4054 ἑτεροδόξων
2991 3977 3055 4033 de
3081 3977 3378 4036 Pbilastrio
3405 3988 3684 4039 enarrantur,

2773 4085 2819 4128 et
2841 4075 3224 4146 expenduntur.

2276 4167 2361 4223 18.
2405 4167 2680 4224 Prodeunt
2735 4167 2968 4238 primum
3013 4168 3430 4226 Centuriatores
3488 4165 3737 4238 Magdebnr-
3854 4175 3855 4230 χ

2269 4326 2347 4396 (ιι)
2391 4326 2534 4383 Haer.
2564 4327 2654 4383 78.

2116 4412 2168 4472 D
2269 4397 2340 4472 (ν)
2379 4397 2512 4472 βξψο
2546 4399 2641 4454 56-

2267 4465 2339 4540 (s)
2379 4465 2498 4524 Lib.
2552 4486 2652 4536 vu,
2703 4485 2824 4540 cap.
2861 4471 2948 4527 10.
3001 4471 3241 4529 Consule
3285 4475 3490 4531 Valesii
3534 4483 3662 4529 notas
3693 4465 3738 4521 ad

2195 4540 2338 4595 hunc
2361 4542 2579 4597 Eusebii
2611 4544 2812 4597 locum.

2293 4611 2338 4685 ι)
2373 4613 2504 4685 P_ag.
2529 4613 2652 4681 704,
2687 4614 2819 4669 edit.
2845 4613 3070 4685 Raderi,
3093 4626 3148 4673 et
3173 4618 3329 4674 alibi.

2295 4684 2349 4759 tt)
2387 4683 2620 4759 Qbserg.
2645 4685 3019 4759 lliiscel_|.,vm,
3047 4683 3166 4757 pag.
3195 4688 3330 4756 259,
3364 4689 3556 4759 Lipsiae
3579 4683 3704 4743 I700.

2268 4756 2343 4830 (υ)
2387 4755 2530 4830 lttig.
2561 4757 2790 4830 Observ.
2825 4755 3150 4830 Μίεςειιξιί,
3176 4755 3463 4830 pagi“.

2601 4843 2721 4899 pag.
2755 4828 2862 4884 246
2906 4829 3120 4886 Videsis
3170 4827 3515 4902 TillemonL,
3566 4840 3674 4886 tom.
3699 4840 3738 4888 ιν

2269 4970 2349 5043 (ῃ)
2381 4970 2776 5047 Plura__dt_t_bun_t_
2799 4972 3148 5047 cupientibus
3169 4973 3506 5047 Euthymius
3533 4974 3581 5029 in
3612 4972 3740 5047 Pario:

2195 5039 2308 5115 plia
2331 5039 2475 5115 tom.
2512 5039 2677 5115 __Xl)_{_
2699 5041 2839 5098 Bibl.
2872 5039 3023 5109 'PP.,
3070 5061 3123 5115 p.
3156 5045 3210 5107 6,
3240 5062 3308 5102 ex
3332 5039 3591 5103 'versione
3629 5039 3740 5115 l’etri

2199 5111 2478 5190 Francisci
2511 5111 2997 5190 Zini‘Luuatensis
3032 5111 3604 5190 arcliipresbyteriwt
3627 5113 3743 5190 Nige-

2199 5192 2267 5260 με
2291 5182 2572 5260 Choniataz
2625 5186 2933 5260 Acominati
2968 5181 3226 5260 Panopli'a
3257 5181 3582 5260 dog'matica,
3626 5181 3740 5260 cujus

2197 5254 2464 5330 integram
2489 5254 2703 5330 σύνοψιν
2715 5271 2912 5330 carnis.
2938 5258 3063 5312 cod.
3099 5254 3430 5330 bombycino
3455 5257 3740 5330 bibliotheca

2198 5326 2270 5381 cl.
2302 5327 2402 5379 viri
2425 5325 2688 5396 Stephani
2713 5326 2912 5382 Baluzii
2946 5331 3166 5396 protulit
3190 5325 3586 5388 eruditissimus
3608 5327 3738 5396 Moab

2198 5396 2484 5471 [anconius
2529 5394 2954 5471 Palaeographim
2981 5399 3185 5456 Grates:
3231 5402 3266 5456 Ι.
3300 5419 3377 5468 tv,
3425 5419 3475 5459 c.
3501 5405 3551 5465 9,
3580 5417 3624 5471 p.
3645 5394 3736 5452 527.

2201 5468 2338 5544 Vide
2367 5469 2553 5544 etiam,
2585 5468 2832 5544 silubet,
2861 5470 3083 5527 Thema:
3131 5472 3293 5544 lttigii
3346 5468 3738 5544 Dissertationem

2197 5539 2267 5614 de
2292 5540 2684 5614 llteresiarclﬂs
2711 5543 2815 5595 arvi
2845 5544 3164 5612 Apostolici;
3197 5539 3402 5614 L'ipsitc
3428 5545 3582 5609 1690,
3618 5539 3738 5614 uti}!

2202 5610 2595 5687 Hartmaiinurn
2617 5611 2814 5687 Iract._
2841 5610 2911 5687 de
2944 5615 3109 5671 rebus
3152 5610 3320 5687 gest-is
3362 5617 3465 5673 sub
3495 5611 3732 5687 Apostolis.

2200 5681 2583 5758 etArnoldum
2617 5683 2851 5758 Historia
2882 5681 3204 5758 literesiuni,
3228 5703 3370 5758 quos
3415 5681 3590 5745 laudat
3630 5682 3731 5738 idem

2201 5752 2411 5825 litigius
2448 5755 2676 5811 Ohserv.
2713 5754 2939 5813 Miscell.
2972 5771 3048 5824 ix,
3081 5752 3201 5830 pag.
3227 5752 3358 5816 ΞΗ.

3308 6124 3856 6404 -Α
