1985 3204
125 115 191 143 1081

717 116 746 144 l‘.
767 112 944 145 GALEARDI
963 115 1159 146 PREFATIO.

1707 117 1776 146 1082

123 185 231 213 genses.
255 178 313 213 qui,
335 177 398 206 licet
422 177 553 206 novitatis
571 179 672 213 studio,
697 178 846 207 Catholieis
860 187 923 214 par—
936 181 964 211 Α
977 179 1117 207 Hrereseon
1131 179 1269 216 Catalogo,
1286 186 1380 216 magno
1394 179 1480 206 studio
1493 183 1574 206 certat
1588 183 1678 206 contra
1694 178 1778 205 omnis

123 224 195 252 tibus
207 225 352 259 plurimum
368 225 479 257 infensi,
492 225 667 254 Philastrium
680 231 769 255 tamen
780 226 927 255 Catholica:

121 271 244 298 veritatis
255 272 314 299 zelo
329 280 408 307 quam
425 272 545 300 maxime
563 272 723 308 ﬂagrantem
734 295 741 306 ,
760 281 813 301 non
830 280 884 300 uno
899 273 926 300 in

121 316 183 344 loco
199 317 306 344 eximiis
329 317 455 345 laudibus
478 318 606 346 ellerunt.
632 318 718 354 Igitur
745 319 771 346 hi
788 319 863 347 Cent.
882 319 900 346 4
916 339 924 352 ,

120 370 183 398 cap.
200 364 217 391 5
237 363 289 400 (η),
305 363 352 391 υ1›ἰ
367 364 401 391 dc
425 364 522 393 ἢτοι-εεδί
547 365 711 393 Arianorum
737 366 843 402 agitur,
870 366 926 393 haec

120 409 225 437 habent
249 419 256 437 :
282 409 504 439 Contradixerunt
531 411 593 439 huic
616 411 710 439 haeresi
739 417 762 440 rt
774 413 820 440 alii
849 412 928 449 hujus

119 457 205 484 (etatis
232 461 384 491 prtestanles
410 458 459 484 uiri
470 478 479 491 ,
504 462 531 484 ut
545 458 695 485 Ambrosius
712 479 719 490 ,
737 457 902 494 Epiphanius
916 478 924 491 ,

120 502 294 536 Purus'ren,
311 503 413 530 Marius
439 502 598 537 Victorinus,
621 504 763 531 ersimiler.
787 503 925 539 lntegrum

118 549 220 577 deinde
231 549 369 578 Philastrii
390 550 479 578 locum
500 555 597 578 contra
611 551 706 578 Arium
722 551 863 586 proferunt
875 549 925 586 (b):

121 595 209 623 Homo
233 601 256 623 et
278 597 387 632 angelus
410 597 474 633 [uoti
493 601 554 625 sunt
567 606 600 625 ea:
615 597 696 625 nihilo
712 606 721 625 :
738 597 825 625 Filius
840 602 925 624 autent

118 651 180 670 cum
195 643 226 670 sit
241 650 329 676 verus,
343 648 443 679 oportet
458 643 490 670 de
514 644 604 671 diuina
619 645 666 672 illa
681 645 825 672 substantia
841 644 926 672 Patris

119 689 220 724 genitus
232 694 418 724 cognoscatur;
433 697 496 717 cum
519 690 633 725 reliquis
658 698 718 726 qua:
732 691 803 726 apud
816 691 923 718 Philas-

120 735 206 762 Irium
230 735 365 764 habentur
378 744 438 772 cap.
455 737 501 770 66,
517 741 611 772 postea
636 737 670 765 de
689 737 866 765 Semiarianis
883 737 924 765 lo-

118 786 237 816 quentes
255 781 309 818 (c).
331 783 410 810 unius
432 788 531 810 tantum
555 782 693 811 Philastrii
714 784 808 817 verba,
829 789 924 812 contra

119 827 243 862 ipsorum
261 828 433 865 hypothesim
449 829 483 856 de
494 829 598 865 Spiritu
614 834 709 858 saneto
727 829 857 865 adjicitmt
871 830 924 865 (ά),

978 226 1080 262 generis
1094 226 1227 259 vanitates,
1244 227 1448 262 superstitiones,
1464 231 1488 254 et
1504 234 1602 254 errores
1616 225 1776 259 Gentilium,

977 272 1140 306 Iudaeorum,
1156 278 1181 300 et
1195 272 1413 300 Christianorum.
1444 272 1513 300 Nam
1534 276 1636 300 centum
1650 273 1777 308 quinqua-

978 319 1048 355 ginta
1064 326 1109 346 sero
1122 319 1230 346 lttereses
1241 327 1406 349 enumerans,
1420 324 1471 346 tam
1488 327 1529 346 eas
1542 327 1600 355 quos
1610 324 1669 346 ante
1681 317 1778 345 Christi

978 366 1127 400 adventum,
1143 374 1220 401 quant
1234 374 1291 401 quia
1305 372 1374 402 post,
1390 371 1414 394 et
1435 366 1461 392 in
1474 367 1571 401 populo
1586 364 1652 398 Dei,
1676 370 1699 392 et
1713 366 1780 392 inter

979 412 1072 439 Gentes
1086 417 1214 445 exstitere,
1241 413 1376 449 plerasque
1401 412 1551 439 earumdem
1576 413 1672 446 refutat
1687 419 1696 439 :
1709 419 1778 447 prte-

977 459 1118 486 sertimeas
1131 467 1189 494 qute
1204 463 1261 494 post
1283 459 1415 487 Christum
1434 459 1608 494 gloriﬁcatum
1633 459 1659 485 in
1681 458 1778 493 populo

978 503 1125 532 Christiano
1133 509 1229 532 exorta:
1238 509 1316 538 sunt;
1331 505 1440 533 breuiter
1449 505 1562 540 quidem,
1578 504 1623 532 sed
1638 509 1722 531 tamen
1738 504 1779 531 di-

977 550 1062 577 lucide
1073 556 1096 578 et
1111 551 1244 587 perspicue
1256 551 1330 578 satis.

1014 597 1056 624 19.
1076 597 1138 625 Haec
1162 597 1434 632 Magdeburgensiuut
1459 596 1547 632 elogia
1574 596 1640 624 satis
1667 596 1777 624 diluunt

978 650 1172 680 prchosterum
1189 645 1223 673 de
1239 644 1385 672 Philastrio
1408 644 1552 679 judicium,
1578 643 1649 680 quod
1676 643 1780 678 profert

977 690 1097 719 Joannes
1111 691 1228 719 Dallaeus
1239 691 1287 718 lib.
1302 699 1320 718 ll
1336 691 1370 718 de
1384 690 1439 719 Usu
1452 690 1562 718 Patrum
1574 698 1635 726 cap.
1651 690 1664 716 1
1681 689 1717 726 (It)
1734 689 1778 716 his

977 738 1068 766 verbis
1082 747 1088 764 :
1102 738 1262 766 Philastrius
1275 738 1420 765 Brixiensis
1431 738 1577 772 episcopus,
1591 745 1649 773 qua:
1658 738 1714 771 ipse
1728 745 1778 764 non

977 784 1111 820 probabat,
1142 793 1171 812 ea
1186 786 1212 812 in
1236 784 1368 812 hwreseon
1392 792 1506 817 censum,
1531 784 1610 811 ueluti
1632 792 1647 810 a
1674 783 1777 819 publica

976 830 1182 858 Christianorum
1197 831 1311 858 omnium
1322 830 1375 865 ﬁde
1387 830 1483 863 aliena,
1498 830 1586 857 retulit
1601 829 1666 857 adeo
1687 829 1778 864 fallaci

118 873 240 901 Christus
260 874 390 902 Dominus
413 875 542 910 Spiritum
557 875 652 910 Patri,
669 881 692 903 et
717 876 775 910 sibi,
804 877 830 903 in
857 876 924 903 Fide
939 880 962 910 Β
976 882 999 904 et
1015 877 1084 913 futili
1095 877 1223 904 interdum
1233 877 1347 913 judicio,
1363 880 1391 903 ut
1411 884 1469 911 qua:
1488 877 1533 904 ille
1543 876 1668 912 jugulat,
1684 874 1777 902 Eccle-

119 919 251 955 Baptismi
261 921 351 948 salutis
367 926 470 949 (eterna:
493 922 645 958 conjunxit;
665 922 737 958 quod
751 923 860 958 quidem
877 930 925 957 per

117 974 152 994 se
164 967 231 994 satis
243 971 297 1000 est,
313 972 344 995 ut
364 967 509 996 manifeste
532 973 634 1004 pateat,
651 970 744 1004 quanti
761 969 832 1005 apud
850 969 925 1004 ipsos

119 1013 202 1042 fuerit
215 1014 378 1042 Philastrius
389 1036 396 1047 ,
410 1015 523 1051 ejusque
539 1017 698 1044 auctoritas.
726 1017 798 1044 Alibi
815 1024 924 1052 quoque

121 1060 299 1088 Philastrium
312 1061 436 1094 laudant,
462 1069 493 1089 ac
508 1063 656 1097 peculiaria
683 1063 742 1098 ejus
757 1063 814 1091 loca
830 1063 924 1091 obser-

120 1112 197 1138 vant.
213 1107 376 1143 ubicumque
403 1116 448 1136 res
463 1109 531 1136 ferat
548 1109 685 1137 Philastrii
701 1110 774 1138 dicto
789 1114 814 1137 et
829 1114 924 1137 aucto-

121 1153 203 1181 ritate
228 1154 285 1187 usi;
302 1160 330 1181 ut
346 1154 423 1182 Cent.
453 1163 472 1188 ι,
498 1162 559 1190 cap.
580 1156 596 1183 5
613 1155 669 1191 (e),
697 1164 750 1192 quo
767 1157 792 1183 in
809 1157 870 1184 loco
891 1164 924 1184 ex

122 1199 269 1228 Philastrio
280 1201 617 1236 aiunt,,Simonem'coram
626 1202 734 1231 Nerone
744 1211 758 1230 a
771 1203 851 1231 Petro
863 1203 925 1230 doc-

123 1247 203 1277 trina,
220 1252 244 1274 et
260 1247 393 1275 miraculis
414 1252 570 1283 superatum
598 1249 774 1285 (Philastrius
794 1257 875 1285 porro
890 1249 924 1286 (f)

123 1301 212 1330 neque
228 1294 390 1328 doctrinam,
407 1303 498 1331 neque
521 1297 657 1331 miracula,
674 1298 722 1325 sed
746 1301 849 1325 tantum
865 1306 924 1326 me-

122 1347 212 1369 morat
226 1341 366 1370 Simonem
392 1343 510 1370 oratione
533 1344 600 1370 beati
620 1344 738 1379 Apostoli
762 1344 923 1380 devictum),

122 1388 202 1415 Cent.
218 1388 247 1421 2,
262 1395 323 1423 cap.
339 1389 355 1416 5
369 1388 419 1424 (g),
435 1389 516 1417 Marci
532 1394 559 1417 et
577 1390 712 1418 Valentini
728 1390 877 1419 hzcresibus
890 1399 923 1419 ex

121 1434 270 1462 Philastrio
292 1435 380 1463 lucem
397 1435 539 1463 aliundunt
553 1444 560 1469 ;
576 1436 655 1464 Cent.
673 1437 700 1469 5,
728 1445 789 1472 cap.
804 1438 820 1465 5
836 1437 875 1473 (Ιι)
890 1445 923 1465 ex

121 1482 229 1515 eodem,
246 1479 457 1510 Manichaeorum
475 1483 602 1511 hasresim
616 1484 642 1510 in
657 1483 799 1519 Hispania,
813 1488 836 1511 et
847 1484 924 1517 quin—

121 1537 170 1563 que
184 1529 321 1565 provinciis
338 1529 458 1564 viguisse
480 1530 625 1565 plurimum
641 1534 736 1558 notant
757 1538 789 1558 ac
813 1531 922 1558 demum

976 923 1041 950 siam
1052 931 1151 958 quoque
1163 923 1310 953 damnasse,
1326 922 1358 949 ab
1373 923 1442 949 onmi
1463 923 1514 949 ueri
1529 922 1614 957 specie
1627 922 1774 948 abhorreat.

976 969 1120 997 Serviebat
1138 961 1227 996 causa;
1241 969 1378 1001 Dallzeus;
1406 976 1438 996 ac
1451 968 1568 1004 proinde
1589 976 1642 995 non
1669 971 1779 1003 poterat

976 1023 1141 1051 magnopere
1153 1015 1330 1043 Philastrium
1347 1015 1457 1043 laudare
1475 1014 1522 1050 qui
1544 1014 1681 1042 Iustinum
1696 1035 1704 1049 ,
1720 1014 1777 1042 lrc-

976 1071 1076 1096 meum,
1092 1063 1331 1099 Chrysoslomum,
1348 1068 1521 1098 eteterosque
1537 1063 1630 1091 Patres
1642 1062 1699 1090 fere
1715 1070 1779 1090 om-

975 1119 1024 1139 nes
1036 1111 1364 1146 institneratvituperare.
1374 1110 1491 1138 Aliunde
1501 1111 1583 1137 etiam
1593 1109 1717 1137 libroillo
1728 1116 1778 1136 suo

975 1157 1093 1185 Dallaeus
1108 1157 1215 1185 videtur
1244 1157 1366 1192 proiecto
1387 1160 1494 1184 struere
1519 1156 1552 1183 ad
1568 1154 1776 1190 Scepticismum

974 1204 1057 1231 latam
1068 1211 1101 1232 ac
1109 1204 1178 1231 bene
1187 1204 1318 1230 munitam
1328 1202 1410 1235 viam,
1423 1210 1484 1230 cum
1497 1202 1606 1229 Patrum
1616 1201 1779 1228 auctoritate

974 1252 1091 1284 sublata,
1106 1251 1191 1278 ferme
1205 1251 1271 1278 nihil
1287 1250 1353 1278 certi
1377 1249 1458 1277 nobis
1474 1250 1620 1285 relinquat.
1637 1247 1724 1276 Porro
1739 1248 1778 1275 si-

974 1299 1036 1326 cubi
1053 1298 1215 1326 Philastrius
1225 1297 1347 1333 impegit,
1360 1304 1414 1325 non
1427 1300 1571 1332 propterea
1587 1295 1719 1323 continuo
1729 1294 1777 1322 ab-

972 1345 1108 1381 jiciendus
1124 1349 1165 1374 est
1177 1345 1298 1380 penitus,
1316 1352 1348 1372 ac
1361 1343 1566 1379 repudiandus;
1583 1342 1667 1370 multa
1691 1341 1776 1375 enim,

974 1399 1007 1420 ac
1021 1392 1150 1427 praeclara
1168 1391 1260 1423 habet,
1284 1391 1383 1426 quibus
1398 1395 1454 1417 tum
1475 1389 1599 1417 doctrina
1623 1387 1776 1420 Catholica,

974 1442 1031 1466 tum
1047 1439 1237 1467 Ecclesiastica
1259 1438 1418 1473 disciplina,
1448 1440 1635 1472 propugnatur
1652 1439 1680 1462 et
1703 1434 1778 1461 illus-

976 1490 1073 1513 tratur.
1090 1485 1191 1513 Verum
1208 1484 1273 1512 alibi
1287 1483 1386 1511 acriori
1398 1490 1514 1510 censura
1527 1481 1704 1509 Philastrium
1718 1487 1779 1508 cas-

976 1533 1042 1568 tigat
1058 1532 1185 1564 Dallazus,
1200 1539 1298 1566 nempe
1313 1530 1437 1566 ejusdem
1451 1529 1497 1557 lib.
1515 1537 1534 1557 ιι
1545 1550 1552 1562 ,
1567 1537 1627 1564 cap.
1644 1529 1662 1556 '5
1676 1527 1719 1563 (Ι),
1733 1528 1778 1556 ubi

122 1576 304 1611 undequaque
319 1576 477 1609 ostendunt,
492 1584 522 1604 se
535 1577 561 1604 in
579 1577 717 1604 Pltilastrii
731 1577 848 1605 lectione
864 1585 923 1605 om-
938 1573 960 1605 C
976 1579 1013 1606 it
1030 1588 1036 1606 :
1053 1578 1214 1605 Philastrius
1240 1578 1309 1605 velut
1322 1586 1376 1605 rem
1390 1582 1485 1604 certam
1508 1580 1608 1609 narrat,
1636 1575 1779 1610 etquidem

120 1624 185 1650 nino
200 1623 345 1659 diligenter
357 1631 419 1651 esse
428 1628 561 1651 versatos.
577 1624 629 1652 Ubi
641 1624 675 1652 de
688 1624 812 1652 doctrina
828 1624 920 1652 Eccle-

121 1670 170 1698 siae
183 1676 265 1705 agunt
277 1670 357 1698 Ccnt.
381 1671 408 1704 5,
423 1678 483 1705 cap.
500 1670 517 1697 4
543 1671 574 1707 (i)
592 1671 662 1699 inter
682 1672 795 1698 omnium
808 1671 923 1699 clarissi—

119 1727 177 1745 mos
192 1719 284 1753 quieo
298 1718 401 1746 saeculo
427 1718 549 1751 fuerunt,
579 1718 749 1746 Philastrium
776 1722 921 1755 reponunt,

120 1771 238 1799 eumque
263 1765 347 1792 simul
373 1772 435 1792 cum
463 1764 569 1792 Joanne
588 1765 797 1800 Chrysoslomo,
818 1765 924 1800 Augus-

120 1811 189 1844 tino,
212 1810 330 1846 Cyrillo,
354 1811 471 1846 aliisque
491 1811 606 1838 summis
632 1811 698 1839 viris
722 1816 919 1846 annumerant;

119 1857 220 1885 deinde
233 1864 292 1892 cap.
311 1857 356 1889 10,
372 1857 416 1885 ubi
442 1857 475 1884 de
491 1857 630 1892 episcOpis
654 1862 679 1884 et
694 1856 852 1885 doctoribus
868 1857 923 1885 dis-

117 1908 225 1937 serunt,
243 1904 313 1932 hanc
327 1904 361 1931 de
373 1904 518 1931 Philastrio
540 1904 703 1931 sententiam
722 1908 850 1939 promunt
863 1903 896 1941 (j)
914 1912 920 1931 :

119 1950 236 1978 Tametsi
247 1951 406 1986 Augustinus
427 1951 495 1977 hunc
508 1955 640 1977 auctorem
655 1951 786 1985 postponit
802 1949 921 1985 Epipha-

120 1999 177 2031 nio,
192 2003 304 2025 attamen
319 1998 448 2025 hominem
463 1997 544 2032 fuisse
563 1997 678 2031 doctum,
693 2001 717 2024 et
737 1998 781 2031 qui
790 1997 922 2033 judicium

119 2045 155 2072 de
165 2044 238 2072 rebus
253 2045 388 2077 habuerit;
404 2045 465 2071 item
480 2044 643 2079 antiquitatis
664 2049 688 2071 et
701 2049 814 2071 veterum
841 2045 922 2071 histo-

117 2092 220 2118 riarum
230 2091 307 2118 etiam
328 2091 481 2125 Gentilium,
496 2091 612 2118 omnium
632 2099 691 2119 vero
704 2091 816 2118 maxime
831 2099 921 2118 sacra-

118 2146 179 2166 rum
193 2138 392 2174 Scripturarum
408 2146 529 2174 magnam
552 2138 921 2173 cognitionem;manifestum

118 2190 159 2213 est
173 2193 204 2212 ex
218 2185 262 2213 illo
277 2185 334 2221 ipso
346 2185 442 2220 scripto
454 2205 462 2217 ,
478 2185 506 2211 in
521 2192 571 2220 quo
585 2185 668 2211 omnis
683 2185 782 2220 generis
799 2184 920 2216 htereses,

118 2232 188 2259 mira
212 2232 335 2259 brevitate
349 2237 373 2258 et
395 2230 547 2258 dexteritate
560 2230 624 2257 dum
638 2230 745 2265 refutat,
761 2229 844 2257 multa
867 2229 922 2256 obi-

973 1626 1018 1661 (ne
1033 1634 1090 1653 eum
1103 1626 1158 1653 sine
1172 1630 1278 1653 auclore
1290 1625 1360 1660 loqui
1376 1624 1461 1660 putes)
1477 1623 1587 1650 Hesiodi
1601 1622 1686 1650 (ἔνωιὶ
1697 1626 1779 1657 poeta:

974 1673 1120 1700 testimonio
1144 1672 1241 1707 ﬁmtut,
1257 1671 1379 1707 Paganos
1393 1671 1430 1697 ita
1453 1670 1536 1697 dictos
1559 1677 1613 1696 esse
1627 1677 1643 1695 a
1667 1667 1777 1703 Pagano

973 1728 1034 1756 rege
1056 1719 1223 1746 Deucalionis
1244 1723 1267 1746 et
1290 1718 1402 1754 Pyrrha:
1423 1717 1479 1752 ﬁlio
1497 1724 1576 1751 :qua:
1598 1715 1705 1742 totidem
1720 1719 1779 1742 sunt

973 1766 1074 1793 somnia
1084 1770 1107 1792 et
1120 1765 1246 1797 Hesiodo,
1271 1770 1294 1792 et
1317 1764 1434 1791 omnibus
1450 1763 1558 1789 eruditis
1581 1761 1702 1788 inaudita
1715 1761 1776 1796 (m).

973 1811 1074 1839 Locum
1099 1811 1221 1844 Hesiodi,
1250 1810 1297 1846 qui
1321 1818 1336 1837 a
1360 1809 1505 1837 Philastrio
1529 1807 1668 1839 laudatur,
1695 1806 1782 1833 hodie-

973 1867 1026 1886 non
1050 1862 1170 1889 exstare.
1196 1861 1339 1884 notaverat
1354 1856 1437 1883 etiam
1463 1854 1607 1882 Fabricius
1630 1854 1687 1889 (η),
1713 1852 1777 1881 licet

973 1905 1073 1932 somnia
1085 1904 1129 1931 illa
1142 1903 1269 1937 Hesiodo,
1282 1902 1453 1937 omnibusque
1464 1900 1574 1928 eruditis
1584 1900 1714 1932 inaudita,
1727 1899 1778 1926 mi-

974 1953 1047 1980 nime
1060 1952 1118 1986 ipse
1134 1950 1296 1985 perviderit.
1306 1949 1376 1983 Quid
1392 1949 1414 1976 si
1429 1948 1591 1976 Pbilastrius
1607 1947 1689 1982 paulo
1704 1950 1775 1981 p05t,

973 1999 1097 2035 quisnam
1122 1998 1205 2025 fuerit
1226 2004 1272 2024 rea:
1291 1996 1338 2024 ille
1352 1995 1489 2030 Paganus.
1513 1994 1616 2022 clarius
1641 1993 1776 2025 enuntiet,

974 2052 1071 2080 nempe
1087 2043 1257 2072 Deucalionis
1273 2046 1301 2070 et
1313 2041 1426 2077 Pyrrha:
1443 2041 1525 2073 lilius,
1548 2040 1640 2067 llelles
1655 2040 1778 2069 nomine.

973 2100 987 2120 a
1002 2100 1055 2127 quo
1071 2091 1157 2120 Grmci
1180 2082 1295 2121 Ἐλληνεξ
1311 2089 1414 2117 fuerint
1439 2087 1611 2123 postmodum
1626 2086 1777 2122 appellati?

973 2138 1061 2166 Habet
1085 2138 1111 2165 in
1132 2137 1184 2165 hoc
1208 2136 1372 2164 Philastrius
1400 2135 1569 2163 eruditorum
1597 2141 1776 2167 consensum,

973 2190 1047 2212 recte
1067 2185 1102 2211 ab
1117 2183 1215 2211 eodem
1238 2182 1366 2210 Fabricio
1390 2185 1550 2209 annotatum
1563 2180 1615 2216 (o);
1633 2181 1717 2207 immo
1729 2187 1777 2207 ex-

974 2238 1068 2266 presse
1084 2230 1200 2265 idipsum
1212 2228 1377 2257 Philastrius
1391 2227 1459 2255 dicit
1474 2227 1524 2263 (p),
1537 2226 1643 2254 scilicet
1653 2234 1668 2252 a
1687 2225 1778 2252 Gra’ro

117 2285 159 2307 ter
173 2279 317 2314 cognitione
327 2279 407 2313 digna
418 2278 550 2304 admiscet.
568 2276 614 2304 Sic
629 2277 711 2312 paulo
725 2281 786 2311 post
803 2284 809 2302 :
823 2275 920 2303 Graece
933 2273 960 2302 D
973 2285 1045 2312 rege,
1075 2276 1127 2304 hoc
1155 2281 1197 2303 est
1221 2275 1347 2306 Hellene,
1371 2275 1450 2310 fuisse
1478 2273 1582 2301 Grecos
1611 2272 1776 2309 appellatos,-

118 2328 218 2362 lingua:
235 2326 283 2361 fuit
297 2325 405 2360 peritus,
422 2332 481 2351 nam
501 2323 604 2351 Grcecos
618 2329 736 2350 auctores
746 2323 829 2355 citat;
841 2322 919 2349 Solo-

117 2382 187 2406 nem,
210 2372 348 2400 Platonem
368 2373 395 2400 in
416 2372 523 2403 Tima'o,
539 2371 696 2402 Hesiodum,
712 2370 826 2397 Heruteu
848 2371 921 2398 Tris-

117 2420 266 2456 rnegislum,
282 2418 458 2447 Democritum
470 2427 481 2452 ;
496 2419 614 2454 denique
624 2417 726 2445 addunt
740 2426 746 2444 :
764 2417 796 2444 In
811 2417 858 2445 illo
873 2426 920 2445 suo

157 2502 195 2538 (ιι)
216 2502 280 2538 Pag.
301 2501 365 2538 ise.

156 2536 196 2574 ib)
216 2536 280 2574 Pali.
303 2536 365 2574 192.

158 2571 197 2610 (c)
214 2571 284 2610 βψ.
305 2573 333 2605 5,
349 2580 376 2607 p.
393 2571 456 2610 209:

156 2606 199 2645 (ιι)
213 2606 419 2645 ΡΙιὶΙεςιτςεθρ.
434 2606 479 2634 67.

156 2643 191 2680 (ε)
213 2645 278 2679 Pax.
298 2643 361 2671 570.

157 2677 193 2754 Ξῖ)
214 2677 341 2707 Philastr.
358 2686 419 2714 cap.
433 2677 480 2706 ‘29.

169 2719 198 2754 9)
218 2716 282 2754 [’38-
298 2716 348 2754 9.5-

157 2716 198 2754 (g)
218 2716 282 2751 Pag.
303 2716 348 2743 65.

156 2752 198 2788 (ιι)
220 2752 283 2785 Pas.
294 2751 340 2788 82-

156 2786 192 2824 (ίὶ
217 2787 280 2823 Pas-
297 2786 342 2824 48-

160 2821 194 2859 m
215 2821 279 2859 Isne-
301 2821 363 2859 7.44-

157 2857 198 2894 ('k')
217 2857 282 2894 pag.
300 2857 368 2894 eos.

161 2895 193 2931 (ι)
214 2893 279 2930 pag.
293 2893 357 2922 eis.

972 2331 1052 2359 quem
1063 2330 1145 2358 supra
1155 2321 1292 2358 Paganum
1303 2328 1388 2357 regem
1399 2320 1516 2351 vocavit,
1528 2326 1603 2353 aquo
1611 2318 1714 2353 Pagani
1725 2316 1774 2353 (q).

974 2369 1121 2398 Modestius
1147 2368 1273 2402 quidem.
1303 2374 1335 2394 ac
1362 2365 1545 2401 verecundius
1568 2365 1602 2392 de
1628 2364 1776 2391 Philastrio

973 2416 1061 2445 sensit
1073 2415 1237 2444 Guillelmus
1252 2414 1370 2447 Caveus,
1382 2413 1462 2447 cujus
1481 2412 1540 2440 haec
1555 2416 1620 2439 sunt
1636 2411 1718 2439 verba
1729 2410 1776 2446 (r):

1014 2495 1061 2532 (m)
1082 2495 1186 2532 Eodem
1202 2494 1261 2532 fere
1275 2493 1404 2532 loquendi
1421 2492 1506 2532 modo
1527 2492 1703 2520 Philastrium
1718 2499 1779 2532 eas-

975 2528 1197 2570 light’Seldeuus
1224 2528 1348 2570 de__[)ii§‘
1367 2529 1444 2570 syri-5
1469 2528 1613 2570 διἠιεξβιηζ
1639 2536 1658 2561 1,
1680 2535 1706 2569 p.
1731 2528 1777 2570 9b,

973 2563 1051 2603 cujus
1074 2567 1163 2594 locum
1190 2565 1302 2601 protulit
1326 2563 1469 2592 Fabricius
1490 2563 1518 2592 in
1538 2563 1716 2591 Testimoniis
1743 2563 1778 2591 de

972 2603 1132 2632 Philastrio.

1023 2638 1051 2675 η)
1069 2638 1133 2675 plot.
1142 2637 1177 2675 ad
1186 2637 1318 2675 Philastr.
1329 2644 1390 2672 cap.
1402 2636 1450 2675 l__H
1460 2639 1518 2662 nol.
1529 2634 1562 2662 Ut
1574 2635 1610 2661 ait
1633 2634 1776 2675 Hesiodus.

1023 2640 1051 2675 n)
1070 2640 1133 2665 Not.
1142 2640 1175 2665 ad
1186 2640 1318 2665 Philastr.
1329 2644 1390 2672 cap.
1402 2640 1518 2663 Minoi.
1529 2640 1562 2662 Ut
1574 2640 1610 2661 att
1633 2640 1732 2662 ﬂeswd

1007 2640 1047 2743 go;
1068 2673 1128 2701 Vid.
1145 2673 1180 2714 ad
1190 2681 1250 2708 cap.
1263 2673 1310 2700 111
1328 2677 1386 2700 not.
1401 2671 1444 2699 Ea;
1457 2679 1516 2707 rege
1529 2679 1641 2707 pagano.
1659 2670 1735 2698 EDIT.

1020 2720 1036 2743 p
1067 2709 1228 2743 Supradtcto
1243 2715 1303 2741 cap.
1321 2708 1384 2736 111.
1524 2741 1553 2743 Η
1567 2742 1582 2743 η
1647 2742 1650 2743 ν
1703 2742 1707 2743 7

1019 2708 1047 2747 p)
1067 2709 1228 2747 §upradicto
1243 2715 1303 2747 cap.
1321 2708 1384 2747 lli.

1008 2741 1048 2781 (ἓν)
1068 2741 1189 2781 Paganos
1202 2752 1252 2781 pro
1263 2744 1360 2781 (ἔπαξε
1374 2743 1516 2781 intelligia
1524 2741 1672 2781 Philastrio
1683 2742 1779 2770 obser-

971 2778 1121 2809 vaviiidem
1148 2778 1289 2807 Fabricius
1300 2780 1332 2807 ad
1355 2787 1415 2815 cap.
1446 2779 1509 2811 115,
1531 2786 1587 2815 not.
1611 2778 1652 2805 Ad
1670 2786 1777 2815 grtrcos,

973 2818 1020 2846 ubi
1026 2817 1117 2850 docet,
1128 2817 1167 2844 sic
1178 2815 1215 2844 ibi
1223 2813 1397 2844 Pbilastrinni
1405 2822 1516 2842 sumere
1523 2813 1627 2841 Graecos
1635 2813 1781 2850 proPaga-

974 2854 1025 2887 nis,
1047 2852 1169 2895 uomodo
1175 2859 1259 2886 supra
1268 2853 1344 2894 capt
1352 2854 1365 2880 1
1375 2850 1525 2885 I,Pa_qanos
1533 2850 1602 2878 dixit
1612 2857 1661 2886 pro
1672 2849 1783 2878 (.‘rtecis.

1012 2862 1047 2924 (3
1068 2889 1137 2917 Hist.
1156 2888 1229 2916 Eccl.
1245 2888 1347 2924 Script.
1362 2895 1389 2924 p.
1406 2888 1483 2924 176.;

1012 2888 1047 2926 (r)
1068 2889 1137 2917 Hist.
1156 2888 1229 2916 Eccl.
1245 2888 1347 2924 Script.
1362 2895 1389 2924 p.
1406 2888 1483 2925 176.,

1275 3030 1961 3204 -Λ
