  <div class='ocr_page' id='page_1' title='image "/cluster/home/n/w/nwhite01/storage/ocr_20150623/12/hvd.32044015471980/553.png"; bbox 0 0 3970 6408; ppageno 0'>
   <div class='ocr_carea' id='block_1_1' title="bbox 500 198 645 258">
    <p class='ocr_par' dir='ltr' id='par_1_1' title="bbox 500 198 645 258">
     <span class='ocr_line' id='line_1_1' title="bbox 500 198 645 258; baseline -0.007 0"><span class='ocrx_word' id='word_1_1' title='bbox 500 198 645 258; x_wconf 68' lang='lat'><strong>1033</strong></span> 
     </span>
    </p>
   </div>
   <div class='ocr_carea' id='block_1_2' title="bbox 1720 200 2557 264">
    <p class='ocr_par' dir='ltr' id='par_1_2' title="bbox 1720 200 2557 264">
     <span class='ocr_line' id='line_1_2' title="bbox 1720 200 2557 264; baseline -0.004 -3"><span class='ocrx_word' id='word_1_2' title='bbox 1720 202 2037 263; x_wconf 70' lang='lat' dir='ltr'><strong>SANC&#39;NJS</strong></span> <span class='ocrx_word' id='word_1_3' title='bbox 2072 200 2557 264; x_wconf 67' lang='lat' dir='ltr'><strong>PHMG&#39;I‘RIUS.</strong></span> 
     </span>
    </p>
   </div>
   <div class='ocr_carea' id='block_1_3' title="bbox 3608 216 3713 276">
    <p class='ocr_par' dir='ltr' id='par_1_3' title="bbox 3608 216 3713 276">
     <span class='ocr_line' id='line_1_3' title="bbox 3608 216 3713 276; baseline -0.01 0"><span class='ocrx_word' id='word_1_4' title='bbox 3608 216 3713 276; x_wconf 69' lang='grc' dir='ltr'>ιοιι</span> 
     </span>
    </p>
   </div>
   <div class='ocr_carea' id='block_1_4' title="bbox 497 314 3714 399">
    <p class='ocr_par' dir='ltr' id='par_1_4' title="bbox 497 314 3714 399">
     <span class='ocr_line' id='line_1_4' title="bbox 497 314 3714 399; baseline 0.006 -29"><span class='ocrx_word' id='word_1_5' title='bbox 497 314 718 379; x_wconf 57' lang='grc' dir='ltr'><strong>δικ-ἰωὴ</strong></span> <span class='ocrx_word' id='word_1_6' title='bbox 749 315 938 370; x_wconf 81' lang='lat' dir='ltr'><strong>librum</strong></span> <span class='ocrx_word' id='word_1_7' title='bbox 969 316 1034 371; x_wconf 83' lang='lat' dir='ltr'><strong>de</strong></span> <span class='ocrx_word' id='word_1_8' title='bbox 1083 315 1399 385; x_wconf 69' lang='lat' dir='ltr'><strong>Iliensibus,</strong></span> <span class='ocrx_word' id='word_1_9' title='bbox 1443 320 1496 375; x_wconf 89' lang='lat' dir='ltr'><strong>in</strong></span> <span class='ocrx_word' id='word_1_10' title='bbox 1527 336 1629 392; x_wconf 83' lang='lat' dir='ltr'><strong>quo</strong></span> <span class='ocrx_word' id='word_1_11' title='bbox 1676 319 1963 377; x_wconf 64' lang='lat' dir='ltr'><strong>Catholica:</strong></span> <span class='ocrx_word' id='word_1_12' title='bbox 2007 337 2096 376; x_wconf 71' lang='lat' dir='ltr'><strong>ve-</strong></span> <span class='ocrx_word' id='word_1_13' title='bbox 2126 323 2174 385; x_wconf 74' lang='grc' dir='ltr'><strong>Α</strong></span> <span class='ocrx_word' id='word_1_14' title='bbox 2202 321 2385 388; x_wconf 75' lang='lat' dir='ltr'><strong>deicis,</strong></span> <span class='ocrx_word' id='word_1_15' title='bbox 2438 321 2703 379; x_wconf 69' lang='lat' dir='ltr'><strong>BARNABE</strong></span> <span class='ocrx_word' id='word_1_16' title='bbox 2740 324 2948 379; x_wconf 80' lang='lat' dir='ltr'><strong>nomine</strong></span> <span class='ocrx_word' id='word_1_17' title='bbox 2988 323 3286 398; x_wconf 73' lang='lat' dir='ltr'><strong>insignitum</strong></span> <span class='ocrx_word' id='word_1_18' title='bbox 3324 324 3608 399; x_wconf 76' lang='lat' dir='ltr'><strong>Erts&#39;rouu,</strong></span> <span class='ocrx_word' id='word_1_19' title='bbox 3637 350 3714 389; x_wconf 71' lang='lat' dir='ltr'><strong>una</strong></span> 
     </span>
    </p>
   </div>
   <div class='ocr_carea' id='block_1_5' title="bbox 494 408 2103 483">
    <p class='ocr_par' dir='ltr' id='par_1_5' title="bbox 494 408 2103 483">
     <span class='ocr_line' id='line_1_5' title="bbox 494 408 2103 483; baseline 0.009 -24"><span class='ocrx_word' id='word_1_20' title='bbox 494 408 663 462; x_wconf 78' lang='lat' dir='ltr'><strong>ritatia</strong></span> <span class='ocrx_word' id='word_1_21' title='bbox 712 425 942 465; x_wconf 73' lang='lat' dir='ltr'><strong>amarent</strong></span> <span class='ocrx_word' id='word_1_22' title='bbox 974 410 1159 481; x_wconf 85' lang='lat' dir='ltr'><strong>ubique</strong></span> <span class='ocrx_word' id='word_1_23' title='bbox 1205 412 1412 482; x_wconf 83' lang='lat' dir='ltr'><strong>spirat;</strong></span> <span class='ocrx_word' id='word_1_24' title='bbox 1446 413 1713 483; x_wconf 72' lang='lat' dir='ltr'><strong>judicium</strong></span> <span class='ocrx_word' id='word_1_25' title='bbox 1765 429 1886 469; x_wconf 74' lang='lat' dir='ltr'><strong>vero</strong></span> <span class='ocrx_word' id='word_1_26' title='bbox 1931 416 2103 475; x_wconf 75' lang='lat' dir='ltr'><strong>minus</strong></span> 
     </span>
    </p>
   </div>
   <div class='ocr_carea' id='block_1_6' title="bbox 494 504 2102 577">
    <p class='ocr_par' dir='ltr' id='par_1_6' title="bbox 494 504 2102 577">
     <span class='ocr_line' id='line_1_6' title="bbox 494 504 2102 577; baseline 0.006 -21"><span class='ocrx_word' id='word_1_27' title='bbox 494 512 799 557; x_wconf 73' lang='lat' dir='ltr'><strong>accuratum</strong></span> <span class='ocrx_word' id='word_1_28' title='bbox 837 505 1026 576; x_wconf 79' lang='lat' dir='ltr'><strong>atepius</strong></span> <span class='ocrx_word' id='word_1_29' title='bbox 1050 505 1246 577; x_wconf 81' lang='lat' dir='ltr'><strong>prodit,</strong></span> <span class='ocrx_word' id='word_1_30' title='bbox 1280 504 1408 558; x_wconf 85' lang='lat' dir='ltr'><strong>dum</strong></span> <span class='ocrx_word' id='word_1_31' title='bbox 1455 505 1737 560; x_wconf 67' lang='lat' dir='ltr'><strong>literarium</strong></span> <span class='ocrx_word' id='word_1_32' title='bbox 1762 519 1997 565; x_wconf 69' lang='lat' dir='ltr'><strong>occentet</strong></span> <span class='ocrx_word' id='word_1_33' title='bbox 2041 526 2102 565; x_wconf 75' lang='lat' dir='ltr'><strong>ea</strong></span> 
     </span>
    </p>
   </div>
   <div class='ocr_carea' id='block_1_7' title="bbox 492 596 2099 671">
    <p class='ocr_par' dir='ltr' id='par_1_7' title="bbox 492 596 2099 671">
     <span class='ocr_line' id='line_1_7' title="bbox 492 596 2099 671; baseline 0.006 -21"><span class='ocrx_word' id='word_1_34' title='bbox 492 596 755 667; x_wconf 78' lang='lat' dir='ltr'><strong>dogmata,</strong></span> <span class='ocrx_word' id='word_1_35' title='bbox 791 616 908 671; x_wconf 75' lang='lat' dir='ltr'><strong>quin</strong></span> <span class='ocrx_word' id='word_1_36' title='bbox 962 616 1020 653; x_wconf 79' lang='lat' dir='ltr'><strong>eo</strong></span> <span class='ocrx_word' id='word_1_37' title='bbox 1048 601 1256 655; x_wconf 78' lang='lat' dir='ltr'><strong>nomine</strong></span> <span class='ocrx_word' id='word_1_38' title='bbox 1284 601 1459 655; x_wconf 88' lang='lat' dir='ltr'><strong>notari</strong></span> <span class='ocrx_word' id='word_1_39' title='bbox 1506 602 1721 658; x_wconf 83' lang='lat' dir='ltr'><strong>minime</strong></span> <span class='ocrx_word' id='word_1_40' title='bbox 1751 603 2099 660; x_wconf 80' lang='lat' dir='ltr'><strong>merebantur.</strong></span> 
     </span>
    </p>
   </div>
   <div class='ocr_carea' id='block_1_8' title="bbox 496 690 2105 766">
    <p class='ocr_par' dir='ltr' id='par_1_8' title="bbox 496 690 2105 766">
     <span class='ocr_line' id='line_1_8' title="bbox 496 690 2105 766; baseline 0.006 -20"><span class='ocrx_word' id='word_1_41' title='bbox 496 690 628 746; x_wconf 71' lang='lat' dir='ltr'><strong>Haec</strong></span> <span class='ocrx_word' id='word_1_42' title='bbox 669 691 865 747; x_wconf 88' lang='lat' dir='ltr'><strong>eadem</strong></span> <span class='ocrx_word' id='word_1_43' title='bbox 919 702 1003 749; x_wconf 89' lang='lat' dir='ltr'><strong>est</strong></span> <span class='ocrx_word' id='word_1_44' title='bbox 1032 695 1333 762; x_wconf 77' lang='lat' dir='ltr'><strong>accusatio,</strong></span> <span class='ocrx_word' id='word_1_45' title='bbox 1387 695 1544 766; x_wconf 85' lang='lat' dir='ltr'><strong>cujus</strong></span> <span class='ocrx_word' id='word_1_46' title='bbox 1587 695 1939 753; x_wconf 89' lang='lat' dir='ltr'><strong>Pbilastrium</strong></span> <span class='ocrx_word' id='word_1_47' title='bbox 1972 698 2105 755; x_wconf 86' lang='lat' dir='ltr'><strong>insi-</strong></span> 
     </span>
    </p>
   </div>
   <div class='ocr_carea' id='block_1_9' title="bbox 497 782 2102 862">
    <p class='ocr_par' dir='ltr' id='par_1_9' title="bbox 497 782 2102 862">
     <span class='ocr_line' id='line_1_9' title="bbox 497 782 2102 862; baseline 0.007 -25"><span class='ocrx_word' id='word_1_48' title='bbox 497 782 668 837; x_wconf 89' lang='lat' dir='ltr'><strong>mulat</strong></span> <span class='ocrx_word' id='word_1_49' title='bbox 724 784 1011 855; x_wconf 87' lang='lat' dir='ltr'><strong>Dupinius,</strong></span> <span class='ocrx_word' id='word_1_50' title='bbox 1065 792 1126 841; x_wconf 89' lang='lat' dir='ltr'><strong>ut</strong></span> <span class='ocrx_word' id='word_1_51' title='bbox 1174 801 1341 857; x_wconf 85' lang='lat' dir='ltr'><strong>supra</strong></span> <span class='ocrx_word' id='word_1_52' title='bbox 1391 788 1628 844; x_wconf 81' lang='lat' dir='ltr'><strong>vidimus</strong></span> <span class='ocrx_word' id='word_1_53' title='bbox 1678 790 1776 862; x_wconf 79' lang='lat' dir='ltr'><strong>(n);</strong></span> <span class='ocrx_word' id='word_1_54' title='bbox 1810 801 2102 862; x_wconf 82' lang='lat' dir='ltr'><strong>propterea</strong></span> 
     </span>
    </p>
   </div>
   <div class='ocr_carea' id='block_1_10' title="bbox 496 880 2105 950">
    <p class='ocr_par' dir='ltr' id='par_1_10' title="bbox 496 880 2105 950">
     <span class='ocr_line' id='line_1_10' title="bbox 496 880 2105 950; baseline 0.009 -19"><span class='ocrx_word' id='word_1_55' title='bbox 496 892 607 931; x_wconf 85' lang='lat' dir='ltr'><strong>non</strong></span> <span class='ocrx_word' id='word_1_56' title='bbox 627 892 766 947; x_wconf 88' lang='lat' dir='ltr'><strong>opus</strong></span> <span class='ocrx_word' id='word_1_57' title='bbox 793 888 896 946; x_wconf 90' lang='lat' dir='ltr'><strong>est,</strong></span> <span class='ocrx_word' id='word_1_58' title='bbox 931 894 1055 950; x_wconf 55' lang='lat' dir='ltr'><strong>qua!</strong></span> <span class='ocrx_word' id='word_1_59' title='bbox 1080 880 1155 936; x_wconf 86' lang='lat' dir='ltr'><strong>ibi</strong></span> <span class='ocrx_word' id='word_1_60' title='bbox 1201 880 1462 948; x_wconf 85' lang='lat' dir='ltr'><strong>diximus,</strong></span> <span class='ocrx_word' id='word_1_61' title='bbox 1505 885 1607 940; x_wconf 89' lang='lat' dir='ltr'><strong>hoc</strong></span> <span class='ocrx_word' id='word_1_62' title='bbox 1634 886 1755 941; x_wconf 86' lang='lat' dir='ltr'><strong>loco</strong></span> <span class='ocrx_word' id='word_1_63' title='bbox 1785 886 1981 943; x_wconf 80' lang='lat' dir='ltr'><strong>iterum</strong></span> <span class='ocrx_word' id='word_1_64' title='bbox 2014 903 2105 945; x_wconf 84' lang='lat' dir='ltr'><strong>re-</strong></span> 
     </span>
    </p>
   </div>
   <div class='ocr_carea' id='block_1_11' title="bbox 501 970 2100 1052">
    <p class='ocr_par' dir='ltr' id='par_1_11' title="bbox 501 970 2100 1052">
     <span class='ocr_line' id='line_1_11' title="bbox 501 970 2100 1052; baseline 0.009 -27"><span class='ocrx_word' id='word_1_65' title='bbox 501 985 728 1041; x_wconf 86' lang='lat' dir='ltr'><strong>ponere.</strong></span> <span class='ocrx_word' id='word_1_66' title='bbox 781 970 1006 1029; x_wconf 89' lang='lat' dir='ltr'><strong>Constat</strong></span> <span class='ocrx_word' id='word_1_67' title='bbox 1042 982 1224 1030; x_wconf 88' lang='lat' dir='ltr'><strong>autem</strong></span> <span class='ocrx_word' id='word_1_68' title='bbox 1254 988 1443 1046; x_wconf 89' lang='lat' dir='ltr'><strong>aperte</strong></span> <span class='ocrx_word' id='word_1_69' title='bbox 1488 993 1553 1035; x_wconf 79' lang='lat' dir='ltr'><strong>ex</strong></span> <span class='ocrx_word' id='word_1_70' title='bbox 1583 977 1866 1052; x_wconf 78' lang='lat' dir='ltr'><strong>hucusque</strong></span> <span class='ocrx_word' id='word_1_71' title='bbox 1917 981 2100 1050; x_wconf 80' lang='lat' dir='ltr'><strong>dictis,</strong></span> 
     </span>
    </p>
   </div>
   <div class='ocr_carea' id='block_1_12' title="bbox 495 1065 2104 1145">
    <p class='ocr_par' dir='ltr' id='par_1_12' title="bbox 495 1065 2104 1145">
     <span class='ocr_line' id='line_1_12' title="bbox 495 1065 2104 1145; baseline 0.014 -35"><span class='ocrx_word' id='word_1_72' title='bbox 495 1078 661 1134; x_wconf 80' lang='lat' dir='ltr'><strong>quam</strong></span> <span class='ocrx_word' id='word_1_73' title='bbox 702 1065 996 1130; x_wconf 87' lang='lat' dir='ltr'><strong>immerito,</strong></span> <span class='ocrx_word' id='word_1_74' title='bbox 1032 1084 1098 1122; x_wconf 90' lang='lat' dir='ltr'><strong>ne</strong></span> <span class='ocrx_word' id='word_1_75' title='bbox 1144 1069 1321 1124; x_wconf 82' lang='lat' dir='ltr'><strong>dieum</strong></span> <span class='ocrx_word' id='word_1_76' title='bbox 1357 1080 1632 1140; x_wconf 75' lang='lat' dir='ltr'><strong>proterve,</strong></span> <span class='ocrx_word' id='word_1_77' title='bbox 1661 1072 1939 1145; x_wconf 68' lang='lat' dir='ltr'><strong>Iosephus</strong></span> <span class='ocrx_word' id='word_1_78' title='bbox 1970 1074 2104 1133; x_wconf 80' lang='lat' dir='ltr'><strong>Sea-</strong></span> 
     </span>
    </p>
   </div>
   <div class='ocr_carea' id='block_1_13' title="bbox 498 1144 2102 1240">
    <p class='ocr_par' dir='ltr' id='par_1_13' title="bbox 498 1144 2102 1240">
     <span class='ocr_line' id='line_1_13' title="bbox 498 1144 2102 1240; baseline 0.011 -32"><span class='ocrx_word' id='word_1_79' title='bbox 498 1155 635 1225; x_wconf 86' lang='lat' dir='ltr'><strong>liger</strong></span> <span class='ocrx_word' id='word_1_80' title='bbox 665 1144 1067 1226; x_wconf 75' lang='lat' dir='ltr'><strong>iritereadicta,</strong></span> <span class='ocrx_word' id='word_1_81' title='bbox 1092 1176 1213 1231; x_wconf 80' lang='lat' dir='ltr'><strong>quae</strong></span> <span class='ocrx_word' id='word_1_82' title='bbox 1231 1162 1575 1237; x_wconf 74' lang='lat' dir='ltr'><strong>Scaligeranu</strong></span> <span class='ocrx_word' id='word_1_83' title='bbox 1606 1144 1871 1223; x_wconf 82' lang='lat' dir='ltr'><strong>vocantur</strong></span> <span class='ocrx_word' id='word_1_84' title='bbox 1901 1169 2003 1240; x_wconf 73' lang='lat' dir='ltr'><strong>(li),</strong></span> <span class='ocrx_word' id='word_1_85' title='bbox 2024 1170 2102 1227; x_wconf 90' lang='lat' dir='ltr'><strong>ita</strong></span> 
     </span>
    </p>
   </div>
   <div class='ocr_carea' id='block_1_14' title="bbox 497 1246 2102 1331">
    <p class='ocr_par' dir='ltr' id='par_1_14' title="bbox 497 1246 2102 1331">
     <span class='ocr_line' id='line_1_14' title="bbox 497 1246 2102 1331; baseline 0.011 -29"><span class='ocrx_word' id='word_1_86' title='bbox 497 1246 566 1303; x_wconf 86' lang='lat' dir='ltr'><strong>de</strong></span> <span class='ocrx_word' id='word_1_87' title='bbox 620 1249 912 1305; x_wconf 83' lang='lat' dir='ltr'><strong>Pliilastrio</strong></span> <span class='ocrx_word' id='word_1_88' title='bbox 948 1255 1264 1321; x_wconf 87' lang='lat' dir='ltr'><strong>pronuntiet</strong></span> <span class='ocrx_word' id='word_1_89' title='bbox 1308 1273 1323 1311; x_wconf 87' lang='lat'><strong>:</strong></span> <span class='ocrx_word' id='word_1_90' title='bbox 1373 1254 1688 1313; x_wconf 76' lang='lat' dir='ltr'><strong>Philostrins</strong></span> <span class='ocrx_word' id='word_1_91' title='bbox 1738 1260 1872 1317; x_wconf 78' lang='lat' dir='ltr'><strong>nihil</strong></span> <span class='ocrx_word' id='word_1_92' title='bbox 1922 1264 2102 1331; x_wconf 75' lang='lat' dir='ltr'><strong>valet;</strong></span> 
     </span>
    </p>
   </div>
   <div class='ocr_carea' id='block_1_15' title="bbox 500 1344 2103 1424">
    <p class='ocr_par' dir='ltr' id='par_1_15' title="bbox 500 1344 2103 1424">
     <span class='ocr_line' id='line_1_15' title="bbox 500 1344 2103 1424; baseline 0.01 -26"><span class='ocrx_word' id='word_1_93' title='bbox 500 1357 622 1398; x_wconf 91' lang='lat' dir='ltr'><strong>cum</strong></span> <span class='ocrx_word' id='word_1_94' title='bbox 654 1353 732 1399; x_wconf 85' lang='lat' dir='ltr'><strong>tut</strong></span> <span class='ocrx_word' id='word_1_95' title='bbox 772 1344 952 1402; x_wconf 86' lang='lat' dir='ltr'><strong>ductis</strong></span> <span class='ocrx_word' id='word_1_96' title='bbox 984 1347 1136 1415; x_wconf 78' lang='lat' dir='ltr'><strong>viris,</strong></span> <span class='ocrx_word' id='word_1_97' title='bbox 1179 1350 1348 1406; x_wconf 84' lang='lat' dir='ltr'><strong>immo</strong></span> <span class='ocrx_word' id='word_1_98' title='bbox 1370 1353 1471 1422; x_wconf 83' lang='lat' dir='ltr'><strong>ipsi</strong></span> <span class='ocrx_word' id='word_1_99' title='bbox 1501 1354 1804 1424; x_wconf 73' lang='lat' dir='ltr'><strong>Augustino</strong></span> <span class='ocrx_word' id='word_1_100' title='bbox 1826 1355 2103 1415; x_wconf 84' lang='lat' dir='ltr'><strong>Philastril</strong></span> 
     </span>
    </p>
   </div>
   <div class='ocr_carea' id='block_1_16' title="bbox 501 1437 2102 1522">
    <p class='ocr_par' dir='ltr' id='par_1_16' title="bbox 501 1437 2102 1522">
     <span class='ocr_line' id='line_1_16' title="bbox 501 1437 2102 1522; baseline 0.01 -29"><span class='ocrx_word' id='word_1_101' title='bbox 501 1437 641 1493; x_wconf 80' lang='lat' dir='ltr'><strong>liber</strong></span> <span class='ocrx_word' id='word_1_102' title='bbox 674 1450 822 1494; x_wconf 85' lang='lat' dir='ltr'><strong>tanto</strong></span> <span class='ocrx_word' id='word_1_103' title='bbox 847 1443 968 1496; x_wconf 87' lang='lat' dir='ltr'><strong>usui</strong></span> <span class='ocrx_word' id='word_1_104' title='bbox 1000 1441 1186 1499; x_wconf 87' lang='lat' dir='ltr'><strong>fuerit.</strong></span> <span class='ocrx_word' id='word_1_105' title='bbox 1228 1443 1496 1503; x_wconf 71' lang='lat' dir='ltr'><strong>Caeterum</strong></span> <span class='ocrx_word' id='word_1_106' title='bbox 1520 1448 1762 1520; x_wconf 85' lang='lat' dir='ltr'><strong>Scaliger</strong></span> <span class='ocrx_word' id='word_1_107' title='bbox 1782 1450 2102 1522; x_wconf 70' lang='lat' dir='ltr'><strong>jamdudum</strong></span> 
     </span>
    </p>
   </div>
   <div class='ocr_carea' id='block_1_17' title="bbox 500 1529 2104 1612">
    <p class='ocr_par' dir='ltr' id='par_1_17' title="bbox 500 1529 2104 1612">
     <span class='ocr_line' id='line_1_17' title="bbox 500 1529 2104 1612; baseline 0.011 -28"><span class='ocrx_word' id='word_1_108' title='bbox 500 1529 792 1586; x_wconf 82' lang='lat' dir='ltr'><strong>Pliilastriu</strong></span> <span class='ocrx_word' id='word_1_109' title='bbox 820 1543 1016 1602; x_wconf 81' lang='lat' dir='ltr'><strong>sponte</strong></span> <span class='ocrx_word' id='word_1_110' title='bbox 1043 1552 1164 1603; x_wconf 82' lang='lat' dir='ltr'><strong>sua,</strong></span> <span class='ocrx_word' id='word_1_111' title='bbox 1192 1548 1287 1593; x_wconf 84' lang='lat' dir='ltr'><strong>aut</strong></span> <span class='ocrx_word' id='word_1_112' title='bbox 1318 1539 1495 1608; x_wconf 83' lang='lat' dir='ltr'><strong>potius</strong></span> <span class='ocrx_word' id='word_1_113' title='bbox 1514 1542 1749 1612; x_wconf 87' lang='lat' dir='ltr'><strong>quodam</strong></span> <span class='ocrx_word' id='word_1_114' title='bbox 1772 1544 1941 1600; x_wconf 81' lang='lat' dir='ltr'><strong>animi</strong></span> <span class='ocrx_word' id='word_1_115' title='bbox 1973 1547 2104 1602; x_wconf 84' lang='lat' dir='ltr'><strong>vitio</strong></span> 
     </span>
    </p>
   </div>
   <div class='ocr_carea' id='block_1_18' title="bbox 499 1626 2104 1703">
    <p class='ocr_par' dir='ltr' id='par_1_18' title="bbox 499 1626 2104 1703">
     <span class='ocr_line' id='line_1_18' title="bbox 499 1626 2104 1703; baseline 0.011 -23"><span class='ocrx_word' id='word_1_116' title='bbox 499 1636 618 1680; x_wconf 81' lang='lat' dir='ltr'><strong>erat</strong></span> <span class='ocrx_word' id='word_1_117' title='bbox 650 1626 925 1693; x_wconf 82' lang='lat' dir='ltr'><strong>infensus,</strong></span> <span class='ocrx_word' id='word_1_118' title='bbox 956 1640 1015 1686; x_wconf 89' lang='lat' dir='ltr'><strong>ut</strong></span> <span class='ocrx_word' id='word_1_119' title='bbox 1041 1633 1240 1703; x_wconf 87' lang='lat' dir='ltr'><strong>cuique</strong></span> <span class='ocrx_word' id='word_1_120' title='bbox 1288 1632 1578 1689; x_wconf 79' lang='lat' dir='ltr'><strong>Elencltntn</strong></span> <span class='ocrx_word' id='word_1_121' title='bbox 1624 1636 1922 1694; x_wconf 62' lang='lat' dir='ltr'><strong>Trilra’resii</strong></span> <span class='ocrx_word' id='word_1_122' title='bbox 1959 1640 2104 1697; x_wconf 80' lang='lat' dir='ltr'><strong>illius</strong></span> 
     </span>
    </p>
   </div>
   <div class='ocr_carea' id='block_1_19' title="bbox 2207 414 3710 489">
    <p class='ocr_par' dir='ltr' id='par_1_19' title="bbox 2207 414 3710 489">
     <span class='ocr_line' id='line_1_19' title="bbox 2207 414 3710 489; baseline 0.007 -20"><span class='ocrx_word' id='word_1_123' title='bbox 2207 431 2326 469; x_wconf 84' lang='lat' dir='ltr'><strong>cum</strong></span> <span class='ocrx_word' id='word_1_124' title='bbox 2344 414 2528 471; x_wconf 75' lang='lat' dir='ltr'><strong>Jacost</strong></span> <span class='ocrx_word' id='word_1_125' title='bbox 2560 418 2825 472; x_wconf 76' lang='lat' dir='ltr'><strong>Aeos&#39;rou</strong></span> <span class='ocrx_word' id='word_1_126' title='bbox 2846 415 3113 473; x_wconf 76' lang='lat' dir='ltr'><strong>Eets&#39;rou</strong></span> <span class='ocrx_word' id='word_1_127' title='bbox 3134 419 3472 489; x_wconf 78' lang='lat' dir='ltr'><strong>deprehendit.</strong></span> <span class='ocrx_word' id='word_1_128' title='bbox 3489 422 3606 478; x_wconf 83' lang='lat' dir='ltr'><strong>Sane</strong></span> <span class='ocrx_word' id='word_1_129' title='bbox 3624 438 3710 480; x_wconf 79' lang='lat' dir='ltr'><strong>cura</strong></span> 
     </span>
    </p>
   </div>
   <div class='ocr_carea' id='block_1_20' title="bbox 2210 508 3715 579">
    <p class='ocr_par' dir='ltr' id='par_1_20' title="bbox 2210 508 3715 579">
     <span class='ocr_line' id='line_1_20' title="bbox 2210 508 3715 579; baseline 0.008 -16"><span class='ocrx_word' id='word_1_130' title='bbox 2210 508 2325 563; x_wconf 77' lang='lat' dir='ltr'><strong>haec</strong></span> <span class='ocrx_word' id='word_1_131' title='bbox 2360 508 2632 579; x_wconf 85' lang='lat' dir='ltr'><strong>legissem,</strong></span> <span class='ocrx_word' id='word_1_132' title='bbox 2677 509 2962 566; x_wconf 86' lang='lat' dir='ltr'><strong>e0nfestim</strong></span> <span class='ocrx_word' id='word_1_133' title='bbox 3009 526 3115 567; x_wconf 87' lang='lat' dir='ltr'><strong>ms.</strong></span> <span class='ocrx_word' id='word_1_134' title='bbox 3158 511 3484 568; x_wconf 80' lang='lat' dir='ltr'><strong>Pliilastrium</strong></span> <span class='ocrx_word' id='word_1_135' title='bbox 3529 513 3715 575; x_wconf 65' lang='lat' dir='ltr'><strong>Corbe‘a</strong></span> 
     </span>
    </p>
   </div>
   <div class='ocr_carea' id='block_1_21' title="bbox 2206 603 3717 676">
    <p class='ocr_par' dir='ltr' id='par_1_21' title="bbox 2206 603 3717 676">
     <span class='ocr_line' id='line_1_21' title="bbox 2206 603 3717 676; baseline 0.007 -19"><span class='ocrx_word' id='word_1_136' title='bbox 2206 603 2604 675; x_wconf 84' lang='lat' dir='ltr'><strong>deprehensum</strong></span> <span class='ocrx_word' id='word_1_137' title='bbox 2626 605 2689 660; x_wconf 92' lang='lat' dir='ltr'><strong>iri</strong></span> <span class='ocrx_word' id='word_1_138' title='bbox 2714 620 2815 676; x_wconf 86' lang='lat' dir='ltr'><strong>pro</strong></span> <span class='ocrx_word' id='word_1_139' title='bbox 2835 616 2988 662; x_wconf 91' lang='lat' dir='ltr'><strong>certo</strong></span> <span class='ocrx_word' id='word_1_140' title='bbox 3010 604 3170 661; x_wconf 82' lang='lat' dir='ltr'><strong>habui</strong></span> <span class='ocrx_word' id='word_1_141' title='bbox 3193 621 3342 673; x_wconf 89' lang='lat' dir='ltr'><strong>;cum</strong></span> <span class='ocrx_word' id='word_1_142' title='bbox 3364 608 3493 662; x_wconf 88' lang='lat' dir='ltr'><strong>enim</strong></span> <span class='ocrx_word' id='word_1_143' title='bbox 3514 609 3558 664; x_wconf 88' lang='lat' dir='ltr'><strong>in</strong></span> <span class='ocrx_word' id='word_1_144' title='bbox 3582 624 3634 665; x_wconf 87' lang='lat' dir='ltr'><strong>eo</strong></span> <span class='ocrx_word' id='word_1_145' title='bbox 3649 628 3717 667; x_wconf 78' lang='lat' dir='ltr'><strong>vo-</strong></span> 
     </span>
    </p>
   </div>
   <div class='ocr_carea' id='block_1_22' title="bbox 2207 682 3718 771">
    <p class='ocr_par' dir='ltr' id='par_1_22' title="bbox 2207 682 3718 771">
     <span class='ocr_line' id='line_1_22' title="bbox 2207 682 3718 771; baseline 0.005 -20"><span class='ocrx_word' id='word_1_146' title='bbox 2207 695 2412 752; x_wconf 87' lang='lat' dir='ltr'><strong>lumine</strong></span> <span class='ocrx_word' id='word_1_147' title='bbox 2451 706 2648 768; x_wconf 78' lang='lat' dir='ltr'><strong>prreter</strong></span> <span class='ocrx_word' id='word_1_148' title='bbox 2676 682 2924 754; x_wconf 78' lang='lat' dir='ltr'><strong>Latinam</strong></span> <span class='ocrx_word' id='word_1_149' title='bbox 2957 696 3212 753; x_wconf 59' lang='lat' dir='ltr'><strong>Barnabas</strong></span> <span class='ocrx_word' id='word_1_150' title='bbox 3247 698 3482 771; x_wconf 77' lang='lat' dir='ltr'><strong>Epistula:</strong></span> <span class='ocrx_word' id='word_1_151' title='bbox 3515 698 3718 771; x_wconf 78' lang='lat' dir='ltr'><strong>Interpre-</strong></span> 
     </span>
    </p>
   </div>
   <div class='ocr_carea' id='block_1_23' title="bbox 2206 791 3717 862">
    <p class='ocr_par' dir='ltr' id='par_1_23' title="bbox 2206 791 3717 862">
     <span class='ocr_line' id='line_1_23' title="bbox 2206 791 3717 862; baseline 0.005 -18"><span class='ocrx_word' id='word_1_152' title='bbox 2206 791 2641 862; x_wconf 77' lang='lat' dir='ltr'><strong>tationem,quam</strong></span> <span class='ocrx_word' id='word_1_153' title='bbox 2665 807 2730 847; x_wconf 88' lang='lat' dir='ltr'><strong>ex</strong></span> <span class='ocrx_word' id='word_1_154' title='bbox 2758 791 3076 848; x_wconf 88' lang='lat' dir='ltr'><strong>Corbeiensi</strong></span> <span class='ocrx_word' id='word_1_155' title='bbox 3095 791 3221 849; x_wconf 88' lang='lat' dir='ltr'><strong>cod.</strong></span> <span class='ocrx_word' id='word_1_156' title='bbox 3247 792 3454 849; x_wconf 78' lang='lat' dir='ltr'><strong>Parisiis</strong></span> <span class='ocrx_word' id='word_1_157' title='bbox 3478 808 3597 850; x_wconf 88' lang='lat' dir='ltr'><strong>anno</strong></span> <span class='ocrx_word' id='word_1_158' title='bbox 3619 796 3717 852; x_wconf 66' lang='grc'><strong>1645</strong></span> 
     </span>
    </p>
   </div>
   <div class='ocr_carea' id='block_1_24' title="bbox 2206 881 3715 957">
    <p class='ocr_par' dir='ltr' id='par_1_24' title="bbox 2206 881 3715 957">
     <span class='ocr_line' id='line_1_24' title="bbox 2206 881 3715 957; baseline 0.005 -23"><span class='ocrx_word' id='word_1_159' title='bbox 2206 882 2440 953; x_wconf 82' lang='lat' dir='ltr'><strong>vulgavit</strong></span> <span class='ocrx_word' id='word_1_160' title='bbox 2455 881 2769 951; x_wconf 75' lang='lat' dir='ltr'><strong>Menardus,</strong></span> <span class='ocrx_word' id='word_1_161' title='bbox 2790 883 3049 938; x_wconf 87' lang='lat' dir='ltr'><strong>nonnulla</strong></span> <span class='ocrx_word' id='word_1_162' title='bbox 3064 884 3168 937; x_wconf 85' lang='lat' dir='ltr'><strong>alia</strong></span> <span class='ocrx_word' id='word_1_163' title='bbox 3182 882 3378 939; x_wconf 84' lang='lat' dir='ltr'><strong>diversi</strong></span> <span class='ocrx_word' id='word_1_164' title='bbox 3391 886 3580 955; x_wconf 81' lang='lat' dir='ltr'><strong>generis</strong></span> <span class='ocrx_word' id='word_1_165' title='bbox 3590 885 3715 957; x_wconf 80' lang='lat' dir='ltr'><strong>Opus-</strong></span> 
     </span>
    </p>
   </div>
   <div class='ocr_carea' id='block_1_25' title="bbox 2205 976 3719 1040">
    <p class='ocr_par' dir='ltr' id='par_1_25' title="bbox 2205 976 3719 1040">
     <span class='ocr_line' id='line_1_25' title="bbox 2205 976 3719 1040; baseline 0.004 -11"><span class='ocrx_word' id='word_1_166' title='bbox 2205 976 2329 1030; x_wconf 90' lang='lat' dir='ltr'><strong>cula</strong></span> <span class='ocrx_word' id='word_1_167' title='bbox 2358 976 2709 1040; x_wconf 78' lang='lat' dir='ltr'><strong>haberentur,</strong></span> <span class='ocrx_word' id='word_1_168' title='bbox 2741 976 2898 1032; x_wconf 76' lang='lat' dir='ltr'><strong>facile</strong></span> <span class='ocrx_word' id='word_1_169' title='bbox 2925 976 3167 1032; x_wconf 66' lang='lat' dir='ltr'><strong>intellexi</strong></span> <span class='ocrx_word' id='word_1_170' title='bbox 3223 978 3362 1033; x_wconf 83' lang='lat' dir='ltr'><strong>inter</strong></span> <span class='ocrx_word' id='word_1_171' title='bbox 3383 994 3442 1034; x_wconf 84' lang='lat' dir='ltr'><strong>ea</strong></span> <span class='ocrx_word' id='word_1_172' title='bbox 3467 979 3605 1034; x_wconf 87' lang='lat' dir='ltr'><strong>etiam</strong></span> <span class='ocrx_word' id='word_1_173' title='bbox 3631 980 3719 1036; x_wconf 86' lang='lat' dir='ltr'><strong>Phi-</strong></span> 
     </span>
    </p>
   </div>
   <div class='ocr_carea' id='block_1_26' title="bbox 2205 1068 3720 1130">
    <p class='ocr_par' dir='ltr' id='par_1_26' title="bbox 2205 1068 3720 1130">
     <span class='ocr_line' id='line_1_26' title="bbox 2205 1068 3720 1130; baseline 0.003 -5"><span class='ocrx_word' id='word_1_174' title='bbox 2205 1069 2382 1125; x_wconf 83' lang='lat' dir='ltr'><strong>lastrii</strong></span> <span class='ocrx_word' id='word_1_175' title='bbox 2431 1069 2629 1125; x_wconf 84' lang='lat' dir='ltr'><strong>librum</strong></span> <span class='ocrx_word' id='word_1_176' title='bbox 2672 1070 2737 1125; x_wconf 86' lang='lat' dir='ltr'><strong>de</strong></span> <span class='ocrx_word' id='word_1_177' title='bbox 2792 1068 3090 1125; x_wconf 62' lang='lat' dir='ltr'><strong>Hiantibus</strong></span> <span class='ocrx_word' id='word_1_178' title='bbox 3142 1070 3471 1128; x_wconf 82' lang='lat' dir='ltr'><strong>delitescere.</strong></span> <span class='ocrx_word' id='word_1_179' title='bbox 3520 1072 3720 1130; x_wconf 75' lang='lat' dir='ltr'><strong>Videbam</strong></span> 
     </span>
    </p>
   </div>
   <div class='ocr_carea' id='block_1_27' title="bbox 2207 1162 3721 1235">
    <p class='ocr_par' dir='ltr' id='par_1_27' title="bbox 2207 1162 3721 1235">
     <span class='ocr_line' id='line_1_27' title="bbox 2207 1162 3721 1235; baseline 0.003 -17"><span class='ocrx_word' id='word_1_180' title='bbox 2207 1171 2470 1234; x_wconf 62' lang='lat' dir='ltr'><strong>praeterea</strong></span> <span class='ocrx_word' id='word_1_181' title='bbox 2529 1172 2641 1218; x_wconf 82' lang='lat' dir='ltr'><strong>tum</strong></span> <span class='ocrx_word' id='word_1_182' title='bbox 2687 1178 2719 1219; x_wconf 88' lang='lat' dir='ltr'><strong>a</strong></span> <span class='ocrx_word' id='word_1_183' title='bbox 2774 1162 3149 1235; x_wconf 88' lang='lat' dir='ltr'><strong>Papebrocbio</strong></span> <span class='ocrx_word' id='word_1_184' title='bbox 3204 1165 3256 1220; x_wconf 90' lang='lat' dir='ltr'><strong>in</strong></span> <span class='ocrx_word' id='word_1_185' title='bbox 3307 1165 3447 1220; x_wconf 81' lang='lat' dir='ltr'><strong>Actis</strong></span> <span class='ocrx_word' id='word_1_186' title='bbox 3490 1164 3575 1222; x_wconf 91' lang='lat' dir='ltr'><strong>SS.</strong></span> <span class='ocrx_word' id='word_1_187' title='bbox 3615 1165 3721 1223; x_wconf 79' lang='lat' dir='ltr'><strong>Junii</strong></span> 
     </span>
    </p>
   </div>
   <div class='ocr_carea' id='block_1_28' title="bbox 2207 1254 3723 1326">
    <p class='ocr_par' dir='ltr' id='par_1_28' title="bbox 2207 1254 3723 1326">
     <span class='ocr_line' id='line_1_28' title="bbox 2207 1254 3723 1326; baseline 0.004 -16"><span class='ocrx_word' id='word_1_188' title='bbox 2207 1266 2340 1311; x_wconf 92' lang='lat' dir='ltr'><strong>tom.</strong></span> <span class='ocrx_word' id='word_1_189' title='bbox 2365 1254 2430 1324; x_wconf 87' lang='lat' dir='ltr'><strong>ll,</strong></span> <span class='ocrx_word' id='word_1_190' title='bbox 2460 1271 2516 1326; x_wconf 87' lang='lat' dir='ltr'><strong>p.</strong></span> <span class='ocrx_word' id='word_1_191' title='bbox 2542 1257 2672 1323; x_wconf 63' lang='lat'><strong>457,</strong></span> <span class='ocrx_word' id='word_1_192' title='bbox 2707 1266 2820 1311; x_wconf 88' lang='lat' dir='ltr'><strong>tum</strong></span> <span class='ocrx_word' id='word_1_193' title='bbox 2849 1256 3016 1313; x_wconf 87' lang='lat' dir='ltr'><strong>etiam</strong></span> <span class='ocrx_word' id='word_1_194' title='bbox 3046 1271 3074 1310; x_wconf 88' lang='lat' dir='ltr'><strong>a</strong></span> <span class='ocrx_word' id='word_1_195' title='bbox 3108 1256 3357 1312; x_wconf 82' lang='lat' dir='ltr'><strong>Fabricio</strong></span> <span class='ocrx_word' id='word_1_196' title='bbox 3391 1257 3441 1312; x_wconf 89' lang='lat' dir='ltr'><strong>in</strong></span> <span class='ocrx_word' id='word_1_197' title='bbox 3470 1256 3723 1316; x_wconf 73' lang='lat' dir='ltr'><strong>Praelationt&#39;</strong></span> 
     </span>
    </p>
   </div>
   <div class='ocr_carea' id='block_1_29' title="bbox 2205 1347 3725 1414">
    <p class='ocr_par' dir='ltr' id='par_1_29' title="bbox 2205 1347 3725 1414">
     <span class='ocr_line' id='line_1_29' title="bbox 2205 1347 3725 1414; baseline 0.002 -12"><span class='ocrx_word' id='word_1_198' title='bbox 2205 1347 2273 1403; x_wconf 89' lang='lat' dir='ltr'><strong>ad</strong></span> <span class='ocrx_word' id='word_1_199' title='bbox 2327 1347 2696 1414; x_wconf 85' lang='lat' dir='ltr'><strong>Pliilastrium,</strong></span> <span class='ocrx_word' id='word_1_200' title='bbox 2752 1347 3145 1404; x_wconf 88' lang='lat' dir='ltr'><strong>Corbeiensem</strong></span> <span class='ocrx_word' id='word_1_201' title='bbox 3183 1347 3423 1404; x_wconf 87' lang='lat' dir='ltr'><strong>codicem</strong></span> <span class='ocrx_word' id='word_1_202' title='bbox 3464 1349 3652 1414; x_wconf 87' lang='lat' dir='ltr'><strong>laudari,</strong></span> <span class='ocrx_word' id='word_1_203' title='bbox 3685 1362 3725 1406; x_wconf 88' lang='lat' dir='ltr'><strong>ut</strong></span> 
     </span>
    </p>
   </div>
   <div class='ocr_carea' id='block_1_30' title="bbox 2208 1437 3727 1511">
    <p class='ocr_par' dir='ltr' id='par_1_30' title="bbox 2208 1437 3727 1511">
     <span class='ocr_line' id='line_1_30' title="bbox 2208 1437 3727 1511; baseline 0.002 -18"><span class='ocrx_word' id='word_1_204' title='bbox 2208 1453 2371 1508; x_wconf 85' lang='lat' dir='ltr'><strong>supra</strong></span> <span class='ocrx_word' id='word_1_205' title='bbox 2392 1437 2629 1493; x_wconf 80' lang='lat' dir='ltr'><strong>diximus</strong></span> <span class='ocrx_word' id='word_1_206' title='bbox 2647 1437 2753 1511; x_wconf 77' lang='lat' dir='ltr'><strong>(It),</strong></span> <span class='ocrx_word' id='word_1_207' title='bbox 2775 1449 3050 1510; x_wconf 83' lang='lat' dir='ltr'><strong>tamquam</strong></span> <span class='ocrx_word' id='word_1_208' title='bbox 3075 1439 3129 1494; x_wconf 89' lang='lat' dir='ltr'><strong>in</strong></span> <span class='ocrx_word' id='word_1_209' title='bbox 3156 1454 3223 1494; x_wconf 91' lang='lat' dir='ltr'><strong>eo</strong></span> <span class='ocrx_word' id='word_1_210' title='bbox 3247 1440 3408 1494; x_wconf 85' lang='lat' dir='ltr'><strong>latina</strong></span> <span class='ocrx_word' id='word_1_211' title='bbox 3430 1441 3512 1495; x_wconf 87' lang='lat' dir='ltr'><strong>illa</strong></span> <span class='ocrx_word' id='word_1_212' title='bbox 3531 1439 3727 1496; x_wconf 76' lang='lat' dir='ltr'><strong>Barnaie</strong></span> 
     </span>
    </p>
   </div>
   <div class='ocr_carea' id='block_1_31' title="bbox 2212 1528 3724 1605">
    <p class='ocr_par' dir='ltr' id='par_1_31' title="bbox 2212 1528 3724 1605">
     <span class='ocr_line' id='line_1_31' title="bbox 2212 1528 3724 1605; baseline 0.002 -21"><span class='ocrx_word' id='word_1_213' title='bbox 2212 1528 2465 1603; x_wconf 68' lang='lat' dir='ltr'><strong>Epistulae</strong></span> <span class='ocrx_word' id='word_1_214' title='bbox 2517 1530 2912 1601; x_wconf 78' lang='lat' dir='ltr'><strong>lnterpretntio,</strong></span> <span class='ocrx_word' id='word_1_215' title='bbox 2967 1530 3210 1587; x_wconf 85' lang='lat' dir='ltr'><strong>auctoris</strong></span> <span class='ocrx_word' id='word_1_216' title='bbox 3260 1535 3472 1587; x_wconf 86' lang='lat' dir='ltr'><strong>nomine</strong></span> <span class='ocrx_word' id='word_1_217' title='bbox 3511 1533 3724 1605; x_wconf 78' lang='lat' dir='ltr'><strong>destituta,</strong></span> 
     </span>
    </p>
   </div>
   <div class='ocr_carea' id='block_1_32' title="bbox 2209 1624 3729 1696">
    <p class='ocr_par' dir='ltr' id='par_1_32' title="bbox 2209 1624 3729 1696">
     <span class='ocr_line' id='line_1_32' title="bbox 2209 1624 3729 1696; baseline 0.001 -16"><span class='ocrx_word' id='word_1_218' title='bbox 2209 1625 2506 1681; x_wconf 87' lang='lat' dir='ltr'><strong>Pbilastrio</strong></span> <span class='ocrx_word' id='word_1_219' title='bbox 2542 1625 2911 1692; x_wconf 84' lang='lat' dir='ltr'><strong>tribueretur;</strong></span> <span class='ocrx_word' id='word_1_220' title='bbox 2954 1624 3006 1680; x_wconf 91' lang='lat' dir='ltr'><strong>in</strong></span> <span class='ocrx_word' id='word_1_221' title='bbox 3032 1640 3139 1696; x_wconf 86' lang='lat' dir='ltr'><strong>quo</strong></span> <span class='ocrx_word' id='word_1_222' title='bbox 3179 1624 3309 1681; x_wconf 89' lang='lat' dir='ltr'><strong>licet</strong></span> <span class='ocrx_word' id='word_1_223' title='bbox 3351 1636 3605 1696; x_wconf 87' lang='lat' dir='ltr'><strong>uterquea</strong></span> <span class='ocrx_word' id='word_1_224' title='bbox 3637 1639 3729 1681; x_wconf 74' lang='lat' dir='ltr'><strong>vero</strong></span> 
     </span>
    </p>
   </div>
   <div class='ocr_carea' id='block_1_33' title="bbox 498 1716 3729 1805">
    <p class='ocr_par' dir='ltr' id='par_1_33' title="bbox 498 1716 3729 1805">
     <span class='ocr_line' id='line_1_33' title="bbox 498 1716 3729 1805; baseline 0.006 -35"><span class='ocrx_word' id='word_1_225' title='bbox 498 1719 738 1773; x_wconf 71' lang='lat' dir='ltr'><strong>aucturis</strong></span> <span class='ocrx_word' id='word_1_226' title='bbox 798 1721 1020 1777; x_wconf 83' lang='lat' dir='ltr'><strong>adeunti</strong></span> <span class='ocrx_word' id='word_1_227' title='bbox 1052 1726 1343 1782; x_wconf 81' lang='lat' dir='ltr'><strong>manifeste</strong></span> <span class='ocrx_word' id='word_1_228' title='bbox 1390 1728 1619 1797; x_wconf 80' lang='lat' dir='ltr'><strong>patebit,</strong></span> <span class='ocrx_word' id='word_1_229' title='bbox 1674 1731 1728 1786; x_wconf 88' lang='lat' dir='ltr'><strong>in</strong></span> <span class='ocrx_word' id='word_1_230' title='bbox 1789 1748 1896 1803; x_wconf 84' lang='lat' dir='ltr'><strong>quo</strong></span> <span class='ocrx_word' id='word_1_231' title='bbox 1944 1734 2100 1805; x_wconf 83' lang='lat' dir='ltr'><strong>plura</strong></span> <span class='ocrx_word' id='word_1_232' title='bbox 2138 1735 2178 1796; x_wconf 78' lang='grc' dir='ltr'><strong>Β</strong></span> <span class='ocrx_word' id='word_1_233' title='bbox 2209 1719 2491 1774; x_wconf 53' lang='lat' dir='ltr'><strong>ahena?“</strong></span> <span class='ocrx_word' id='word_1_234' title='bbox 2511 1718 2996 1789; x_wconf 62' lang='lat' dir='ltr'><strong>quamplurimum:</strong></span> <span class='ocrx_word' id='word_1_235' title='bbox 3024 1725 3188 1788; x_wconf 76' lang='grc' dir='ltr'>ειιιιιιθ</span> <span class='ocrx_word' id='word_1_236' title='bbox 3213 1716 3357 1773; x_wconf 64' lang='grc' dir='ltr'><strong>διίυά</strong></span> <span class='ocrx_word' id='word_1_237' title='bbox 3388 1733 3479 1789; x_wconf 72' lang='grc' dir='ltr'><strong>Ρτο</strong></span> <span class='ocrx_word' id='word_1_238' title='bbox 3502 1717 3596 1772; x_wconf 62' lang='lat' dir='ltr'><strong>alio</strong></span> <span class='ocrx_word' id='word_1_239' title='bbox 3616 1718 3729 1773; x_wconf 62' lang='grc' dir='ltr'><strong>ηοδδδ</strong></span> 
     </span>
    </p>
   </div>
   <div class='ocr_carea' id='block_1_34' title="bbox 500 1808 2105 1895">
    <p class='ocr_par' dir='ltr' id='par_1_34' title="bbox 500 1808 2105 1895">
     <span class='ocr_line' id='line_1_34' title="bbox 500 1808 2105 1895; baseline 0.011 -30"><span class='ocrx_word' id='word_1_240' title='bbox 500 1808 794 1866; x_wconf 83' lang='lat' dir='ltr'><strong>Pliilastrio</strong></span> <span class='ocrx_word' id='word_1_241' title='bbox 819 1813 1008 1883; x_wconf 72' lang='lat' dir='ltr'><strong>objicit</strong></span> <span class='ocrx_word' id='word_1_242' title='bbox 1035 1832 1139 1886; x_wconf 84' lang='lat' dir='ltr'><strong>qua</strong></span> <span class='ocrx_word' id='word_1_243' title='bbox 1182 1816 1330 1886; x_wconf 79' lang='lat' dir='ltr'><strong>jure,</strong></span> <span class='ocrx_word' id='word_1_244' title='bbox 1357 1834 1461 1889; x_wconf 89' lang='lat' dir='ltr'><strong>qua</strong></span> <span class='ocrx_word' id='word_1_245' title='bbox 1494 1820 1731 1891; x_wconf 76' lang='lat' dir='ltr'><strong>injuria;</strong></span> <span class='ocrx_word' id='word_1_246' title='bbox 1772 1832 1933 1895; x_wconf 83' lang='lat' dir='ltr'><strong>atque</strong></span> <span class='ocrx_word' id='word_1_247' title='bbox 1961 1827 2105 1882; x_wconf 80' lang='lat' dir='ltr'><strong>inter</strong></span> 
     </span>
    </p>
   </div>
   <div class='ocr_carea' id='block_1_35' title="bbox 502 1904 2106 2000">
    <p class='ocr_par' dir='ltr' id='par_1_35' title="bbox 502 1904 2106 2000">
     <span class='ocr_line' id='line_1_35' title="bbox 502 1904 2106 2000; baseline 0.012 -42"><span class='ocrx_word' id='word_1_248' title='bbox 502 1904 633 1973; x_wconf 77' lang='lat' dir='ltr'><strong>alia,</strong></span> <span class='ocrx_word' id='word_1_249' title='bbox 662 1908 807 1978; x_wconf 84' lang='lat' dir='ltr'><strong>quod</strong></span> <span class='ocrx_word' id='word_1_250' title='bbox 832 1910 975 1965; x_wconf 82' lang='lat' dir='ltr'><strong>nulla</strong></span> <span class='ocrx_word' id='word_1_251' title='bbox 998 1911 1138 1981; x_wconf 82' lang='lat' dir='ltr'><strong>apud</strong></span> <span class='ocrx_word' id='word_1_252' title='bbox 1166 1928 1289 1968; x_wconf 87' lang='lat' dir='ltr'><strong>eum</strong></span> <span class='ocrx_word' id='word_1_253' title='bbox 1320 1914 1525 1970; x_wconf 87' lang='lat' dir='ltr'><strong>mentio</strong></span> <span class='ocrx_word' id='word_1_254' title='bbox 1542 1916 1611 1971; x_wconf 86' lang='lat' dir='ltr'><strong>sit</strong></span> <span class='ocrx_word' id='word_1_255' title='bbox 1642 1925 1744 1973; x_wconf 73' lang='grc' dir='ltr'><strong>τῶν</strong></span> <span class='ocrx_word' id='word_1_256' title='bbox 1764 1919 1898 1997; x_wconf 74' lang='grc' dir='ltr'><strong>ὑπὲρ</strong></span> <span class='ocrx_word' id='word_1_257' title='bbox 1916 1929 2106 2000; x_wconf 70' lang='grc' dir='ltr'><strong>νεκρῶν</strong></span> 
     </span>
    </p>
   </div>
   <div class='ocr_carea' id='block_1_36' title="bbox 506 2001 2104 2082">
    <p class='ocr_par' dir='ltr' id='par_1_36' title="bbox 506 2001 2104 2082">
     <span class='ocr_line' id='line_1_36' title="bbox 506 2001 2104 2082; baseline 0.008 -25"><span class='ocrx_word' id='word_1_258' title='bbox 506 2001 921 2076; x_wconf 69' lang='grc' dir='ltr'><strong>βαπτιζομένων,</strong></span> <span class='ocrx_word' id='word_1_259' title='bbox 956 2017 1193 2061; x_wconf 79' lang='lat' dir='ltr'><strong>mortuos</strong></span> <span class='ocrx_word' id='word_1_260' title='bbox 1224 2007 1600 2078; x_wconf 77' lang='lat' dir='ltr'><strong>baptizantium</strong></span> <span class='ocrx_word' id='word_1_261' title='bbox 1631 2010 1734 2082; x_wconf 78' lang='lat' dir='ltr'><strong>(c);</strong></span> <span class='ocrx_word' id='word_1_262' title='bbox 1768 2026 1890 2067; x_wconf 90' lang='lat' dir='ltr'><strong>cum</strong></span> <span class='ocrx_word' id='word_1_263' title='bbox 1921 2024 2104 2070; x_wconf 75' lang='lat' dir='ltr'><strong>tamen</strong></span> 
     </span>
    </p>
   </div>
   <div class='ocr_carea' id='block_1_37' title="bbox 502 2097 2102 2181">
    <p class='ocr_par' dir='ltr' id='par_1_37' title="bbox 502 2097 2102 2181">
     <span class='ocr_line' id='line_1_37' title="bbox 502 2097 2102 2181; baseline 0.008 -29"><span class='ocrx_word' id='word_1_264' title='bbox 502 2097 706 2153; x_wconf 83' lang='lat' dir='ltr'><strong>diserte</strong></span> <span class='ocrx_word' id='word_1_265' title='bbox 730 2098 1078 2167; x_wconf 87' lang='lat' dir='ltr'><strong>Pbilastrius,</strong></span> <span class='ocrx_word' id='word_1_266' title='bbox 1109 2102 1200 2158; x_wconf 81' lang='lat' dir='ltr'><strong>ubi</strong></span> <span class='ocrx_word' id='word_1_267' title='bbox 1226 2104 1339 2174; x_wconf 84' lang='lat' dir='ltr'><strong>agit</strong></span> <span class='ocrx_word' id='word_1_268' title='bbox 1370 2104 1437 2158; x_wconf 89' lang='lat' dir='ltr'><strong>de</strong></span> <span class='ocrx_word' id='word_1_269' title='bbox 1455 2106 1650 2161; x_wconf 65' lang='lat' dir='ltr'><strong>haeresi</strong></span> <span class='ocrx_word' id='word_1_270' title='bbox 1672 2105 2102 2181; x_wconf 64' lang='lat' dir='ltr'><strong>Catapbrygum,</strong></span> 
     </span>
    </p>
   </div>
   <div class='ocr_carea' id='block_1_38' title="bbox 507 2189 2102 2272">
    <p class='ocr_par' dir='ltr' id='par_1_38' title="bbox 507 2189 2102 2272">
     <span class='ocr_line' id='line_1_38' title="bbox 507 2189 2102 2272; baseline 0.01 -29"><span class='ocrx_word' id='word_1_271' title='bbox 507 2189 624 2244; x_wconf 67' lang='lat' dir='ltr'><strong>haec</strong></span> <span class='ocrx_word' id='word_1_272' title='bbox 655 2189 854 2246; x_wconf 77' lang='lat' dir='ltr'><strong>habent</strong></span> <span class='ocrx_word' id='word_1_273' title='bbox 885 2192 964 2266; x_wconf 78' lang='grc' dir='ltr'><strong>(ά)</strong></span> <span class='ocrx_word' id='word_1_274' title='bbox 991 2210 1006 2247; x_wconf 91' lang='lat'><strong>:</strong></span> <span class='ocrx_word' id='word_1_275' title='bbox 1034 2192 1110 2247; x_wconf 82' lang='lat' dir='ltr'><strong>Hi</strong></span> <span class='ocrx_word' id='word_1_276' title='bbox 1131 2204 1362 2252; x_wconf 76' lang='lat' dir='ltr'><strong>mortuos</strong></span> <span class='ocrx_word' id='word_1_277' title='bbox 1383 2196 1678 2267; x_wconf 76' lang='lat' dir='ltr'><strong>baptizant:</strong></span> <span class='ocrx_word' id='word_1_278' title='bbox 1711 2200 1858 2270; x_wconf 85' lang='lat' dir='ltr'><strong>quod</strong></span> <span class='ocrx_word' id='word_1_279' title='bbox 1884 2201 2102 2272; x_wconf 86' lang='lat' dir='ltr'><strong>quidem</strong></span> 
     </span>
    </p>
   </div>
   <div class='ocr_carea' id='block_1_39' title="bbox 504 2283 2103 2359">
    <p class='ocr_par' dir='ltr' id='par_1_39' title="bbox 504 2283 2103 2359">
     <span class='ocr_line' id='line_1_39' title="bbox 504 2283 2103 2359; baseline 0.008 -23"><span class='ocrx_word' id='word_1_280' title='bbox 504 2284 785 2338; x_wconf 73' lang='lat' dir='ltr'><strong>annotavit</strong></span> <span class='ocrx_word' id='word_1_281' title='bbox 815 2283 1100 2341; x_wconf 82' lang='lat' dir='ltr'><strong>Fabricius</strong></span> <span class='ocrx_word' id='word_1_282' title='bbox 1126 2287 1220 2359; x_wconf 76' lang='grc' dir='ltr'><strong>(ρ),</strong></span> <span class='ocrx_word' id='word_1_283' title='bbox 1269 2301 1322 2343; x_wconf 90' lang='lat' dir='ltr'><strong>et</strong></span> <span class='ocrx_word' id='word_1_284' title='bbox 1350 2299 1477 2344; x_wconf 86' lang='lat' dir='ltr'><strong>ante</strong></span> <span class='ocrx_word' id='word_1_285' title='bbox 1499 2290 1812 2347; x_wconf 84' lang='lat' dir='ltr'><strong>Fabricium</strong></span> <span class='ocrx_word' id='word_1_286' title='bbox 1842 2292 2103 2350; x_wconf 66' lang='lat' dir='ltr'><strong>observas</strong></span> 
     </span>
    </p>
   </div>
   <div class='ocr_carea' id='block_1_40' title="bbox 506 2378 2106 2457">
    <p class='ocr_par' dir='ltr' id='par_1_40' title="bbox 506 2378 2106 2457">
     <span class='ocr_line' id='line_1_40' title="bbox 506 2378 2106 2457; baseline 0.011 -26"><span class='ocrx_word' id='word_1_287' title='bbox 506 2385 636 2433; x_wconf 87' lang='lat' dir='ltr'><strong>runt</strong></span> <span class='ocrx_word' id='word_1_288' title='bbox 666 2378 1162 2452; x_wconf 80' lang='lat' dir='ltr'><strong>Magdeburgenses</strong></span> <span class='ocrx_word' id='word_1_289' title='bbox 1191 2382 1286 2454; x_wconf 72' lang='grc' dir='ltr'><strong>(ι’).</strong></span> <span class='ocrx_word' id='word_1_290' title='bbox 1318 2383 1424 2441; x_wconf 89' lang='lat' dir='ltr'><strong>Sed</strong></span> <span class='ocrx_word' id='word_1_291' title='bbox 1455 2395 1741 2457; x_wconf 80' lang='lat' dir='ltr'><strong>postquam</strong></span> <span class='ocrx_word' id='word_1_292' title='bbox 1784 2388 1855 2444; x_wconf 85' lang='lat' dir='ltr'><strong>de</strong></span> <span class='ocrx_word' id='word_1_293' title='bbox 1894 2388 2106 2447; x_wconf 84' lang='lat' dir='ltr'><strong>Philas-</strong></span> 
     </span>
    </p>
   </div>
   <div class='ocr_carea' id='block_1_41' title="bbox 509 2470 2105 2543">
    <p class='ocr_par' dir='ltr' id='par_1_41' title="bbox 509 2470 2105 2543">
     <span class='ocr_line' id='line_1_41' title="bbox 509 2470 2105 2543; baseline 0.01 -19"><span class='ocrx_word' id='word_1_294' title='bbox 509 2470 614 2525; x_wconf 86' lang='lat' dir='ltr'><strong>trio</strong></span> <span class='ocrx_word' id='word_1_295' title='bbox 639 2474 792 2537; x_wconf 87' lang='lat' dir='ltr'><strong>satis,</strong></span> <span class='ocrx_word' id='word_1_296' title='bbox 820 2473 933 2543; x_wconf 86' lang='lat' dir='ltr'><strong>jam</strong></span> <span class='ocrx_word' id='word_1_297' title='bbox 971 2475 1041 2531; x_wconf 89' lang='lat' dir='ltr'><strong>de</strong></span> <span class='ocrx_word' id='word_1_298' title='bbox 1094 2476 1414 2534; x_wconf 82' lang='lat' dir='ltr'><strong>Corbeiensi</strong></span> <span class='ocrx_word' id='word_1_299' title='bbox 1452 2479 1735 2537; x_wconf 88' lang='lat' dir='ltr'><strong>Philastrii</strong></span> <span class='ocrx_word' id='word_1_300' title='bbox 1783 2496 1887 2537; x_wconf 89' lang='lat' dir='ltr'><strong>ms.</strong></span> <span class='ocrx_word' id='word_1_301' title='bbox 1946 2483 2105 2541; x_wconf 74' lang='lat' dir='ltr'><strong>nobis</strong></span> 
     </span>
    </p>
   </div>
   <div class='ocr_carea' id='block_1_42' title="bbox 500 2566 2101 2649">
    <p class='ocr_par' dir='ltr' id='par_1_42' title="bbox 500 2566 2101 2649">
     <span class='ocr_line' id='line_1_42' title="bbox 500 2566 2101 2649; baseline 0.01 -31"><span class='ocrx_word' id='word_1_302' title='bbox 500 2566 772 2636; x_wconf 75' lang='lat' dir='ltr'><strong>agendum</strong></span> <span class='ocrx_word' id='word_1_303' title='bbox 828 2578 956 2634; x_wconf 83' lang='lat' dir='ltr'><strong>est,</strong></span> <span class='ocrx_word' id='word_1_304' title='bbox 1016 2571 1172 2641; x_wconf 87' lang='lat' dir='ltr'><strong>cujus</strong></span> <span class='ocrx_word' id='word_1_305' title='bbox 1228 2574 1393 2628; x_wconf 70' lang='lat' dir='ltr'><strong>variae</strong></span> <span class='ocrx_word' id='word_1_306' title='bbox 1448 2575 1758 2644; x_wconf 81' lang='lat' dir='ltr'><strong>lectiones,</strong></span> <span class='ocrx_word' id='word_1_307' title='bbox 1818 2586 2101 2649; x_wconf 72' lang='lat' dir='ltr'><strong>tamquam</strong></span> 
     </span>
    </p>
   </div>
   <div class='ocr_carea' id='block_1_43' title="bbox 506 2663 2098 2733">
    <p class='ocr_par' dir='ltr' id='par_1_43' title="bbox 506 2663 2098 2733">
     <span class='ocr_line' id='line_1_43' title="bbox 506 2663 2098 2733; baseline 0.009 -18"><span class='ocrx_word' id='word_1_308' title='bbox 506 2663 741 2729; x_wconf 87' lang='lat' dir='ltr'><strong>pretiosa</strong></span> <span class='ocrx_word' id='word_1_309' title='bbox 793 2665 1078 2733; x_wconf 88' lang='lat' dir='ltr'><strong>mantissa,</strong></span> <span class='ocrx_word' id='word_1_310' title='bbox 1129 2666 1258 2723; x_wconf 88' lang='lat' dir='ltr'><strong>huic</strong></span> <span class='ocrx_word' id='word_1_311' title='bbox 1308 2677 1512 2726; x_wconf 69' lang='lat' dir='ltr'><strong>nostra:</strong></span> <span class='ocrx_word' id='word_1_312' title='bbox 1564 2670 1791 2727; x_wconf 86' lang='lat' dir='ltr'><strong>editioni</strong></span> <span class='ocrx_word' id='word_1_313' title='bbox 1844 2682 2098 2729; x_wconf 77' lang='lat' dir='ltr'><strong>secesse-</strong></span> 
     </span>
    </p>
   </div>
   <div class='ocr_carea' id='block_1_44' title="bbox 506 2765 654 2809">
    <p class='ocr_par' dir='ltr' id='par_1_44' title="bbox 506 2765 654 2809">
     <span class='ocr_line' id='line_1_44' title="bbox 506 2765 654 2809; baseline 0 0"><span class='ocrx_word' id='word_1_314' title='bbox 506 2765 654 2809; x_wconf 88' lang='lat' dir='ltr'><strong>runt.</strong></span> 
     </span>
    </p>
   </div>
   <div class='ocr_carea' id='block_1_45' title="bbox 493 2874 2033 2964">
    <p class='ocr_par' dir='ltr' id='par_1_45' title="bbox 493 2888 2033 2964">
     <span class='ocr_line' id='line_1_45' title="bbox 493 2888 2033 2964; baseline 0.01 -21"><span class='ocrx_word' id='word_1_315' title='bbox 493 2914 497 2920; x_wconf 87' lang='lat'><strong><em>-</em></strong></span> <span class='ocrx_word' id='word_1_316' title='bbox 580 2888 606 2961; x_wconf 82' lang='lat'>§</span> <span class='ocrx_word' id='word_1_317' title='bbox 642 2888 733 2946; x_wconf 89' lang='lat' dir='ltr'><strong>Ill.</strong></span> <span class='ocrx_word' id='word_1_318' title='bbox 777 2889 854 2947; x_wconf 89' lang='lat' dir='ltr'><strong>De</strong></span> <span class='ocrx_word' id='word_1_319' title='bbox 878 2910 976 2949; x_wconf 86' lang='lat' dir='ltr'><strong>ms.</strong></span> <span class='ocrx_word' id='word_1_320' title='bbox 1004 2894 1319 2964; x_wconf 79' lang='lat' dir='ltr'><strong>Corbeiensi,</strong></span> <span class='ocrx_word' id='word_1_321' title='bbox 1349 2908 1398 2953; x_wconf 82' lang='lat' dir='ltr'><strong>et</strong></span> <span class='ocrx_word' id='word_1_322' title='bbox 1424 2898 1863 2959; x_wconf 79' lang='lat' dir='ltr'><strong>emendationibus</strong></span> <span class='ocrx_word' id='word_1_323' title='bbox 1885 2919 1950 2958; x_wconf 79' lang='lat' dir='ltr'><strong>ea:</strong></span> <span class='ocrx_word' id='word_1_324' title='bbox 1973 2904 2033 2958; x_wconf 79' lang='lat' dir='ltr'><strong>eo</strong></span> 
     </span>
    </p>
   </div>
   <div class='ocr_carea' id='block_1_46' title="bbox 1146 2990 1457 3062">
    <p class='ocr_par' dir='ltr' id='par_1_46' title="bbox 1146 2990 1457 3062">
     <span class='ocr_line' id='line_1_46' title="bbox 1146 2990 1457 3062; baseline 0.013 -19"><span class='ocrx_word' id='word_1_325' title='bbox 1146 2990 1427 3062; x_wconf 81' lang='lat' dir='ltr'><strong>desumptis</strong></span> <span class='ocrx_word' id='word_1_326' title='bbox 1443 3032 1457 3047; x_wconf 95' lang='lat'><strong>.</strong></span> 
     </span>
    </p>
   </div>
   <div class='ocr_carea' id='block_1_47' title="bbox 2207 1808 3730 1881">
    <p class='ocr_par' dir='ltr' id='par_1_47' title="bbox 2207 1808 3730 1881">
     <span class='ocr_line' id='line_1_47' title="bbox 2207 1808 3730 1881; baseline -0.003 -12"><span class='ocrx_word' id='word_1_327' title='bbox 2207 1811 2547 1877; x_wconf 89' lang='lat' dir='ltr'><strong>obtruderet,</strong></span> <span class='ocrx_word' id='word_1_328' title='bbox 2575 1825 2699 1867; x_wconf 89' lang='lat' dir='ltr'><strong>cum</strong></span> <span class='ocrx_word' id='word_1_329' title='bbox 2734 1824 2836 1866; x_wconf 90' lang='lat' dir='ltr'><strong>nec</strong></span> <span class='ocrx_word' id='word_1_330' title='bbox 2864 1809 3155 1866; x_wconf 78' lang='lat' dir='ltr'><strong>Menardus</strong></span> <span class='ocrx_word' id='word_1_331' title='bbox 3180 1809 3275 1881; x_wconf 87' lang='lat' dir='ltr'><strong>qui</strong></span> <span class='ocrx_word' id='word_1_332' title='bbox 3314 1808 3542 1866; x_wconf 83' lang='lat' dir='ltr'><strong>codicem</strong></span> <span class='ocrx_word' id='word_1_333' title='bbox 3581 1810 3624 1864; x_wconf 84' lang='lat' dir='ltr'><strong>in</strong></span> <span class='ocrx_word' id='word_1_334' title='bbox 3646 1824 3730 1865; x_wconf 81' lang='lat' dir='ltr'><strong>ma-</strong></span> 
     </span>
    </p>
   </div>
   <div class='ocr_carea' id='block_1_48' title="bbox 2208 1903 3731 1972">
    <p class='ocr_par' dir='ltr' id='par_1_48' title="bbox 2208 1903 3731 1972">
     <span class='ocr_line' id='line_1_48' title="bbox 2208 1903 3731 1972; baseline -0.003 -10"><span class='ocrx_word' id='word_1_335' title='bbox 2208 1907 2368 1962; x_wconf 86' lang='lat' dir='ltr'><strong>nibus</strong></span> <span class='ocrx_word' id='word_1_336' title='bbox 2395 1906 2602 1972; x_wconf 85' lang='lat' dir='ltr'><strong>habuit,</strong></span> <span class='ocrx_word' id='word_1_337' title='bbox 2648 1920 2751 1961; x_wconf 89' lang='lat' dir='ltr'><strong>nec</strong></span> <span class='ocrx_word' id='word_1_338' title='bbox 2782 1905 3028 1972; x_wconf 79' lang='lat' dir='ltr'><strong>Vossius,</strong></span> <span class='ocrx_word' id='word_1_339' title='bbox 3066 1916 3159 1962; x_wconf 88' lang='lat' dir='ltr'><strong>aut</strong></span> <span class='ocrx_word' id='word_1_340' title='bbox 3202 1905 3502 1962; x_wconf 84' lang='lat' dir='ltr'><strong>Cotelerius</strong></span> <span class='ocrx_word' id='word_1_341' title='bbox 3533 1903 3731 1960; x_wconf 78' lang='lat' dir='ltr'><strong>Barnabte</strong></span> 
     </span>
    </p>
   </div>
   <div class='ocr_carea' id='block_1_49' title="bbox 2212 1996 3733 2070">
    <p class='ocr_par' dir='ltr' id='par_1_49' title="bbox 2212 1996 3733 2070">
     <span class='ocr_line' id='line_1_49' title="bbox 2212 1996 3733 2070; baseline -0.003 -16"><span class='ocrx_word' id='word_1_342' title='bbox 2212 1998 2469 2068; x_wconf 65' lang='lat' dir='ltr'><strong>Epistulae</strong></span> <span class='ocrx_word' id='word_1_343' title='bbox 2495 1998 2769 2064; x_wconf 85' lang='lat' dir='ltr'><strong>editores,</strong></span> <span class='ocrx_word' id='word_1_344' title='bbox 2798 1996 3314 2070; x_wconf 81' lang='lat' dir='ltr'><strong>Interpretatiunem</strong></span> <span class='ocrx_word' id='word_1_345' title='bbox 3348 1999 3481 2054; x_wconf 84' lang='lat' dir='ltr'><strong>illam</strong></span> <span class='ocrx_word' id='word_1_346' title='bbox 3511 1996 3733 2053; x_wconf 81' lang='lat' dir='ltr'><strong>Pbilastrio</strong></span> 
     </span>
    </p>
   </div>
   <div class='ocr_carea' id='block_1_50' title="bbox 2208 2091 3733 2162">
    <p class='ocr_par' dir='ltr' id='par_1_50' title="bbox 2208 2091 3733 2162">
     <span class='ocr_line' id='line_1_50' title="bbox 2208 2091 3733 2162; baseline -0.001 -15"><span class='ocrx_word' id='word_1_347' title='bbox 2208 2091 2447 2147; x_wconf 88' lang='lat' dir='ltr'><strong>tribuere</strong></span> <span class='ocrx_word' id='word_1_348' title='bbox 2477 2105 2710 2160; x_wconf 83' lang='lat' dir='ltr'><strong>unquam</strong></span> <span class='ocrx_word' id='word_1_349' title='bbox 2739 2091 3127 2162; x_wconf 84' lang='lat' dir='ltr'><strong>cogitaverim;</strong></span> <span class='ocrx_word' id='word_1_350' title='bbox 3151 2100 3336 2147; x_wconf 85' lang='lat' dir='ltr'><strong>tamen</strong></span> <span class='ocrx_word' id='word_1_351' title='bbox 3357 2092 3510 2147; x_wconf 84' lang='lat' dir='ltr'><strong>etiam</strong></span> <span class='ocrx_word' id='word_1_352' title='bbox 3529 2093 3623 2146; x_wconf 64' lang='lat' dir='ltr'><strong>haec</strong></span> <span class='ocrx_word' id='word_1_353' title='bbox 3640 2106 3733 2161; x_wconf 82' lang='lat' dir='ltr'><strong>qua-</strong></span> 
     </span>
    </p>
   </div>
   <div class='ocr_carea' id='block_1_51' title="bbox 2206 2182 3732 2255">
    <p class='ocr_par' dir='ltr' id='par_1_51' title="bbox 2206 2182 3732 2255">
     <span class='ocr_line' id='line_1_51' title="bbox 2206 2182 3732 2255; baseline -0.002 -16"><span class='ocrx_word' id='word_1_354' title='bbox 2206 2185 2508 2253; x_wconf 80' lang='lat' dir='ltr'><strong>liscumque</strong></span> <span class='ocrx_word' id='word_1_355' title='bbox 2534 2182 2752 2238; x_wconf 87' lang='lat' dir='ltr'><strong>demum</strong></span> <span class='ocrx_word' id='word_1_356' title='bbox 2791 2183 3151 2255; x_wconf 70' lang='lat' dir='ltr'><strong>l’apebrocbii</strong></span> <span class='ocrx_word' id='word_1_357' title='bbox 3188 2195 3244 2240; x_wconf 91' lang='lat' dir='ltr'><strong>et</strong></span> <span class='ocrx_word' id='word_1_358' title='bbox 3295 2183 3517 2239; x_wconf 84' lang='lat' dir='ltr'><strong>Fabricii</strong></span> <span class='ocrx_word' id='word_1_359' title='bbox 3540 2184 3732 2251; x_wconf 80' lang='lat' dir='ltr'><strong>assertio,</strong></span> 
     </span>
    </p>
   </div>
   <div class='ocr_carea' id='block_1_52' title="bbox 2206 2271 3735 2348">
    <p class='ocr_par' dir='ltr' id='par_1_52' title="bbox 2206 2271 3735 2348">
     <span class='ocr_line' id='line_1_52' title="bbox 2206 2271 3735 2348; baseline -0.001 -18"><span class='ocrx_word' id='word_1_360' title='bbox 2206 2276 2412 2347; x_wconf 87' lang='lat' dir='ltr'><strong>aliquid</strong></span> <span class='ocrx_word' id='word_1_361' title='bbox 2441 2277 2494 2330; x_wconf 91' lang='lat' dir='ltr'><strong>in</strong></span> <span class='ocrx_word' id='word_1_362' title='bbox 2523 2291 2590 2331; x_wconf 91' lang='lat' dir='ltr'><strong>eo</strong></span> <span class='ocrx_word' id='word_1_363' title='bbox 2618 2271 2807 2332; x_wconf 83' lang='lat' dir='ltr'><strong>codice</strong></span> <span class='ocrx_word' id='word_1_364' title='bbox 2836 2288 3060 2334; x_wconf 77' lang='lat' dir='ltr'><strong>exstare</strong></span> <span class='ocrx_word' id='word_1_365' title='bbox 3086 2277 3398 2339; x_wconf 87' lang='lat' dir='ltr'><strong>indicabat.</strong></span> <span class='ocrx_word' id='word_1_366' title='bbox 3429 2277 3556 2348; x_wconf 87' lang='lat' dir='ltr'><strong>quod</strong></span> <span class='ocrx_word' id='word_1_367' title='bbox 3581 2277 3735 2331; x_wconf 83' lang='lat' dir='ltr'><strong>Philas-</strong></span> 
     </span>
    </p>
   </div>
   <div class='ocr_carea' id='block_1_53' title="bbox 2207 2369 3736 2441">
    <p class='ocr_par' dir='ltr' id='par_1_53' title="bbox 2207 2369 3736 2441">
     <span class='ocr_line' id='line_1_53' title="bbox 2207 2369 3736 2441; baseline -0.003 -15"><span class='ocrx_word' id='word_1_368' title='bbox 2207 2373 2367 2426; x_wconf 90' lang='lat' dir='ltr'><strong>trium</strong></span> <span class='ocrx_word' id='word_1_369' title='bbox 2405 2380 2683 2426; x_wconf 88' lang='lat' dir='ltr'><strong>auctorem</strong></span> <span class='ocrx_word' id='word_1_370' title='bbox 2730 2380 3076 2441; x_wconf 74' lang='lat' dir='ltr'><strong>agnosceret.</strong></span> <span class='ocrx_word' id='word_1_371' title='bbox 3119 2369 3312 2441; x_wconf 87' lang='lat' dir='ltr'><strong>Itaque</strong></span> <span class='ocrx_word' id='word_1_372' title='bbox 3340 2379 3459 2426; x_wconf 82' lang='lat' dir='ltr'><strong>vota</strong></span> <span class='ocrx_word' id='word_1_373' title='bbox 3496 2385 3616 2435; x_wconf 86' lang='lat' dir='ltr'><strong>mea,</strong></span> <span class='ocrx_word' id='word_1_374' title='bbox 3638 2369 3736 2439; x_wconf 82' lang='lat' dir='ltr'><strong>peti-</strong></span> 
     </span>
    </p>
   </div>
   <div class='ocr_carea' id='block_1_54' title="bbox 2205 2462 3736 2535">
    <p class='ocr_par' dir='ltr' id='par_1_54' title="bbox 2205 2462 3736 2535">
     <span class='ocr_line' id='line_1_54' title="bbox 2205 2462 3736 2535; baseline -0.003 -15"><span class='ocrx_word' id='word_1_375' title='bbox 2205 2466 2488 2535; x_wconf 83' lang='lat' dir='ltr'><strong>tionesque</strong></span> <span class='ocrx_word' id='word_1_376' title='bbox 2507 2466 2770 2520; x_wconf 89' lang='lat' dir='ltr'><strong>continuo</strong></span> <span class='ocrx_word' id='word_1_377' title='bbox 2791 2464 3079 2520; x_wconf 76' lang='lat' dir='ltr'><strong>Cor-beiam</strong></span> <span class='ocrx_word' id='word_1_378' title='bbox 3103 2464 3315 2529; x_wconf 90' lang='lat' dir='ltr'><strong>direxi,</strong></span> <span class='ocrx_word' id='word_1_379' title='bbox 3339 2473 3398 2518; x_wconf 93' lang='lat' dir='ltr'><strong>ut</strong></span> <span class='ocrx_word' id='word_1_380' title='bbox 3420 2477 3514 2517; x_wconf 89' lang='lat' dir='ltr'><strong>ms.</strong></span> <span class='ocrx_word' id='word_1_381' title='bbox 3536 2462 3655 2516; x_wconf 89' lang='lat' dir='ltr'><strong>illius</strong></span> <span class='ocrx_word' id='word_1_382' title='bbox 3669 2474 3736 2515; x_wconf 87' lang='lat' dir='ltr'><strong>no-</strong></span> 
     </span>
    </p>
   </div>
   <div class='ocr_carea' id='block_1_55' title="bbox 2208 2552 3737 2628">
    <p class='ocr_par' dir='ltr' id='par_1_55' title="bbox 2208 2552 3737 2628">
     <span class='ocr_line' id='line_1_55' title="bbox 2208 2552 3737 2628; baseline -0.002 -16"><span class='ocrx_word' id='word_1_383' title='bbox 2208 2558 2324 2613; x_wconf 88' lang='lat' dir='ltr'><strong>titia</strong></span> <span class='ocrx_word' id='word_1_384' title='bbox 2357 2558 2487 2612; x_wconf 87' lang='lat' dir='ltr'><strong>mihi</strong></span> <span class='ocrx_word' id='word_1_385' title='bbox 2516 2558 2740 2614; x_wconf 89' lang='lat' dir='ltr'><strong>certior.</strong></span> <span class='ocrx_word' id='word_1_386' title='bbox 2776 2572 2840 2610; x_wconf 84' lang='lat' dir='ltr'><strong>ac</strong></span> <span class='ocrx_word' id='word_1_387' title='bbox 2866 2554 3023 2628; x_wconf 87' lang='lat' dir='ltr'><strong>copia</strong></span> <span class='ocrx_word' id='word_1_388' title='bbox 3057 2556 3237 2621; x_wconf 82' lang='lat' dir='ltr'><strong>ﬁeret,</strong></span> <span class='ocrx_word' id='word_1_389' title='bbox 3270 2570 3455 2611; x_wconf 86' lang='lat' dir='ltr'><strong>verum</strong></span> <span class='ocrx_word' id='word_1_390' title='bbox 3485 2552 3737 2610; x_wconf 81' lang='lat' dir='ltr'><strong>Pliilastritu</strong></span> 
     </span>
    </p>
   </div>
   <div class='ocr_carea' id='block_1_56' title="bbox 2208 2643 3737 2725">
    <p class='ocr_par' dir='ltr' id='par_1_56' title="bbox 2208 2643 3737 2725">
     <span class='ocr_line' id='line_1_56' title="bbox 2208 2643 3737 2725; baseline -0.005 -21"><span class='ocrx_word' id='word_1_391' title='bbox 2208 2650 2407 2704; x_wconf 79' lang='lat' dir='ltr'><strong>frustra</strong></span> <span class='ocrx_word' id='word_1_392' title='bbox 2428 2648 2678 2704; x_wconf 83' lang='lat' dir='ltr'><strong>Corbeia:</strong></span> <span class='ocrx_word' id='word_1_393' title='bbox 2705 2647 3072 2717; x_wconf 65' lang='lat' dir='ltr'><strong>quaerebatur,</strong></span> <span class='ocrx_word' id='word_1_394' title='bbox 3092 2646 3415 2725; x_wconf 81' lang='lat' dir='ltr'><strong>jamdudum</strong></span> <span class='ocrx_word' id='word_1_395' title='bbox 3443 2646 3572 2702; x_wconf 86' lang='lat' dir='ltr'><strong>enim</strong></span> <span class='ocrx_word' id='word_1_396' title='bbox 3593 2646 3634 2699; x_wconf 90' lang='lat' dir='ltr'><strong>in</strong></span> <span class='ocrx_word' id='word_1_397' title='bbox 3658 2643 3737 2698; x_wconf 74' lang='lat' dir='ltr'><strong>ilo-</strong></span> 
     </span>
    </p>
   </div>
   <div class='ocr_carea' id='block_1_57' title="bbox 2210 2736 3739 2823">
    <p class='ocr_par' dir='ltr' id='par_1_57' title="bbox 2210 2736 3739 2823">
     <span class='ocr_line' id='line_1_57' title="bbox 2210 2736 3739 2823; baseline -0.005 -28"><span class='ocrx_word' id='word_1_398' title='bbox 2210 2742 2507 2797; x_wconf 80' lang='lat' dir='ltr'><strong>nusteriutn</strong></span> <span class='ocrx_word' id='word_1_399' title='bbox 2536 2740 2845 2797; x_wconf 88' lang='lat' dir='ltr'><strong>Parisiense</strong></span> <span class='ocrx_word' id='word_1_400' title='bbox 2871 2738 2930 2796; x_wconf 91' lang='lat' dir='ltr'><strong>S.</strong></span> <span class='ocrx_word' id='word_1_401' title='bbox 2955 2740 3211 2796; x_wconf 89' lang='lat' dir='ltr'><strong>Germani</strong></span> <span class='ocrx_word' id='word_1_402' title='bbox 3237 2755 3268 2794; x_wconf 89' lang='lat' dir='ltr'><strong>a</strong></span> <span class='ocrx_word' id='word_1_403' title='bbox 3301 2738 3469 2795; x_wconf 85' lang='lat' dir='ltr'><strong>Pratis</strong></span> <span class='ocrx_word' id='word_1_404' title='bbox 3484 2736 3739 2823; x_wconf 76' lang='lat' dir='ltr'><strong>commigra-</strong></span> 
     </span>
    </p>
   </div>
   <div class='ocr_carea' id='block_1_58' title="bbox 2209 2826 3739 2906">
    <p class='ocr_par' dir='ltr' id='par_1_58' title="bbox 2209 2826 3739 2906">
     <span class='ocr_line' id='line_1_58' title="bbox 2209 2826 3739 2906; baseline -0.003 -19"><span class='ocrx_word' id='word_1_405' title='bbox 2209 2846 2380 2903; x_wconf 81' lang='lat' dir='ltr'><strong>verat,</strong></span> <span class='ocrx_word' id='word_1_406' title='bbox 2411 2834 2567 2906; x_wconf 86' lang='lat' dir='ltr'><strong>cujus</strong></span> <span class='ocrx_word' id='word_1_407' title='bbox 2604 2834 2839 2890; x_wconf 69' lang='lat' dir='ltr'><strong>ctenobii</strong></span> <span class='ocrx_word' id='word_1_408' title='bbox 2867 2833 3113 2888; x_wconf 77' lang='lat' dir='ltr'><strong>Monacbi</strong></span> <span class='ocrx_word' id='word_1_409' title='bbox 3157 2833 3359 2888; x_wconf 89' lang='lat' dir='ltr'><strong>librum</strong></span> <span class='ocrx_word' id='word_1_410' title='bbox 3397 2847 3426 2886; x_wconf 88' lang='lat' dir='ltr'><strong>a</strong></span> <span class='ocrx_word' id='word_1_411' title='bbox 3462 2826 3739 2886; x_wconf 84' lang='lat' dir='ltr'><strong>Corbeiensi-</strong></span> 
     </span>
    </p>
   </div>
   <div class='ocr_carea' id='block_1_59' title="bbox 2209 2919 3741 2995">
    <p class='ocr_par' dir='ltr' id='par_1_59' title="bbox 2209 2919 3741 2995">
     <span class='ocr_line' id='line_1_59' title="bbox 2209 2919 3741 2995; baseline -0.008 -10"><span class='ocrx_word' id='word_1_412' title='bbox 2209 2930 2309 2985; x_wconf 86' lang='lat' dir='ltr'><strong>bus</strong></span> <span class='ocrx_word' id='word_1_413' title='bbox 2365 2929 2536 2984; x_wconf 88' lang='lat' dir='ltr'><strong>multo</strong></span> <span class='ocrx_word' id='word_1_414' title='bbox 2591 2939 2750 2985; x_wconf 86' lang='lat' dir='ltr'><strong>antea</strong></span> <span class='ocrx_word' id='word_1_415' title='bbox 2799 2927 3147 2983; x_wconf 86' lang='lat' dir='ltr'><strong>commodato</strong></span> <span class='ocrx_word' id='word_1_416' title='bbox 3200 2928 3541 2995; x_wconf 81' lang='lat' dir='ltr'><strong>acceperant.</strong></span> <span class='ocrx_word' id='word_1_417' title='bbox 3588 2919 3741 2977; x_wconf 74' lang='lat' dir='ltr'><strong>Monuit</strong></span> 
     </span>
    </p>
   </div>
   <div class='ocr_carea' id='block_1_60' title="bbox 2207 3017 3741 3095">
    <p class='ocr_par' dir='ltr' id='par_1_60' title="bbox 2207 3017 3741 3095">
     <span class='ocr_line' id='line_1_60' title="bbox 2207 3017 3741 3095; baseline -0.005 -16"><span class='ocrx_word' id='word_1_418' title='bbox 2207 3024 2427 3095; x_wconf 89' lang='lat' dir='ltr'><strong>quidem</strong></span> <span class='ocrx_word' id='word_1_419' title='bbox 2474 3026 2544 3079; x_wconf 90' lang='lat' dir='ltr'><strong>cl.</strong></span> <span class='ocrx_word' id='word_1_420' title='bbox 2598 3024 2683 3079; x_wconf 90' lang='lat' dir='ltr'><strong>vir</strong></span> <span class='ocrx_word' id='word_1_421' title='bbox 2710 3023 2896 3095; x_wconf 88' lang='lat' dir='ltr'><strong>Scipio</strong></span> <span class='ocrx_word' id='word_1_422' title='bbox 2931 3022 3197 3089; x_wconf 69' lang='lat' dir='ltr'><strong>Matienus,</strong></span> <span class='ocrx_word' id='word_1_423' title='bbox 3224 3022 3466 3093; x_wconf 81' lang='lat' dir='ltr'><strong>Epistula</strong></span> <span class='ocrx_word' id='word_1_424' title='bbox 3491 3020 3550 3075; x_wconf 87' lang='lat' dir='ltr'><strong>ad</strong></span> <span class='ocrx_word' id='word_1_425' title='bbox 3578 3035 3648 3075; x_wconf 87' lang='lat' dir='ltr'><strong>me</strong></span> <span class='ocrx_word' id='word_1_426' title='bbox 3670 3017 3741 3072; x_wconf 83' lang='lat' dir='ltr'><strong>Pa-</strong></span> 
     </span>
    </p>
   </div>
   <div class='ocr_carea' id='block_1_61' title="bbox 576 3081 3739 3201">
    <p class='ocr_par' dir='ltr' id='par_1_61' title="bbox 576 3081 3739 3201">
     <span class='ocr_line' id='line_1_61' title="bbox 576 3081 3739 3201; baseline 0.003 -24"><span class='ocrx_word' id='word_1_427' title='bbox 576 3081 1079 3183; x_wconf 73' lang='lat' dir='ltr'><strong>20.Ms.Philastrii</strong></span> <span class='ocrx_word' id='word_1_428' title='bbox 1105 3128 1349 3185; x_wconf 80' lang='lat' dir='ltr'><strong>codicem</strong></span> <span class='ocrx_word' id='word_1_429' title='bbox 1374 3130 1583 3201; x_wconf 75' lang='lat' dir='ltr'><strong>jamdiu</strong></span> <span class='ocrx_word' id='word_1_430' title='bbox 1610 3133 1949 3190; x_wconf 76' lang='lat' dir='ltr'><strong>eruditorum</strong></span> <span class='ocrx_word' id='word_1_431' title='bbox 1974 3142 2096 3189; x_wconf 79' lang='lat' dir='ltr'><strong>vota</strong></span> <span class='ocrx_word' id='word_1_432' title='bbox 2125 3127 2170 3188; x_wconf 86' lang='lat' dir='ltr'>C</span> <span class='ocrx_word' id='word_1_433' title='bbox 2206 3120 2331 3175; x_wconf 78' lang='lat' dir='ltr'><strong>risis</strong></span> <span class='ocrx_word' id='word_1_434' title='bbox 2356 3119 2481 3175; x_wconf 75' lang='lat' dir='ltr'><strong>data</strong></span> <span class='ocrx_word' id='word_1_435' title='bbox 2527 3135 2616 3175; x_wconf 64' lang='grc' dir='ltr'><strong>ειη.</strong></span> <span class='ocrx_word' id='word_1_436' title='bbox 2651 3119 2794 3176; x_wconf 73' lang='grc'><strong>1755</strong></span> <span class='ocrx_word' id='word_1_437' title='bbox 2821 3119 2980 3174; x_wconf 79' lang='lat' dir='ltr'><strong>nonis</strong></span> <span class='ocrx_word' id='word_1_438' title='bbox 3024 3116 3313 3173; x_wconf 75' lang='lat' dir='ltr'><strong>Februarii</strong></span> <span class='ocrx_word' id='word_1_439' title='bbox 3365 3118 3462 3189; x_wconf 73' lang='grc' dir='ltr'><strong>(ί).</strong></span> <span class='ocrx_word' id='word_1_440' title='bbox 3510 3111 3666 3171; x_wconf 63' lang='lat' dir='ltr'><strong>haberi</strong></span> <span class='ocrx_word' id='word_1_441' title='bbox 3699 3109 3739 3165; x_wconf 75' lang='grc' dir='ltr'>ίιι</span> 
     </span>
    </p>
   </div>
   <div class='ocr_carea' id='block_1_62' title="bbox 504 3219 2102 3294">
    <p class='ocr_par' dir='ltr' id='par_1_62' title="bbox 504 3219 2102 3294">
     <span class='ocr_line' id='line_1_62' title="bbox 504 3219 2102 3294; baseline 0.008 -22"><span class='ocrx_word' id='word_1_442' title='bbox 504 3219 853 3288; x_wconf 75' lang='lat' dir='ltr'><strong>expetebant,</strong></span> <span class='ocrx_word' id='word_1_443' title='bbox 880 3236 1115 3291; x_wconf 85' lang='lat' dir='ltr'><strong>eumque</strong></span> <span class='ocrx_word' id='word_1_444' title='bbox 1136 3236 1198 3278; x_wconf 85' lang='lat' dir='ltr'><strong>se</strong></span> <span class='ocrx_word' id='word_1_445' title='bbox 1217 3234 1466 3294; x_wconf 83' lang='lat' dir='ltr'><strong>rogante,</strong></span> <span class='ocrx_word' id='word_1_446' title='bbox 1495 3223 1549 3280; x_wconf 88' lang='lat' dir='ltr'><strong>in</strong></span> <span class='ocrx_word' id='word_1_447' title='bbox 1574 3224 1723 3280; x_wconf 85' lang='lat' dir='ltr'><strong>Italia</strong></span> <span class='ocrx_word' id='word_1_448' title='bbox 1744 3229 1945 3282; x_wconf 72' lang='lat' dir='ltr'><strong>{rustra</strong></span> <span class='ocrx_word' id='word_1_449' title='bbox 1966 3242 2102 3284; x_wconf 88' lang='lat' dir='ltr'><strong>con-</strong></span> 
     </span>
    </p>
   </div>
   <div class='ocr_carea' id='block_1_63' title="bbox 502 3311 2103 3390">
    <p class='ocr_par' dir='ltr' id='par_1_63' title="bbox 502 3311 2103 3390">
     <span class='ocr_line' id='line_1_63' title="bbox 502 3311 2103 3390; baseline 0.007 -27"><span class='ocrx_word' id='word_1_450' title='bbox 502 3311 761 3381; x_wconf 81' lang='lat' dir='ltr'><strong>quisitum</strong></span> <span class='ocrx_word' id='word_1_451' title='bbox 777 3313 847 3366; x_wconf 85' lang='lat' dir='ltr'><strong>ab</strong></span> <span class='ocrx_word' id='word_1_452' title='bbox 862 3314 1059 3368; x_wconf 88' lang='lat' dir='ltr'><strong>illustri</strong></span> <span class='ocrx_word' id='word_1_453' title='bbox 1078 3316 1194 3370; x_wconf 86' lang='lat' dir='ltr'><strong>viro</strong></span> <span class='ocrx_word' id='word_1_454' title='bbox 1207 3315 1973 3388; x_wconf 80' lang='lat' dir='ltr'><strong>GisbertoCuperoFabricius</strong></span> <span class='ocrx_word' id='word_1_455' title='bbox 1988 3321 2103 3390; x_wconf 81' lang='lat' dir='ltr'><strong>ipse</strong></span> 
     </span>
    </p>
   </div>
   <div class='ocr_carea' id='block_1_64' title="bbox 501 3404 2104 3482">
    <p class='ocr_par' dir='ltr' id='par_1_64' title="bbox 501 3404 2104 3482">
     <span class='ocr_line' id='line_1_64' title="bbox 501 3404 2104 3482; baseline 0.008 -27"><span class='ocrx_word' id='word_1_456' title='bbox 501 3410 880 3468; x_wconf 78' lang='lat' dir='ltr'><strong>testatur,cnm</strong></span> <span class='ocrx_word' id='word_1_457' title='bbox 896 3404 1167 3462; x_wconf 81' lang='lat' dir='ltr'><strong>Philastrli</strong></span> <span class='ocrx_word' id='word_1_458' title='bbox 1182 3408 1247 3463; x_wconf 85' lang='lat' dir='ltr'><strong>ed</strong></span> <span class='ocrx_word' id='word_1_459' title='bbox 1256 3408 1477 3464; x_wconf 85' lang='lat' dir='ltr'><strong>itionem</strong></span> <span class='ocrx_word' id='word_1_460' title='bbox 1500 3409 1934 3482; x_wconf 63' lang='lat' dir='ltr'><strong>inuliretur,qum</strong></span> <span class='ocrx_word' id='word_1_461' title='bbox 1950 3411 2104 3468; x_wconf 84' lang='lat' dir='ltr'><strong>llam-</strong></span> 
     </span>
    </p>
   </div>
   <div class='ocr_carea' id='block_1_65' title="bbox 504 3494 2103 3572">
    <p class='ocr_par' dir='ltr' id='par_1_65' title="bbox 504 3494 2103 3572">
     <span class='ocr_line' id='line_1_65' title="bbox 504 3494 2103 3572; baseline 0.009 -22"><span class='ocrx_word' id='word_1_462' title='bbox 504 3494 656 3563; x_wconf 78' lang='lat' dir='ltr'><strong>burgi</strong></span> <span class='ocrx_word' id='word_1_463' title='bbox 681 3496 873 3565; x_wconf 90' lang='lat' dir='ltr'><strong>prodiit</strong></span> <span class='ocrx_word' id='word_1_464' title='bbox 891 3500 1210 3567; x_wconf 63' lang='lat' dir='ltr'><strong>annol&#39;iil;</strong></span> <span class='ocrx_word' id='word_1_465' title='bbox 1229 3514 1399 3570; x_wconf 80' lang='lat' dir='ltr'><strong>quare</strong></span> <span class='ocrx_word' id='word_1_466' title='bbox 1412 3505 1657 3571; x_wconf 87' lang='lat' dir='ltr'><strong>speomni</strong></span> <span class='ocrx_word' id='word_1_467' title='bbox 1682 3504 1993 3572; x_wconf 59' lang='lat' dir='ltr'><strong>frustratus,</strong></span> <span class='ocrx_word' id='word_1_468' title='bbox 2011 3521 2103 3563; x_wconf 83' lang='lat' dir='ltr'><strong>so-</strong></span> 
     </span>
    </p>
   </div>
   <div class='ocr_carea' id='block_1_66' title="bbox 500 3589 2101 3663">
    <p class='ocr_par' dir='ltr' id='par_1_66' title="bbox 500 3589 2101 3663">
     <span class='ocr_line' id='line_1_66' title="bbox 500 3589 2101 3663; baseline 0.009 -19"><span class='ocrx_word' id='word_1_469' title='bbox 500 3589 567 3644; x_wconf 87' lang='lat' dir='ltr'><strong>lis</strong></span> <span class='ocrx_word' id='word_1_470' title='bbox 588 3591 920 3648; x_wconf 85' lang='lat' dir='ltr'><strong>editionibtls</strong></span> <span class='ocrx_word' id='word_1_471' title='bbox 936 3593 1036 3648; x_wconf 82' lang='lat' dir='ltr'><strong>sibi</strong></span> <span class='ocrx_word' id='word_1_472' title='bbox 1057 3595 1313 3650; x_wconf 76' lang='lat' dir='ltr'><strong>standum</strong></span> <span class='ocrx_word' id='word_1_473' title='bbox 1334 3596 1523 3663; x_wconf 52' lang='lat' dir='ltr'><strong>fuisse,</strong></span> <span class='ocrx_word' id='word_1_474' title='bbox 1545 3600 1755 3654; x_wconf 81' lang='lat' dir='ltr'><strong>monuit</strong></span> <span class='ocrx_word' id='word_1_475' title='bbox 1777 3599 2101 3659; x_wconf 69' lang='lat' dir='ltr'><strong>Prmfutioue</strong></span> 
     </span>
    </p>
   </div>
   <div class='ocr_carea' id='block_1_67' title="bbox 497 3681 2102 3762">
    <p class='ocr_par' dir='ltr' id='par_1_67' title="bbox 497 3681 2102 3762">
     <span class='ocr_line' id='line_1_67' title="bbox 497 3681 2102 3762; baseline 0.009 -26"><span class='ocrx_word' id='word_1_476' title='bbox 497 3681 676 3736; x_wconf 83' lang='lat' dir='ltr'><strong>eidem</strong></span> <span class='ocrx_word' id='word_1_477' title='bbox 728 3682 951 3738; x_wconf 85' lang='lat' dir='ltr'><strong>editioni</strong></span> <span class='ocrx_word' id='word_1_478' title='bbox 999 3684 1397 3758; x_wconf 72' lang='lat' dir='ltr'><strong>llamburg‘ensi</strong></span> <span class='ocrx_word' id='word_1_479' title='bbox 1448 3690 1751 3759; x_wconf 74' lang='lat' dir='ltr'><strong>praemissa.</strong></span> <span class='ocrx_word' id='word_1_480' title='bbox 1808 3691 1918 3762; x_wconf 77' lang='lat' dir='ltr'><strong>Ego</strong></span> <span class='ocrx_word' id='word_1_481' title='bbox 1964 3707 2102 3751; x_wconf 85' lang='lat' dir='ltr'><strong>vero</strong></span> 
     </span>
    </p>
   </div>
   <div class='ocr_carea' id='block_1_68' title="bbox 500 3778 2103 3849">
    <p class='ocr_par' dir='ltr' id='par_1_68' title="bbox 500 3778 2103 3849">
     <span class='ocr_line' id='line_1_68' title="bbox 500 3778 2103 3849; baseline 0.009 -20"><span class='ocrx_word' id='word_1_482' title='bbox 500 3778 591 3847; x_wconf 88' lang='lat' dir='ltr'><strong>qui</strong></span> <span class='ocrx_word' id='word_1_483' title='bbox 623 3778 707 3832; x_wconf 80' lang='lat' dir='ltr'><strong>vix</strong></span> <span class='ocrx_word' id='word_1_484' title='bbox 735 3778 863 3834; x_wconf 86' lang='lat' dir='ltr'><strong>dum</strong></span> <span class='ocrx_word' id='word_1_485' title='bbox 893 3779 1040 3835; x_wconf 88' lang='lat' dir='ltr'><strong>edito</strong></span> <span class='ocrx_word' id='word_1_486' title='bbox 1070 3780 1410 3849; x_wconf 77' lang='lat' dir='ltr'><strong>Gaudentio,</strong></span> <span class='ocrx_word' id='word_1_487' title='bbox 1437 3799 1633 3840; x_wconf 83' lang='lat' dir='ltr'><strong>novam</strong></span> <span class='ocrx_word' id='word_1_488' title='bbox 1666 3784 1945 3842; x_wconf 84' lang='lat' dir='ltr'><strong>Phllsstrii</strong></span> <span class='ocrx_word' id='word_1_489' title='bbox 1986 3786 2103 3843; x_wconf 82' lang='lat' dir='ltr'><strong>edi-</strong></span> 
     </span>
    </p>
   </div>
   <div class='ocr_carea' id='block_1_69' title="bbox 503 3869 2099 3949">
    <p class='ocr_par' dir='ltr' id='par_1_69' title="bbox 503 3869 2099 3949">
     <span class='ocr_line' id='line_1_69' title="bbox 503 3869 2099 3949; baseline 0.008 -26"><span class='ocrx_word' id='word_1_490' title='bbox 503 3869 704 3925; x_wconf 90' lang='lat' dir='ltr'><strong>tionem</strong></span> <span class='ocrx_word' id='word_1_491' title='bbox 735 3871 844 3940; x_wconf 83' lang='lat' dir='ltr'><strong>jam</strong></span> <span class='ocrx_word' id='word_1_492' title='bbox 882 3879 996 3926; x_wconf 89' lang='lat' dir='ltr'><strong>tum</strong></span> <span class='ocrx_word' id='word_1_493' title='bbox 1044 3874 1230 3929; x_wconf 84' lang='lat' dir='ltr'><strong>animo</strong></span> <span class='ocrx_word' id='word_1_494' title='bbox 1261 3888 1653 3945; x_wconf 78' lang='lat' dir='ltr'><strong>conceperam;</strong></span> <span class='ocrx_word' id='word_1_495' title='bbox 1696 3892 2026 3949; x_wconf 87' lang='lat' dir='ltr'><strong>quamquam</strong></span> <span class='ocrx_word' id='word_1_496' title='bbox 2069 3894 2099 3935; x_wconf 85' lang='lat' dir='ltr'><strong>a</strong></span> 
     </span>
    </p>
   </div>
   <div class='ocr_carea' id='block_1_70' title="bbox 500 3964 2100 4044">
    <p class='ocr_par' dir='ltr' id='par_1_70' title="bbox 500 3964 2100 4044">
     <span class='ocr_line' id='line_1_70' title="bbox 500 3964 2100 4044; baseline 0.008 -25"><span class='ocrx_word' id='word_1_497' title='bbox 500 3964 572 4019; x_wconf 88' lang='lat' dir='ltr'><strong>cl.</strong></span> <span class='ocrx_word' id='word_1_498' title='bbox 616 3964 871 4021; x_wconf 85' lang='lat' dir='ltr'><strong>Fabricio</strong></span> <span class='ocrx_word' id='word_1_499' title='bbox 907 3976 1235 4037; x_wconf 68' lang='lat' dir='ltr'><strong>praeventus,</strong></span> <span class='ocrx_word' id='word_1_500' title='bbox 1286 3970 1620 4037; x_wconf 74' lang='lat' dir='ltr'><strong>prepositum</strong></span> <span class='ocrx_word' id='word_1_501' title='bbox 1664 3982 1892 4035; x_wconf 84' lang='lat' dir='ltr'><strong>mutare,</strong></span> <span class='ocrx_word' id='word_1_502' title='bbox 1937 3984 2100 4044; x_wconf 88' lang='lat' dir='ltr'><strong>atque</strong></span> 
     </span>
    </p>
   </div>
   <div class='ocr_carea' id='block_1_71' title="bbox 501 4056 2103 4133">
    <p class='ocr_par' dir='ltr' id='par_1_71' title="bbox 501 4056 2103 4133">
     <span class='ocr_line' id='line_1_71' title="bbox 501 4056 2103 4133; baseline 0.007 -24"><span class='ocrx_word' id='word_1_503' title='bbox 501 4056 610 4112; x_wconf 79' lang='lat' dir='ltr'><strong>alio</strong></span> <span class='ocrx_word' id='word_1_504' title='bbox 630 4071 791 4111; x_wconf 88' lang='lat' dir='ltr'><strong>curas</strong></span> <span class='ocrx_word' id='word_1_505' title='bbox 824 4058 1121 4115; x_wconf 80' lang='lat' dir='ltr'><strong>transferre</strong></span> <span class='ocrx_word' id='word_1_506' title='bbox 1149 4075 1298 4116; x_wconf 86' lang='lat' dir='ltr'><strong>meas</strong></span> <span class='ocrx_word' id='word_1_507' title='bbox 1328 4061 1658 4133; x_wconf 75' lang='lat' dir='ltr'><strong>cogitabam,</strong></span> <span class='ocrx_word' id='word_1_508' title='bbox 1687 4078 1794 4118; x_wconf 82' lang='lat' dir='ltr'><strong>non</strong></span> <span class='ocrx_word' id='word_1_509' title='bbox 1820 4072 2001 4119; x_wconf 87' lang='lat' dir='ltr'><strong>tamen</strong></span> <span class='ocrx_word' id='word_1_510' title='bbox 2026 4063 2103 4120; x_wconf 88' lang='lat' dir='ltr'><strong>id-</strong></span> 
     </span>
    </p>
   </div>
   <div class='ocr_carea' id='block_1_72' title="bbox 502 4151 2099 4227">
    <p class='ocr_par' dir='ltr' id='par_1_72' title="bbox 502 4151 2099 4227">
     <span class='ocr_line' id='line_1_72' title="bbox 502 4151 2099 4227; baseline 0.006 -22"><span class='ocrx_word' id='word_1_511' title='bbox 502 4152 650 4206; x_wconf 89' lang='lat' dir='ltr'><strong>circo</strong></span> <span class='ocrx_word' id='word_1_512' title='bbox 670 4151 739 4206; x_wconf 91' lang='lat' dir='ltr'><strong>de</strong></span> <span class='ocrx_word' id='word_1_513' title='bbox 764 4151 1041 4208; x_wconf 80' lang='lat' dir='ltr'><strong>Pliilastrii</strong></span> <span class='ocrx_word' id='word_1_514' title='bbox 1060 4168 1162 4208; x_wconf 85' lang='lat' dir='ltr'><strong>ms.</strong></span> <span class='ocrx_word' id='word_1_515' title='bbox 1188 4154 1514 4210; x_wconf 82' lang='lat' dir='ltr'><strong>inveniendo</strong></span> <span class='ocrx_word' id='word_1_516' title='bbox 1534 4165 1761 4226; x_wconf 78' lang='lat' dir='ltr'><strong>prorsus</strong></span> <span class='ocrx_word' id='word_1_517' title='bbox 1779 4157 2099 4227; x_wconf 74' lang='lat' dir='ltr'><strong>desperare,</strong></span> 
     </span>
    </p>
   </div>
   <div class='ocr_carea' id='block_1_73' title="bbox 502 4244 2099 4318">
    <p class='ocr_par' dir='ltr' id='par_1_73' title="bbox 502 4244 2099 4318">
     <span class='ocr_line' id='line_1_73' title="bbox 502 4244 2099 4318; baseline 0.007 -21"><span class='ocrx_word' id='word_1_518' title='bbox 502 4254 595 4298; x_wconf 84' lang='lat' dir='ltr'><strong>aut</strong></span> <span class='ocrx_word' id='word_1_519' title='bbox 624 4244 694 4300; x_wconf 89' lang='lat' dir='ltr'><strong>ab</strong></span> <span class='ocrx_word' id='word_1_520' title='bbox 728 4259 795 4299; x_wconf 91' lang='lat' dir='ltr'><strong>eo</strong></span> <span class='ocrx_word' id='word_1_521' title='bbox 823 4245 1054 4300; x_wconf 81' lang='lat' dir='ltr'><strong>ulterius</strong></span> <span class='ocrx_word' id='word_1_522' title='bbox 1090 4246 1268 4303; x_wconf 87' lang='lat' dir='ltr'><strong>adhuc</strong></span> <span class='ocrx_word' id='word_1_523' title='bbox 1305 4247 1681 4318; x_wconf 85' lang='lat' dir='ltr'><strong>conquirendo</strong></span> <span class='ocrx_word' id='word_1_524' title='bbox 1721 4251 1947 4304; x_wconf 87' lang='lat' dir='ltr'><strong>omnino</strong></span> <span class='ocrx_word' id='word_1_525' title='bbox 1978 4266 2099 4307; x_wconf 84' lang='lat' dir='ltr'><strong>ees-</strong></span> 
     </span>
    </p>
   </div>
   <div class='ocr_carea' id='block_1_74' title="bbox 501 4339 2098 4415">
    <p class='ocr_par' dir='ltr' id='par_1_74' title="bbox 501 4339 2098 4415">
     <span class='ocr_line' id='line_1_74' title="bbox 501 4339 2098 4415; baseline 0.006 -24"><span class='ocrx_word' id='word_1_526' title='bbox 501 4353 625 4393; x_wconf 75' lang='lat' dir='ltr'><strong>sare</strong></span> <span class='ocrx_word' id='word_1_527' title='bbox 657 4346 924 4408; x_wconf 79' lang='lat' dir='ltr'><strong>poteram.</strong></span> <span class='ocrx_word' id='word_1_528' title='bbox 960 4339 1157 4395; x_wconf 78' lang='lat' dir='ltr'><strong>Verum</strong></span> <span class='ocrx_word' id='word_1_529' title='bbox 1178 4355 1279 4396; x_wconf 88' lang='lat' dir='ltr'><strong>ms.</strong></span> <span class='ocrx_word' id='word_1_530' title='bbox 1316 4340 1588 4398; x_wconf 75' lang='lat' dir='ltr'><strong>Pbilastﬂi</strong></span> <span class='ocrx_word' id='word_1_531' title='bbox 1619 4342 1788 4399; x_wconf 77' lang='lat' dir='ltr'><strong>codex</strong></span> <span class='ocrx_word' id='word_1_532' title='bbox 1818 4351 1929 4399; x_wconf 90' lang='lat' dir='ltr'><strong>tum</strong></span> <span class='ocrx_word' id='word_1_533' title='bbox 1955 4343 2098 4415; x_wconf 83' lang='lat' dir='ltr'><strong>apud</strong></span> 
     </span>
    </p>
   </div>
   <div class='ocr_carea' id='block_1_75' title="bbox 501 4430 2094 4502">
    <p class='ocr_par' dir='ltr' id='par_1_75' title="bbox 501 4430 2094 4502">
     <span class='ocr_line' id='line_1_75' title="bbox 501 4430 2094 4502; baseline 0.005 -17"><span class='ocrx_word' id='word_1_534' title='bbox 501 4430 730 4495; x_wconf 70' lang='lat' dir='ltr'><strong>Italicas,</strong></span> <span class='ocrx_word' id='word_1_535' title='bbox 750 4439 862 4486; x_wconf 89' lang='lat' dir='ltr'><strong>tum</strong></span> <span class='ocrx_word' id='word_1_536' title='bbox 878 4431 1023 4502; x_wconf 89' lang='lat' dir='ltr'><strong>apud</strong></span> <span class='ocrx_word' id='word_1_537' title='bbox 1039 4431 1427 4502; x_wconf 78' lang='lat' dir='ltr'><strong>Transalpinas</strong></span> <span class='ocrx_word' id='word_1_538' title='bbox 1440 4433 1808 4493; x_wconf 79' lang='lat' dir='ltr'><strong>Bibllmbeeas</strong></span> <span class='ocrx_word' id='word_1_539' title='bbox 1820 4436 2094 4493; x_wconf 82' lang='lat' dir='ltr'><strong>incassum</strong></span> 
     </span>
    </p>
   </div>
   <div class='ocr_carea' id='block_1_76' title="bbox 2209 3204 3741 3270">
    <p class='ocr_par' dir='ltr' id='par_1_76' title="bbox 2209 3204 3741 3270">
     <span class='ocr_line' id='line_1_76' title="bbox 2209 3204 3741 3270; baseline -0.007 0"><span class='ocrx_word' id='word_1_540' title='bbox 2209 3213 2530 3270; x_wconf 80' lang='lat' dir='ltr'><strong>bibliotheca</strong></span> <span class='ocrx_word' id='word_1_541' title='bbox 2562 3213 2622 3269; x_wconf 87' lang='lat' dir='ltr'><strong>S.</strong></span> <span class='ocrx_word' id='word_1_542' title='bbox 2655 3212 2910 3269; x_wconf 86' lang='lat' dir='ltr'><strong>Germani</strong></span> <span class='ocrx_word' id='word_1_543' title='bbox 2938 3227 2966 3264; x_wconf 71' lang='grc' dir='ltr'><strong><em>υ</em></strong></span> <span class='ocrx_word' id='word_1_544' title='bbox 2996 3211 3203 3267; x_wconf 87' lang='lat' dir='ltr'><strong>Pratris</strong></span> <span class='ocrx_word' id='word_1_545' title='bbox 3228 3228 3340 3267; x_wconf 87' lang='lat' dir='ltr'><strong>ms.</strong></span> <span class='ocrx_word' id='word_1_546' title='bbox 3367 3204 3741 3266; x_wconf 83' lang='lat' dir='ltr'><strong>Pbilastriicodi-</strong></span> 
     </span>
    </p>
   </div>
   <div class='ocr_carea' id='block_1_77' title="bbox 2205 3301 3739 3377">
    <p class='ocr_par' dir='ltr' id='par_1_77' title="bbox 2205 3301 3739 3377">
     <span class='ocr_line' id='line_1_77' title="bbox 2205 3301 3739 3377; baseline -0.007 -15"><span class='ocrx_word' id='word_1_547' title='bbox 2205 3321 2324 3363; x_wconf 89' lang='lat' dir='ltr'><strong>cem</strong></span> <span class='ocrx_word' id='word_1_548' title='bbox 2360 3323 2414 3361; x_wconf 91' lang='grc' dir='ltr'>ιι.</span> <span class='ocrx_word' id='word_1_549' title='bbox 2446 3305 2573 3371; x_wconf 68' lang='grc'><strong>625,</strong></span> <span class='ocrx_word' id='word_1_550' title='bbox 2598 3320 2700 3377; x_wconf 91' lang='lat' dir='ltr'><strong>qua</strong></span> <span class='ocrx_word' id='word_1_551' title='bbox 2734 3321 2793 3361; x_wconf 90' lang='lat' dir='ltr'><strong>re</strong></span> <span class='ocrx_word' id='word_1_552' title='bbox 2815 3319 2967 3376; x_wconf 84' lang='lat' dir='ltr'><strong>spem</strong></span> <span class='ocrx_word' id='word_1_553' title='bbox 2996 3304 3152 3360; x_wconf 88' lang='lat' dir='ltr'><strong>nobis</strong></span> <span class='ocrx_word' id='word_1_554' title='bbox 3177 3306 3336 3375; x_wconf 87' lang='lat' dir='ltr'><strong>quasi</strong></span> <span class='ocrx_word' id='word_1_555' title='bbox 3360 3314 3555 3360; x_wconf 87' lang='lat' dir='ltr'><strong>certam</strong></span> <span class='ocrx_word' id='word_1_556' title='bbox 3574 3301 3739 3365; x_wconf 76' lang='lat' dir='ltr'><strong>fecerat,</strong></span> 
     </span>
    </p>
   </div>
   <div class='ocr_carea' id='block_1_78' title="bbox 2204 3394 3741 3468">
    <p class='ocr_par' dir='ltr' id='par_1_78' title="bbox 2204 3394 3741 3468">
     <span class='ocr_line' id='line_1_78' title="bbox 2204 3394 3741 3468; baseline -0.005 -13"><span class='ocrx_word' id='word_1_557' title='bbox 2204 3401 2434 3457; x_wconf 87' lang='lat' dir='ltr'><strong>alterius</strong></span> <span class='ocrx_word' id='word_1_558' title='bbox 2457 3416 2560 3455; x_wconf 89' lang='lat' dir='ltr'><strong>ms.</strong></span> <span class='ocrx_word' id='word_1_559' title='bbox 2589 3399 2941 3455; x_wconf 80' lang='lat' dir='ltr'><strong>Pliilastriani</strong></span> <span class='ocrx_word' id='word_1_560' title='bbox 2986 3397 3179 3468; x_wconf 88' lang='lat' dir='ltr'><strong>Operis</strong></span> <span class='ocrx_word' id='word_1_561' title='bbox 3210 3398 3265 3453; x_wconf 92' lang='lat' dir='ltr'><strong>in</strong></span> <span class='ocrx_word' id='word_1_562' title='bbox 3311 3398 3621 3454; x_wconf 77' lang='lat' dir='ltr'><strong>Bibliotheca</strong></span> <span class='ocrx_word' id='word_1_563' title='bbox 3646 3394 3741 3449; x_wconf 78' lang='lat' dir='ltr'><strong>San—</strong></span> 
     </span>
    </p>
   </div>
   <div class='ocr_carea' id='block_1_79' title="bbox 2199 3486 3741 3564">
    <p class='ocr_par' dir='ltr' id='par_1_79' title="bbox 2199 3486 3741 3564">
     <span class='ocr_line' id='line_1_79' title="bbox 2199 3486 3741 3564; baseline -0.007 -13"><span class='ocrx_word' id='word_1_564' title='bbox 2199 3496 2544 3564; x_wconf 79' lang='lat' dir='ltr'><strong>germanensi</strong></span> <span class='ocrx_word' id='word_1_565' title='bbox 2574 3492 2908 3548; x_wconf 88' lang='lat' dir='ltr'><strong>inveniendi.</strong></span> <span class='ocrx_word' id='word_1_566' title='bbox 2954 3492 3025 3546; x_wconf 87' lang='lat' dir='ltr'><strong>At</strong></span> <span class='ocrx_word' id='word_1_567' title='bbox 3065 3490 3151 3545; x_wconf 87' lang='lat' dir='ltr'><strong>hic</strong></span> <span class='ocrx_word' id='word_1_568' title='bbox 3215 3490 3367 3546; x_wconf 82' lang='lat' dir='ltr'><strong>idem</strong></span> <span class='ocrx_word' id='word_1_569' title='bbox 3396 3491 3488 3547; x_wconf 89' lang='lat' dir='ltr'><strong>ille</strong></span> <span class='ocrx_word' id='word_1_570' title='bbox 3525 3498 3625 3544; x_wconf 84' lang='lat' dir='ltr'><strong>erat</strong></span> <span class='ocrx_word' id='word_1_571' title='bbox 3649 3486 3741 3543; x_wconf 79' lang='lat' dir='ltr'><strong>Cor-</strong></span> 
     </span>
    </p>
   </div>
   <div class='ocr_carea' id='block_1_80' title="bbox 2206 3582 3741 3659">
    <p class='ocr_par' dir='ltr' id='par_1_80' title="bbox 2206 3582 3741 3659">
     <span class='ocr_line' id='line_1_80' title="bbox 2206 3582 3741 3659; baseline -0.007 -15"><span class='ocrx_word' id='word_1_572' title='bbox 2206 3588 2445 3644; x_wconf 85' lang='lat' dir='ltr'><strong>beicnsis</strong></span> <span class='ocrx_word' id='word_1_573' title='bbox 2498 3587 2674 3643; x_wconf 79' lang='lat' dir='ltr'><strong>Codex</strong></span> <span class='ocrx_word' id='word_1_574' title='bbox 2732 3586 2832 3659; x_wconf 88' lang='lat' dir='ltr'><strong>(ut</strong></span> <span class='ocrx_word' id='word_1_575' title='bbox 2874 3602 3002 3642; x_wconf 82' lang='lat' dir='ltr'><strong>mox</strong></span> <span class='ocrx_word' id='word_1_576' title='bbox 3063 3584 3417 3659; x_wconf 86' lang='lat' dir='ltr'><strong>videbimus)</strong></span> <span class='ocrx_word' id='word_1_577' title='bbox 3465 3602 3607 3657; x_wconf 86' lang='lat' dir='ltr'><strong>quem</strong></span> <span class='ocrx_word' id='word_1_578' title='bbox 3642 3582 3741 3637; x_wconf 82' lang='lat' dir='ltr'><strong>adeo</strong></span> 
     </span>
    </p>
   </div>
   <div class='ocr_carea' id='block_1_81' title="bbox 2203 3675 3743 3752">
    <p class='ocr_par' dir='ltr' id='par_1_81' title="bbox 2203 3675 3743 3752">
     <span class='ocr_line' id='line_1_81' title="bbox 2203 3675 3743 3752; baseline -0.006 -15"><span class='ocrx_word' id='word_1_579' title='bbox 2203 3681 2521 3752; x_wconf 68' lang='lat' dir='ltr'><strong>expetebant</strong></span> <span class='ocrx_word' id='word_1_580' title='bbox 2546 3695 2753 3751; x_wconf 86' lang='lat' dir='ltr'><strong>;neque</strong></span> <span class='ocrx_word' id='word_1_581' title='bbox 2777 3681 2993 3736; x_wconf 85' lang='lat' dir='ltr'><strong>interim</strong></span> <span class='ocrx_word' id='word_1_582' title='bbox 3006 3679 3314 3735; x_wconf 87' lang='lat' dir='ltr'><strong>sciscitanti</strong></span> <span class='ocrx_word' id='word_1_583' title='bbox 3348 3680 3477 3734; x_wconf 84' lang='lat' dir='ltr'><strong>mihi</strong></span> <span class='ocrx_word' id='word_1_584' title='bbox 3504 3675 3629 3733; x_wconf 88' lang='lat' dir='ltr'><strong>aliud</strong></span> <span class='ocrx_word' id='word_1_585' title='bbox 3644 3688 3743 3745; x_wconf 68' lang='lat' dir='ltr'><strong>prte-</strong></span> 
     </span>
    </p>
   </div>
   <div class='ocr_carea' id='block_1_82' title="bbox 2203 3767 3744 3844">
    <p class='ocr_par' dir='ltr' id='par_1_82' title="bbox 2203 3767 3744 3844">
     <span class='ocr_line' id='line_1_82' title="bbox 2203 3767 3744 3844; baseline -0.008 -13"><span class='ocrx_word' id='word_1_586' title='bbox 2203 3782 2351 3831; x_wconf 86' lang='lat' dir='ltr'><strong>terea</strong></span> <span class='ocrx_word' id='word_1_587' title='bbox 2383 3774 2631 3844; x_wconf 84' lang='lat' dir='ltr'><strong>responsi</strong></span> <span class='ocrx_word' id='word_1_588' title='bbox 2677 3772 2929 3838; x_wconf 76' lang='lat' dir='ltr'><strong>dabatur,</strong></span> <span class='ocrx_word' id='word_1_589' title='bbox 2974 3788 3081 3843; x_wconf 91' lang='lat' dir='ltr'><strong>quo</strong></span> <span class='ocrx_word' id='word_1_590' title='bbox 3117 3773 3332 3828; x_wconf 86' lang='lat' dir='ltr'><strong>certius</strong></span> <span class='ocrx_word' id='word_1_591' title='bbox 3360 3770 3556 3842; x_wconf 83' lang='lat' dir='ltr'><strong>aliquid</strong></span> <span class='ocrx_word' id='word_1_592' title='bbox 3595 3769 3650 3823; x_wconf 87' lang='lat' dir='ltr'><strong>de</strong></span> <span class='ocrx_word' id='word_1_593' title='bbox 3673 3767 3744 3820; x_wconf 83' lang='lat' dir='ltr'><strong>boc</strong></span> 
     </span>
    </p>
   </div>
   <div class='ocr_carea' id='block_1_83' title="bbox 2206 3861 3745 3935">
    <p class='ocr_par' dir='ltr' id='par_1_83' title="bbox 2206 3861 3745 3935">
     <span class='ocr_line' id='line_1_83' title="bbox 2206 3861 3745 3935; baseline -0.008 -11"><span class='ocrx_word' id='word_1_594' title='bbox 2206 3869 2499 3924; x_wconf 83' lang='lat' dir='ltr'><strong>Parisiensi</strong></span> <span class='ocrx_word' id='word_1_595' title='bbox 2528 3865 2720 3923; x_wconf 87' lang='lat' dir='ltr'><strong>codice</strong></span> <span class='ocrx_word' id='word_1_596' title='bbox 2741 3866 2883 3921; x_wconf 90' lang='lat' dir='ltr'><strong>scire</strong></span> <span class='ocrx_word' id='word_1_597' title='bbox 2912 3879 3151 3935; x_wconf 81' lang='lat' dir='ltr'><strong>possein.</strong></span> <span class='ocrx_word' id='word_1_598' title='bbox 3182 3864 3356 3935; x_wconf 87' lang='lat' dir='ltr'><strong>Igitur</strong></span> <span class='ocrx_word' id='word_1_599' title='bbox 3379 3880 3498 3919; x_wconf 87' lang='lat' dir='ltr'><strong>cum</strong></span> <span class='ocrx_word' id='word_1_600' title='bbox 3521 3861 3632 3919; x_wconf 83' lang='lat' dir='ltr'><strong>nihil</strong></span> <span class='ocrx_word' id='word_1_601' title='bbox 3657 3871 3745 3931; x_wconf 82' lang='lat' dir='ltr'><strong>pro-</strong></span> 
     </span>
    </p>
   </div>
   <div class='ocr_carea' id='block_1_84' title="bbox 2200 3951 3741 4031">
    <p class='ocr_par' dir='ltr' id='par_1_84' title="bbox 2200 3951 3741 4031">
     <span class='ocr_line' id='line_1_84' title="bbox 2200 3951 3741 4031; baseline -0.008 -14"><span class='ocrx_word' id='word_1_602' title='bbox 2200 3964 2439 4028; x_wconf 75' lang='lat' dir='ltr'><strong>ﬁcerem,</strong></span> <span class='ocrx_word' id='word_1_603' title='bbox 2465 3977 2565 4016; x_wconf 86' lang='lat' dir='ltr'><strong>nec</strong></span> <span class='ocrx_word' id='word_1_604' title='bbox 2593 3960 2886 4031; x_wconf 87' lang='lat' dir='ltr'><strong>quidquam</strong></span> <span class='ocrx_word' id='word_1_605' title='bbox 2921 3959 3050 4014; x_wconf 86' lang='lat' dir='ltr'><strong>inibi</strong></span> <span class='ocrx_word' id='word_1_606' title='bbox 3077 3958 3443 4015; x_wconf 74' lang='lat' dir='ltr'><strong>subolerettle</strong></span> <span class='ocrx_word' id='word_1_607' title='bbox 3460 3951 3741 4014; x_wconf 76' lang='lat' dir='ltr'><strong>Curbeiensis</strong></span> 
     </span>
    </p>
   </div>
   <div class='ocr_carea' id='block_1_85' title="bbox 2201 4052 3744 4116">
    <p class='ocr_par' dir='ltr' id='par_1_85' title="bbox 2201 4052 3744 4116">
     <span class='ocr_line' id='line_1_85' title="bbox 2201 4052 3744 4116; baseline -0.009 -2"><span class='ocrx_word' id='word_1_608' title='bbox 2201 4056 2325 4114; x_wconf 88' lang='lat' dir='ltr'><strong>cod.</strong></span> <span class='ocrx_word' id='word_1_609' title='bbox 2355 4059 2407 4112; x_wconf 91' lang='lat' dir='ltr'><strong>in</strong></span> <span class='ocrx_word' id='word_1_610' title='bbox 2438 4056 2827 4112; x_wconf 79' lang='lat' dir='ltr'><strong>Monasterium</strong></span> <span class='ocrx_word' id='word_1_611' title='bbox 2856 4053 3163 4110; x_wconf 74' lang='lat' dir='ltr'><strong>Parisiense</strong></span> <span class='ocrx_word' id='word_1_612' title='bbox 3191 4052 3600 4109; x_wconf 85' lang='lat' dir='ltr'><strong>transmissione</strong></span> <span class='ocrx_word' id='word_1_613' title='bbox 3619 4065 3632 4115; x_wconf 89' lang='lat'><strong>;</strong></span> <span class='ocrx_word' id='word_1_614' title='bbox 3652 4058 3744 4116; x_wconf 78' lang='lat' dir='ltr'><strong>sup-</strong></span> 
     </span>
    </p>
   </div>
   <div class='ocr_carea' id='block_1_86' title="bbox 2204 4143 3745 4222">
    <p class='ocr_par' dir='ltr' id='par_1_86' title="bbox 2204 4143 3745 4222">
     <span class='ocr_line' id='line_1_86' title="bbox 2204 4143 3745 4222; baseline -0.007 -15"><span class='ocrx_word' id='word_1_615' title='bbox 2204 4151 2374 4222; x_wconf 86' lang='lat' dir='ltr'><strong>plices</strong></span> <span class='ocrx_word' id='word_1_616' title='bbox 2427 4151 2638 4207; x_wconf 87' lang='lat' dir='ltr'><strong>libellos</strong></span> <span class='ocrx_word' id='word_1_617' title='bbox 2689 4149 2858 4205; x_wconf 84' lang='lat' dir='ltr'><strong>detuli</strong></span> <span class='ocrx_word' id='word_1_618' title='bbox 2915 4148 2983 4203; x_wconf 89' lang='lat' dir='ltr'><strong>ad</strong></span> <span class='ocrx_word' id='word_1_619' title='bbox 3034 4148 3403 4207; x_wconf 70' lang='lat' dir='ltr'><strong>Eminentiss.</strong></span> <span class='ocrx_word' id='word_1_620' title='bbox 3465 4143 3745 4204; x_wconf 79' lang='lat' dir='ltr'><strong>Cardinalem</strong></span> 
     </span>
    </p>
   </div>
   <div class='ocr_carea' id='block_1_87' title="bbox 2200 4245 3747 4317">
    <p class='ocr_par' dir='ltr' id='par_1_87' title="bbox 2200 4245 3747 4317">
     <span class='ocr_line' id='line_1_87' title="bbox 2200 4245 3747 4317; baseline -0.005 -16"><span class='ocrx_word' id='word_1_621' title='bbox 2200 4246 2509 4315; x_wconf 83' lang='lat' dir='ltr'><strong>Quirinum,</strong></span> <span class='ocrx_word' id='word_1_622' title='bbox 2544 4245 2741 4302; x_wconf 80' lang='lat' dir='ltr'><strong>Brixiae</strong></span> <span class='ocrx_word' id='word_1_623' title='bbox 2761 4247 3104 4317; x_wconf 84' lang='lat' dir='ltr'><strong>episcopum,</strong></span> <span class='ocrx_word' id='word_1_624' title='bbox 3127 4246 3197 4300; x_wconf 86' lang='lat' dir='ltr'><strong>ab</strong></span> <span class='ocrx_word' id='word_1_625' title='bbox 3235 4261 3307 4302; x_wconf 86' lang='lat' dir='ltr'><strong>eo</strong></span> <span class='ocrx_word' id='word_1_626' title='bbox 3339 4255 3560 4316; x_wconf 87' lang='lat' dir='ltr'><strong>petens,</strong></span> <span class='ocrx_word' id='word_1_627' title='bbox 3596 4249 3643 4295; x_wconf 89' lang='lat' dir='ltr'><strong>ut</strong></span> <span class='ocrx_word' id='word_1_628' title='bbox 3676 4249 3747 4310; x_wconf 72' lang='lat' dir='ltr'><strong>pro</strong></span> 
     </span>
    </p>
   </div>
   <div class='ocr_carea' id='block_1_88' title="bbox 2201 4335 3747 4409">
    <p class='ocr_par' dir='ltr' id='par_1_88' title="bbox 2201 4335 3747 4409">
     <span class='ocr_line' id='line_1_88' title="bbox 2201 4335 3747 4409; baseline -0.009 -13"><span class='ocrx_word' id='word_1_629' title='bbox 2201 4355 2416 4396; x_wconf 86' lang='lat' dir='ltr'><strong>summa</strong></span> <span class='ocrx_word' id='word_1_630' title='bbox 2439 4356 2536 4395; x_wconf 88' lang='lat' dir='ltr'><strong>sua</strong></span> <span class='ocrx_word' id='word_1_631' title='bbox 2573 4340 2628 4396; x_wconf 90' lang='lat' dir='ltr'><strong>in</strong></span> <span class='ocrx_word' id='word_1_632' title='bbox 2664 4354 2877 4407; x_wconf 88' lang='lat' dir='ltr'><strong>omnes,</strong></span> <span class='ocrx_word' id='word_1_633' title='bbox 2913 4340 3220 4409; x_wconf 73' lang='lat' dir='ltr'><strong>prtesertim</strong></span> <span class='ocrx_word' id='word_1_634' title='bbox 3252 4354 3387 4395; x_wconf 74' lang='lat' dir='ltr'><strong>vero</strong></span> <span class='ocrx_word' id='word_1_635' title='bbox 3425 4352 3545 4409; x_wconf 86' lang='lat' dir='ltr'><strong>erga</strong></span> <span class='ocrx_word' id='word_1_636' title='bbox 3572 4335 3747 4391; x_wconf 72' lang='lat' dir='ltr'><strong>litteras,</strong></span> 
     </span>
    </p>
   </div>
   <div class='ocr_carea' id='block_1_89' title="bbox 2200 4424 3748 4505">
    <p class='ocr_par' dir='ltr' id='par_1_89' title="bbox 2200 4424 3748 4505">
     <span class='ocr_line' id='line_1_89' title="bbox 2200 4424 3748 4505; baseline -0.006 -15"><span class='ocrx_word' id='word_1_637' title='bbox 2200 4435 2577 4505; x_wconf 86' lang='lat' dir='ltr'><strong>litteratosque</strong></span> <span class='ocrx_word' id='word_1_638' title='bbox 2598 4435 2747 4491; x_wconf 87' lang='lat' dir='ltr'><strong>viros</strong></span> <span class='ocrx_word' id='word_1_639' title='bbox 2787 4433 3143 4505; x_wconf 86' lang='lat' dir='ltr'><strong>benignitate,</strong></span> <span class='ocrx_word' id='word_1_640' title='bbox 3175 4434 3395 4489; x_wconf 85' lang='lat' dir='ltr'><strong>litteras</strong></span> <span class='ocrx_word' id='word_1_641' title='bbox 3426 4430 3637 4489; x_wconf 76' lang='lat' dir='ltr'><strong>Parisios</strong></span> <span class='ocrx_word' id='word_1_642' title='bbox 3659 4424 3748 4480; x_wconf 82' lang='lat' dir='ltr'><strong>tuit-</strong></span> 
     </span>
    </p>
   </div>
   <div class='ocr_carea' id='block_1_90' title="bbox 499 4522 3748 4602">
    <p class='ocr_par' dir='ltr' id='par_1_90' title="bbox 499 4522 3748 4602">
     <span class='ocr_line' id='line_1_90' title="bbox 499 4522 3748 4602; baseline -0.002 -24"><span class='ocrx_word' id='word_1_643' title='bbox 499 4525 782 4594; x_wconf 74' lang='lat' dir='ltr'><strong>quresltus,</strong></span> <span class='ocrx_word' id='word_1_644' title='bbox 816 4540 1080 4597; x_wconf 84' lang='lat' dir='ltr'><strong>nusquam</strong></span> <span class='ocrx_word' id='word_1_645' title='bbox 1113 4528 1408 4598; x_wconf 78' lang='lat' dir='ltr'><strong>apparebat</strong></span> <span class='ocrx_word' id='word_1_646' title='bbox 1437 4543 1451 4582; x_wconf 92' lang='lat'><strong>:</strong></span> <span class='ocrx_word' id='word_1_647' title='bbox 1483 4535 1605 4582; x_wconf 85' lang='lat' dir='ltr'><strong>eum</strong></span> <span class='ocrx_word' id='word_1_648' title='bbox 1640 4530 1784 4584; x_wconf 82' lang='lat' dir='ltr'><strong>inter</strong></span> <span class='ocrx_word' id='word_1_649' title='bbox 1810 4530 2096 4602; x_wconf 82' lang='lat' dir='ltr'><strong>legendum</strong></span> <span class='ocrx_word' id='word_1_650' title='bbox 2123 4525 2179 4586; x_wconf 80' lang='grc' dir='ltr'><strong><em>Β</em></strong></span> <span class='ocrx_word' id='word_1_651' title='bbox 2205 4528 2668 4598; x_wconf 82' lang='lat' dir='ltr'><strong>terediguaretur,</strong></span> <span class='ocrx_word' id='word_1_652' title='bbox 2688 4536 2851 4598; x_wconf 84' lang='lat' dir='ltr'><strong>atque</strong></span> <span class='ocrx_word' id='word_1_653' title='bbox 2870 4522 3748 4597; x_wconf 85' lang='lat' dir='ltr'><strong>indecod.bujusCorbeiensiseer-</strong></span> 
     </span>
    </p>
   </div>
   <div class='ocr_carea' id='block_1_91' title="bbox 499 4616 2099 4688">
    <p class='ocr_par' dir='ltr' id='par_1_91' title="bbox 499 4616 2099 4688">
     <span class='ocr_line' id='line_1_91' title="bbox 499 4616 2099 4688; baseline 0.007 -18"><span class='ocrx_word' id='word_1_654' title='bbox 499 4616 641 4672; x_wconf 84' lang='lat' dir='ltr'><strong>aliud</strong></span> <span class='ocrx_word' id='word_1_655' title='bbox 664 4619 840 4688; x_wconf 75' lang='lat' dir='ltr'><strong>agt-nti</strong></span> <span class='ocrx_word' id='word_1_656' title='bbox 861 4620 1016 4686; x_wconf 90' lang='lat' dir='ltr'><strong>mihi,</strong></span> <span class='ocrx_word' id='word_1_657' title='bbox 1034 4621 1274 4676; x_wconf 89' lang='lat' dir='ltr'><strong>occurrit</strong></span> <span class='ocrx_word' id='word_1_658' title='bbox 1288 4620 1583 4676; x_wconf 70' lang='lat' dir='ltr'><strong>Admonitio</strong></span> <span class='ocrx_word' id='word_1_659' title='bbox 1600 4622 1821 4679; x_wconf 62' lang='lat' dir='ltr'><strong>[intust</strong></span> <span class='ocrx_word' id='word_1_660' title='bbox 1844 4622 2099 4681; x_wconf 69' lang='lat' dir='ltr'><strong>Bai-nabat</strong></span> 
     </span>
    </p>
   </div>
   <div class='ocr_carea' id='block_1_92' title="bbox 503 4708 2097 4785">
    <p class='ocr_par' dir='ltr' id='par_1_92' title="bbox 503 4708 2097 4785">
     <span class='ocr_line' id='line_1_92' title="bbox 503 4708 2097 4785; baseline 0.007 -22"><span class='ocrx_word' id='word_1_661' title='bbox 503 4708 757 4781; x_wconf 67' lang='lat' dir='ltr'><strong>Epistolw</strong></span> <span class='ocrx_word' id='word_1_662' title='bbox 770 4708 1197 4785; x_wconf 76' lang='lat' dir='ltr'><strong>Interpretationi</strong></span> <span class='ocrx_word' id='word_1_663' title='bbox 1231 4714 1448 4785; x_wconf 65' lang='lat' dir='ltr'><strong>praefixa</strong></span> <span class='ocrx_word' id='word_1_664' title='bbox 1478 4723 1627 4770; x_wconf 88' lang='lat' dir='ltr'><strong>tomo</strong></span> <span class='ocrx_word' id='word_1_665' title='bbox 1658 4715 1704 4772; x_wconf 90' lang='grc' dir='ltr'><strong>ΙΙ</strong></span> <span class='ocrx_word' id='word_1_666' title='bbox 1745 4717 2097 4775; x_wconf 55' lang='lat' dir='ltr'><strong>Bibliotheca!</strong></span> 
     </span>
    </p>
   </div>
   <div class='ocr_carea' id='block_1_93' title="bbox 502 4802 2101 4881">
    <p class='ocr_par' dir='ltr' id='par_1_93' title="bbox 502 4802 2101 4881">
     <span class='ocr_line' id='line_1_93' title="bbox 502 4802 2101 4881; baseline 0.008 -25"><span class='ocrx_word' id='word_1_667' title='bbox 502 4802 606 4857; x_wconf 87' lang='lat' dir='ltr'><strong>PP.</strong></span> <span class='ocrx_word' id='word_1_668' title='bbox 649 4803 782 4858; x_wconf 87' lang='lat' dir='ltr'><strong>edit.</strong></span> <span class='ocrx_word' id='word_1_669' title='bbox 816 4803 1067 4876; x_wconf 86' lang='lat' dir='ltr'><strong>Lugdun.</strong></span> <span class='ocrx_word' id='word_1_670' title='bbox 1104 4822 1226 4881; x_wconf 84' lang='lat' dir='ltr'><strong>pag.</strong></span> <span class='ocrx_word' id='word_1_671' title='bbox 1258 4808 1348 4873; x_wconf 76' lang='lat' dir='ltr'><strong>l6,</strong></span> <span class='ocrx_word' id='word_1_672' title='bbox 1375 4808 1464 4864; x_wconf 91' lang='lat' dir='ltr'><strong>ubi</strong></span> <span class='ocrx_word' id='word_1_673' title='bbox 1488 4816 1555 4865; x_wconf 77' lang='lat' dir='ltr'><strong>ex</strong></span> <span class='ocrx_word' id='word_1_674' title='bbox 1582 4810 1814 4879; x_wconf 74' lang='lat' dir='ltr'><strong>quadam</strong></span> <span class='ocrx_word' id='word_1_675' title='bbox 1844 4811 2101 4869; x_wconf 84' lang='lat' dir='ltr'><strong>Dacberii</strong></span> 
     </span>
    </p>
   </div>
   <div class='ocr_carea' id='block_1_94' title="bbox 497 4895 2100 4983">
    <p class='ocr_par' dir='ltr' id='par_1_94' title="bbox 497 4895 2100 4983">
     <span class='ocr_line' id='line_1_94' title="bbox 497 4895 2100 4983; baseline 0.007 -33"><span class='ocrx_word' id='word_1_676' title='bbox 497 4895 725 4965; x_wconf 88' lang='lat' dir='ltr'><strong>epistola</strong></span> <span class='ocrx_word' id='word_1_677' title='bbox 751 4897 827 4970; x_wconf 86' lang='lat' dir='ltr'><strong>(g)</strong></span> <span class='ocrx_word' id='word_1_678' title='bbox 842 4910 1093 4969; x_wconf 71' lang='lat' dir='ltr'><strong>excerpta</strong></span> <span class='ocrx_word' id='word_1_679' title='bbox 1113 4899 1229 4956; x_wconf 61' lang='lat' dir='ltr'><strong>haec</strong></span> <span class='ocrx_word' id='word_1_680' title='bbox 1245 4900 1511 4957; x_wconf 87' lang='lat' dir='ltr'><strong>habentur</strong></span> <span class='ocrx_word' id='word_1_681' title='bbox 1530 4921 1543 4957; x_wconf 91' lang='lat'><strong>:</strong></span> <span class='ocrx_word' id='word_1_682' title='bbox 1560 4903 1689 4958; x_wconf 86' lang='lat' dir='ltr'><strong>Cum</strong></span> <span class='ocrx_word' id='word_1_683' title='bbox 1705 4906 1759 4959; x_wconf 90' lang='lat' dir='ltr'><strong>in</strong></span> <span class='ocrx_word' id='word_1_684' title='bbox 1788 4906 2100 4983; x_wconf 66' lang='lat' dir='ltr'><strong>Putttsrnu</strong></span> 
     </span>
    </p>
   </div>
   <div class='ocr_carea' id='block_1_95' title="bbox 500 4989 2100 5071">
    <p class='ocr_par' dir='ltr' id='par_1_95' title="bbox 500 4989 2100 5071">
     <span class='ocr_line' id='line_1_95' title="bbox 500 4989 2100 5071; baseline 0.007 -28"><span class='ocrx_word' id='word_1_685' title='bbox 500 5002 731 5045; x_wconf 77' lang='lat' dir='ltr'><strong>EPISCOPI</strong></span> <span class='ocrx_word' id='word_1_686' title='bbox 763 4989 1063 5047; x_wconf 69' lang='lat' dir='ltr'><strong>BRUIENSIS</strong></span> <span class='ocrx_word' id='word_1_687' title='bbox 1090 4995 1324 5071; x_wconf 62' lang='lat' dir='ltr'><strong>uolumen</strong></span> <span class='ocrx_word' id='word_1_688' title='bbox 1361 5012 1459 5051; x_wconf 77' lang='lat' dir='ltr'><strong>ms.</strong></span> <span class='ocrx_word' id='word_1_689' title='bbox 1488 5014 1515 5051; x_wconf 71' lang='grc' dir='ltr'><strong><em>ε</em></strong></span> <span class='ocrx_word' id='word_1_690' title='bbox 1560 4996 1853 5052; x_wconf 71' lang='grc' dir='ltr'>σοι-ιιιέὶωεί</span> <span class='ocrx_word' id='word_1_691' title='bbox 1892 4998 2100 5054; x_wconf 82' lang='lat' dir='ltr'><strong>ntonus-</strong></span> 
     </span>
    </p>
   </div>
   <div class='ocr_carea' id='block_1_96' title="bbox 499 5070 2098 5163">
    <p class='ocr_par' dir='ltr' id='par_1_96' title="bbox 499 5070 2098 5163">
     <span class='ocr_line' id='line_1_96' title="bbox 499 5070 2098 5163; baseline 0.008 -29"><span class='ocrx_word' id='word_1_692' title='bbox 499 5082 629 5136; x_wconf 82' lang='lat' dir='ltr'><strong>terio</strong></span> <span class='ocrx_word' id='word_1_693' title='bbox 665 5081 931 5139; x_wconf 74' lang='lat' dir='ltr'><strong>incidisset</strong></span> <span class='ocrx_word' id='word_1_694' title='bbox 966 5084 1246 5158; x_wconf 84' lang='lat' dir='ltr'><strong>aliquando</strong></span> <span class='ocrx_word' id='word_1_695' title='bbox 1272 5070 1340 5144; x_wconf 66' lang='lat' dir='ltr'><strong>ii.</strong></span> <span class='ocrx_word' id='word_1_696' title='bbox 1376 5084 1442 5143; x_wconf 71' lang='grc' dir='ltr'><strong>ι).</strong></span> <span class='ocrx_word' id='word_1_697' title='bbox 1474 5087 1627 5163; x_wconf 83' lang='lat' dir='ltr'><strong>Hugo</strong></span> <span class='ocrx_word' id='word_1_698' title='bbox 1660 5088 1971 5158; x_wconf 78' lang='lat' dir='ltr'><strong>Menardns,</strong></span> <span class='ocrx_word' id='word_1_699' title='bbox 1999 5074 2098 5163; x_wconf 83' lang='lat' dir='ltr'><strong>ibi-</strong></span> 
     </span>
    </p>
   </div>
   <div class='ocr_carea' id='block_1_97' title="bbox 499 5162 2099 5244">
    <p class='ocr_par' dir='ltr' id='par_1_97' title="bbox 499 5162 2099 5244">
     <span class='ocr_line' id='line_1_97' title="bbox 499 5162 2099 5244; baseline 0.009 -21"><span class='ocrx_word' id='word_1_700' title='bbox 499 5171 614 5225; x_wconf 87' lang='lat' dir='ltr'><strong>dem</strong></span> <span class='ocrx_word' id='word_1_701' title='bbox 639 5175 873 5242; x_wconf 68' lang='lat' dir='ltr'><strong>proxime</strong></span> <span class='ocrx_word' id='word_1_702' title='bbox 899 5186 1013 5244; x_wconf 80' lang='lat' dir='ltr'><strong>post</strong></span> <span class='ocrx_word' id='word_1_703' title='bbox 1047 5179 1351 5236; x_wconf 68' lang='lat' dir='ltr'><strong>liersromu</strong></span> <span class='ocrx_word' id='word_1_704' title='bbox 1378 5162 1746 5237; x_wconf 67' lang='lat' dir='ltr'><strong>Tnarutcum</strong></span> <span class='ocrx_word' id='word_1_705' title='bbox 1767 5181 1831 5236; x_wconf 84' lang='lat' dir='ltr'><strong>de</strong></span> <span class='ocrx_word' id='word_1_706' title='bbox 1850 5182 1977 5238; x_wconf 81' lang='lat' dir='ltr'><strong>cibis</strong></span> <span class='ocrx_word' id='word_1_707' title='bbox 2004 5162 2099 5238; x_wconf 53' lang='lat' dir='ltr'><strong>in:</strong></span> 
     </span>
    </p>
   </div>
   <div class='ocr_carea' id='block_1_98' title="bbox 599 5362 971 5444">
    <p class='ocr_par' dir='ltr' id='par_1_98' title="bbox 599 5362 971 5444">
     <span class='ocr_line' id='line_1_98' title="bbox 599 5362 971 5444; baseline 0.016 -15"><span class='ocrx_word' id='word_1_708' title='bbox 599 5373 655 5444; x_wconf 89' lang='lat' dir='ltr'><strong>a)</strong></span> <span class='ocrx_word' id='word_1_709' title='bbox 695 5375 853 5433; x_wconf 85' lang='grc' dir='ltr'>Νιιιη.</span> <span class='ocrx_word' id='word_1_710' title='bbox 888 5362 971 5435; x_wconf 83' lang='lat' dir='ltr'><strong>l5.</strong></span> 
     </span>
    </p>
   </div>
   <div class='ocr_carea' id='block_1_99' title="bbox 596 5447 1366 5517">
    <p class='ocr_par' dir='ltr' id='par_1_99' title="bbox 596 5447 1366 5517">
     <span class='ocr_line' id='line_1_99' title="bbox 596 5447 1366 5517; baseline 0.016 -18"><span class='ocrx_word' id='word_1_711' title='bbox 596 5447 648 5514; x_wconf 79' lang='grc' dir='ltr'><strong>ὁ)</strong></span> <span class='ocrx_word' id='word_1_712' title='bbox 689 5447 817 5517; x_wconf 77' lang='lat' dir='ltr'><strong>Pag.</strong></span> <span class='ocrx_word' id='word_1_713' title='bbox 858 5449 982 5513; x_wconf 78' lang='lat' dir='ltr'><strong>tuo.</strong></span> <span class='ocrx_word' id='word_1_714' title='bbox 1011 5453 1140 5508; x_wconf 89' lang='lat' dir='ltr'><strong>edit.</strong></span> <span class='ocrx_word' id='word_1_715' title='bbox 1171 5452 1366 5511; x_wconf 89' lang='lat' dir='ltr'><strong>Colon.</strong></span> 
     </span>
    </p>
   </div>
   <div class='ocr_carea' id='block_1_100' title="bbox 597 5518 1402 5596">
    <p class='ocr_par' dir='ltr' id='par_1_100' title="bbox 597 5518 1402 5596">
     <span class='ocr_line' id='line_1_100' title="bbox 597 5518 1402 5596; baseline 0.012 -26"><span class='ocrx_word' id='word_1_716' title='bbox 597 5519 651 5596; x_wconf 56' lang='grc' dir='ltr'><strong>ελ</strong></span> <span class='ocrx_word' id='word_1_717' title='bbox 686 5518 924 5596; x_wconf 54' lang='lat' dir='ltr'><strong>Elench.</strong></span> <span class='ocrx_word' id='word_1_718' title='bbox 945 5520 1174 5579; x_wconf 79' lang='lat' dir='ltr'><strong>Triluer.</strong></span> <span class='ocrx_word' id='word_1_719' title='bbox 1201 5541 1323 5596; x_wconf 87' lang='lat' dir='ltr'><strong>cap.</strong></span> <span class='ocrx_word' id='word_1_720' title='bbox 1349 5527 1402 5581; x_wconf 82' lang='grc'><strong>1.</strong></span> 
     </span>
    </p>
   </div>
   <div class='ocr_carea' id='block_1_101' title="bbox 575 5587 948 5660">
    <p class='ocr_par' dir='ltr' id='par_1_101' title="bbox 575 5587 948 5660">
     <span class='ocr_line' id='line_1_101' title="bbox 575 5587 948 5660; baseline -0.027 -7"><span class='ocrx_word' id='word_1_721' title='bbox 575 5587 658 5660; x_wconf 78' lang='lat' dir='ltr'><strong>td)</strong></span> <span class='ocrx_word' id='word_1_722' title='bbox 696 5587 829 5654; x_wconf 74' lang='grc' dir='ltr'>ϐίιιι.</span> <span class='ocrx_word' id='word_1_723' title='bbox 858 5589 948 5649; x_wconf 69' lang='grc'><strong>49.</strong></span> 
     </span>
    </p>
   </div>
   <div class='ocr_carea' id='block_1_102' title="bbox 578 5662 1379 5733">
    <p class='ocr_par' dir='ltr' id='par_1_102' title="bbox 578 5662 1379 5733">
     <span class='ocr_line' id='line_1_102' title="bbox 578 5662 1379 5733; baseline 0.009 -12"><span class='ocrx_word' id='word_1_724' title='bbox 578 5662 653 5733; x_wconf 75' lang='grc' dir='ltr'><strong>(ε)</strong></span> <span class='ocrx_word' id='word_1_725' title='bbox 694 5663 997 5723; x_wconf 80' lang='lat' dir='ltr'><strong>Testimon.</strong></span> <span class='ocrx_word' id='word_1_726' title='bbox 1028 5669 1379 5733; x_wconf 85' lang='lat' dir='ltr'><strong>de.Phllastr.</strong></span> 
     </span>
    </p>
   </div>
   <div class='ocr_carea' id='block_1_103' title="bbox 579 5663 1354 5821">
    <p class='ocr_par' dir='ltr' id='par_1_103' title="bbox 579 5663 1354 5821">
     <span class='ocr_line' id='line_1_103' title="bbox 579 5663 1354 5809; baseline 0.009 -88"><span class='ocrx_word' id='word_1_727' title='bbox 579 5663 653 5809; x_wconf 52' lang='lat' dir='ltr'>ﬂ</span> <span class='ocrx_word' id='word_1_728' title='bbox 694 5663 997 5723; x_wconf 80' lang='lat' dir='ltr'><strong>Testimon.</strong></span> <span class='ocrx_word' id='word_1_729' title='bbox 1028 5669 1354 5733; x_wconf 84' lang='lat' dir='ltr'><strong>de.Phllastr</strong></span> 
     </span>
     <span class='ocr_line' id='line_1_104' title="bbox 606 5735 1354 5821; baseline 0.015 -28"><span class='ocrx_word' id='word_1_730' title='bbox 606 5740 633 5813; x_wconf 62' lang='grc' dir='ltr'><em>Γ</em></span> <span class='ocrx_word' id='word_1_731' title='bbox 687 5735 845 5794; x_wconf 87' lang='lat' dir='ltr'><strong>Cent.</strong></span> <span class='ocrx_word' id='word_1_732' title='bbox 875 5737 933 5807; x_wconf 72' lang='lat'><strong>2,</strong></span> <span class='ocrx_word' id='word_1_733' title='bbox 956 5754 1077 5816; x_wconf 88' lang='lat' dir='ltr'><strong>cap.</strong></span> <span class='ocrx_word' id='word_1_734' title='bbox 1102 5744 1158 5812; x_wconf 74' lang='lat'><strong>5,</strong></span> <span class='ocrx_word' id='word_1_735' title='bbox 1184 5752 1242 5821; x_wconf 74' lang='grc' dir='ltr'>ιι.</span> <span class='ocrx_word' id='word_1_736' title='bbox 1263 5745 1354 5809; x_wconf 78' lang='lat'><strong>78.</strong></span> 
     </span>
    </p>
   </div>
   <div class='ocr_carea' id='block_1_104' title="bbox 2199 4616 3747 4691">
    <p class='ocr_par' dir='ltr' id='par_1_104' title="bbox 2199 4616 3747 4691">
     <span class='ocr_line' id='line_1_105' title="bbox 2199 4616 3747 4691; baseline -0.002 -16"><span class='ocrx_word' id='word_1_737' title='bbox 2199 4621 2388 4676; x_wconf 83' lang='lat' dir='ltr'><strong>tiorem</strong></span> <span class='ocrx_word' id='word_1_738' title='bbox 2456 4620 2614 4677; x_wconf 87' lang='lat' dir='ltr'><strong>nobis</strong></span> <span class='ocrx_word' id='word_1_739' title='bbox 2660 4620 3028 4691; x_wconf 82' lang='lat' dir='ltr'><strong>cognitionem</strong></span> <span class='ocrx_word' id='word_1_740' title='bbox 3090 4620 3461 4689; x_wconf 87' lang='lat' dir='ltr'><strong>notitiamque</strong></span> <span class='ocrx_word' id='word_1_741' title='bbox 3506 4616 3747 4687; x_wconf 56' lang='lat' dir='ltr'><strong>expeteret</strong></span> 
     </span>
    </p>
   </div>
   <div class='ocr_carea' id='block_1_105' title="bbox 2200 4707 3750 4783">
    <p class='ocr_par' dir='ltr' id='par_1_105' title="bbox 2200 4707 3750 4783">
     <span class='ocr_line' id='line_1_106' title="bbox 2200 4707 3750 4783; baseline -0.005 -16"><span class='ocrx_word' id='word_1_742' title='bbox 2200 4712 2459 4769; x_wconf 72' lang='lat' dir='ltr'><strong>Praestitit</strong></span> <span class='ocrx_word' id='word_1_743' title='bbox 2481 4712 2753 4768; x_wconf 79' lang='lat' dir='ltr'><strong>cumulate</strong></span> <span class='ocrx_word' id='word_1_744' title='bbox 2784 4712 2868 4768; x_wconf 89' lang='lat' dir='ltr'><strong>vir</strong></span> <span class='ocrx_word' id='word_1_745' title='bbox 2892 4728 3137 4768; x_wconf 86' lang='lat' dir='ltr'><strong>summus</strong></span> <span class='ocrx_word' id='word_1_746' title='bbox 3160 4752 3175 4779; x_wconf 93' lang='lat'><strong>,</strong></span> <span class='ocrx_word' id='word_1_747' title='bbox 3208 4721 3379 4783; x_wconf 70' lang='lat' dir='ltr'><strong>atque</strong></span> <span class='ocrx_word' id='word_1_748' title='bbox 3407 4707 3750 4767; x_wconf 77' lang='lat' dir='ltr'><strong>immortalitate</strong></span> 
     </span>
    </p>
   </div>
   <div class='ocr_carea' id='block_1_106' title="bbox 2199 4796 3751 4879">
    <p class='ocr_par' dir='ltr' id='par_1_106' title="bbox 2199 4796 3751 4879">
     <span class='ocr_line' id='line_1_107' title="bbox 2199 4796 3751 4879; baseline -0.006 -15"><span class='ocrx_word' id='word_1_749' title='bbox 2199 4809 2415 4879; x_wconf 83' lang='lat' dir='ltr'><strong>dignus,</strong></span> <span class='ocrx_word' id='word_1_750' title='bbox 2446 4809 2589 4879; x_wconf 80' lang='lat' dir='ltr'><strong>quod</strong></span> <span class='ocrx_word' id='word_1_751' title='bbox 2636 4809 2957 4879; x_wconf 77' lang='lat' dir='ltr'><strong>petebatur;</strong></span> <span class='ocrx_word' id='word_1_752' title='bbox 3004 4824 3067 4863; x_wconf 87' lang='lat' dir='ltr'><strong>ac</strong></span> <span class='ocrx_word' id='word_1_753' title='bbox 3108 4807 3253 4863; x_wconf 88' lang='lat' dir='ltr'><strong>binis</strong></span> <span class='ocrx_word' id='word_1_754' title='bbox 3289 4808 3525 4862; x_wconf 87' lang='lat' dir='ltr'><strong>subinde</strong></span> <span class='ocrx_word' id='word_1_755' title='bbox 3561 4796 3751 4875; x_wconf 75' lang='lat' dir='ltr'><strong>epistolis</strong></span> 
     </span>
    </p>
   </div>
   <div class='ocr_carea' id='block_1_107' title="bbox 2197 4895 3749 4969">
    <p class='ocr_par' dir='ltr' id='par_1_107' title="bbox 2197 4895 3749 4969">
     <span class='ocr_line' id='line_1_108' title="bbox 2197 4895 3749 4969; baseline -0.007 -12"><span class='ocrx_word' id='word_1_756' title='bbox 2197 4904 2263 4957; x_wconf 82' lang='lat' dir='ltr'><strong>ad</strong></span> <span class='ocrx_word' id='word_1_757' title='bbox 2314 4919 2436 4958; x_wconf 87' lang='lat' dir='ltr'><strong>eum</strong></span> <span class='ocrx_word' id='word_1_758' title='bbox 2489 4904 2689 4969; x_wconf 73' lang='lat' dir='ltr'><strong>missis,</strong></span> <span class='ocrx_word' id='word_1_759' title='bbox 2738 4904 3128 4958; x_wconf 78' lang='lat' dir='ltr'><strong>Curbeiensem</strong></span> <span class='ocrx_word' id='word_1_760' title='bbox 3180 4902 3309 4957; x_wconf 74' lang='lat' dir='ltr'><strong>eod.</strong></span> <span class='ocrx_word' id='word_1_761' title='bbox 3364 4904 3421 4956; x_wconf 93' lang='lat' dir='ltr'><strong>in</strong></span> <span class='ocrx_word' id='word_1_762' title='bbox 3475 4895 3749 4955; x_wconf 76' lang='lat' dir='ltr'><strong>Bibliotheca</strong></span> 
     </span>
    </p>
   </div>
   <div class='ocr_carea' id='block_1_108' title="bbox 2204 4987 3749 5067">
    <p class='ocr_par' dir='ltr' id='par_1_108' title="bbox 2204 4987 3749 5067">
     <span class='ocr_line' id='line_1_109' title="bbox 2204 4987 3749 5067; baseline -0.008 -16"><span class='ocrx_word' id='word_1_763' title='bbox 2204 4994 2660 5067; x_wconf 81' lang='lat' dir='ltr'><strong>Sangermancnsi</strong></span> <span class='ocrx_word' id='word_1_764' title='bbox 2690 4994 2877 5051; x_wconf 86' lang='lat' dir='ltr'><strong>haberi</strong></span> <span class='ocrx_word' id='word_1_765' title='bbox 2896 5037 2909 5061; x_wconf 89' lang='lat'><strong>,</strong></span> <span class='ocrx_word' id='word_1_766' title='bbox 2936 5005 3099 5066; x_wconf 84' lang='lat' dir='ltr'><strong>atque</strong></span> <span class='ocrx_word' id='word_1_767' title='bbox 3121 4995 3173 5049; x_wconf 90' lang='lat' dir='ltr'><strong>in</strong></span> <span class='ocrx_word' id='word_1_768' title='bbox 3201 5010 3268 5049; x_wconf 89' lang='lat' dir='ltr'><strong>eo</strong></span> <span class='ocrx_word' id='word_1_769' title='bbox 3302 4992 3573 5049; x_wconf 86' lang='lat' dir='ltr'><strong>Phllastrii</strong></span> <span class='ocrx_word' id='word_1_770' title='bbox 3601 4987 3749 5045; x_wconf 84' lang='lat' dir='ltr'><strong>librum</strong></span> 
     </span>
    </p>
   </div>
   <div class='ocr_carea' id='block_1_109' title="bbox 2200 5086 3751 5157">
    <p class='ocr_par' dir='ltr' id='par_1_109' title="bbox 2200 5086 3751 5157">
     <span class='ocr_line' id='line_1_110' title="bbox 2200 5086 3751 5157; baseline -0.003 -17"><span class='ocrx_word' id='word_1_771' title='bbox 2200 5088 2262 5141; x_wconf 86' lang='lat' dir='ltr'><strong>de</strong></span> <span class='ocrx_word' id='word_1_772' title='bbox 2291 5086 2588 5143; x_wconf 76' lang='lat' dir='ltr'><strong>eresibua</strong></span> <span class='ocrx_word' id='word_1_773' title='bbox 2613 5098 2853 5155; x_wconf 85' lang='lat' dir='ltr'><strong>exstare,</strong></span> <span class='ocrx_word' id='word_1_774' title='bbox 2884 5102 3076 5157; x_wconf 85' lang='lat' dir='ltr'><strong>magna</strong></span> <span class='ocrx_word' id='word_1_775' title='bbox 3107 5088 3277 5142; x_wconf 86' lang='lat' dir='ltr'><strong>animi</strong></span> <span class='ocrx_word' id='word_1_776' title='bbox 3317 5086 3589 5154; x_wconf 80' lang='lat' dir='ltr'><strong>voluptate</strong></span> <span class='ocrx_word' id='word_1_777' title='bbox 3612 5090 3751 5151; x_wconf 74' lang='lat' dir='ltr'><strong>perce-</strong></span> 
     </span>
    </p>
   </div>
   <div class='ocr_carea' id='block_1_110' title="bbox 2203 5166 3749 5253">
    <p class='ocr_par' dir='ltr' id='par_1_110' title="bbox 2203 5166 3749 5253">
     <span class='ocr_line' id='line_1_111' title="bbox 2203 5166 3749 5253; baseline -0.006 -17"><span class='ocrx_word' id='word_1_778' title='bbox 2203 5184 2400 5253; x_wconf 89' lang='lat' dir='ltr'><strong>pimus.</strong></span> <span class='ocrx_word' id='word_1_779' title='bbox 2449 5182 2608 5238; x_wconf 90' lang='lat' dir='ltr'><strong>Prior</strong></span> <span class='ocrx_word' id='word_1_780' title='bbox 2647 5196 2713 5236; x_wconf 89' lang='lat' dir='ltr'><strong>ex</strong></span> <span class='ocrx_word' id='word_1_781' title='bbox 2770 5180 2853 5236; x_wconf 90' lang='lat' dir='ltr'><strong>bis</strong></span> <span class='ocrx_word' id='word_1_782' title='bbox 2902 5180 3148 5251; x_wconf 87' lang='lat' dir='ltr'><strong>epistolis</strong></span> <span class='ocrx_word' id='word_1_783' title='bbox 3190 5166 3254 5235; x_wconf 83' lang='lat' dir='ltr'><strong>ad</strong></span> <span class='ocrx_word' id='word_1_784' title='bbox 3298 5176 3749 5236; x_wconf 81' lang='lat' dir='ltr'><strong>Eminentissimum</strong></span> 
     </span>
    </p>
   </div>
   <div class='ocr_carea' id='block_1_111' title="bbox 2272 5367 3753 5459">
    <p class='ocr_par' dir='ltr' id='par_1_111' title="bbox 2272 5367 3753 5459">
     <span class='ocr_line' id='line_1_112' title="bbox 2272 5367 3753 5459; baseline -0.007 -14"><span class='ocrx_word' id='word_1_785' title='bbox 2272 5388 2349 5459; x_wconf 79' lang='lat' dir='ltr'><strong>(gi</strong></span> <span class='ocrx_word' id='word_1_786' title='bbox 2375 5385 2756 5459; x_wconf 57' lang='lat' dir='ltr'><strong>Habetin-bam</strong></span> <span class='ocrx_word' id='word_1_787' title='bbox 2782 5367 3285 5459; x_wconf 81' lang='lat' dir='ltr'><strong>Da_cberii_episto_l:i</strong></span> <span class='ocrx_word' id='word_1_788' title='bbox 3313 5384 3482 5442; x_wconf 78' lang='lat' dir='ltr'><strong>etiam</strong></span> <span class='ocrx_word' id='word_1_789' title='bbox 3503 5372 3753 5459; x_wconf 64' lang='lat' dir='ltr'><strong>1&#39;9th</strong></span> 
     </span>
    </p>
   </div>
   <div class='ocr_carea' id='block_1_112' title="bbox 2198 5440 3752 5531">
    <p class='ocr_par' dir='ltr' id='par_1_112' title="bbox 2198 5440 3752 5531">
     <span class='ocr_line' id='line_1_113' title="bbox 2198 5440 3752 5531; baseline -0.008 -18"><span class='ocrx_word' id='word_1_790' title='bbox 2198 5440 2552 5531; x_wconf 56' lang='lat' dir='ltr'><strong>Bibliotheca:</strong></span> <span class='ocrx_word' id='word_1_791' title='bbox 2581 5440 2815 5531; x_wconf 76' lang='lat' dir='ltr'><strong>Maxime</strong></span> <span class='ocrx_word' id='word_1_792' title='bbox 2840 5456 2998 5512; x_wconf 77' lang='lat' dir='ltr'><strong>Joan.</strong></span> <span class='ocrx_word' id='word_1_793' title='bbox 3026 5440 3107 5512; x_wconf 52' lang='lat' dir='ltr'><strong>de.</strong></span> <span class='ocrx_word' id='word_1_794' title='bbox 3125 5460 3174 5512; x_wconf 83' lang='lat' dir='ltr'><strong>la</strong></span> <span class='ocrx_word' id='word_1_795' title='bbox 3206 5440 3527 5531; x_wconf 15' lang='lat' dir='ltr'><strong>l&#39;layienantei</strong></span> <span class='ocrx_word' id='word_1_796' title='bbox 3546 5440 3752 5511; x_wconf 64' lang='lat' dir='ltr'><strong>Barnabx</strong></span> 
     </span>
    </p>
   </div>
   <div class='ocr_carea' id='block_1_113' title="bbox 2200 5528 2847 5600">
    <p class='ocr_par' dir='ltr' id='par_1_113' title="bbox 2200 5528 2847 5600">
     <span class='ocr_line' id='line_1_114' title="bbox 2200 5528 2847 5600; baseline -0.003 -16"><span class='ocrx_word' id='word_1_797' title='bbox 2200 5529 2526 5600; x_wconf 74' lang='lat' dir='ltr'><strong>Epismlam,</strong></span> <span class='ocrx_word' id='word_1_798' title='bbox 2560 5544 2684 5600; x_wconf 81' lang='lat' dir='ltr'><strong>pag.</strong></span> <span class='ocrx_word' id='word_1_799' title='bbox 2718 5528 2847 5585; x_wconf 67' lang='lat' dir='ltr'><strong>bOl.</strong></span> 
     </span>
    </p>
   </div>
   <div class='ocr_carea' id='block_1_114' title="bbox 2192 5601 3750 5746">
    <p class='ocr_par' dir='ltr' id='par_1_114' title="bbox 2192 5601 3750 5746">
     <span class='ocr_line' id='line_1_115' title="bbox 2192 5601 3750 5675; baseline 0.008 -21"><span class='ocrx_word' id='word_1_800' title='bbox 2192 5650 2199 5654; x_wconf 84' lang='lat'><strong>.</strong></span> <span class='ocrx_word' id='word_1_801' title='bbox 2276 5601 2358 5673; x_wconf 86' lang='lat' dir='ltr'><strong>(h)</strong></span> <span class='ocrx_word' id='word_1_802' title='bbox 2388 5601 2549 5656; x_wconf 84' lang='lat' dir='ltr'><strong>Num.</strong></span> <span class='ocrx_word' id='word_1_803' title='bbox 2580 5601 2669 5655; x_wconf 80' lang='lat' dir='ltr'><strong>l5.</strong></span> <span class='ocrx_word' id='word_1_804' title='bbox 3406 5674 3409 5675; x_wconf 19' lang='grc' dir='ltr'><em>ν</em></span> <span class='ocrx_word' id='word_1_805' title='bbox 3742 5658 3750 5666; x_wconf 91' lang='grc'>.</span> 
     </span>
     <span class='ocr_line' id='line_1_116' title="bbox 2278 5659 3750 5746; baseline 0 -19"><span class='ocrx_word' id='word_1_806' title='bbox 2278 5674 2344 5746; x_wconf 87' lang='lat' dir='ltr'><strong>(i)</strong></span> <span class='ocrx_word' id='word_1_807' title='bbox 2378 5675 2571 5733; x_wconf 82' lang='lat' dir='ltr'><strong>Exstat</strong></span> <span class='ocrx_word' id='word_1_808' title='bbox 2600 5674 2744 5731; x_wconf 88' lang='lat' dir='ltr'><strong>inter</strong></span> <span class='ocrx_word' id='word_1_809' title='bbox 2784 5673 3152 5746; x_wconf 79' lang='lat' dir='ltr'><strong>Antiquitates</strong></span> <span class='ocrx_word' id='word_1_810' title='bbox 3183 5666 3451 5746; x_wconf 57' lang='lat' dir='ltr'><strong>gallicis,</strong></span> <span class='ocrx_word' id='word_1_811' title='bbox 3484 5688 3538 5744; x_wconf 88' lang='lat' dir='ltr'><strong>p.</strong></span> <span class='ocrx_word' id='word_1_812' title='bbox 3581 5659 3750 5734; x_wconf 54' lang='grc' dir='ltr'><strong>’ΜΛΝ</strong></span> 
     </span>
    </p>
   </div>
   <div class='ocr_carea' id='block_1_115' title="bbox 2206 5744 3342 5833">
    <p class='ocr_par' dir='ltr' id='par_1_115' title="bbox 2206 5744 3342 5833">
     <span class='ocr_line' id='line_1_117' title="bbox 2206 5744 3342 5833; baseline -0.005 -24"><span class='ocrx_word' id='word_1_813' title='bbox 2206 5744 2600 5833; x_wconf 75' lang='lat' dir='ltr'><strong>pererratam,</strong></span> <span class='ocrx_word' id='word_1_814' title='bbox 2629 5761 2731 5829; x_wconf 85' lang='lat' dir='ltr'><strong>pro</strong></span> <span class='ocrx_word' id='word_1_815' title='bbox 2757 5747 2919 5822; x_wconf 71' lang='grc'>1755,</span> <span class='ocrx_word' id='word_1_816' title='bbox 2934 5744 3146 5822; x_wconf 78' lang='lat' dir='ltr'><strong>legitur</strong></span> <span class='ocrx_word' id='word_1_817' title='bbox 3174 5744 3342 5809; x_wconf 72' lang='lat' dir='ltr'><strong>i750.</strong></span> 
     </span>
    </p>
   </div>
  </div>
