3970 6408
197 214 340 274 1085

1415 221 1476 276 Ρ.
1517 218 1872 278 GALEABDI
1913 218 2307 278 PREFATIO.

3355 220 3496 282 {086

189 331 546 388 (Iartliualem
579 332 699 390 data
731 334 782 388 iv
802 333 920 390 Kal.
950 335 1282 407 Septembris
1313 352 1456 392 anno
1490 337 1648 406 i736,
1673 337 1793 394 hsce
1820 347 1870 408 Α
1897 354 2018 394 cum
2053 340 2118 394 iis
2145 355 2266 412 qua:
2293 347 2592 411 sequuntur
2617 342 2898 397 meliorem
2927 342 2980 396 itt
3009 343 3228 398 modum
3253 341 3500 398 restituta

193 425 361 482 habet
387 444 399 480 :
431 424 554 498 J‘ay
583 425 706 500 deja
729 445 791 484 eu
819 427 1090 484 l‘houuettr
1109 428 1174 482 de
1195 429 1413 484 mander
1441 430 1474 484 ὰ
1514 428 1575 483 γ.
1605 428 1675 483 Ε.
1699 447 1797 502 que

180 513 376 592 j’avats
413 534 506 573 ueu
549 519 682 574 Dom
715 517 951 576 Bernard
983 523 1047 576 de
1076 521 1420 596 Momfaucon
1449 540 1517 578 au
1562 527 1698 594 sujet
1725 523 1796 578 du

191 613 482 668 rttnnuscrit
517 613 581 668 de
621 614 684 670 S.
731 613 1011 672 Philastre.
1056 614 1124 670 le
1149 633 1274 672 vous
1309 634 1374 688 ay
1405 618 1592 672 mande
1615 634 1794 688 aussy,

191 707 580 778 monseigneur,
605 707 732 780 φρει
757 725 791 780 y
820 725 882 764 en
911 711 1047 764 auoit
1073 726 1142 765 un
1171 711 1302 765 dans
1331 710 1382 764 la
1409 709 1714 781 biblioteque
1733 709 1797 764 de

187 799 426 872 Pabbaye
447 801 510 856 de
543 800 606 857 S.
643 801 886 858 Cet-main
923 805 1008 876 qui
1049 806 1198 858 estoit
1238 805 1344 874 fort
1383 805 1584 872 ancieu,
1621 813 1670 860 et
1709 805 1798 876 qui

192 893 364 948 uenoit
387 893 450 946 de
471 891 676 949 Corbie.
693 893 881 954 Altera
909 913 1039 952 vero
1067 898 1226 968 paulo
1248 907 1372 970 post
1391 897 1584 954 eodem
1607 911 1796 954 mense

193 987 508 1058 Septembri
559 991 891 1062 conscripta,
945 991 1085 1046 idem
1133 992 1243 1048 iere
1287 992 1428 1064 quod
1477 993 1645 1062 prior,
1699 991 1794 1048 sed

193 1079 372 1136 multo
422 1080 585 1136 etiam
643 1085 863 1140 uberius
907 1085 1236 1140 conlirmat:
1285 1084 1338 1139 Il
1379 1087 1713 1140 manoscritto
1744 1085 1798 1140 di

196 1170 260 1228 S.
293 1161 569 1238 Filastrio,
601 1163 681 1228 ch‘
703 1191 731 1230 e
758 1176 892 1230 uella
920 1175 1124 1232 libraria
1155 1179 1294 1232 dellu
1320 1179 1471 1232 budia
1497 1178 1551 1232 di
1583 1178 1642 1233 S.
1669 1177 1800 1232 Ger-

193 1277 370 1330 mano,
397 1253 427 1318 ἒ
453 1266 626 1334 quello
653 1277 814 1322 stesso
851 1269 904 1322 di
941 1267 1128 1323 Corbio
1159 1269 1242 1325 del
1263 1271 1413 1342 quale
1433 1272 1478 1326 si
1500 1271 1528 1324 ἑ
1545 1272 1730 1326 seruile
1759 1271 1799 1326 il

197 1355 264 1412 P.
295 1355 572 1414 Menardo.
616 1358 809 1416 Comei
831 1360 998 1418 Padri
1019 1363 1076 1418 di
1104 1362 1292 1419 Corbia
1323 1365 1538 1420 aveanlo
1583 1366 1799 1436 impres-

191 1459 302 1506 tato
334 1467 365 1506 a
391 1453 556 1523 questi
584 1455 810 1524 monaci,
839 1456 932 1510 che
965 1472 1030 1511 ne
1057 1473 1276 1512 auevauo
1309 1459 1364 1512 di
1393 1457 1629 1529 bisogno,
1665 1459 1694 1512 ἑ
1727 1460 1801 1514 ri-

193 1557 362 1600 masto
389 1549 498 1616 qui,
527 1566 552 1603 e
585 1552 632 1604 vi
660 1551 887 1606 rimarrt‘t
915 1553 1028 1608 sino
1057 1570 1088 1606 α
1125 1552 1219 1608 the
1249 1555 1294 1608 si
1325 1553 1498 1608 verrit.
1533 1554 1797 1626 Equidem

192 1641 438 1710 acceptis
473 1643 782 1712 ltujusmodi
823 1645 1051 1714 litteris,
1079 1645 1234 1702 haud
1281 1647 1498 1703 modico
1545 1649 1798 1718 perfusus

1898 443 1954 488 et
1979 433 2232 488 distincta
2255 450 2270 500 ;
2303 445 2360 498 ut
2388 435 2551 489 etiam
2579 450 2698 505 cap.
2733 436 2834 490 HO
2861 436 2952 508 (ί)
2975 477 2991 502 ,
3017 437 3106 490 ubi
3129 450 3230 506 pro
3257 439 3504 508 conjunc-

1899 535 2006 578 tum
2034 525 2174 596 quod
2227 526 2421 598 legitur
2453 528 2504 582 itt
2534 527 2864 582 editionibtts
2900 528 3122 582 omnino
3167 529 3328 594 male,
3370 527 3503 582 Cor-

1897 617 2138 674 beiensis
2182 619 2354 674 codex
2403 631 2706 690 Oppttrltllle
2746 622 2964 690 reponit
3005 620 3329 694 conjugium,
3381 620 3502 676 sine

1897 727 2002 782 qua
2035 711 2416 767 emendatione
2439 713 2589 767 locus
2617 713 2877 768 editionis
2901 713 3326 784 l‘lamburgensis
3352 711 3502 766 nullo

1899 813 2056 874 pacto
2087 804 2316 876 intelligi
2345 816 2542 875 potest.
2578 807 2712 862 Sunt
2749 807 3008 878 pleraque
3037 804 3344 878 bujusmodi
3376 820 3498 876 quas

1898 907 2087 970 aperte
2128 900 2444 965 ostendunt,
2495 915 2658 970 quam
2703 899 2973 955 immerito
3013 899 3082 954 el.
3129 899 3416 954 Fabricius
3449 899 3501 954 in

1899 989 2226 1048 Prtcfatioue
2267 993 2690 1064 llamburgensis
2733 993 2990 1049 editionis
3033 994 3276 1050 dixerit:
3321 992 3502 1048 Pauca

1897 1083 2070 1139 adhuc
2107 1096 2224 1140 sunt
2257 1089 2388 1152 loca,
2423 1089 2473 1140 in
2505 1087 2687 1157 quibus
2717 1098 2950 1158 optarem
2983 1088 3145 1142 lucem
3177 1104 3208 1140 a
3239 1086 3504 1142 codicibus

1899 1196 2023 1234 mss.
2055 1195 2178 1234 cum
2218 1189 2297 1236 tot
2339 1182 2619 1252 supersint
2659 1181 2856 1236 menda
2893 1182 2944 1236 itt
2997 1197 3058 1237 ea
3089 1181 3350 1244 editione.
3381 1195 3503 1250 qua:

1899 1290 2002 1346 Ope
2029 1275 2379 1332 Corbeiensis
2409 1291 2511 1332 ms.
2551 1286 2737 1331 sanata
2783 1284 2928 1332 sunt.
2973 1275 3187 1346 Insigne
3235 1288 3397 1345 porro
3419 1281 3506 1328 est

1899 1367 2028 1422 illud
2075 1383 2195 1438 cap.
2231 1368 2330 1424 1-H
2375 1367 2478 1440 (ς),
2511 1369 2720 1436 illorum
2759 1369 2994 1438 priorum
3039 1367 3372 1432 Sanctorum,
3414 1365 3504 1436 qui

1903 1463 2242 1533 Septuaginta
2271 1463 2494 1517 duorum
2531 1464 2650 1517 aliis
2693 1463 2902 1529 modis,"
2951 1463 3041 1516 ubi
3083 1461 3298 1517 defectu
3341 1461 3502 1515 unius

1901 1556 2059 1612 linea:
2089 1573 2188 1614 nec
2224 1556 2478 1628 OEdipus
2504 1559 2620 1628 ipse
2649 1558 2777 1628 quid
2811 1557 2974 1613 vellet
3003 1555 3350 1616 Philasuius.
3382 1555 3502 1610 sine

1901 1647 2220 1704 Corbeiensi
2241 1651 2647 1716 emendatione,
2668 1643 2883 1720 assequi
2913 1649 3207 1714 valuisset;
3227 1647 3502 1718 quomodo
3549 1697 3560 1702 ._

191 1746 314 1786 sum
355 1733 572 1804 gaudio,
625 1736 768 1806 quod
813 1737 1053 1794 viderem
1113 1741 1480 1810 conjecturam
1521 1756 1698 1796 meam
1727 1740 1795 1796 de
1825 1740 1872 1800 B
1900 1742 2060 1796 etiam
2084 1757 2204 1812 cap.
2243 1740 2344 1798 MS
2377 1741 2482 1816 (h),
2513 1743 2566 1796 itt
2597 1757 2706 1813 quo
2736 1759 2834 1815 pro
2864 1757 2996 1796 voce
3027 1742 3292 1814 prteputii,
3325 1741 3506 1810 inepte

193 1825 513 1880 Corlteieusi
543 1829 664 1882 cod.
711 1839 818 1884 tam
851 1832 1113 1902 praeclare
1151 1834 1218 1886 ab
1263 1842 1458 1888 eventu
1505 1832 1796 1889 conﬁrma-

197 1925 304 1972 tam
331 1933 347 1983 ;
380 1918 543 1974 simul
573 1923 735 1976 etiam
767 1923 936 1978 subiit
953 1925 1194 1980 animum
1225 1925 1428 1992 mirari,
1453 1940 1555 1996 qua
1585 1926 1797 1982 ratione

195 2011 394 2066 summi
423 2013 524 2068 viri
572 2015 639 2070 de
668 2015 984 2072 Corbeiensi
1019 2017 1121 2074 hoc
1157 2020 1281 2074 cod.
1331 2021 1616 2089 loquentes
1655 2020 1798 2074 adeo

195 2101 410 2174 decepti
438 2104 680 2173 fuerint;
715 2111 1014 2178 prtesertim
1055 2126 1185 2166 vero
1218 2111 1358 2182 quod
1389 2111 1670 2168 Fabricius
1695 2112 1797 2166 Pa-

196 2197 496 2270 pebrocltio
533 2200 728 2267 ﬁdens,
761 2218 869 2273 quo
905 2212 1155 2275 tempore
1187 2205 1458 2260 Pltilastrii
1497 2205 1794 2261 editionem

197 2291 443 2360 parabat,
477 2291 548 2377 de
574 2294 892 2350 Corbeiensi
921 2312 1024 2354 ms.
1057 2298 1291 2353 certiora
1319 2301 1575 2366 scrutari,
1608 2307 1702 2354 aut
1727 2299 1797 2354 ab

197 2397 262 2439 ro
291 2383 509 2456 aliquod
537 2385 639 2441 sibi
665 2388 968 2444 subsidium
1011 2399 1198 2462 petere
1229 2392 1545 2462 neglexerit.
1585 2391 1798 2447 Interea

201 2484 536 2551 propositum
571 2500 763 2554 urgere
795 2501 900 2540 non
931 2486 1138 2554 destiti,
1168 2502 1232 2542 ac
1269 2487 1556 2542 Variantes
1581 2487 1798 2544 Lectio-

199 2589 298 2630 nes
323 2574 569 2644 ejusdem
599 2592 701 2632 ms.
745 2575 978 2634 subinde
1037 2594 1296 2650 poscere,
1341 2579 1660 2650 interposita
1694 2581 1796 2634 ite-

197 2683 320 2724 rum
373 2670 801 2726 Eminentissinti
843 2671 1138 2727 cardinalis
1191 2673 1396 2739 Quirini
1442 2673 1795 2738 auctoritate;

201 2762 290 2818 ltic
322 2779 451 2820 vero
477 2765 673 2820 litteris
697 2766 762 2820 ad
793 2765 1254 2824 Mantiauconiutn
1279 2768 1442 2836 datis,
1471 2767 1649 2822 stttdio
1676 2782 1798 2822 meo

201 2858 452 2928 impense
483 2860 632 2928 favit,
677 2877 965 2932 quousque
1003 2862 1168 2917 variae
1207 2862 1470 2918 lectiones
1515 2863 1644 2930 ipsae
1677 2860 1802 2916 dili-

199 2963 392 3021 genter
413 2963 684 3026 excerpta:
713 2955 766 3009 itt
793 2954 998 3010 Italiam
1020 2956 1388 3022 mitterentur,
1413 2973 1532 3026 qua:
1561 2971 1682 3010 cum
1715 2971 1801 3010 sc-

200 3047 316 3102 rius
343 3047 409 3102 ad
443 3061 542 3103 nos
579 3049 950 3118 pervenerint,
989 3063 1054 3104 ac
1089 3047 1364 3104 PitiiaSll'li
1397 3048 1563 3103 editio
1607 3048 1798 3104 allecto

1899 1837 2170 1892 editiones
2198 1837 2560 1892 obtrudebant
2587 1848 2844 1909 praecepta
2867 1855 2887 1904 ;
2915 1853 3036 1890 nam
3061 1851 3130 1890 eo
3157 1836 3208 1890 in
3236 1837 3353 1890 loco
3375 1834 3504 1888 Phi-

1899 1929 2120 1986 lastrius
2163 1930 2231 1985 de
2276 1930 2528 1986 Gentium
2575 1943 2724 2002 typo,
2755 1940 2810 1985 et
2847 1929 3162 1986 iud-atrorum
3200 1929 3502 1994 disserens,

1899 2023 2141 2092 prteputii
2167 2023 2380 2094 quippe,
2415 2033 2463 2076 et
2493 2022 2895 2076 circumcisiouis
2920 2022 3222 2076 conveniens
3251 2021 3384 2074 ratio
3423 2020 3505 2074 in-

1899 2108 2214 2164 dubitanter
2254 2109 2576 2179 scripserat,
2623 2109 2698 2162 uti
2747 2121 2896 2164 reme
2948 2107 3112 2162 habet
3157 2108 3320 2162 lcetio
3375 2106 3499 2164 cod.

1899 2201 2269 2258 Corbeiensis.
2301 2201 2444 2270 Quin
2487 2201 2664 2258 adhuc
2701 2203 3013 2266 etiamnou
3059 2215 3228 2270 pauca
3271 2207 3501 2268 restant,

1897 2295 2098 2364 quibus
2127 2292 2482 2351 Corbeiensis
2531 2297 2702 2351 codex
2759 2295 2896 2350 nihil
2933 2294 3160 2351 subsidii
3191 2295 3401 2362 attulit,
3448 2301 3507 2350 ut

1897 2397 1982 2442 est
2031 2387 2162 2442 illud
2201 2403 2322 2458 Cap.
2368 2389 2437 2443 88
2489 2387 2610 2460 (i),
2661 2405 2782 2442 nam
2831 2387 3109 2442 Manichwi
3147 2386 3504 2458 Apocryphu;

1899 2497 2059 2550 quem
2093 2482 2272 2538 locum
2305 2483 2576 2538 Philastt-ii
2599 2494 2918 2552 corruptum
2949 2498 3070 2536 esse
3113 2491 3398 2536 notaverat
3435 2497 3502 2538 ex

1901 2574 2196 2630 Gerntonio
2219 2573 2496 2630 Fabricius
2519 2591 2734 2646 quoque
2769 2575 2824 2647 (1'
2848 2574 2898 2644 );
2925 2584 2980 2628 et
3008 2574 3138 2628 illttd
3166 2589 3288 2642 cap.
3317 2575 3368 2628 6.
3397 2572 3499 2644 (lt),

1899 2667 2132 2740 qmedam
2163 2679 2392 2738 tempora
2428 2667 2632 2723 Christo
2665 2667 2886 2722 Domino
2914 2677 3088 2722 nostra
3114 2683 3222 2722 esse
3243 2665 3504 2720 contraria

1901 2773 2156 2824 asserunt,
2183 2763 2273 2818 ubi
2305 2763 2589 2818 Fabricius
2613 2777 2710 2832 pro
2735 2761 2970 2832 quwdam
2999 2773 3230 2832 tempora
3257 2761 3506 2816 scriben-

1901 2855 2026 2910 dum
2061 2855 2284 2925 putabat
2311 2855 2546 2926 quwdam
2587 2855 2925 2920 testimonia;
2978 2855 3120 2924 quod
3164 2863 3342 2908 tamen
3387 2852 3506 2908 sine

1901 2948 2229 3002 auctoritate
2271 2963 2403 3001 mss.
2437 2946 2602 3001 codd.
2649 2945 2954 3000 faciendtnu
2996 2961 3102 3000 non
3135 2961 3253 3000 esse
3295 2944 3505 2998 statuit.

1903 3031 2042 3087 lllttd
2082 3034 2244 3088 etiam
2281 3049 2406 3104 gap.
2455 3033 2554 3087 1‘22
2595 3031 2720 3106 (l),
2757 3031 2996 3087 nondum
3036 3032 3168 3086 satis
3205 3031 3507 3101 eliquatum

196 3137 332 3208 jam,
387 3147 440 3194 ει
490 3113 882 3210 propemodum
935 3113 1186 3194 inclinata
1219 3149 1384 3206 esset,
1437 3140 1642 3196 idcirco
1681 3151 1801 3210 ροει
1825 3133 1868 3194 C
1905 3134 2010 3193 est,
2034 3127 2172 3196 quod
2207 3127 2306 3198 fuit
2337 3113 2540 3198 quidem
2572 3137 2684 3195 post
2724 3142 2888 3178 annos
2920 3126 2970 3178 in
2999 3123 3272 3179 Thessalia
3313 3123 3507 3176 inloco

199 3231 370 3288 Notas
417 3233 646 3290 Fabricii
698 3235 1014 3304 posmumas
1053 3235 1102 3290 in
1143 3235 1498 3306 appendicem
1538 3236 1801 3307 conjecta:

201 3337 328 3380 sunt
369 3325 470 3400 (a).

272 3421 362 3478 21.
397 3422 457 3478 Si
486 3423 606 3494 quis
637 3438 798 3492 porro
823 3423 966 3478 seire
996 3422 1150 3488 velit,
1177 3423 1304 3494 quid
1331 3423 1622 3478 Pliilastrio
1653 3439 1798 3480 emo-

203 3513 450 3582 lumenti,
485 3515 694 3570 lucisve
735 3515 1013 3570 attulerint
1059 3516 1331 3570 variantes
1385 3517 1648 3572 lectimtes
1673 3517 1796 3572 cod.

201 3607 570 3672 Corbeiensis,
615 3606 662 3662 is
695 3599 1044 3678 Spicilegium
1085 3621 1332 3662 nostrum
1373 3607 1551 3674 adeat,
1595 3610 1646 3662 in
1691 3624 1800 3678 quo

201 3699 360 3768 plura
391 3698 664 3754 Pltilastrii
699 3700 811 3754 loca
843 3699 1100 3766 inveniet,
1131 3715 1250 3770 qua)
1281 3699 1524 3754 subsidio
1555 3717 1656 3756 ms.
1701 3699 1802 3754 htt-

197 3791 292 3862 jns
329 3793 412 3846 vel
463 3793 728 3858 restituta,
779 3793 862 3848 vel
900 3794 1171 3864 suppleta,
1208 3794 1292 3848 vel
1323 3794 1546 3848 meliora
1590 3793 1798 3848 reddita

149 3939 166 3952 _
200 3893 350 3940 sunt.
389 3885 704 3958 l-lnjusmodi
743 3889 886 3944 inter
915 3888 1018 3942 alia
1048 3895 1134 3942 est
1173 3886 1303 3942 illttd
1333 3903 1452 3955 cap.
1485 3889 1550 3942 47
1575 3886 1703 3960 (b),
1737 3889 1801 3944 de

199 3987 424 4042 quatuor
451 3980 736 4047 elementis,
764 3997 878 4052 qtae
913 3981 978 4034 de
1017 3979 1067 4034 Μ
1077 3980 1218 4035 undo
1243 3989 1532 4046 acceperat,
1558 3981 1646 4036 ubi
1677 3995 1801 4036 sett-

199 4085 298 4126 sus
334 4069 688 4140 imperfectus
733 4071 958 4127 omnino
1007 4087 1071 4127 ac
1108 4073 1366 4136 mutilus,
1411 4089 1440 4127 a
1481 4072 1800 4128 Corbeieusi

201 4178 306 4218 tus.
333 4168 635 4234 restitutus.
653 4181 718 4222 ac
738 4168 1016 4238 suppletus
1046 4175 1130 4224 est
1151 4166 1252 4238 (c);
1279 4178 1440 4239 prout
1467 4169 1629 4224 etiam
1655 4168 1800 4224 aliud

197 4275 322 4331 cap.
351 4255 413 4314 5t
441 4259 546 4331 (ά),
573 4261 664 4316 ubi
689 4269 868 4316 textus
894 4259 1170 4316 Philastrii
1205 4275 1488 4331 perperam
1509 4275 1575 4316 ex
1601 4259 1801 4316 lueresi

199 4351 598 4424 Catapltrygum
639 4351 1142 4422 pseudoprophetas
1181 4351 1412 4421 ingerit,
1461 4352 1607 4422 quod
1643 4367 1800 4408 meu—

197 4445 330 4500 dum
371 4445 588 4500 auxilio
629 4445 878 4515 ejusdem
911 4444 1035 4500 eod.
1075 4452 1158 4498 est
1187 4444 1486 4500 sublatum.
1533 4443 1801 4500 Similiter

1901 3219 2164 3274 interdum
2199 3219 2435 3286 modico;
2467 3220 2710 3289 quamvis
2758 3218 3030 3288 vulgatam
3078 3216 3368 3271 let-tionem
3409 3215 3508 3268 itit-

1905 3314 2121 3380 tnerito,
2166 3322 2224 3366 ut
2257 3313 2388 3366 mihi
2417 3311 2636 3382 qnidem
2679 3312 2916 3376 videtur,
2961 3308 3268 3364 sollicitavit
3314 3307 3504 3363 Fabri-

1901 3405 2058 3471 cius,
2121 3420 2216 3474 pro
2263 3405 2523 3464 interdum
2586 3403 2810 3474 cuttietts
2863 3401 2970 3472 legi
3027 3404 3158 3456 inter
3220 3399 3408 3454 CEtam
3460 3410 3510 3454 et

1907 3501 2158 3568 Pindum,
2199 3503 2243 3555 si
2289 3516 2418 3555 mss.
2451 3499 2680 3555 Codices
2710 3499 3159 3568 sulfragarentur.
3201 3497 3506 3552 Obscurum

1903 3611 2149 3666 quoque,
2185 3596 2286 3648 nisi
2317 3595 2456 3648 forte
2507 3593 2752 3647 \iliullttlt
2789 3603 2841 3646 et
2891 3600 3208 3660 corruptqu
3249 3598 3336 3645 est
3377 3589 3508 3643 illttd

1902 3706 2027 3762 cap.
2071 3691 2170 3744 15⁸2
2199 3689 2318 3764 (ut),
2353 3699 2406 3741 ut
2437 3698 2484 3742 ct
2514 3698 2703 3741 natura
2726 3705 2824 3740 non
2852 3704 3031 3741 exsors
3060 3684 3251 3738 Christi
3281 3685 3511 3738 muneris

1901 3788 2190 3841 inveniatur
2207 3785 2378 3838 aliena
2401 3785 2626 3852 penitus,
2651 3783 2704 3836 id
2725 3793 2798 3835 est
2829 3799 2920 3834 nec
2941 3778 3388 3840 Catechumenus;
3417 3778 3505 3832 tibi

1905 3893 2006 3934 nec
2023 3875 2371 3933 Corbeiensis
2393 3875 2586 3942 codex,
2615 3890 2714 3929 nec
2732 3873 3039 3940 Fabricius,
3065 3871 3265 3942 aliquid
3285 3872 3506 3940 juvant;

1906 3973 1982 4026 uti
2025 3972 2192 4026 etiam
2239 3969 2384 4024 aliud
2437 3985 2558 4039 cap.
2605 3967 2706 4024 150
2757 3967 2868 4038 (η),
2907 3967 2958 4020 in
3002 3965 3195 4020 Christi
3238 3965 3512 4036 pra’srrtlia

1899 4066 2098 4132 itidem,
2133 4074 2186 4120 et
2227 4080 2348 4134 cap.
2381 4064 2482 4120 155
2513 4063 2612 4136 (ο),
2648 4073 2692 4116 et
2721 4072 2835 4133 post
2863 4059 3049 4116 Fidem
3077 4059 3269 4140 Christi
3309 4076 3503 4130 pauco-

1903 4178 2016 4214 rum
2058 4158 2324 4214 catholicw
2344 4159 2468 4228 ﬁdei
2489 4158 2745 4232 gignendo
2764 4199 2777 4222 ,
2801 4156 2983 4210 electio
3009 4174 3022 4218 ;
3055 4155 3256 4224 quibus
3287 4155 3338 4208 itt
3373 4154 3509 4208 locis

1904 4253 2128 4307 omnino
2151 4251 2320 4306 lueret
2341 4261 2520 4320 aqua:
2547 4265 2610 4304 ac
2629 4250 2728 4304 nisi
2753 4249 2892 4304 forte
2904 4259 3184 4303 succurrat
3205 4247 3344 4301 alter
3361 4245 3512 4316 quis-

1905 4348 2048 4418 piam
2073 4361 2176 4401 ms.
2202 4346 2382 4400 Codex
2403 4343 2544 4400 unde
2572 4353 2782 4409 erutus,
2813 4358 2918 4396 non
2950 4341 3106 4396 facile
3138 4341 3346 4410 quivis,
3383 4339 3510 4394 licet

1905 4439 2108 4510 ingenti
2141 4437 2297 4504 felix,
2331 4447 2386 4493 et
2427 4434 2770 4506 conjectandi
2805 4434 3066 4505 peritior,
3101 4431 3167 4486 ab
3200 4429 3509 4502 lmjusmodi

197 4539 526 4609 depravatus
571 4547 691 4594 erat
747 4552 970 4610 prorsus
1023 4537 1075 4591 itt
1125 4535 1458 4592 editiouibus
1513 4538 1666 4593 locus
1711 4536 1800 4592 ille
1827 4523 1880 4583 D
1906 4547 1966 4588 se
1997 4530 2315 4600 ambagibus
2347 4531 2627 4600 expediat.

195 4647 302 4702 cap
331 4631 400 4687 66
429 4633 448 4704 (
471 4631 537 4702 e)
569 4650 582 4686 :
607 4631 937 4702 Sempiterna
967 4629 1248 4686 similitudo
1276 4631 1446 4701 itaque
1474 4627 1605 4684 Filii
1639 4641 1686 4684 et
1721 4645 1800 4684 se-

197 4727 428 4782 cundum
457 4744 635 4798 opera,
669 4727 796 4782 licet
823 4725 1104 4786 Fabricius
1131 4723 1266 4779 nihil
1291 4723 1362 4778 de
1387 4723 1491 4778 hoc
1517 4723 1648 4778 vitio
1689 4739 1804 4778 tuo-

197 4831 358 4877 neret
381 4837 396 4887 ;
422 4830 478 4876 at
498 4819 845 4876 Corbeiensis
877 4819 1038 4874 lectio
1067 4833 1236 4887 parvo
1261 4816 1480 4888 negotio
1501 4817 1758 4871 emendat
1789 4837 1803 4872 :

195 4914 529 4986 Sempiterna
559 4911 845 4968 similitudo
871 4911 1042 4982 itaque
1061 4908 1192 4964 Filii
1220 4919 1293 4964 est
1317 4909 1600 4964 secundum
1625 4925 1803 4980 opera,

275 5048 352 5120 (a)
383 5047 685 5120 llabesieas
739 5045 951 5120 p.153,
981 5047 1087 5120 iuta
1110 5053 1239 5120 eum
1271 5047 1501 5120 epistula
1541 5047 1606 5102 Ι).
1638 5047 1802 5102 Joan-

197 5117 556 5190 nis'Raverdy
570 5117 820 5174 Monaclti
845 5117 1184 5190 Benedictinl
1206 5123 1272 5172 ad
1291 5119 1796 5174 Eminentissimnm

195 5189 539 5246 cardinalem
577 5191 862 5258 Quirinum
905 5189 1280 5244 missa—Nos
1312 5205 1443 5245 vero
1481 5190 1580 5244 bas
1621 5191 1799 5246 varias

197 5263 463 5332 lectiones
491 5259 557 5316 ad
589 5263 907 5332 paginarum
937 5260 1138 5316 calcem
1171 5260 1454 5332 attulimus
1474 5303 1486 5324 .
1523 5267 1578 5316 ut
1624 5265 1799 5316 moni-

195 5343 289 5390 tus
317 5343 400 5400 es,
429 5331 620 5396 lector,
645 5331 750 5387 col.
774 5331 933 5388 1095.
965 5339 1082 5390 not.
1099 5334 1143 5388 ὁ.
1173 5331 1333 5388 Eutr.

271 5406 347 5478 (ὁ)
386 5406 498 5478 lloc
525 5413 689 5478 caput
711 5405 880 5478 textui
918 5403 1291 5478 restituimus,
1323 5413 1448 5458 uota
1485 5413 1663 5478 tamen
1697 5417 1794 5472 pe-

193 5475 389 5532 culiari
417 5476 684 5546 originem
715 5475 834 5546 ejus
863 5475 1518 5546 adscititiamgsignantes.
1577 5476 1728 5530 but'r.
1783 5489 1798 5542 ι

297 5549 344 5671 (ἃ)
386 5543 651 5632 Vidfttuj.
680 5543 811 5630 edit.
845 5549 950 5601 col.
987 5547 1143 5602 1165.
1174 5543 1330 5601 Euﬁ‘.

343 5619 358 5671 l
395 5611 512 5671 th.
547 5616 660 5671 hut.
688 5613 819 5671 edit.
847 5618 952 5671 col.
985 5613 1144 5671 “61.
1173 5613 1328 5671 Eut‘l'.

297 5565 323 5600 c
386 5551 508 5603 Viti.
537 5551 651 5616 ltuj.
680 5551 811 5600 edit.
845 5551 950 5601 Col.
987 5551 1143 5602 “65.
1174 5551 1328 5601 Eut‘t‘.

275 5551 358 5688 ill)
395 5611 512 5672 Vid.
547 5616 660 5688 huj.
688 5613 819 5674 edit.
847 5618 952 5672 col.
985 5613 1144 5674 llB'l.
1173 5613 1328 5674 Eut‘t'.

339 5619 358 5688 )

283 5691 354 5852 lii
394 5689 520 5826 illi:
545 5689 666 5846 ill:
684 5689 1322 5842 ἓὲι·ιῗὲἔιί.¹ἒὲἓά,¹ειὲὲῖί.

1913 4627 1940 4698 §
1973 4625 2058 4682 IV.
2106 4621 2182 4680 De
2229 4628 2318 4679 sea:
2347 4623 2599 4694 capitibus
2635 4619 2904 4674 Philostrii
2935 4633 3098 4686 nuper
3125 4616 3176 4668 in
3219 4613 3513 4670 Corbeiensi

2525 4733 2623 4770 ms.
2651 4713 2889 4770 inventis.

1979 4813 2072 4870 92.
2113 4811 2369 4882 Quamtis
2402 4817 2510 4864 tam
2551 4809 2778 4874 multas,
2811 4821 3013 4875 easque
3044 4803 3289 4874 egregias
3319 4817 3508 4857 emcn-

1909 4910 2160 4966 dationes
2203 4907 2494 4962 Pltilastrio
2543 4905 2852 4961 exhibuerit
2898 4901 3250 4958 Corbeiensis
3299 4899 3508 4967 codex,

1977 5046 2053 5117 (g)
2093 5045 2216 5099 Viti.
2245 5045 2358 5117 lmj.
2383 5045 2514 5099 edit.
2545 5047 2652 5117 col.
2679 5041 2836 5117 19.79.
2871 5041 3023 5117 Eutr.

1977 5115 2056 5190 (It)
2103 5117 2218 5190 yid.
2253 5116 2364 5190 lmj.
2397 5117 2528 5190 edit.
2559 5116 2664 5190 col.
2692 5115 2850 5190 l28§.
2882 5116 3036 5190 ξυιτ.

1975 5187 2057 5262 (i)
2083 5187 2222 5262 AViLd.
2251 5189 2362 5262 liuj.
2391 5189 2658 5262 etlit:_co_l:
2689 5187 2847 5242 tibi).
2879 5187 3033 5262 Eutr.
3098 5253 3198 5262 ΜΠ
3352 5257 3364 5262 _
3469 5239 3476 5262 ί

1973 5253 2049 5334 ω’
2070 5257 2206 5334 (ξοα-
2253 5253 2463 5334 Arrcti:
2503 5257 2566 5312 Νι
2612 5257 2920 5334 ’¹’·-.¹’³¹’·--⁵
2945 5299 2982 5334 ’-
3012 5272 3059 5334 Ρ·
3096 5253 3226 5334 ⁵9⁸³
3251 5286 3320 5334 έ
3346 5253 3504 5310 (‘°"r'

1899 5327 2173 5400 ltttji'e‘dit.
2201 5327 2316 5386 colf
2339 5331 2491 5394 1200,
2523 5337 2637 5384 not.
2675 5327 2812 5400 Nam
2837 5327 3136 5381 Manichtei.
3171 5328 3324 5382 libri:

1973 5404 2050 5478 (It)
2090 5403 2210 5478 rid.
2239 5403 2351 5478 ltuj.
2376 5403 2507 5478 editi
2537 5403 2644 5478 col.
2671 5399 2830 5478 ltiti.
2861 5401 3018 5478 Iliun.

2004 5477 2043 5546 ι)
2090 5475 2217 5546 Viti.
2239 5474 2357 5546 lmj,
2380 5473 2512 5546 edit.
2543 5473 2652 5546 col.
2684 5472 2840 5546 123”:
2881 5473 3034 5546 lium.

2003 5533 2080 5618 tit)
2122 5543 2242 5618 vid.
2271 5533 2383 5618 ttitj.
2409 5545 2535 5618 edit.
2565 5544 2668 5618 col.
2701 5543 2860 5618 tuos.
2887 5533 3050 5618 tim.

2109 5617 2228 5702 Viti.
2259 5611 2372 5700 httj.
2397 5613 2530 5702 edit.
2554 5616 2658 5672 col.
2695 5614 2849 5670 H90.
2885 5611 3037 5670 Eutr.

1986 5699 2038 5764 (ο
2107 5687 2224 5749 th.
2261 5689 2374 5764 illlj.
2408 5689 2538 5750 edtt.
2573 5689 2676 5750 col.
2711 5688 2872 5752 ηπ.
2905 5686 3036 5750 Em

1986 5686 2064 5766 (0)
2107 5687 2224 5749 Vid.
2261 5689 2374 5764 ltuj.
2408 5689 2538 5750 edit.
2573 5689 2676 5750 col.
2711 5688 2872 5752 ηπ.
2905 5686 3056 5750 Εῡιτ.
