3970 6408
236 6103 241 6105 ’
272 6107 358 6165 Χ

502 253 640 310 1087

1748 256 2060 316 SANCTUS
2091 256 2546 320 PHILASTRIUS
3599 270 3696 328 l088

497 368 676 439 major
696 367 875 426 adhuc
901 369 1108 425 utilitas
1135 384 1202 425 ex
1230 383 1298 426 eo
1324 370 1678 429 nihilominus
1707 383 1964 444 percepta
1989 382 2095 440 est,
2125 390 2180 455 Α
2204 389 2422 440 Lxxxtv,
2453 374 2705 431 subditur
2733 374 2931 432 ibidem
2949 419 2964 442 ,
3001 377 3105 434 sub
3134 393 3188 433 ιι.
3217 391 3431 444 Lxxxvt,
3461 379 3640 439 haeresis
3655 385 3700 441 de

501 463 647 535 quod
686 465 1036 522 Philastrium
1080 466 1345 524 hactenus
1389 467 1806 539 imperfectum,
1849 478 1904 524 et
1941 469 2103 524 muti-

500 561 637 628 lum,
687 561 985 632 perfectum
1028 570 1190 634 atque
1237 564 1505 634 integrum
1552 565 1711 621 nobis
1751 564 1920 620 dedit.
1965 564 2101 620 Cum

503 658 647 713 enim
682 657 1037 726 Philastrius,
1064 657 1369 730 Augustino
1400 669 1566 726 teste,
1601 661 1654 715 itt
1687 669 1907 716 centum
1947 659 2103 729 quin-

503 753 760 823 quaginta
801 767 895 808 sex
941 752 1120 824 capita
1163 753 1311 823 Opus
1338 768 1495 808 suum
1533 753 1906 820 distinxisset,
1940 767 2005 808 ex
2037 751 2105 807 iis

503 853 722 900 centum
749 844 1032 900 dumtaxat
1061 856 1116 901 et
1148 845 1535 917 quinquaginta
1563 846 1614 900 in
1646 845 1975 902 editionibus
2010 859 2106 915 ap-

501 937 786 1008 parebant.
812 938 990 994 Locus
1012 941 1298 1010 Augustini
1324 948 1471 1010 patet
1498 940 1550 994 in
1577 939 1804 1010 epistola
1828 939 1895 994 ad
1923 937 2106 1008 Quod-

501 1031 782 1087 vultdeum
810 1032 930 1101 ejus
959 1033 1206 1103 catalogo
1233 1033 1302 1089 de
1333 1033 1643 1088 Hmresibus
1675 1035 1951 1104 praemissa
1977 1034 2055 1106 (a)
2087 1049 2102 1086 :

506 1122 823 1178 Philastrius
867 1125 1078 1194 quidam
1125 1123 1409 1179 Brixiensis
1457 1127 1764 1196 episcopus,
1796 1142 1944 1195 quem
1990 1142 2106 1180 cum

508 1221 573 1277 S.
609 1220 877 1276 Ambrosio
917 1219 1203 1276 Mediolani
1241 1223 1396 1277 etiam
1435 1223 1544 1294 ipse
1576 1222 1710 1286 uidi,
1742 1221 1945 1293 scripsit
1986 1221 2106 1275 hinc

502 1314 710 1381 librant,
742 1331 834 1370 nec
864 1315 985 1370 illas
1011 1316 1228 1370 haereses
1257 1317 1653 1387 prietermittens
1682 1332 1798 1386 qua:
1829 1316 1882 1370 in
1911 1316 2105 1386 populo

502 1407 694 1463 Iudaeo
734 1413 943 1477 fuerunt
988 1419 1106 1463 ante
1133 1410 1406 1462 adventum
1438 1407 1686 1475 Domini,
1716 1425 1898 1480 easque
1931 1424 2105 1463 xxvttt

503 1503 923 1557 commemoravit
942 1517 963 1566 ;
992 1511 1040 1556 et
1067 1511 1184 1574 post
1215 1501 1422 1556 Domini
1453 1503 1727 1557 adventum
1763 1517 1988 1558 cxxvnt.
2024 1501 2104 1556 Ex

505 1603 738 1666 utroque
762 1593 932 1665 igitur
952 1609 1182 1650 numero
1209 1593 1573 1650 coniiciuntur
1597 1604 1814 1650 centum
1844 1595 2108 1664 quinqua-

497 1687 647 1758 ginta
678 1701 774 1742 sex
817 1670 1055 1743 haereses
1097 1702 1193 1744 seu
1220 1697 1438 1742 centum
1467 1688 1853 1760 quinquaginta
1885 1693 1980 1743 'sex
2017 1701 2106 1740 ca-

2203 467 2407 539 dupliei
2430 469 2562 536 Deo,
2584 479 2640 525 et
2654 471 2928 527 sententia
2951 471 3176 538 diaboli;
3195 487 3311 544 cap.
3339 474 3434 529 111
3461 475 3597 546 (nobis
3615 478 3700 552 116)

2203 561 2345 631 quod
2373 572 2457 617 cst
2479 563 2543 618 de
2569 564 2696 618 Adi:
2721 574 2772 619 et
2807 564 2928 620 Eure
2951 567 3197 632 ctecitate,
3221 567 3273 621 in
3301 582 3399 622 ms.
3427 585 3476 622 ιι.
3510 585 3702 639 ιιιιιιι,

2203 657 2510 712 occurritin
2539 659 2730 714 eodem
2766 675 2866 715 ms.
2898 678 2952 716 ιι.
2979 677 3236 728 Lxxxvnt,
3259 663 3357 719 alia
3389 663 3583 719 haeresis
3604 667 3707 723 circa

2205 749 2417 804 tunicas
2443 751 2721 823 pelliceas,
2751 768 2886 824 quas
2903 754 3164 810 Dominus
3195 754 3316 812 fecit
3341 757 3513 826 primis
3536 761 3708 828 parenti-

2206 843 2307 900 bus
2337 856 2456 915 post
2487 847 2982 916 praevaricationem
3008 865 3022 915 ;
3051 857 3106 904 et
3135 865 3251 920 cap.
3308 850 3404 906 156
3440 851 3582 923 (nobis
3605 853 3709 924 l39).

2207 938 2260 993 in
2321 955 2428 1010 quo
2479 941 2656 1010 agitur
2682 943 2745 996 de
2798 950 3018 1012 quatuor
3055 943 3360 997 animalibus
3397 944 3448 997 in
3488 942 3711 1015 Prophetis,

2208 1043 2537 1104 notaturque
2577 1035 2631 1090 in
2675 1052 2776 1091 ms.
2819 1053 2873 1092 ιι.
2923 1052 3080 1102 cvm,
3126 1054 3181 1092 ιι.
3223 1052 3328 1101 crx,
3369 1038 3584 1107 ejusdem
3619 1038 3716 1094 Cor-

2207 1126 2446 1182 beiensis
2473 1143 2576 1183 IIIS.
2606 1127 2837 1184 habetur
2866 1129 3094 1186 hmresis
3122 1129 3189 1186 de
3213 1131 3302 1186 dic
3333 1130 3717 1202 Epiphaniorum,

2206 1235 2328 1289 quae
2355 1221 2536 1275 omnia
2577 1221 2629 1276 in
2673 1221 2834 1277 editis
2865 1221 3082 1278 desunt.
3125 1222 3216 1278 Sic
3260 1223 3313 1277 in
3343 1222 3489 1278 editis
3516 1231 3614 1293 post
3635 1239 3716 1294 cap.

2208 1311 2311 1366 “6
2328 1313 2495 1384 (nobis
2517 1313 2660 1382 150),
2689 1314 2740 1368 in
2765 1330 2865 1370 ins.
2893 1330 3038 1382 αλιι,
3069 1314 3211 1386 quod
3234 1325 3316 1370 est
3343 1315 3405 1371 de
3421 1316 3632 1369 uxoribus
3653 1316 3722 1370 So-

2208 1405 2450 1472 lomonis,
2479 1406 2722 1462 succedit
2748 1422 2872 1478 cap.
2917 1406 3019 1463 147
3048 1408 3219 1480 (nobis
3248 1408 3401 1479 152),
3430 1408 3489 1464 de
3513 1409 3724 1481 spiramine

2207 1498 2345 1566 quod
2372 1497 2536 1550 Adam
2557 1499 2787 1569 accepit;
2809 1507 2864 1554 at
2886 1499 2938 1554 in
2967 1515 3070 1555 ms.
3097 1501 3442 1556 interseritur
3461 1518 3509 1556 ιι.
3545 1517 3628 1557 cxx
3650 1500 3726 1555 lu:-

2210 1589 2346 1645 resis
2375 1589 2443 1646 de
2464 1591 2901 1664 cultrislapideis
2941 1605 2996 1648 et
3025 1594 3440 1650 circumcisione
3458 1594 3724 1661 ludaorutu;

2210 1693 2372 1754 prout
2402 1683 2564 1740 etiam
2585 1700 2706 1756 cap.
2740 1685 2842 1741 148
2865 1684 3032 1758 (nobis
3057 1685 3203 1758 155),
3227 1688 3319 1742 ubi
3339 1688 3389 1743 in
3408 1687 3552 1744 editis
3571 1687 3729 1757 ponitur

499 1779 633 1847 pita,
663 1792 730 1832 ex
754 1777 953 1849 quibus
981 1778 1301 1834 Philastrius
1330 1780 1523 1835 librttm
1555 1781 1618 1834 de
1649 1779 1949 1836 Iliensibus
1974 1793 2108 1834 con-
2139 1781 2183 1844 Β
2213 1775 2434 1831 haeresis
2464 1776 2532 1832 de
2576 1777 2810 1848 funiculo
2851 1780 3111 1834 mensorio
3149 1780 3202 1833 in
3234 1778 3485 1834 Zacharia
3514 1777 3730 1847 Propheta,

497 1873 853 1938 cinnaverat;
885 1872 1028 1944 quod
1073 1873 1292 1944 quidem
1331 1874 1685 1929 confirmatur
1723 1875 1886 1929 etiam
1928 1889 1994 1931 ex
2041 1890 2107 1931 eo

495 1965 641 2037 quod
669 1964 948 2036 Catalogus
973 1983 1150 2021 eorum
1169 1968 1260 2036 qui
1282 1976 1402 2021 ante
1429 1967 1704 2022 adventura
1729 1967 1922 2021 Christi
1945 1967 2108 2022 luere-

496 2077 612 2116 seos
652 2071 966 2132 arguuntur,
1013 2077 1042 2115 a
1089 2060 1383 2117 Philastrio
1431 2052 1587 2116 initio
1637 2061 1829 2132 Operis
1873 2061 2109 2116 colloca-

497 2165 620 2221 tus,
653 2171 717 2211 ac
758 2156 1016 2211 desinens
1069 2157 1121 2210 in
1171 2155 1516 2220 lierodianis,
1574 2155 1761 2225 viginti
1803 2162 1929 2210 octo
1959 2154 2108 2224 capi—

498 2247 675 2311 tibus,
732 2260 829 2302 seu
889 2246 1191 2302 hmresibus
1243 2255 1496 2314 constet,
1545 2254 1603 2301 ut
1637 2247 1798 2301 etiam
1857 2247 2109 2314 Augusti-

497 2353 604 2394 nus
640 2337 904 2404 alllrmat;
933 2339 1158 2411 reliqua:
1186 2354 1316 2394 vero
1349 2339 1588 2395 [itereses
1617 2347 1728 2395 tum
1761 2350 1880 2410 post
1905 2339 2107 2396 Christi

497 2434 815 2498 adventum,
846 2447 958 2487 tum
987 2433 1150 2488 etiam
1177 2448 1298 2504 qua:
1327 2433 1429 2488 sub
1451 2433 1730 2504 Apostolls
1757 2434 2104 2502 exstiterunt,

496 2537 855 2583 numerentur
875 2527 929 2582 in
951 2527 1113 2583 editis
1133 2537 1356 2584 centum
1376 2528 1658 2584 dumtaxat
1677 2539 1733 2586 et
1750 2529 1936 2600 viginti
1960 2529 2104 2598 dure,

495 2633 618 2674 cum
653 2628 834 2675 tamen
867 2621 1171 2691 Augustino
1207 2621 1456 2676 dicantur
1482 2631 1700 2676 centum
1734 2622 1925 2693 viginti
1957 2630 2104 2690 octo,

497 2715 588 2784 qui
621 2714 866 2783 profecto
892 2729 1156 2770 numerus
1182 2715 1462 2786 reponitur
1487 2715 1555 2769 ab
1581 2715 1776 2770 eodem
1801 2715 2106 2786 Augustino

495 2807 664 2862 etiam
697 2822 818 2877 cap.
849 2809 913 2862 41
953 2807 1075 2863 libri
1117 2823 1212 2862 seu
1245 2809 1476 2880 catalogi
1508 2824 1667 2880 quem
1697 2809 1765 2864 de
1796 2809 2106 2866 llaeresibus

497 2901 847 2970 conscripsit.
895 2903 1198 2972 Augustino
1245 2903 1594 2957 consentiunt
1639 2903 1974 2970 posteriores
2016 2903 2104 2972 qui

498 2991 846 3048 Philastriani
877 2994 1072 3064 Operis
1104 2997 1468 3052 meminerunt
1501 3013 1514 3048 :
1554 3005 1744 3051 auctor
1774 2998 2106 3068 Appendicis

496 3085 563 3140 ad
606 3086 936 3142 lltlel'onsutn
968 3088 1036 3143 de
1066 3089 1439 3158 Scriptoribus
1461 3089 1862 3144 Eeclesiastieis
1891 3105 2010 3160 cap.
2047 3093 2103 3159 5,

2209 1887 2330 1942 qua:
2362 1872 2414 1926 iit
2448 1887 2549 1927 ms.
2582 1873 2813 1928 habetur
2840 1889 2893 1928 ιι.
2921 1888 3095 1939 cxxn,
3126 1872 3270 1928 idem
3307 1889 3410 1928 ms.
3435 1873 3673 1929 codexsub
3695 1889 3732 1925 ιι.

2210 1981 2375 2022 cxxttt
2389 1967 2778 2038 subjicitaliam
2793 1969 3047 2023 hmresim
3062 1967 3130 2022 de
3145 1968 3338 2022 avibus
3353 1967 3481 2022 Elite
3495 1967 3734 2022 ministran-

2212 2060 2377 2125 tibus;
2397 2060 2595 2130 quibus
2614 2061 3009 2131 supplementis
3023 2061 3269 2116 delcctus
3308 2076 3400 2117 sex
3421 2062 3628 2132 capitum
3647 2059 3737 2112 Ριιί-

2211 2150 2456 2206 lastriani
2480 2151 2676 2223 Operis
2703 2152 2920 2224 penitus
2937 2153 3336 2218 restituitur,ac
3359 2153 3569 2225 proinde
3590 2149 3740 2205 bcneli-

2209 2246 2297 2300 cio
2340 2247 2684 2302 Corbeiensis
2713 2246 2942 2314 codicis,
2973 2247 3326 2303 Philastrium
3373 2247 3610 2302 hactenus
3633 2259 3740 2298 man-

2209 2354 2330 2395 cum
2349 2352 2402 2396 et
2418 2341 2486 2395 im
2496 2341 2817 2411 perlectum,
2840 2341 3110 2412 integrum
3123 2357 3186 2396 ac
3203 2340 3504 2411 perlectum
3519 2339 3739 2394 habemus.

2279 2432 2371 2488 25.
2413 2432 2681 2501 Quoniam
2709 2449 2840 2490 vero
2868 2433 2936 2489 de
2967 2433 3033 2490 iis
3063 2450 3184 2505 qua:
3214 2434 3269 2488 in
3313 2449 3411 2490 sex
3449 2433 3556 2488 istis
3582 2431 3742 2487 Philas-

2208 2525 2403 2582 trianis
2431 2527 2698 2596 capitibus
2732 2537 3131 2598 proponuntur,
3164 2543 3341 2599 pauca
3371 2525 3662 2592 admodum,
3684 2523 3742 2577 vel

2210 2618 2341 2674 nihil
2373 2621 2594 2675 omnino
2624 2619 2989 2676 delihavimus
3019 2621 3073 2675 iit
3106 2619 3404 2692 Spicilegio
3432 2630 3618 2681 nostro,
3640 2613 3744 2687 quod

2209 2711 2544 2767 variantibus
2589 2712 2912 2768 lectionibus
2949 2712 3308 2768 Corbeiensis
3349 2728 3452 2769 ms.
3490 2710 3743 2781 subjicitur;

2208 2821 2317 2861 non
2359 2807 2462 2861 erit
2492 2818 2621 2876 pttto
2661 2807 3083 2878 inopportunutn
3115 2807 3380 2862 nonnulla
3407 2807 3494 2862 hic
3520 2812 3746 2864 annotarc,

2207 2913 2329 2969 quae
2358 2908 2469 2953 tum
2503 2899 2637 2969 ipsis
2665 2900 2934 2970 capitibus
2977 2898 3241 2969 majorem
3280 2901 3462 2960 lucem
3494 2896 3744 2958 aﬂ‘undant,

2209 3000 2322 3046 tum
2354 2992 2518 3046 etiam
2562 2991 2838 3048 Philastrii
2879 3007 3139 3060 sensum,
3181 2993 3250 3049 de
3293 2994 3362 3049 iis
3391 3008 3509 3064 qua:
3535 2987 3749 3046 tunelor-

2208 3092 2354 3140 tasse
2383 3085 2553 3156 magis
2583 3085 2906 3142 obtinebant
2935 3086 3244 3151 sententiis,
3277 3086 3522 3156 aperiant
3545 3091 3592 3138 et
3636 3089 3749 3151 pale-

494 3177 589 3245 qui
630 3180 746 3234 ait:
780 3179 1101 3235 Philastrius
1125 3179 1414 3235 Brixiensis
1439 3183 1712 3251 episcopus
1736 3181 1897 3236 edidit
1920 3183 2107 3237 librum
2133 3175 2178 3236 C
2211 3177 2432 3233 faciant.
2460 3178 2630 3248 Igitur
2659 3181 2714 3234 in
2745 3195 2846 3235 ms.
2877 3179 3193 3235 Corbeiensi
3218 3219 3232 3244 ,
3265 3195 3326 3234 ιι.
3355 3194 3556 3238 ιιιιίι,
3587 3174 3750 3246 ponitur

496 3269 567 3325 de
597 3270 927 3338 Hmresibtts,
956 3274 1192 3342 singulas
1218 3289 1445 3343 quasque
1473 3274 1827 3328 demonstrans
1856 3275 1962 3329 sive
1987 3292 2104 3344 qua:

494 3363 552 3417 in
600 3364 793 3434 papulo
825 3362 1128 3418 Iudaeorum
1167 3366 1285 3418 ante
1326 3365 1743 3420 lucarnationem
1771 3364 1965 3421 Christi
1993 3369 2105 3436 [ue-

497 3467 647 3526 runt,
683 3475 811 3529 quas
845 3459 1026 3529 viginti
1053 3469 1166 3514 octo
1193 3470 1456 3514 enumerat
1493 3477 1511 3514 :
1545 3462 1649 3516 sive
1688 3478 1803 3532 qua:
1846 3471 1960 3532 post
1991 3459 2103 3516 Do-

497 3553 624 3606 mini
668 3553 954 3607 Saluatoris
999 3553 1273 3608 adoentum
1317 3556 1563 3610 adversus
1600 3557 1905 3612 catholicam
1946 3558 2104 3626 ﬁdem

493 3657 688 3701 exorta:
715 3655 862 3713 sunt,
900 3664 1030 3718 quas
1067 3659 1272 3702 centum
1312 3649 1492 3722 viginti
1531 3660 1644 3704 octo
1687 3667 1794 3704 esse
1831 3651 2104 3719 describit;

493 3739 734 3810 itemque
761 3738 1003 3795 Joannes
1033 3739 1365 3796 'l‘rithemius
1390 3742 1456 3798 de
1489 3742 1858 3813 Scriptoribus
1889 3743 2100 3800 Eceles.

492 3847 615 3903 cap.
651 3832 751 3900 84,
782 3834 870 3890 ubi
911 3835 980 3889 de
1020 3834 1310 3891 Pliilastrio
1340 3837 1569 3906 loquens
1603 3855 1614 3890 :
1653 3835 1861 3904 Fertur,
1895 3839 2102 3908 inquit,

491 3925 637 3980 beato
667 3927 948 3997 Augustino
973 3937 1213 3994 testante,
1239 3931 1353 4001 ejus
1381 3930 1584 3998 insigne
1609 3928 1753 3998 Opus
1779 3933 1917 4000 quod
1939 3931 2106 4000 scrip-

490 4021 557 4074 sit
587 4022 652 4074 de
688 4031 889 4076 centum
919 4023 1295 4095 quinquaginta
1324 4040 1414 4077 sea:
1452 4023 1756 4078 lueresibus.
1788 4023 1873 4079 Cl.
1916 4024 2102 4079 Fabri-

489 4115 612 4169 cius
639 4115 692 4169 in
721 4115 1073 4170 Testimoniis
1113 4117 1180 4171 de
1219 4117 1543 4185 Philastrio,
1577 4118 1666 4175 ubi
1696 4119 1984 4188 Augustini
2020 4119 2101 4174 lo-

490 4219 614 4260 cum
649 4206 894 4275 protulit,
921 4221 985 4261 ex
1007 4223 1117 4278 quo
1147 4224 1407 4264 numerus
1436 4209 1717 4264 haereseon
1745 4225 1866 4280 qttre
1908 4225 1937 4264 a
1976 4210 2105 4265 Plii-

489 4297 680 4353 lastrio
718 4310 1098 4367 recensentur,
1128 4303 1430 4372 colligitur,
1461 4303 1762 4359 desiderari
1793 4319 1893 4360 sex
1925 4306 2102 4374 capita

488 4390 960 4459 animadverteris,
993 4395 1228 4463 conjecit
1257 4410 1320 4450 ea
1357 4404 1636 4465 postremo
1664 4395 1860 4466 Operis
1892 4396 2105 4452 Philas-

490 4482 652 4538 triani
696 4487 818 4540 loco
847 4485 1041 4542 deesse
1070 4503 1083 4539 ε
1115 4484 1374 4542 Credibile
1402 4497 1475 4541 est
1501 4487 1671 4559 capita
1698 4499 1955 4558 postrema
1985 4491 2102 4546 libri

2205 3270 2429 3327 bzeresis
2467 3272 2534 3327 de
2575 3274 2680 3328 line
2719 3272 2906 3328 mundi
2956 3281 3012 3328 et
3054 3273 3528 3328 consummatione
3578 3265 3748 3326 seculi.

2204 3381 2310 3436 qua
2356 3366 2603 3421 nonnulli
2660 3366 3016 3422 autumabant
3045 3375 3343 3436 temporum
3401 3363 3750 3435 deﬁnitionemo

2206 3458 2318 3514 Deo
2347 3459 2554 3514 Christo
2587 3461 2860 3516 Saluatore
2887 3462 3049 3533 fuisse
3076 3469 3347 3515 statutam.
3386 3459 3460 3514 At
3493 3454 3751 3512 l’hilastrius

2207 3553 2458 3623 rejiciens
2503 3554 2832 3609 sententiam
2880 3555 3076 3620 istam,
3119 3568 3240 3625 qua:
3282 3563 3497 3609 certum
3540 3560 3751 3605 annorum

2208 3659 2494 3700 numerum
2532 3645 3049 3713 consummationis,
3093 3654 3147 3700 et
3189 3661 3292 3699 non
3326 3648 3471 3718 plus,
3501 3662 3592 3699 non
3625 3641 3752 3693 minus

2207 3736 2446 3792 futurum
2479 3739 2822 3807 Opiuahatur,
2854 3737 2932 3792 ait
2955 3739 3092 3808 quod
3120 3738 3392 3809 propheta:
3421 3738 3628 3806 undique
3654 3747 3753 3785 mm-

2207 3831 2440 3886 tiaverint
2462 3833 2597 3886 circa
2619 3831 2723 3888 500
2743 3849 2934 3886 annum
2954 3831 3068 3900 ﬁeri
3091 3832 3582 3885 consummationem
3600 3822 3752 3884 circuli.

2207 3935 2255 3979 et
2280 3926 2355 3978 sic
2381 3923 2658 3979 Dominum
2688 3925 2752 3979 de
2784 3925 2921 3979 (telis
2950 3926 3137 3978 iterum
3169 3924 3438 3979 advenire.
3476 3923 3589 3977 Hice
3617 3926 3755 3972 autem

2208 4015 2483 4071 Philastrii
2513 4015 2782 4072 sententia
2809 4031 2878 4071 eo
2902 4015 3167 4087 principio
3199 4016 3502 4081 nitebatur,
3526 4011 3651 4084 quod
3674 4006 3756 4076 pri-

2207 4107 2310 4162 mis
2357 4108 2614 4163 Ecclesia:
2661 4108 2878 4162 smculis
2923 4107 3175 4162 omnibus
3225 4105 3344 4163 fere
3402 4105 3635 4162 Patribus
3669 4106 3758 4154 erat

2206 4216 2530 4267 commune;
2577 4203 2834 4257 mundum
2872 4203 3082 4258 scilicet
3121 4218 3219 4258 sex
3264 4203 3508 4258 millibus
3543 4209 3757 4253 annorum

2205 4310 2236 4350 a
2276 4295 2554 4351 creatione
2589 4294 3076 4350 consummandum
3119 4309 3242 4350 esse
3265 4337 3280 4360 ,
3311 4295 3382 4350 de
3418 4307 3526 4365 quo
3565 4284 3760 4361 Epistola

2207 4386 2470 4443 Barnabn:
2503 4389 2723 4444 nomine
2766 4389 3024 4459 inscripta
3066 4403 3186 4458 cap.
3221 4387 3310 4453 15,
3341 4388 3579 4444 [renatus
3603 4383 3762 4438 adver-

2205 4497 2300 4539 sus
2331 4481 2568 4539 hmreses
2597 4483 2690 4539 lib.
2721 4499 2753 4535 v
2783 4497 2902 4552 cap.
2932 4483 3026 4548 28,
3059 4482 3376 4538 Lactantius
3406 4482 3500 4537 lib.
3524 4495 3590 4535 vn
3619 4473 3760 4532 Divin.

492 4574 773 4632 Philastrii
795 4619 812 4645 ,
844 4579 896 4632 in
924 4594 1027 4648 quo
1056 4578 1263 4634 nullum
1296 4579 1543 4634 clausula:
1571 4581 1858 4653 vestigium,
1893 4585 2102 4639 interci-
2128 4575 2181 4636 D
2205 4575 2380 4631 lnStit.
2434 4591 2554 4646 cap.
2605 4575 2671 4630 14
2713 4585 2768 4630 et
2811 4575 2902 4638 25,
2949 4574 3289 4631 Gaudentius
3334 4583 3538 4639 noster,
3575 4570 3761 4638 aliique.

489 4671 647 4724 disse.
672 4672 743 4726 At
784 4688 972 4742 parum
997 4673 1226 4728 feliciter
1241 4672 1680 4728 clarissimoviro
1701 4676 1864 4731 cessit
1884 4677 2100 4746 conjec-

493 4775 616 4820 tura
647 4782 764 4831 sua,
787 4783 909 4822 nam
934 4768 987 4824 in
1012 4767 1329 4823 Corbeiensi
1360 4784 1488 4835 ms.,
1511 4785 1540 4825 a
1565 4786 1672 4842 quo
1697 4771 1941 4830 delectus
1965 4774 2100 4830 isto-

490 4871 610 4911 rum
665 4873 760 4913 sex
807 4859 1044 4928 capitum
1085 4859 1304 4930 egregie
1341 4861 1646 4932 suppletur,
1683 4863 1872 4920 eadem
1922 4865 2099 4935 capita

488 4951 657 5004 variis
689 4951 744 5005 in
777 4951 934 5014 locis,
964 4952 1310 5023 diversisque
1339 4957 1440 5010 sub
1467 4959 1706 5012 numeris
1735 4959 2092 5015 collocantur.

492 5043 649 5098 Enim
670 5057 802 5098 vero
825 5053 943 5112 post
966 5059 1086 5114 cap.
1109 5045 1214 5100 106
1235 5046 1365 5102 edit.
1386 5048 1834 5118 Hamburgensls,
1855 5053 2094 5107 utetiam

493 5144 692 5189 nostra:
715 5177 730 5202 ,
762 5135 908 5205 quod
942 5137 993 5190 in
1026 5153 1126 5193 ms.
1161 5149 1379 5196 notatur
1408 5159 1462 5198 ιι.
1496 5159 1680 5198 ιιινιι
1703 5186 1717 5209 ,
1746 5144 1832 5199 ubi
1878 5146 2097 5216 ponitur

493 5224 722 5280 hzeresis
742 5227 806 5281 de
826 5229 976 5283 annis
1001 5229 1211 5297 Christi,
1231 5243 1279 5288 et
1305 5244 1529 5305 tempore
1555 5235 1829 5305 dubitans;
1851 5240 2101 5310 sequitur

492 5314 546 5372 in
579 5316 773 5372 eodem
807 5334 935 5388 ms.,
968 5324 1202 5394 repetito
1232 5327 1424 5382 eodem
1465 5344 1694 5384 numero
1737 5347 1951 5398 Lxxvn,
1990 5332 2096 5386 alia

495 5408 718 5465 hmresis
732 5410 800 5467 de
825 5411 932 5470 line
953 5415 1166 5488 mundi,
1185 5430 1239 5474 et
1257 5424 1729 5479 consummatione
1743 5424 1950 5487 saeculi.
1974 5440 2098 5494 quae

493 5517 548 5558 tn
562 5501 724 5558 editis
748 5504 922 5572 deest;
941 5509 1141 5567 deinde
1156 5523 1410 5585 postcap.
1429 5516 1712 5590 ll2(nobis
1736 5516 1878 5590 ll'5),
1912 5517 1964 5574 in
1988 5533 2096 5588 quo

493 5607 578 5654 est
604 5595 832 5659 haeresis
861 5604 924 5658 de
947 5615 1142 5676 septem
1173 5611 1426 5680 planetis,
1455 5620 1782 5685 notaturque
1812 5612 1865 5669 in
1897 5627 2000 5670 ms.
2035 5629 2091 5669 n.

569 5796 646 5871 (a)
684 5792 841 5856 To‘m.
872 5780 939 5857 Vl
967 5799 1105 5875 Opp.
1138 5806 1243 5862 col.
1278 5807 1329 5862 6.

2206 4670 2342 4726 Cum
2372 4681 2551 4725 autem
2593 4685 2659 4724 ex
2704 4670 3086 4741 supputatione
3114 4684 3233 4739 qua:
3275 4665 3635 4723 communiter
3665 4672 3764 4716 tunc

2207 4768 2507 4832 obtinebat,
2538 4783 2568 4822 ιι
2597 4767 2776 4822 Mundi
2801 4769 3078 4823 creatione
3105 4768 3172 4822 ad
3201 4767 3482 4823 Christum
3509 4764 3666 4836 elapsi
3691 4777 3766 4831 ptt-

2207 4868 2454 4916 tarentur
2481 4861 2716 4930 quinque
2747 4861 2895 4915 mille
2937 4870 2992 4916 et
3021 4859 3252 4929 amplius
3277 4861 3410 4915 anni
3433 4903 3450 4928 ,
3489 4858 3608 4913 hinc
3635 4851 3766 4910 ﬁebat

2206 4959 2267 5007 ut
2300 4954 2695 5008 consummatio
2729 4953 2944 5016 saeculi,
2979 4963 3035 5008 et
3067 4951 3270 5008 Christi
3308 4952 3510 5008 iterum
3539 4952 3604 5006 de
3640 4944 3765 5002 ctelis

2204 5047 2488 5110 adventus,
2518 5061 2624 5102 non
2654 5046 2817 5118 longo
2841 5048 3103 5116 temporis
3133 5046 3424 5102 intervallo
3449 5043 3768 5102 crederentur

2203 5139 2430 5196 distare.
2455 5140 2594 5208 Quin
2623 5141 2785 5196 etiam
2811 5141 3131 5212 Hippolytus
3154 5148 3379 5211 martyr,
3412 5140 3632 5194 testibus
3655 5135 3763 5191 Phn-

2201 5233 2278 5290 tio
2319 5235 2440 5290 cod.
2470 5233 2579 5289 202
2608 5245 2661 5291 et
2704 5232 2962 5306 Syncello
2995 5251 3047 5304 p.
3075 5234 3217 5303 515,
3258 5233 3591 5288 existimavit
3614 5228 3770 5285 Chris-

2200 5335 2313 5382 tum
2360 5336 2544 5382 natum
2597 5329 2819 5383 ineunte
2859 5342 3005 5382 anno
3040 5325 3173 5382 5501
3223 5341 3252 5380 a
3298 5325 3508 5382 mundo
3548 5321 3766 5382 condito;

2194 5421 2459 5494 judicium
2482 5437 2612 5478 vero
2643 5422 2882 5478 futurum
2912 5421 3020 5479 500
3045 5423 3202 5478 annis
3227 5430 3348 5492 post
3372 5419 3575 5476 Christi
3597 5427 3766 5477 ortum,

2198 5517 2343 5588 quod
2371 5517 2481 5572 fere
2505 5517 2758 5572 convenit
2782 5513 2906 5572 cum
2936 5515 3212 5570 Philastrii
3239 5514 3539 5570 sententia.
3563 5512 3771 5568 Fuerunt

2197 5610 2296 5681 qui
2327 5623 2608 5666 numerum
2639 5606 2746 5665 500
2773 5622 3064 5676 annorum,
3091 5622 3200 5678 quo
3229 5603 3420 5665 mundi
3451 5614 3768 5662 consumma-
