3716 6322
11 296 31 352 I
1147 304 1203 358 P.
1256 303 1608 362 GALEARDI
1649 303 2044 368 PREFATIO.

3073 319 3097 376 1
3108 319 3216 378 090

18 421 80 466 ct
113 411 324 468 Christi
356 413 548 470 iterum
577 415 646 472 de
671 415 825 473 caelis
854 417 1122 476 adventus
1153 421 1365 480 futurus
1396 433 1507 479 sta-
1532 427 1580 486 Α
1610 429 1900 500 ἐπιθυμίαις
1938 432 1963 486 ὁ
1997 440 2154 495 παῖς,
2185 433 2423 487 seductus
2462 433 2563 504 fuit
2603 450 2634 488 a
2669 433 3036 507 cupiditatibus
3068 454 3218 507 puer;

15 516 175 572 atur,
208 518 334 577 post
363 519 577 564 sextum
609 511 970 568 millenarium
997 517 1324 585 completum
1353 533 1512 589 repo-

11 611 112 666 :nt,
146 613 203 657 et
242 602 324 657 sic
352 618 497 658 anno
524 619 554 659 a
582 607 859 663 creatione
896 608 1082 664 mundi
1113 618 1270 664 sexto
1298 619 1353 665 et
1383 611 1508 666 mil-

11 710 123 759 no,
156 695 493 765 quingentos
539 696 638 752 hos
683 713 858 755 annos
901 700 1206 768 adderent;
1252 712 1309 757 ut
1347 702 1509 760 docet

17 788 201 844 terius
231 789 304 844 ad
337 789 634 860 Epistolam
664 792 926 850 Barnabze
955 810 1010 866 p.
1039 794 1132 861 44,
1171 805 1352 852 utrum
1375 812 1508 854 vero

11 885 223 938 astrius
252 881 418 939 fuerit
447 883 500 938 in
535 885 737 954 priori,
762 901 830 942 an
859 886 910 942 in
937 890 1225 958 posteriori
1255 890 1353 947 hac
1381 907 1508 948 sen-

19 992 55 1028 a
102 991 218 1030 non
272 977 408 1031 satis
456 977 644 1048 liquet.
695 977 920 1034 Videndi
970 995 1135 1049 porro
1171 979 1506 1052 Augustinus

11 1082 138 1122 tvttt
161 1067 236 1122 de
251 1067 370 1122 Civ.
391 1083 510 1138 cap.
527 1068 618 1135 55,
637 1066 943 1124 Cotelerius
963 1070 1032 1125 ad
1058 1072 1352 1142 Epistolam
1375 1074 1509 1128 Bar-

11 1178 41 1216 e
88 1177 145 1232 p.
182 1159 280 1230 44,
325 1161 416 1217 ubi
452 1161 620 1216 alium
667 1163 833 1218 etiam
877 1162 1154 1219 Philastrii
1185 1164 1364 1221 locum
1402 1182 1502 1222 ex-

11 1256 98 1322 lit,
127 1255 223 1325 qui
257 1269 382 1326 cap.
410 1255 512 1311 l06
539 1256 614 1310 ait
663 1255 778 1311 falli
807 1270 900 1312 eos
923 1257 1013 1327 qui
1047 1267 1240 1327 putant
1268 1273 1298 1312 a
1329 1258 1505 1329 primo

15 1349 94 1403 sti
125 1348 375 1403 adventu
403 1348 470 1402 ad
501 1347 825 1416 secundum,
857 1348 910 1403 id
937 1359 1022 1405 est
1063 1349 1130 1405 ad
1158 1364 1505 1406 consumma-

11 1455 92 1496 :m
121 1440 316 1496 szeculi
340 1482 354 1506 ,
389 1447 666 1498 trecentos
706 1441 987 1512 sexaginta
1028 1441 1266 1514 quinque
1307 1458 1498 1512 annos,

11 1536 152 1602 plus,
179 1551 277 1590 nec
302 1537 495 1602 minus,
513 1536 713 1592 debere
737 1536 1050 1601 numerari;
1085 1538 1335 1593 Clemens
1375 1537 1501 1594 item

12 1633 300 1687 .andrinus
330 1631 463 1688 edit.
497 1632 703 1688 Potteri
742 1649 794 1703 p.
825 1631 950 1698 407,
992 1633 1046 1686 in
1075 1632 1220 1687 nmis
1248 1633 1503 1688 collecta-

42 1725 112 1780 ad
153 1725 255 1780 lib.
295 1741 313 1780 t
357 1723 560 1781 Strom.
599 1740 720 1794 cap.
765 1724 858 1790 21,
903 1732 960 1779 et
998 1723 1393 1779 Feuardentius
1433 1723 1501 1780 ad

1612 519 1852 592 itemque
1889 524 2224 595 Theophilus
2256 525 2628 584 Antiochenus
2670 529 2762 585 lib.
2805 545 2842 584 tt
2884 532 2952 586 ad
2992 531 3221 600 Autoly-

1609 626 1733 668 cnm
1767 631 1819 684 p.
1853 616 1982 683 514,
2016 617 2070 671 in
2107 618 2413 685 Orthodox,
2445 620 2668 688 dicens,
2703 622 2846 692 quod
2891 623 3013 679 ideo
3044 623 3216 678 Adam

1608 703 1759 776 ligno
1796 708 2219 782 scientiaaivesci
2268 712 2607 783 nequiverit,
2649 713 2774 784 quia
2813 713 2889 771 ἔτι
2929 719 3107 777 νήπιος
3136 713 3215 780 ἦν,

1609 799 1781 852 adhuc
1807 801 2014 872 infans,
2044 818 2134 857 seu
2170 820 2298 874 puer
2331 815 2461 860 erat.
2495 805 2578 862 Ad
2608 805 2662 862 id
2699 807 2843 878 quod
2875 809 3122 880 sequitur
3146 809 3218 865 de

1609 894 1878 948 sententia
1931 903 1989 950 et
2019 895 2229 964 judicio
2262 897 2506 966 diaboli,
2549 915 2657 970 quo
2694 900 2909 957 videtur
2935 902 3217 958 insinuare

1609 984 1952 1053 Philastrius,
1983 987 2202 1045 diabolo
2243 999 2364 1061 post
2406 992 2620 1063 lapsum
2650 996 2989 1064 paenitentiae
3032 998 3212 1053 lorum

1609 1081 1976 1151 superfuisse;
2007 1084 2238 1141 fortasse
2269 1086 2525 1143 collineat
2552 1088 2678 1144 trita
2706 1088 2798 1144 illa
2826 1099 3070 1147 veterum
3103 1107 3210 1146 non

1609 1176 1797 1246 paucis
1819 1177 2112 1246 sententia,
2136 1178 2410 1236 diabolum
2441 1182 2681 1239 nondum
2707 1183 3074 1242 damnationis
3099 1201 3215 1242 sum

1607 1266 1887 1337 accepisse
1917 1272 2268 1339 sententiam,
2303 1287 2480 1344 neque
2508 1276 2856 1346 sempiternis
2881 1278 3215 1334 cruciatibus

1605 1359 1904 1429 addictum,
1950 1363 2046 1419 sed
2088 1364 2142 1420 in
2183 1375 2439 1422 extremo
2468 1367 2674 1438 judicio
2705 1370 2756 1424 id
2789 1387 2910 1426 cum
2940 1387 3062 1428 esse
3089 1388 3214 1442 pas-

1605 1468 1830 1520 surum;
1859 1455 1994 1512 dicit
2021 1459 2168 1513 enim
2201 1459 2523 1516 Philastrius
2555 1479 2570 1515 :
2604 1459 2855 1519 Diabolus
2883 1481 2998 1519 cum
3027 1465 3213 1520 durior

1604 1547 1674 1601 ad
1713 1550 2059 1618 paenitentiam
2104 1552 2420 1622 pervidetur,
2454 1555 2705 1624 maiorem
2750 1558 2914 1626 futuri
2951 1557 3144 1627 judicii
3181 1575 3216 1612 a

1605 1640 1810 1696 Christo
1835 1641 2063 1699 Domino
2088 1646 2382 1702 servitutem
2405 1647 2676 1718 (fortasse
2701 1649 2987 1719 legendum
3025 1654 3213 1709 sevcri-

1604 1734 1781 1806 tatem)
1804 1747 2099 1809 exspectat;
2127 1738 2196 1794 de
2224 1756 2331 1810 quo
2360 1741 2627 1798 videndus
2656 1742 2958 1800 Massnetus
2994 1745 3060 1800 ad
3100 1747 3216 1802 Ire-

12 1834 158 1874 :num
196 1818 296 1873 lib.
327 1835 360 1872 v
387 1833 508 1889 cap.
538 1817 631 1884 28,
656 1817 788 1873 edit.
811 1816 1068 1872 Massueti
1101 1831 1153 1886 p.
1182 1815 1310 1883 199,
1336 1825 1394 1871 ιιι
1421 1817 1502 1872 iu-

1678 1842 1781 1881 :um
1831 1829 1924 1883 lib.
1956 1846 2010 1898 v,
2040 1845 2162 1902 cap.
2202 1831 2309 1900 26,
2343 1850 2398 1903 p.
2432 1834 2577 1900 324;
2622 1836 2862 1907 itemque
2900 1838 3121 1895 dissert.
3155 1840 3216 1908 5,

12 1920 160 1968 retes
187 1922 303 1966 tum
327 1921 561 1978 veteres,
588 1917 703 1964 tum
733 1909 1090 1976 recentiores,
1113 1909 1500 1976 transmittam,

32 2008 100 2062 ad
139 2023 269 2078 cap.
320 2023 444 2061 ntv
491 2005 731 2062 Mattlnei
769 2021 913 2061 vers.
966 2005 1035 2061 56
1076 2013 1132 2060 et
1181 2005 1198 2060 l
1247 2003 1499 2060 Thessal.

41 2119 92 2168 ν,
117 2116 265 2158 vers.
289 2103 338 2168 l,
365 2101 472 2156 late
497 2101 549 2156 in
576 2100 678 2156 hoc
700 2106 1024 2171 argumento
1045 2099 1331 2168 exspatiati
1352 2106 1500 2152 sunt.

11 2196 57 2251 ι.
99 2196 186 2252 Ad
220 2211 510 2251 numerum
548 2210 746 2250 Lxxxw
780 2195 834 2249 in
867 2208 971 2250 ms.
1005 2193 1323 2250 Corbeiensi
1351 2192 1505 2247 addi-

11 2291 236 2347 Heresis
263 2290 332 2346 de
359 2290 564 2362 duplici
605 2289 740 2356 Deo,
766 2304 927 2361 quam
959 2288 1146 2345 tribuit
1179 2288 1504 2345 Philastrius

11 2385 331 2450 llanicltceis,
390 2382 671 2450 Gnosticis,
705 2382 986 2438 Nicolaitis
1026 2390 1076 2438 et
1116 2382 1236 2437 aliis
1269 2381 1501 2452 perditis,

13 2480 68 2533 in
104 2481 252 2535 hunc
280 2494 523 2535 errorem
546 2479 930 2544 consentiunt,
955 2478 1184 2533 dicentes
1208 2477 1348 2548 quod
1373 2479 1506 2531 alter

11 2573 105 2627 Tem
131 2572 299 2627 bonus
318 2571 460 2627 Deus
481 2581 576 2640 est,
601 2572 732 2626 alter
753 2582 926 2627 autem
955 2571 1143 2626 malus.
1167 2570 1312 2626 Alibi
1339 2570 1504 2625 etiam

13 2669 225 2724 astrius
259 2666 330 2722 de
360 2666 462 2722 hoc
489 2681 679 2722 errore
712 2667 1040 2722 Manichaaos
1066 2666 1244 2736 arguit
1264 2706 1280 2731 ,
1310 2679 1506 2735 nempe

41 2761 139 2826 Gl,
173 2760 240 2815 ad
268 2775 428 2831 quem
458 2760 639 2816 locum
669 2760 928 2815 nonnulla
958 2759 1257 2831 adiecimus
1287 2761 1341 2815 in
1373 2759 1504 2830 Spi-

11 2855 137 2924 gio;
193 2857 356 2923 hujus
404 2861 584 2910 autem
640 2853 846 2910 erroris
897 2853 1052 2924 origo
1095 2852 1389 2909 ascribitur
1437 2853 1506 2908 ab

11 2964 91 3003 am
137 2946 427 3003 Pbilastrio
479 2961 600 3017 cap.
634 2947 704 3002 44
742 2955 798 3002 et
839 2946 944 3014 45,
981 2945 1216 3002 Cerdoni
1267 2956 1323 3003 et
1361 2948 1504 3002 Mar-

12 3042 34 3096 ιί
64 3040 337 3098 Cerdonis
357 3040 662 3111 discipulo;
692 3056 830 3112 quos
861 3041 930 3097 de
966 3041 1069 3096 hoc
1101 3055 1288 3096 errore
1321 3040 1508 3096 redar-

27 3143 145 3190 tum
160 3133 494 3206 Epiphanius
510 3142 644 3190 tom.
659 3133 704 3201 l,
717 3133 908 3205 p.300,
924 3134 1052 3199 505,
1068 3133 1160 3188 ubi
1179 3133 1506 3189 Marcionem

1605 1936 1728 1991 qua:
1771 1932 1855 1978 est
1896 1923 1965 1980 de
2013 1925 2202 1983 Irenazi
2247 1927 2497 1984 doctrina
2544 1938 2648 1984 art.
2683 1929 2747 1997 9,
2788 1947 2844 1986 ιι.
2896 1932 3024 2000 108,
3075 1933 3214 2001 109;

1606 2011 2005 2070 Feuardentius
2055 2016 2260 2073 Annot.
2314 2019 2382 2074 ad
2440 2020 2706 2076 lreuaaum
2762 2023 2895 2078 edit.
2957 2025 3222 2081 Massueti

1607 2120 1662 2174 p;
1698 2106 1758 2160 lt
1793 2116 1849 2162 et
1887 2109 2024 2176 198,
2059 2110 2136 2165 uti
2175 2111 2340 2167 etiam
2381 2112 2636 2171 Petavius
2682 2124 2814 2171 tom.
2854 2117 2923 2173 lll
2961 2118 3216 2191 Dogmat.

1605 2199 1868 2272 Theolog.
1909 2203 1946 2257 l.
1980 2220 2030 2272 ι,
2060 2204 2130 2261 de
2159 2206 2404 2278 Angelis,
2437 2224 2488 2264 c.
2515 2209 2549 2265 8
2580 2219 2636 2266 et
2663 2210 2702 2266 l.
2735 2227 2822 2278 tn,
2861 2227 2910 2268 ι’.
2941 2213 2996 2269 4.

1678 2293 1770 2349 25.
1812 2293 1944 2362 Quae
1973 2297 2041 2350 de
2066 2298 2312 2367 pelliceis
2345 2299 2548 2356 tunicis
2594 2300 2894 2372 primorum
2925 2314 3219 2376 parentum

1610 2386 1775 2442 tradit
1803 2387 2137 2447 Philastrius
2163 2409 2216 2447 ιι.
2251 2409 2493 2450 uxxvm
2512 2396 2725 2454 codicis
2753 2398 3130 2470 Corbeiensis,
3154 2419 3223 2460 ea

1608 2480 1836 2536 tendunt
1857 2481 1923 2537 ad
1953 2483 2315 2541 refellendam
2346 2488 2564 2544 illorum
2614 2489 2896 2559 haeresim,
2925 2494 3017 2562 qui
3047 2493 3225 2549 homi-

1607 2592 1723 2630 nem
1743 2580 1861 2649 jam
1892 2580 2152 2647 cltoicum,
2184 2587 2245 2635 ut
2270 2581 2345 2634 ait
2370 2580 2610 2638 lrenteus
2644 2583 2745 2656 (c),
2771 2585 2928 2641 idest
2949 2602 3018 2643 ex
3049 2597 3226 2645 mate-

1607 2667 1688 2722 ria
1715 2679 2058 2736 concretum,
2084 2687 2189 2725 non
2221 2683 2391 2727 tamen
2426 2673 2490 2727 ab
2519 2674 2616 2728 hac
2644 2676 2797 2729 arida
2844 2685 3006 2743 terra,
3037 2681 3127 2733 sed
3155 2679 3224 2734 ab

1593 2755 1856 2818 "invisibili
1877 2765 2162 2820 substantia
2181 2764 2412 2822 formam
2440 2769 2721 2838 accepisse
2741 2773 3034 2840 putabant;
3063 2772 3224 2830 dein-

1607 2855 1678 2913 de
1707 2857 1983 2913 carnalem
2016 2859 2364 2930 superﬁciem
2393 2874 2457 2916 ac
2479 2861 2797 2918 sensibilem
2826 2865 3080 2934 corporis
3111 2864 3220 2920 l'or-

1609 2967 1751 3005 mam
1785 2960 1912 3006 tunc
1938 2951 2202 3021 induisse,
2233 2968 2355 3009 cum
2381 2954 2435 3009 in
2458 2953 2660 3011 Genesi
2691 2951 2912 3027 legitur,
2941 2957 3086 3028 quod
3117 2958 3223 3013 Do-

1609 3042 1789 3097 minus
1817 3043 2077 3111 pelliceas
2109 3045 2320 3100 tunicas
2344 3045 2536 3116 primis
2561 3047 2881 3116 parentibus
2898 3047 3028 3104 fecit
3057 3047 3218 3122 (Gen.

1610 3150 1690 3202 ιιι,
1718 3135 1836 3206 21).
1861 3135 1976 3192 Hoc
2006 3145 2188 3194 autem
2221 3139 2444 3195 nomine
2473 3140 2843 3210 arguebantur
2874 3142 3224 3212 potissimum

25 3229 140 3284 duo
171 3235 377 3283 tantum
403 3225 803 3299 principia,sed
833 3226 932 3280 tria
951 3225 1300 3281 constituisse
1330 3227 1504 3281 anim-
1527 3227 1574 3291 C
1608 3226 2002 3295 Valentiniani,
2052 3239 2112 3284 ut
2156 3238 2376 3286 constat
2399 3247 2465 3287 ex
2497 3231 2842 3288 Tertulliano
2861 3235 3076 3291 advers.
3113 3236 3223 3292 Va-

11 3323 153 3389 ertit,
208 3321 351 3394 quod
405 3329 646 3376 notatum
677 3321 839 3378 etiam
869 3320 1070 3377 Grabio
1100 3319 1166 3375 ad
1211 3320 1498 3388 Irenaeum,

11 3434 46 3482 I,
76 3433 130 3472 c.
155 3415 247 3485 45,
275 3415 407 3472 edit.
432 3415 685 3470 Massueti
715 3429 770 3484 p.
801 3413 939 3480 Md;
969 3423 1080 3470 tum
1108 3421 1235 3468 ante
1266 3412 1502 3483 Epipha-

11 3527 44 3565 n
75 3509 334 3577 Irenacus,
368 3509 482 3580 ipse
513 3509 552 3564 Ι.
581 3524 628 3576 ι,
657 3523 708 3563 c.
738 3507 832 3573 27,
862 3507 1113 3564 eumdem
1143 3522 1384 3564 errorem
1415 3522 1502 3563 re-

17 3620 82 3660 ns
105 3646 119 3670 ,
151 3604 188 3658 l.
222 3618 314 3672 ιιι,
344 3619 394 3659 c.
432 3603 466 3660 9
495 3612 550 3659 et
576 3603 678 3671 45,
712 3604 878 3659 immo
916 3602 1032 3660 fere
1071 3611 1186 3657 toto
1215 3603 1252 3656 l.
1284 3619 1379 3670 ιιι,
1423 3603 1500 3658 uti

11 3708 162 3757 srvat
191 3699 580 3755 Feuardentius
617 3697 684 3753 ad
722 3697 820 3752 lib.
861 3713 879 3752 ι
924 3695 1113 3752 Irenzci
1150 3711 1201 3751 c.
1233 3695 1336 3762 29,
1367 3695 1499 3750 edit.

12 3793 161 3848 sueti
205 3808 256 3862 p.
289 3792 380 3859 77,
412 3805 477 3846 ac
516 3799 630 3846 toto
671 3789 763 3845 lib.
803 3805 878 3856 ιν,
911 3798 1070 3859 prout
1096 3788 1331 3844 advertit
1357 3788 1502 3842 Mas-

11 3897 90 3944 lus
115 3886 334 3942 dissert.
364 3888 422 3954 5,
451 3886 504 3941 in
533 3886 818 3950 Irenaeum,
852 3901 909 3940 ιι.
934 3884 1027 3951 55,
1058 3899 1113 3954 p.
1142 3899 1306 3938 cxxx.
1345 3881 1500 3950 Quod

11 3981 86 4036 dit
115 3979 438 4034 Philastrius
471 3996 484 4031 :
520 3977 643 4032 Non
669 3977 842 4045 itaque
875 3975 1110 4030 invidens
1141 3973 1284 4030 Deus
1313 3975 1503 4042 repulit

11 4090 100 4127 ἐιη
140 4079 374 4127 nostrum
401 4071 466 4125 de
493 4069 770 4142 paradiso,
803 4069 893 4123 sed
923 4070 1089 4139 magis
1118 4068 1284 4122 eidem
1311 4083 1501 4122 consu-

51 4167 105 4220 in
151 4179 309 4235 parvo
353 4163 586 4232 peccanti
624 4179 726 4216 non
757 4161 982 4232 pepercit
1012 4157 1120 4234 (a),
1154 4177 1218 4216 ne
1245 4160 1504 4231 parcendo

11 4263 212 4332 majora
253 4257 406 4311 etiam
446 4255 640 4309 crimen
679 4255 786 4308 alia
824 4254 982 4324 (lege
1011 4253 1079 4306 ad
1116 4255 1317 4326 majora
1357 4253 1505 4308 etiam

12 4352 168 4425 tina),
187 4351 434 4406 inveniret
463 4366 578 4404 eum
599 4349 884 4420 prodeunte
909 4357 1058 4403 aetate
1079 4349 1332 4420 ampliore
1357 4347 1506 4422 (sup-

20 4444 360 4518 processisse)
390 4454 665 4516 posteaque
702 4443 961 4497 criminali
994 4443 1189 4510 iudicio
1215 4459 1358 4497 reum
1395 4447 1508 4514 fac-

38 4539 262 4612 amplius
287 4537 652 4592 condemnaret
675 4577 692 4604 ,
735 4535 913 4591 simile
955 4543 1040 4590 est
1069 4535 1119 4591 ei
1159 4535 1302 4606 qttod
1343 4535 1508 4591 habet

1603 3321 1934 3380 lcntiniauos
1961 3338 2080 3393 cap.
2097 3323 2168 3378 24
2189 3343 2202 3378 :
2221 3323 2446 3380 Interim
2464 3327 2728 3382 carnalem
2748 3331 3079 3399 superﬁciem
3100 3349 3226 3400 pos-

1602 3428 1685 3471 tea
1715 3417 1860 3472 aiunt
1905 3417 2320 3490 (Valentiniani)
2352 3420 2534 3475 cltoico
2579 3431 2959 3492 supertextam,
3000 3434 3050 3481 et
3085 3429 3222 3481 lianc

1603 3525 1712 3564 esse
1736 3511 2004 3580 pelliceam
2035 3513 2262 3566 tunicam
2292 3512 2566 3568 obnoxiam
2613 3517 2812 3570 sensui.
2853 3516 2920 3572 Et
2952 3532 3075 3588 cap.
3094 3519 3126 3573 7
3153 3518 3226 3576 de

1606 3602 1920 3661 Resnrrect.
1970 3607 2197 3662 carnis:
2235 3605 2418 3677 Neque
2470 3609 2631 3677 enim,
2666 3620 2724 3664 ut
2765 3612 2980 3681 quidam
3021 3614 3226 3682 volunt,

1604 3697 1711 3751 illa:
1723 3697 1943 3762 pellicias
1966 3699 2178 3765 tunicte,
2199 3715 2328 3768 quas
2342 3699 2510 3754 Adam
2531 3711 2578 3756 et
2607 3699 2720 3756 Eva
2743 3705 3051 3772 paradisum
3077 3709 3225 3762 exuti

1604 3788 1885 3844 induerunt
1908 3831 1923 3856 ,
1951 3791 2079 3862 ipsa:
2107 3801 2259 3845 erunt
2285 3793 2457 3846 carnis
2487 3809 2552 3847 ea:
2580 3792 2703 3848 limo
2729 3798 3027 3866 reformatio
3049 3838 3064 3863 ,
3103 3815 3224 3855 cum

1606 3883 1876 3953 aliquanto
1915 3885 2061 3954 prius
2085 3895 2133 3938 et
2170 3885 2340 3939 Adam
2383 3885 2688 3942 substantia:
2735 3905 2844 3944 suae
2872 3890 3136 3946 traducem
3165 3894 3224 3949 in

1607 3978 1803 4048 femina
1816 3977 1936 4048 jam
1957 3994 2134 4043 carne,
2161 3982 2514 4051 recognouerit
2535 3997 2555 4036 :
2577 3981 2695 4038 Hoc
2725 3998 2870 4040 nunc
2898 3999 2960 4040 os
2982 4001 3050 4040 ex
3075 3988 3221 4043 ossi-

1608 4071 1710 4128 bus
1731 4071 1889 4138 meis;
1922 4078 1977 4127 et
2006 4087 2137 4128 caro
2169 4088 2238 4130 ex
2263 4087 2430 4130 carne
2458 4089 2581 4131 mea
2611 4074 2769 4146 (Gen.
2801 4092 2862 4146 ιι,
2884 4077 3001 4148 25),
3031 4089 3078 4133 et
3103 4079 3223 4150 ipsa

1609 4166 1857 4222 delibatio
1886 4168 2106 4222 masculi
2145 4168 2198 4223 in
2237 4169 2490 4238 feminam
2517 4186 2674 4225 carne
2699 4173 2939 4244 suppleta
2964 4174 3062 4241 sit,
3095 4174 3221 4229 limo

1609 4259 1797 4328 opinor
1825 4260 2140 4332 supplenda,
2168 4261 2214 4315 si
2235 4261 2404 4316 Adam
2430 4261 2604 4316 adhuc
2627 4263 2804 4318 limus.
2821 4263 2970 4332 Quas
2988 4266 3223 4335 pellicias

1611 4351 1816 4406 tunicas
1863 4353 2086 4409 vocavit
2139 4353 2514 4411 Tertullianus
2541 4396 2556 4422 ,
2610 4356 2954 4412 dermatinam
2994 4360 3223 4414 tunicam

1609 4443 1746 4499 dixit
1769 4444 2029 4512 Irenaeus,
2053 4445 2197 4502 hunc
2218 4446 2728 4506 Valentinianorum
2755 4464 3000 4506 errorem
3029 4467 3223 4508 recen-

1612 4536 1882 4609 sens(d)_:
1912 4537 2042 4594 Post
2074 4537 2650 4596 deindecircumdatam
2677 4541 2856 4596 dicunt
2889 4544 2938 4596 ei
2958 4541 3218 4599 dermati-

11 4672 23 4685 .
55 4631 184 4697 129,
214 4629 281 4685 de
316 4628 448 4686 Cain
482 4637 723 4698 peccato,
757 4627 847 4682 ubi
875 4626 1008 4682 dicit
1041 4642 1166 4682 eum
1196 4635 1506 4697 correptum
1535 4628 1591 4689 D
1615 4645 1738 4684 nam
1772 4630 2006 4686 tunicam
2034 4648 2048 4684 :
2079 4631 2215 4686 hanc
2240 4642 2414 4687 autem
2443 4633 2740 4689 sensibilem
2768 4651 2974 4691 carnem
2999 4651 3111 4690 esse
3131 4651 3220 4692 vo-

15 4723 201 4779 omino
223 4762 238 4788 ,
270 4729 322 4774 ut
364 4720 409 4775 si
449 4721 650 4791 fructus
692 4719 941 4774 bonorum
974 4733 1185 4791 aperum
1225 4718 1289 4772 de
1326 4729 1510 4774 caetero

11 4834 20 4868 l
61 4822 380 4886 sequeretur,
420 4813 773 4868 remissionem
816 4812 943 4866 tanti
990 4811 1195 4866 sceleris
1234 4820 1365 4866 esset
1399 4813 1511 4868 sine

11 4912 56 4965 io
103 4917 426 4979 accepturus.
470 4906 645 4964 Verba
695 4923 856 4978 porro
906 4907 997 4960 illa
1045 4905 1330 4977 prodeunte
1357 4917 1510 4963 celate

11 5005 179 5071 rliore,
203 5001 443 5058 indicare
469 5001 743 5066 videntur,
773 4999 1119 5054 Pltilastrium
1155 5002 1208 5056 in
1241 5016 1305 5056 ea
1337 4999 1506 5058 fuisse

12 5098 207 5165 tentia,
253 5111 374 5167 quae
419 5095 618 5151 asserit
665 5095 866 5164 primos
915 5103 1171 5164 parentes
1219 5096 1274 5151 in
1320 5096 1503 5152 adulta

19 5202 68 5247 te
120 5188 263 5244 haud
309 5197 563 5253 creatos;
624 5188 763 5241 hanc
814 5195 997 5242 autem
1049 5187 1215 5243 tradit
1266 5187 1506 5246 lrenmus

11 5299 65 5351 ιι,
102 5297 154 5339 c.
179 5282 271 5348 22,
302 5299 356 5336 ιι.
383 5283 440 5348 4,
471 5280 559 5337 cui
597 5279 727 5336 licet
755 5294 863 5335 non
902 5281 1101 5336 multos
1130 5284 1504 5352 patrocinatu-

45 5378 160 5432 lore
202 5375 510 5446 pronuntiet
553 5375 856 5430 Massuetus
898 5373 965 5430 ad
1005 5373 1151 5428 hunc
1189 5374 1380 5430 lrenazi
1429 5376 1508 5432 lo—

11 5483 36 5523 u
61 5468 161 5540 (b),
183 5481 299 5523 eam
330 5475 507 5522 tamen
531 5481 790 5538 expresse
812 5465 969 5522 docet
993 5464 1248 5522 Clemens
1269 5465 1507 5524 Alexan-

11 5577 100 5618 nus
125 5559 386 5632 Protrept.
415 5575 534 5630 cap.
560 5560 652 5626 11,
680 5560 771 5616 ubi
797 5558 865 5616 de
891 5559 1062 5617 Adam
1092 5560 1169 5615 ait
1199 5577 1213 5616 :
1245 5567 1505 5639 παρήγετο

13 5721 61 5790 a)
101 5719 380 5791 Similiter,
406 5717 484 5791 Ade
523 5718 984 5791 Adamloquitur
1028 5720 1264 5776 lrenaus
1306 5719 1346 5775 l.
1403 5735 1480 5788 ιιι,

11 5788 82 5866 id,
111 5809 165 5847 ιι.
197 5788 490 5866 6,711.222,
515 5791 648 5848 edit.
679 5788 955 5849 Massheti.
971 5835 996 5866 λ

11 5863 66 5935 ⁵(ι)
105 5865 230 5937 Pag.
255 5862 403 5927 219.}

1614 4723 1748 4778 lunt.
1783 4723 1971 4780 Sixtus
2001 4723 2265 4780 Senensis
2287 4725 2382 4780 lib.
2416 4740 2448 4779 ν
2470 4725 2733 4782 Bibliotlt.
2766 4737 2990 4796 sanctae,
3026 4738 3214 4785 annot.

1610 4816 1702 4884 55,
1732 4816 1900 4873 refert
1917 4831 2161 4872 errorem
2197 4815 2343 4872 hunc
2363 4832 2395 4872 a
2422 4817 2698 4874 Methodio
2727 4821 3022 4890 ascriptum
3048 4821 3217 4877 fuisse

1609 4908 1827 4981 Origeni
1853 4925 1868 4975 ;
1895 4909 2052 4981 quasi
2078 4909 2124 4965 is
2177 4910 2522 4967 existimaret
2547 4929 2656 4968 rem
2686 4913 2972 4968 admodum
3013 4913 3214 4970 ridicu-

1609 5005 1862 5072 lamesse,
1893 5003 2033 5076 quod
2079 5001 2224 5060 Deus
2267 5004 2544 5062 decoriatis
2600 5007 2818 5062 mortuis
2864 5007 3214 5066 animantibus

1611 5097 1774 5168 pelles
1800 5106 2031 5167 pararet,
2054 5107 2102 5151 et
2133 5097 2376 5167 pelliceas
2403 5097 2604 5152 tunicas
2630 5107 2922 5166 consueret,
2946 5117 3008 5153 ac
3027 5100 3072 5154 si
3088 5111 3214 5156 esset

1607 5190 1885 5256 cariorius,
1909 5189 1988 5244 uel
2019 5189 2236 5260 pellium
2259 5198 2425 5245 sutor.
2457 5188 2506 5244 A
2531 5204 2641 5261 quo
2669 5196 2850 5245 tamen
2875 5205 3063 5247 errore
3091 5190 3211 5249 Ori-

1606 5296 1800 5353 genem
1829 5289 2022 5353 purgat
2048 5281 2309 5338 Senensis
2351 5281 2542 5338 eadem
2580 5290 2772 5338 annot.
2805 5283 2878 5338 55
2914 5283 3156 5341 subdens
3191 5303 3206 5343 :

1608 5359 1860 5446 Suspicor
1878 5376 2014 5430 hunc
2035 5376 2206 5431 locum
2229 5377 2389 5448 fuisse
2413 5384 2719 5447 corruptum
2746 5376 2809 5430 ab
2839 5378 3042 5434 tantulis
3085 5378 3209 5434 Ori-

1606 5470 1786 5541 genis;
1809 5469 1851 5522 is
1897 5468 2034 5522 enim
2063 5469 2117 5522 in
2147 5468 2245 5522 hac
2274 5485 2330 5524 re
2358 5477 2575 5524 mentem
2591 5483 2738 5522 suam
2761 5470 3014 5526 catholice
3042 5472 3212 5542 aperit

1608 5561 1822 5616 bomilia
1845 5560 1879 5617 6
1898 5562 1953 5616 in
1977 5561 2285 5631 Leviticum,
2308 5563 2394 5618 ubi
2423 5562 2498 5616 sic
2515 5560 2734 5618 scribit:
2765 5562 2917 5622 Fecit
2945 5565 3092 5624 Deus
3119 5577 3208 5628 tu-

1666 5719 1746 5795 (c)_
1778 5720 1898 5795 Lib.
1924 5736 1973 5786 ι,
2001 5735 2054 5777 c.
2082 5721 2138 5795 ξ,
2170 5737 2225 5776 ιι.
2251 5721 2304 5795 5,
2334 5737 2388 5795 p.
2418 5722 2510 5778 27.

1676 5791 1757 5865 (ά)
1797 5793 1915 5850 Lib.
1939 5807 1979 5861 t,
2009 5808 2061 5849 c.
2084 5793 2140 5862 5,
2166 5809 2219 5848 ιι.
2252 5794 2309 5852 5.
