1985 3204
263 114 330 143 ΜῊ

888 113 1045 143 SANUTUS
1059 113 1299 144 PUILASTRIUS.

1819 116 1871 147 1091

260 174 338 202 nicas
365 173 507 209 pelliceas,
521 178 547 200 et
564 173 651 200 induit
666 173 762 205 Adam,
778 177 804 200 et
831 172 974 201 mulierem
991 173 1060 208 ejus.
1076 175 1101 205 Α
1116 173 1175 201 nire
1189 173 1324 208 potuisse;
1342 180 1397 208 quo
1412 173 1495 201 etiam
1511 173 1873 210 fortasseeonlert.quodutcr-

260 218 321 247 Illa:
328 228 388 255 ergo
396 220 488 246 tunica:
499 219 530 246 de
543 219 653 255 pellibus
664 223 737 245 erant
743 227 774 246 ex
782 218 935 246 animalibus
942 223 1063 253 sumptae;

260 267 355 294 talibus
366 266 433 293 enini
448 265 581 301 oportebat
595 266 667 292 indui
679 270 848 300 peccatorem.
875 264 957 302 igitur
971 264 1064 299 objec-

262 312 300 340 tio
310 312 381 348 quod
399 312 454 340 Deo
467 312 597 340 indecens
624 317 697 339 esset
713 311 841 346 pellit-cas
855 311 959 339 tunicas
977 311 1065 337 homi-

261 360 341 387 nibus
357 366 467 394 parare,
481 360 570 394 potius
587 366 668 392 quam
680 358 801 394 Origcni,
813 358 873 393 ejus
882 357 1063 385 sectatoribus

261 406 406 434 tribuenda
420 411 461 434 est
473 405 511 442 (a)
524 415 531 438 ;
548 406 590 433 cui
605 411 633 433 nt
649 405 773 433 nonnulli
787 409 970 439 occurrerent,
987 404 1065 432 dixe-

260 458 335 487 runt,
352 453 474 488 pelliceas
489 453 590 480 tunicas
601 453 629 480 in
642 460 675 480 eo
689 452 806 480 Genesis
827 452 887 480 loco
909 451 1065 486 signiﬁcare

261 502 390 528 arborum
407 500 540 533 cortices;
556 507 617 527 nam
638 500 708 527 sicut
721 498 878 526 animalium
893 498 965 526 coria
980 498 1064 534 pelles

261 548 404 579 dicuntur,
422 548 458 574 ita
473 552 501 574 et
515 547 643 574 arborum
658 547 775 574 cortices
783 547 867 581 pelles
883 546 1063 581 appellantur.

261 595 296 623 At
313 595 475 623 Philastrius
492 600 585 623 noster
598 595 629 622 ad
643 595 780 630 objectum
805 594 962 621 diluendum
983 593 1062 621 aliam

261 642 311 670 init.
322 643 408 675 viam;
425 642 519 670 dicens
535 642 664 677 pclliceas
679 641 785 668 tunicas
801 640 913 668 minime
923 640 1064 675 designare

261 689 411 725 primorum
425 694 569 723 parentum
580 696 706 722 corpora,
716 687 764 715 sed
774 687 905 714 declarari
918 686 969 714 hoc
983 685 1064 713 modo

262 735 347 763 Deum
361 735 392 762 de
405 736 518 769 potentia
528 735 616 761 divina
631 734 731 761 dedisse
751 734 787 760 eis
800 733 964 769 sapientiam,
981 737 1008 759 ut
1025 734 1064 768 ρπ-

262 785 349 808 cereut
360 781 409 807 sibi
421 780 732 815 corporumiadumeuta.
749 779 826 813 Quod
847 783 935 806 autem
960 779 999 805 ait
1014 779 1065 805 hoc

262 827 325 856 loco
338 827 510 859 Philastrius,
523 834 620 861 nempe
639 827 746 862 septimo
760 826 801 852 die
816 826 946 860 accepisse
973 824 1062 851 Domi-

1116 228 1168 255 que
1178 219 1238 247 dies
1250 220 1334 248 festus
1352 225 1405 248 tam
1417 220 1522 248 Natalis
1535 220 1652 254 Domini,
1670 229 1746 257 quant
1760 222 1872 254 adventus,

1115 269 1143 293 et
1158 265 1325 294 adorationis
1340 266 1490 303 Magorum,
1506 267 1576 302 apud
1589 266 1734 295 Orientales
1756 268 1873 303 appellatus

1116 311 1195 340 fuerit
1208 312 1368 349 Epiphania,
1384 317 1415 341 ut
1425 314 1554 342 observat
1565 313 1677 341 Macrius
1690 315 1715 342 in
1726 313 1873 348 llierolexico;

1116 364 1142 386 et
1159 359 1256 387 Suidas
1270 359 1488 388 incarnationem
1502 360 1588 397 ipsam
1602 359 1665 388 Jcsu
1678 360 1774 388 Christi
1787 360 1875 397 Epipha-

1116 407 1185 434 niam
1194 412 1273 435 vocet
1287 417 1293 435 ε
1306 408 1458 445 Ἐπιφάνεια,
1469 409 1484 438 ἠ
1494 413 1539 437 τοῦ
1551 414 1664 446 Σωτῆρος
1675 411 1742 448 ἡμῶν
1752 408 1824 439 Ἰησοῦ
1833 415 1875 450 Χρι-

1116 458 1181 483 στοῦ
1193 453 1315 495 demptam-
1330 456 1461 491 οἰκονομία
1476 464 1482 482 :
1496 454 1644 490 Epiphania
1662 456 1751 483 dicitur
1765 456 1875 484 Salratorit

1118 501 1201 528 nostri
1214 501 1278 528 Jesu
1298 501 1395 529 Christi
1408 502 1434 528 in
1448 509 1526 529 carne
1539 502 1689 529 teconomia.
1715 503 1789 530 itecte
1809 507 1875 529 autem

1117 547 1168 575 hoc
1176 547 1236 575 loco
1243 547 1403 576 Philastrius
1416 547 1575 583 Epiphania:
1591 549 1697 576 nomine
1708 548 1819 584 designat
1829 549 1874 575 ado-

1116 595 1251 622 rationcm
1267 595 1416 631 Magorum,
1428 596 1552 631 quamvis
1565 596 1639 629 alibi,
1665 603 1757 631 nempe
1769 603 1819 630 cap.
1832 596 1875 629 119,

1117 640 1313 669 Asccnsionem
1326 642 1432 669 Domini
1449 642 1627 677 Epiphaniam
1642 647 1727 675 vocet,
1738 643 1808 670 sicuti
1821 647 1875 669 not:t~

1117 688 1154 714 vit
1166 688 1199 715 ad
1213 695 1275 715 eum
1289 689 1377 716 locum
1395 687 1533 716 Fabricius
1549 688 1596 725 (ε),
1611 689 1654 716 ctti
1672 697 1719 716 nos
1730 696 1823 724 quoque
1832 696 1877 715 cnu-

1116 734 1254 761 sensimus
1265 734 1290 761 in
1304 733 1508 770 Spicilegiom;
1519 735 1561 761 hic
1575 741 1657 770 porro
1667 740 1747 770 quatu
1766 742 1777 761 r
1789 733 1877 768 majores

1117 780 1177 807 dies
1196 779 1282 807 festos
1299 780 1544 816 annuosassignat,
1556 779 1877 815 scilicetNatalemDomiti,

1118 825 1306 861 Epiphaniam,
1319 826 1396 853 tertio
1407 826 1564 862 dieminquo
1576 835 1669 863 passus
1679 831 1718 855 est
1730 833 1751 854 et
1762 826 1876 856 resurrexit,

262 884 325 903 num
345 880 441 902 terram
456 874 489 901 de
504 874 573 906 limo,
589 879 613 901 et
628 874 769 908 plasmasse
780 872 928 900 earumdem
942 879 1063 907 corpora,
1080 875 1104 905 Β
1117 877 1208 907 quarta
1224 872 1251 898 in
1273 880 1324 907 quo
1339 872 1456 899 ascendit
1470 873 1497 899 in
1510 873 1602 900 caelum
1622 873 1691 900 cina
1717 871 1862 899 Penteth
1871 879 1878 904 ;

262 922 376 949 omnino
398 921 469 948 idem
485 924 528 948 est
547 920 617 955 quod
634 920 819 946 afﬁrmaverat
832 918 915 946 etiam
938 924 999 952 cap.
1010 916 1044 944 97
1055 936 1063 950 ,

262 968 307 997 ubi
325 968 380 1003 agit
393 968 423 994 de
434 967 546 1003 imagine
559 966 608 993 Dei
624 974 651 993 tn
672 974 781 1001 corpore
807 965 919 991 humano
931 972 941 990 :
952 971 1013 990 nam
1038 967 1066 990 et

261 1017 299 1045 ibi
315 1016 407 1048 habet.
420 1015 492 1050 qttod
511 1015 619 1048 septimo
634 1014 676 1040 die
687 1014 748 1040 dicit
761 1013 899 1047 Scriptura
913 1011 945 1038 de
957 1010 1040 1037 Adam
1058 1017 1068 1037 .'

264 1062 298 1089 Et
319 1062 418 1098 accepit
438 1061 567 1088 Dominus
597 1066 694 1087 terram
705 1060 736 1087 de
750 1060 823 1091 limo,
838 1063 861 1085 et
871 1057 1007 1093 plasmauit
1022 1057 1068 1084 Ito-

264 1109 359 1136 minem
373 1116 447 1143 quem
459 1108 536 1142 fecit;
551 1114 611 1134 cum
624 1111 713 1133 tamen
728 1110 823 1140 aperte
838 1104 978 1139 Scriptura
985 1103 1066 1136 dicat,

262 1156 348 1184 Deum
360 1156 404 1183 die
415 1155 532 1190 septimo
548 1154 614 1181 nihil
629 1160 748 1186 creasse,
761 1152 810 1179 sed
821 1151 913 1178 omnia
925 1157 1008 1185 opera
1018 1157 1067 1177 sua

260 1203 306 1231 die
318 1207 395 1230 sexta
412 1201 575 1233 absolvisse,
587 1200 702 1235 septima
720 1203 810 1226 autem
821 1197 989 1224 abomnibus
1003 1203 1068 1231 ope-

261 1250 338 1278 ribus
354 1249 503 1285 quievisse,
521 1253 550 1275 nt
566 1247 635 1275 bene
664 1246 769 1273 notavit
797 1244 940 1272 Fabricius
954 1243 989 1271 ad
1004 1251 1067 1271 eum

261 1297 352 1325 locum
364 1297 413 1333 (ὁ),
427 1295 604 1331 quamobrem
616 1294 772 1328 opinionem
789 1292 926 1319 Philastrii
937 1296 1015 1318 vocat
1029 1290 1070 1317 in-

260 1343 422 1372 credibilem
439 1347 466 1369 ct
481 1346 679 1377 repugnantem
700 1339 837 1367 communi
856 1338 1010 1369 sententiae,
1026 1342 1068 1364 ut-

263 1395 329 1426 pote
344 1397 404 1426 quat
420 1388 568 1424 opp0nitar
583 1386 730 1422 Scriptoris
754 1384 824 1412 sacri
845 1383 1006 1415 narrationi,
1022 1383 1069 1418 qui

261 1437 372 1465 disertis
388 1435 480 1462 verbis
499 1433 667 1461 contrarium
681 1431 808 1458 afﬁrmat.

296 1484 342 1511 26.
365 1482 481 1510 Additur
496 1479 595 1508 deinde
611 1479 637 1506 in
661 1477 823 1505 Cnrbeiensi
839 1484 903 1508 ms.,
921 1474 953 1502 ad
969 1483 995 1502 n.
1013 1481 1068 1507 etx,

261 1531 313 1558 alia
336 1529 449 1556 heresis
476 1527 509 1554 de
523 1527 567 1553 die
594 1524 819 1559 Epiphaniorum,
836 1530 887 1557 qua
912 1522 1070 1549 statuebant

1117 918 1182 946 alibi
1202 926 1267 946 vero
1290 926 1351 953 cap.
1370 918 1430 951 141,
1449 924 1506 946 octo
1522 920 1674 956 festivitates
1694 923 1820 946 enumerat
1835 926 1879 952 aut

1118 964 1236 992 Ecclesia
1245 965 1374 992 catholica
1389 965 1519 1001 cognoscit
1532 971 1556 993 et
1571 966 1676 997 detinet,
1698 965 1744 993 sed
1758 965 1831 993 ferme
1841 972 1878 991 ca-

1117 1011 1178 1039 dem
1193 1017 1256 1039 sunt
1273 1019 1339 1047 quas
1355 1011 1398 1039 hic
1415 1017 1620 1045 commemorat,
1637 1012 1737 1040 additis
1757 1015 1844 1039 tantum
1854 1010 1879 1037 ibi

1115 1058 1221 1094 jejunio
1235 1058 1459 1094 quadragesitnx,
1475 1063 1503 1086 et
1513 1065 1610 1094 quarta
1630 1059 1755 1090 Sabbati;
1769 1058 1799 1085 de
1808 1056 1880 1092 quibus

1117 1105 1181 1132 vide
1195 1105 1217 1133 si
1233 1105 1308 1133 lubet
1320 1110 1413 1133 notata
1430 1113 1444 1133 a
1457 1105 1492 1134 cl.
1508 1105 1634 1134 Fabricio
1651 1107 1677 1133 in
1690 1113 1749 1134 eum
1762 1105 1835 1131 locum
1845 1102 1880 1138 (9).

1119 1152 1157 1180 uti
1174 1151 1255 1179 etiam
1278 1159 1339 1186 qua:
1353 1160 1403 1179 nos
1415 1152 1567 1187 adjecltnus
1583 1152 1609 1179 in
1625 1151 1768 1186 Spiciiegio
1780 1148 1881 1185 tit).Sub-

1118 1197 1158 1226 dlt
1173 1203 1311 1233 postremo
1324 1198 1498 1232 Philastrius,
1513 1198 1584 1233 quod
1597 1199 1705 1234 quidam
1716 1198 1778 1225 diem
1794 1195 1881 1231 Epipha-

1119 1245 1221 1272 niorum
1236 1245 1365 1279 baptismi,
1392 1245 1439 1272 alii
1461 1246 1702 1281 transfer-arationis
1714 1246 1738 1272 in
1751 1247 1823 1271 monte
1842 1248 1882 1276 qu

1120 1291 1190 1327 facta
1213 1296 1261 1324 est,
1278 1299 1333 1318 esse
1358 1292 1517 1327 opinantur;
1535 1291 1609 1327 quod
1636 1292 1755 1326 proiecto
1772 1294 1882 1323 utrumque

1121 1338 1187 1365 satis
1202 1337 1338 1373 congruit,
1355 1338 1377 1365 si
1390 1338 1466 1365 vocis
1486 1338 1539 1365 vim
1555 1343 1725 1373 spectemus,
1739 1344 1790 1372 qua
1805 1332 1883 1369 ttpr

1121 1385 1227 1416 tionem,
1239 1392 1285 1411 seu
1297 1384 1542 1419 manifestationem,
1552 1384 1691 1419 signiﬁcat
1702 1391 1710 1417 ;
1721 1388 1822 1416 utroque
1832 1379 1882 1408 enim

1121 1432 1165 1459 die
1193 1432 1327 1467 apparuit.
1344 1438 1375 1459 ac
1391 1430 1578 1459 maniiestatus
1603 1437 1647 1459 est
1665 1431 1882 1462 Dominus,etmt

1122 1479 1220 1512 Patris,
1233 1483 1260 1506 et
1276 1478 1431 1506 testimonio
1445 1477 1570 1506 Joannis.

1158 1526 1203 1553 27.
1228 1525 1267 1553 De
1285 1525 1378 1552 cultris
1401 1524 1514 1559 lapideis
1536 1524 1570 1552 ad
1590 1524 1814 1552 circumcisionem
1830 1519 1883 1548 adii

263 1577 402 1608 nonnulli,
417 1580 447 1602 ut
462 1573 624 1601 Philastrius
638 1576 764 1602 testatur,
780 1570 864 1597 solum
881 1568 1002 1595 Natalem
1014 1566 1069 1594 Da-
1081 1574 1104 1606 ρ
1122 1572 1201 1606 bigis,
1218 1572 1253 1600 de
1272 1572 1370 1608 quibus
1395 1571 1556 1599 phnasu'mg
1579 1571 1701 1607 ιοηηίιυι-
1725 1580 1750 1597 η,
1774 1577 1821 1598 cu
1840 1566 1882 1595 md.

261 1623 326 1650 mitti
337 1621 458 1649 celebrari
472 1619 563 1646 debere
573 1623 661 1644 octavo
668 1616 791 1643 kalendas
802 1615 955 1645 Januarias,
967 1622 1018 1640 non
1029 1619 1069 1640 ta-

261 1677 319 1696 men
341 1668 407 1694 diem
427 1665 652 1701 Eptpltaaiorum;
670 1663 748 1697 cujus
765 1662 1067 1689 seutcutimsecmtores

261 1715 346 1742 inisse
355 1712 583 1741 Donatistasolitn
595 1711 621 1737 in
630 1710 728 1742 Africa,
741 1714 837 1736 auctor
848 1713 890 1735 est
900 1708 1068 1743 Augustinus

264 1762 355 1790 Serm.
371 1760 406 1788 52
420 1759 454 1787 de
478 1759 574 1793 Temp.
592 1757 637 1792 qui
657 1761 698 1783 est
709 1760 821 1791 quartus
840 1754 875 1782 de
895 1754 1044 1789 Epiphania
1060 1762 1066 1779 :

263 1809 359 1836 Merito
371 1809 450 1835 istum
465 1806 534 1833 diem
548 1811 691 1839 numquam
702 1803 832 1830 nobiscum
848 1803 964 1829 heretici
979 1802 1068 1828 Dona-

263 1857 330 1883 tist
344 1855 476 1882 celebrare
490 1853 636 1882 voluerunt.
647 1850 707 1884 quia
722 1857 766 1876 nec
776 1849 902 1876 unitatem
917 1852 1068 1881 untunt,ltec

266 1901 395 1929 Orientali
409 1900 544 1932 Ecclesiw,
561 1898 604 1924 ubi
618 1896 743 1932 apparuit
758 1895 805 1922 illa
826 1895 912 1927 stella,
925 1894 1069 1922 communi-

264 1954 333 1976 cant.
343 1948 472 1975 Fortasse
479 1946 561 1973 etiam
573 1943 734 1971 l’lnlastrius
745 1942 813 1969 adeo
826 1946 951 1969 accurate
963 1945 1066 1968 utrum-

263 2003 317 2030 que
330 1993 401 2021 dietn
414 1992 609 2026 distinguebat,
619 1995 645 2016 ot
661 1989 782 2016 Natalem
795 1988 911 2020 Domini,
924 1993 950 2015 et
962 1988 1067 2015 adven-

265 2046 322 2069 tum
336 2040 485 2075 Magorum,
501 2038 598 2065 diccns
609 2037 680 2071 quod
696 2036 817 2063 Salvator
830 2035 969 2061 carnaliter
981 2034 1069 2061 omnia

263 2089 290 2115 in
304 2096 342 2120 se,
357 2092 383 2114 et
398 2088 428 2112 tte
442 2094 469 2112 te
483 2083 688 2116 consummabat,
705 2087 731 2108 ut
746 2087 771 2108 et
791 2086 939 2108 nasceretur
953 2088 1000 2108 vui
1014 2080 1066 2108 kal.

263 2134 328 2162 Jan.
338 2139 361 2160 et
374 2136 510 2168 appareret
521 2138 547 2158 vr
560 2130 669 2166 (supple
679 2129 780 2155 scilicet
792 2132 863 2154 sexto
875 2127 916 2153 die
926 2126 1065 2162 ejusdem);

264 2187 292 2210 et
307 2180 389 2217 paulo
402 2183 462 2214 post
475 2186 482 2204 :
499 2178 554 2204 dies
570 2175 717 2211 festiuitatis
728 2174 840 2209 majores
852 2173 895 2200 isti
905 2173 993 2200 statuti
1007 2177 1067 2200 sunt

263 2234 396 2266 quatuor;
411 2227 524 2262 primum
533 2225 560 2250 in
569 2231 620 2259 quo
629 2227 702 2249 natus
717 2226 764 2252 est,
778 2220 908 2247 deindein
922 2228 971 2254 quo
983 2228 1066 2255 appa-

1120 1618 1315 1651 Corbeiensis,
1340 1618 1468 1646 nonnulla
1494 1618 1612 1646 diximus
1638 1619 1667 1646 in
1689 1617 1836 1653 Spicilegio;
1855 1614 1884 1640 θυῖε

1121 1671 1224 1693 tantum
1239 1666 1386 1693 observare
1399 1665 1474 1693 lubet.
1486 1686 1493 1698 ,
1510 1665 1687 1693 Philastrium
1703 1666 1750 1692 hoe
1763 1664 1814 1691 loco
1826 1660 1885 1697 potri

1119 1720 1216 1740 norum
1228 1713 1379 1741 cultrorum
1393 1721 1471 1740 usutn
1485 1713 1612 1748 rejicerc,
1628 1713 1722 1741 dicens
1734 1712 1798 1748 quod
1810 1709 1884 1745 {edin

1119 1768 1153 1788 ex
1173 1761 1224 1788 hoc
1245 1760 1331 1788 Judtei
1350 1761 1494 1797 periclitari
1511 1766 1629 1796 poterant
1648 1769 1724 1797 quam
1741 1759 1830 1791 curari;
1842 1763 1883 1784 eam

1120 1812 1211 1835 tamen
1230 1807 1294 1835 alibi
1307 1807 1339 1843 (i)
1351 1808 1439 1835 locum
1451 1807 1536 1835 Exodi
1550 1808 1691 1835 adducens
1704 1806 1794 1843 (Exod.
1805 1802 1884 1836 nn”),

1120 1854 1221 1881 scribat
1235 1853 1307 1888 quod
1320 1853 1440 1889 Sephors
1458 1862 1527 1881 uxor
1540 1854 1624 1882 Musis
1642 1859 1745 1890 accepto
1756 1852 1840 1880 calculo
1847 1849 1883 1876 σὺ·

1120 1901 1241 1928 cumcidt‘t
1260 1909 1390 1936 puerum;
1415 1906 1442 1929 et
1462 1901 1518 1929 Jos.
1537 1909 1552 1927 ν
1563 1922 1570 1935 ,
1585 1901 1621 1929 de
1639 1909 1694 1936 quo
1707 1902 1749 1929 hic
1761 1900 1808 1935 agit
1819 1897 1883 1926 Phila-

1119 1947 1203 1974 strius
1215 1967 1222 1978 .
1244 1955 1373 1982 expresse
1396 1948 1502 1975 dicatur
1517 1957 1525 1975 :
1541 1947 1599 1975 Fac
1610 1949 1658 1976 tibi
1677 1949 1770 1976 cultros
1788 1945 1884 1981 ιαρκεοι-

1120 1996 1191 2024 Sane
1205 2001 1294 2023 utrttm
1307 2001 1392 2031 petra,
1404 2004 1437 2024 an
1449 1996 1539 2032 gladio
1550 1996 1584 2024 ad
1594 1995 1829 2025 circumcidendum
1840 1997 1885 2019 usus

1119 2042 1201 2071 tuerit
1211 2042 1303 2076 Josua,
1315 2042 1429 2077 plurima
1439 2042 1509 2078 apud
1519 2043 1685 2079 interpretes
1695 2049 1736 2071 est
1747 2040 1851 2078 quatstio,
1861 2036 1885 2064 dc

1119 2097 1171 2124 qua
1187 2088 1295 2116 videndi
1312 2089 1411 2116 Masius
1427 2090 1563 2125 praecipue
1573 2111 1580 2121 ,
1595 2094 1622 2117 et
1643 2090 1754 2118 Drusius
1772 2087 1800 2115 ad
1812 2085 1883 2114 νιος-τ

1118 2136 1146 2168 2,
1163 2143 1279 2171 quorum
1296 2141 1409 2172 uterque
1424 2136 1449 2163 in
1472 2141 1577 2172 petram
1599 2136 1691 2172 potius
1704 2158 1710 2170 ,
1725 2143 1798 2172 quam
1809 2134 1831 2160 in
1846 2131 1885 2166 ειε-

1119 2184 1192 2211 dium
1200 2183 1311 2211 inclinat
1320 2192 1327 2215 ;
1336 2184 1418 2211 immo
1427 2184 1569 2212 sententiae
1577 2184 1640 2212 huic
1646 2184 1744 2212 Masius
1750 2183 1820 2211 etiam
1827 2177 1886 2207 Hosis

1120 2230 1290 2258 Maimonidis
1303 2230 1375 2258 inter
1387 2230 1496 2258 Judazos
1510 2231 1660 2259 doctissimi
1675 2230 1799 2259 calculum
1810 2224 1885 2260 adficit.

265 2277 331 2308 ruit,
346 2274 374 2301 id
384 2278 431 2305 est.
443 2280 482 2300 xu
495 2271 551 2298 dies
566 2273 641 2304 post;
652 2272 682 2295 ut
693 2266 797 2295 Graecis
816 2271 1003 2299 succensent,
1019 2266 1064 2300 qui

1118 2277 1163 2312 qui
1180 2276 1256 2304 duris
1280 2277 1404 2304 silicibus
1430 2285 1508 2305 usum
1531 2285 1592 2306 esse
1611 2277 1739 2310 Josuam,
1759 2283 1807 2304 non
1823 2270 1884 2300 acutis

264 2323 403 2357 Magorum
419 2318 608 2346 adorationem
624 2323 670 2342 vnt
686 2313 740 2341 kal.
756 2313 898 2340 .lauuarias
911 2312 1007 2340 eadem
1023 2311 1069 2339 die

265 2378 326 2398 cum
342 2367 448 2396 Domini
469 2365 564 2393 Natale
579 2361 747 2395 recalebant,
763 2360 991 2395 Quemadmodum
1003 2367 1067 2394 pro-

265 2417 305 2444 dit
317 2412 499 2448 Menologium
510 2415 563 2438 tam
583 2408 688 2441 Sirleti,
704 2415 785 2443 quant
798 2406 903 2439 Basilii,
918 2406 989 2441 apud
1006 2406 1068 2435 Flo-

263 2462 415 2491 rcutiniutn
431 2460 456 2486 in
473 2457 529 2484 suis
543 2456 576 2483 ad
592 2455 726 2483 vetustius
744 2453 921 2481 Occidentaie
933 2453 1068 2489 Martyro-

264 2510 367 2545 logium
388 2503 611 2533 annotationibus
626 2501 685 2538 (ο).
703 2500 774 2528 Sane
805 2499 988 2527 Florentinius
1009 2500 1067 2535 ipse

265 2562 389 2598 pluribus
410 2555 577 2593 argumentis
591 2552 788 2588 contendit(d),
801 2552 894 2579 eadem
909 2551 955 2579 die
964 2551 997 2578 25
1014 2552 1066 2580 Dea

265 2597 385 2637 cembris
401 2610 544 2639 utrumque
558 2601 735 2638 mysterium,
760 2597 912 2625 Nativitatis
937 2597 1064 2633 Domini,

264 2661 292 2684 ct.
305 2654 437 2682 adventus
451 2650 588 2685 Magorum
602 2668 608 2681 ,
632 2645 757 2682 quamvis
772 2644 882 2671 diverso
898 2651 969 2671 anno
980 2665 987 2677 ,
1002 2652 1065 2673 eve-

299 2713 338 2748 (a)
360 2710 464 2753 Yidcfis
486 2707 594 2736 Sixtum
613 2705 678 2733 Sen.
695 2703 713 2730 1.
739 2710 765 2729 v.
782 2700 853 2729 Bibl.
878 2701 985 2728 Sanctae
1007 2701 1063 2729 An.

263 2746 383 2779 ηοὶζὸἇ.
403 2746 447 2775 55.
648 2777 652 2782 Ι

299 2786 336 2823 (lt)
355 2785 419 2823 got.
436 2781 530 2823 Anima
542 2778 678 2823 celat-qam.

297 2815 334 2858 (ej
355 2817 513 2858 Exercjp},
531 2823 556 2851 p.
568 2815 633 2843 255.

298 2822 323 2858 ('c
355 2822 513 2849 Excrema,
531 2822 633 2851 μηδ.

298 2822 338 2893 (άζ
361 2854 500 2893 933-337:
559 2887 563 2891 .
631 2884 664 2893 .,
712 2884 715 2888 .

297 2884 336 2929 fit),
353 2884 413 2920 Not".
432 2889 546 2917 Tertium
557 2887 582 2913 in
595 2884 742 2920 cpip/umia.

1119 2322 1244 2358 giadiolis
1258 2322 1394 2358 apinatur.
1421 2323 1555 2352 Convenit
1572 2332 1681 2360 quoque
1705 2323 1832 2352 scitissima
1845 2318 1883 2346 illi.

1119 2374 1201 2404 atque
1220 2370 1359 2405 aptissima
1381 2378 1503 2406 anagoge
1525 2379 1575 2405 qua
1596 2376 1668 2406 petra
1685 2370 1799 2399 Christus
1813 2365 1885 2394 dicitur

1119 2415 1140 2452 (I
1157 2415 1217 2443 Cor.
1235 2417 1275 2452 Χ),
1291 2421 1318 2443 ut
1332 2417 1523 2452 significaretur
1538 2425 1582 2453 per
1594 2416 1727 2445 Christum
1742 2418 1840 2453 futuram
1848 2411 1884 2438 cir-

1118 2463 1301 2490 cumcisionem
1315 2461 1465 2497 cordis,'ait
1479 2465 1639 2493 Ambrosius
1653 2464 1733 2492 Prwf.
1748 2463 1773 2491 i'n
1784 2461 1853 2496 Epist
1862 2456 1884 2483 λά

1119 2508 1243 2542 Galatas;
1260 2509 1321 2537 licet
1336 2509 1388 2538 hoc
1399 2509 1459 2538 loco
1472 2510 1632 2539 Philastrius
1648 2511 1753 2547 patrimis
1763 2507 1839 2536 cultris
1848 2504 1884 2531 ἄν·

1120 2557 1246 2584 cumcisos
1260 2556 1368 2584 Iudam
1387 2565 1448 2585 eum
1469 2558 1555 2593 dicit,
1571 2558 1684 2592 intelligi
1700 2557 1761 2585 velit
1771 2577 1778 2590 ,
1793 2562 1806 2581 ι
1818 2550 1885 2581 Genli'

1120 2602 1201 2636 libus,
1218 2611 1368 2639 eorumque
1382 2604 1527 2632 durissimis
1541 2605 1679 2638 mentibus,
1694 2612 1725 2631 ac
1738 2600 1835 2638 επρΗὼ
1845 2602 1885 2633 (με

1119 2653 1178 2675 ante
1189 2648 1291 2684 luerunt
1307 2650 1432 2685 impietali
1446 2650 1539 2678 deditae
1549 2671 1557 2684 ,
1573 2656 1662 2686 postea
1678 2658 1735 2678 vero
1746 2648 1857 2676 crederm
1866 2642 1883 2668 ἱι

1114 2704 1192 2769 ὣς
1202 2705 1270 2733 Vide
1278 2705 1310 2734 ad
1320 2714 1379 2743 cap.
1389 2706 1452 2742 N9,
1459 2712 1551 2736 notam
1562 2707 1879 2744 praecedentisuljunctam.

1150 2776 1192 2849 ἔῃ)
1211 2776 1273 2819 Νρι.
1286 2777 1324 2805 De
1334 2783 1390 2805 octo
1401 2780 1590 2816 festivitatibus.

1163 2813 1280 2849 lt))’tde
1292 2814 1326 2841 ad
1340 2822 1401 2849 cap.
1418 2814 1481 2849 Mi,
1500 2821 1590 2844 notam

1116 2813 1280 2876 1³
1292 2814 1326 2841 ad
1340 2813 1405 2849 cap.
1418 2814 1481 2850 Mi,
1500 2821 1592 2844 notam
1608 2815 1769 2853 praesidenti
1780 2813 1878 2848 subqu

1154 2884 1184 2918 (ἰ)
1205 2884 1270 2919 Cap.
1290 2884 1350 2912 118.

1487 2895 1941 3204 *Δ
