3970 6408
217 238 243 298 1
257 228 359 296 093

1362 242 1423 299 P.
1465 241 1824 302 GALEARDI
1862 243 1924 302 ll.
1975 234 2370 304 PBEFATIO.

3391 244 3529 312 teet

211 353 440 409 Domino
470 353 627 410 l‘aetae
653 365 780 411 sunt
806 396 821 422 ,
859 356 1050 411 amissa
1090 364 1258 411 mente
1295 356 1541 426 lapidea,
1582 357 1824 430 quotidie
1852 361 1899 422 A
1929 358 2218 428 librarios,
2260 361 2384 432 quia
2433 374 2654 416 exosam
2709 362 2998 433 posteriori
3042 373 3200 421 astate
3249 366 3537 424 Millcuarii

209 447 526 502 circumcidi
543 447 782 515 Judzeos,
806 449 861 503 id
884 461 955 504 est
975 449 1174 505 Christi
1189 452 1260 506 eis
1284 451 1538 505 insinuari
1561 452 1826 507 scientiam

206 540 533 605 salutarem;
584 555 692 614 quo
723 542 775 595 in
810 549 964 612 tropo
995 541 1318 597 Philastrius
1350 543 1450 598 sibi
1482 544 1829 600 consentien-

208 641 324 687 tem
379 632 543 688 habet
590 632 990 700 Gaudentium,
1043 636 1134 704 qui
1187 634 1371 690 Tract.
1425 635 1460 689 2
1515 637 1716 692 Gentes
1758 637 1824 693 ad

203 725 486 781 Christum
508 743 803 782 conversas
820 729 1018 802 lapides
1035 729 1303 800 quondam.
1319 729 1624 785 durissimos
1647 741 1823 786 vocat.

203 819 384 876 Porro
414 836 523 891 quo
565 833 720 892 pacto
754 838 921 879 saxeo
957 824 1135 879 cultro
1165 833 1376 880 utentes
1412 824 1588 879 Judaei
1621 826 1690 879 ad
1718 824 1828 879 cir-

201 914 620 983 eumcisionem,
642 899 928 987 pericliiari
944 915 1151 986 facilius
1177 916 1435 986 potuerint
1457 932 1611 986 quam
1633 917 1823 984 cut-ari,

201 1020 268 1064 ut
296 1005 387 1063 hic
414 1006 651 1062 afﬁrmat
691 1007 1017 1064 Philastrius
1039 1051 1053 1074 ,
1091 1009 1265 1065 lateor
1299 1025 1386 1065 me
1418 1024 1641 1080 prorsus
1672 1009 1827 1079 igne-

201 1113 334 1156 rare
355 1115 474 1154 cum
502 1100 714 1165 multis;
740 1101 868 1170 quin
900 1102 1076 1170 potius
1101 1101 1230 1158 ferri
1255 1103 1449 1158 vulnus
1475 1115 1630 1156 atrox
1657 1103 1825 1172 magis

203 1209 333 1250 esse
359 1209 519 1265 quam
554 1195 752 1265 lapidis
775 1237 788 1261 ,
832 1195 964 1250 illud
991 1196 1232 1252 iudicare
1260 1197 1507 1261 videtur,
1538 1196 1679 1267 quod
1709 1196 1822 1250 sili-

201 1289 415 1344 ciorum
449 1289 748 1344 cultrorum
777 1288 843 1342 ad
877 1287 1218 1345 difﬁciliores
1247 1290 1520 1345 sectiones
1544 1302 1735 1358 magna
1758 1288 1828 1342 sit

201 1383 597 1448 commoditas,
629 1393 683 1438 et
709 1383 986 1464 aptitudo,
1014 1394 1074 1438 ut
1109 1383 1352 1454 pluribus
1394 1382 1559 1438 tradit
1589 1381 1822 1452 Stepha-

204 1491 312 1532 nus
365 1477 607 1532 Marinus
657 1477 894 1531 Exercit.
944 1476 1013 1533 de
1055 1475 1276 1546 Linguis
1327 1485 1465 1546 part.
1517 1491 1571 1541 η,
1609 1490 1729 1546 cap.
1766 1475 1822 1542 9,

202 1584 263 1642 ι).
292 1571 438 1640 290,
472 1581 527 1627 et
554 1572 696 1641 ferro
723 1572 845 1627 ιωάὶ
886 1572 1104 1627 horreat
1143 1573 1482 1638 balsamum,
1515 1573 1592 1626 ait
1621 1569 1826 1625 Plinius

204 1679 306 1730 xu,
329 1664 424 1733 25,
455 1679 624 1735 quare
649 1664 899 1718 inciditur
921 1666 1072 1725 vitro,
1103 1663 1305 1735 lapide,
1339 1664 1558 1718 osseistte
1579 1662 1821 1730 διώρικε,

1928 453 2079 524 regni
2108 453 2412 508 doctrinam
2445 455 2672 510 ulterius
2699 455 3009 514 describere
3052 460 3290 525 nollent,
3329 461 3533 517 idcirco

1929 543 2081 600 illum
2108 545 2394 616 abrupisse
2420 565 2432 599 :
2456 561 2577 602 cum
2611 557 2812 611 tamen,
2837 561 2894 604 ut
2918 561 3067 606 recte
3090 553 3188 620 ait,
3223 552 3533 608 Fenardcn-

1929 639 2068 706 tius,
2102 641 2247 694 malo
2281 641 2402 696 huic
2441 642 2770 698 medendum
2796 654 2940 700 esset
2984 646 3397 717 prtemonitione
3437 651 3535 704 ali-

1927 747 2052 803 qua,
2089 747 2192 786 non
2226 733 2420 801 litura;
2456 745 2618 805 atque
2640 735 2776 792 adeo
2801 737 3024 814 calamo,
3058 757 3159 794 non
3187 742 3455 811 scalpello.

2075 892 2102 967 ᾗ
2143 893 2210 950 ν.
2245 893 2325 950 De
2365 897 2588 952 consilio
2621 906 2668 952 et
2707 898 2889 953 ordine
2929 898 3090 971 hujus
3125 899 3384 956 editionis.

1997 1030 2092 1086 9.9.
2119 1031 2380 1109 Superest
2409 1048 2549 1088 nunc
2579 1041 2634 1087 ut
2655 1031 2723 1089 de
2752 1034 2984 1089 consilio
3026 1043 3082 1090 et
3121 1035 3312 1092 ordine
3338 1036 3533 1091 cdilio-

1927 1123 2013 1180 nis
2054 1121 2216 1193 hujus
2249 1139 2418 1194 pauca
2450 1124 2716 1184 dicamus.
2759 1127 2822 1181 Et
2854 1126 3140 1182 consilium
3174 1129 3391 1197 quidem
3437 1146 3533 1184 no-

1927 1223 2098 1269 strum
2140 1214 2271 1270 illud
2308 1217 2358 1270 in
2403 1217 2594 1288 primis
2634 1217 2752 1283 fuit,
2783 1225 2843 1271 ut
2875 1217 3156 1280 Philastrii.
3185 1211 3407 1287 librum,
3442 1223 3534 1292 qui

1928 1305 2135 1374 primus
2158 1305 2210 1360 in
2233 1303 2330 1360 hac
2355 1307 2681 1363 collectione
2704 1307 2880 1363 locum
2908 1320 3075 1378 tenet,
3107 1325 3266 1382 quam
3297 1314 3532 1368 maxime

1930 1394 2046 1450 ﬁeri
2097 1403 2302 1466 posset,
2338 1395 2686 1452 emendatum
2723 1410 2771 1455 et
2807 1401 3078 1470 integrum
3121 1404 3529 1462 exhiberemus.

1928 1485 2253 1542 Prodierant
2297 1488 2499 1568 quippe
2522 1490 2634 1566 jam
2665 1489 2793 1547 inde
2821 1491 3007 1562 plures
3033 1493 3310 1551 Philastrii
3341 1499 3534 1552 editio-

1929 1591 2046 1643 nes,
2094 1577 2188 1632 sed
2243 1578 2386 1632 nulla
2431 1594 2495 1633 ex
2545 1579 2611 1634 iis
2665 1583 2952 1636 emendata
3000 1584 3155 1650 satis,
3205 1595 3296 1640 attt
3344 1599 3534 1643 exacta

1928 1669 2274 1736 occurrebat,
2309 1671 2441 1738 quin
2470 1671 2657 1727 multis
2687 1683 2924 1730 scateret
2963 1677 3174 1731 mendis
3199 1694 3214 1743 ;
3245 1695 3410 1748 quare
3440 1695 3533 1735 no-

202 1757 351 1828 quod
371 1759 656 1814 conlirmat
676 1767 731 1814 et
753 1759 988 1813 illustrat
1006 1759 1305 1814 Salmasius
1327 1758 1562 1813 Exercit.
1588 1757 1820 1812 Plinian.
1858 1757 1903 1817 B
1929 1763 2227 1818 cessarium
2273 1764 2496 1820 omnino
2536 1766 2824 1822 videbatur
2859 1784 2958 1822 ms.
2991 1771 3219 1841 alicuj'us
3248 1773 3370 1829 cod.
3402 1777 3530 1829 sub-

202 1866 327 1921 cap.
359 1851 449 1914 ss,
486 1867 539 1922 p.
573 1853 700 1907 1.17.

276 1946 369 2002 28.
411 1947 606 2004 Subdit
626 1948 846 2004 demum
893 1948 1218 2004 Philastrius
1246 1964 1300 2002 n.
1333 1963 1498 2004 cxxnt
1523 1946 1821 2003 Corbeien-

202 2041 284 2096 sis
305 2057 406 2096 tus.
435 2042 597 2096 aliam
632 2043 909 2108 haeresim,
941 2051 998 2095 ut
1027 2042 1143 2112 ipse
1164 2050 1347 2107 vocat,
1376 2040 1445 2096 de
1476 2039 1667 2095 avibus
1693 2038 1820 2093 Elia:

203 2135 666 2201 ministrantibus,
695 2151 796 2206 qua
823 2136 1033 2206 quidam
1063 2136 1364 2205 opinantur,
1393 2133 1588 2206 inquit,
1615 2132 1756 2204 quod
1776 2134 1821 2189 ei

203 2231 344 2284 corvi
373 2244 487 2284 sero
521 2247 705 2286 carnes
745 2229 813 2283 ad
855 2245 1045 2295 escam,
1077 2238 1126 2283 et
1156 2245 1307 2284 mane
1337 2245 1494 2299 panes
1530 2227 1816 2281 attulerint.

204 2323 321 2378 Hoc
375 2335 554 2378 autem
604 2322 897 2378 Philastrio
943 2322 1235 2392 displicet;
1277 2320 1350 2375 ait
1398 2320 1634 2391 quippe,
1683 2319 1821 2390 quod

202 2426 418 2472 sanctus
456 2431 518 2470 ac
563 2415 885 2470 beatissimus
927 2415 1211 2485 praplteta,
1261 2429 1360 2467 non
1409 2428 1593 2467 carnes
1638 2409 1822 2466 edebat

203 2507 510 2579 aliquando,
536 2508 625 2578 qui
656 2523 860 2562 omnem
886 2510 1040 2560 talem
1069 2521 1238 2559 escam
1267 2513 1642 2573 contempserat
1665 2501 1822 2556 absti-

203 2603 376 2657 nendo
402 2603 704 2668 uoluntate;
735 2603 886 2673 cujus
912 2609 961 2654 et
988 2615 1144 2654 causa
1172 2609 1328 2654 tanta:
1353 2598 1622 2672 dignitatis
1652 2615 1684 2651 ο
1709 2595 1822 2652 Deo

203 2695 455 2750 honorem
500 2697 690 2750 meruit
729 2694 986 2763 adipisci,
1027 2701 1086 2745 ut
1120 2692 1173 2745 in
1211 2692 1512 2762 paradisum
1554 2699 1822 2760 raperetur

203 2789 441 2844 sublimis
468 2831 482 2856 ,
505 2790 591 2844 ubi
613 2805 728 2843 cum
758 2789 950 2842 sanctis
974 2786 1210 2840 omnibus
1231 2785 1591 2839 collocaretur.
1622 2783 1822 2853 Adjicit

204 2884 407 2940 deinde
436 2902 449 2938 :
487 2882 628 2938 Nam
659 2884 702 2937 si
733 2883 796 2936 de
822 2897 952 2951 pane
972 2881 1175 2951 quidem
1206 2880 1395 2949 aliquis
1423 2879 1631 2946 dixerit,
1662 2878 1821 2931 ratio-

205 2979 290 3031 nis
313 2977 572 3031 interdum
600 2974 837 3044 estquod
880 2974 925 3026 ei
955 2972 1093 3027 corvi
1135 2971 1405 3026 attulerint
1441 2986 1458 3025 :
1489 2970 1552 3026 de
1582 2968 1822 3023 carnibus

204 3078 379 3125 autem
415 3071 760 3140 incongruum
807 3067 1081 3139 reperitur.
1128 3065 1379 3121 Proiecto
1425 3064 1580 3127 corvi
1625 3077 1818 3133 panem

1923 1853 2142 1921 si’dium,
2170 1855 2325 1927 cujus
2354 1873 2459 1926 ope
2482 1859 2757 1914 Pbilastrii
2788 1870 2969 1916 textus
2996 1864 3230 1931 restitui,
3261 1881 3323 1920 ac
3351 1869 3532 1923 sanari

1922 1957 2128 2015 posset.
2176 1947 2348 2005 Porro
2391 1964 2518 2020 spes
2569 1951 2726 2006 nobis
2767 1964 2915 2007 certa
2963 1957 3351 2025 propemodum
3394 1959 3533 2016 facta

1924 2037 2101 2096 fuerat
2147 2058 2213 2096 ex
2257 2042 2473 2109 Galliis,
2516 2043 2864 2100 Corbeiensis
2910 2062 3011 2102 ms.
3057 2051 3232 2105 varias
3273 2052 3536 2107 lectiones

1923 2134 2204 2191 obtinendi
2234 2151 2248 2201 ;
2291 2153 2413 2208 qua:
2444 2153 2565 2193 cum
2596 2137 2801 2193 dimitts
2832 2140 2884 2193 in
2913 2139 3131 2211 longum
3164 2140 3449 2212 ducerent,
3483 2154 3538 2200 et

1926 2229 2373 2307 typographicum
2407 2231 2744 2300 propositum
2770 2241 2917 2288 esset
2957 2249 3126 2288 morae
3155 2235 3408 2307 longioris
3437 2241 3534 2291 im-

1924 2321 2158 2389 patiens,
2193 2320 2355 2378 editis
2383 2323 2785 2394 exemplaribus
2809 2325 3049 2380 animum
3079 2328 3335 2398 adjicere,
3361 2330 3536 2400 iisque

1921 2413 1990 2467 ad
2028 2428 2142 2468 rem
2183 2415 2606 2482 promovendam
2641 2418 2720 2471 uti
2760 2432 2896 2488 opus
2925 2418 3047 2474 fuit.
3098 2419 3275 2476 Editio
3315 2425 3532 2493 quidem

1923 2500 2262 2563 Baslleensis
2277 2524 2305 2563 a
2324 2509 2532 2564 Joanne
2553 2510 2782 2566 Sicardo
2803 2521 3090 2581 procurata
3115 2529 3257 2570 anno
3272 2532 3301 2570 a
3318 2515 3538 2572 Christo

1925 2607 2053 2656 nato
2073 2600 2233 2667 l598,
2249 2617 2350 2672 qua
2377 2611 2505 2657 tunc
2523 2605 2753 2672 primum
2773 2603 3092 2661 Philastrins
3111 2607 3282 2663 lucem
3303 2613 3533 2680 aspexit,

1922 2695 2134 2748 caeteris
2169 2694 2363 2750 melior
2392 2703 2558 2765 atque
2590 2696 2930 2751 emendatior
2974 2699 3302 2768 apparebat;
3350 2701 3532 2758 llel‘m-

1923 2785 2290 2843 stadieusihus
2333 2803 2531 2859 nempe
2570 2804 2694 2860 quae
2729 2790 2886 2845 annis
2923 2801 3112 2860 postea
3154 2793 3324 2860 16M,
3374 2796 3536 2863 1621,

1924 2895 2140 2936 excusm
2168 2879 2418 2947 fuerant,
2448 2897 2512 2936 ac
2544 2881 2772 2952 proinde
2809 2884 2877 2938 iis
2895 2899 3112 2956 quoque
3139 2902 3261 2957 qum
3291 2901 3409 2958 post
3443 2890 3540 2944 Ba-

1925 2975 2257 3040 sileensem,
2310 2975 2366 3029 in
2419 2973 2773 3032 Biblietbeeis
2835 2976 3052 3033 Patrum
3111 2980 3539 3051 Pnrisiensibus,

1924 3067 2269 3133 Coloniensi,
2320 3083 2385 3124 ac
2421 3068 2772 3141 Lugdunensi
2811 3073 3152 3141 prostabant.
3191 3075 3264 3131 At
3289 3093 3410 3133 cum
3442 3096 3534 3135 no-

205 3165 492 3220 dutntaxat
521 3163 827 3219 aiferebant
856 3161 1048 3226 Paulo,
1077 3166 1136 3214 ut
1162 3168 1344 3214 narrat
1371 3158 1739 3229 Hieronymus
1770 3157 1823 3211 in
1850 3152 1894 3214 C
1929 3161 2204 3217 vissimam
2249 3160 2493 3216 omnium
2533 3178 2562 3216 a
2595 3162 2665 3218 el.
2701 3164 2820 3217 viro
2845 3163 3002 3220 Joan.
3034 3167 3260 3223 Alberto
3289 3169 3539 3229 Fabticio

209 3258 370 3325 Vita;
404 3269 461 3314 et
483 3257 766 3312 Malvenda
789 3257 968 3310 locum
992 3257 1156 3310 istum
1179 3263 1421 3320 vertens,
1446 3253 1537 3308 ubi
1560 3252 1629 3308 de
1646 3249 1826 3306 cervis

207 3334 384 3406 Ellam
399 3350 745 3420 pascentibus
761 3349 937 3419 agitur
956 3346 1055 3418 (a),
1071 3345 1226 3416 panis
1243 3355 1450 3402 tantum
1472 3344 1740 3400 meminit.
1757 3345 1827 3397 At

208 3461 407 3518 panem
433 3455 488 3500 et
517 3461 738 3502 carnem
775 3444 981 3498 habent
1011 3454 1123 3497 tum
1148 3441 1452 3497 Hebraicus
1487 3449 1685 3502 textus,
1710 3449 1824 3492 tum

205 3539 392 3595 versit)
422 3537 588 3605 LXX,
621 3537 689 3592 lll
714 3537 844 3607 Reg.
878 3551 1018 3600 xvu,
1054 3549 1358 3604 panemque
1384 3541 1441 3587 et
1461 3546 1680 3587 carnem
1712 3546 1828 3585 me-

208 3642 430 3689 morant
466 3633 745 3688 versiones
787 3642 1002 3687 uetera:
1047 3644 1278 3694 omnes;
1326 3629 1492 3682 immo
1536 3643 1729 3698 panem
1770 3635 1826 3682 et

208 3744 404 3784 carnes
432 3727 498 3782 ad
543 3726 725 3782 Etiam
758 3726 966 3782 delatas
998 3725 1246 3794 agnoscit
1275 3723 1440 3778 etiam
1475 3722 1706 3776 Basilius
1739 3722 1822 3776 in-

208 3821 384 3891 signis
409 3819 754 3875 abstinentiae
780 3828 1036 3888 patronus
1063 3817 1208 3870 hom.
1243 3818 1300 3881 3,
1329 3817 1381 3869 in
1413 3816 1590 3868 divites
1616 3830 1822 3882 avaros,

208 3922 268 3968 et
300 3927 424 3966 cum
451 3912 654 3966 Basilio
680 3911 1018 3981 Augustinus
1045 3907 1222 3964 Serm.
1256 3905 1364 3961 146
1389 3907 1456 3962 de
1475 3906 1666 3976 Temp.
1701 3905 1826 3960 Fuit

209 4021 382 4076 porro
417 4005 640 4061 Judaica
686 4004 933 4070 traditio,
967 4003 1119 4058 cibos
1149 4017 1175 4055 a
1208 4002 1388 4056 corvis
1415 4001 1547 4056 Elite
1586 4001 1822 4066 oblatos,

209 4114 281 4155 ex
327 4100 435 4169 ipsa
487 4098 692 4154 Acltahi
738 4113 924 4152 mensa
953 4137 968 4164 ,
1016 4095 1336 4165 angelorum
1379 4094 1684 4149 ministerio
1729 4093 1825 4149 de-

209 4204 465 4263 sumptos
504 4192 712 4255 fuisse;
770 4191 932 4260 idque
978 4189 1062 4244 bis
1103 4190 1156 4244 in
1197 4188 1286 4244 die
1331 4187 1531 4242 factum
1576 4201 1606 4241 a
1646 4187 1824 4242 corvis

211 4298 482 4353 expresse
497 4293 684 4338 narrat
698 4297 856 4338 sacer
881 4291 1062 4336 textus
1091 4296 1114 4334 ει
1136 4281 1272 4334 corvi
1299 4296 1506 4350 quoque
1529 4279 1826 4351 deferebant

209 4381 260 4435 ei
296 4395 479 4448 panem
518 4388 562 4434 et
607 4394 786 4432 carnes
817 4393 963 4430 mane
991 4417 1004 4441 ,
1055 4375 1293 4429 similiter
1334 4391 1516 4446 panem
1559 4384 1610 4429 et
1645 4390 1827 4428 carnes

211 4472 423 4542 vesperi
446 4471 536 4542 (lll
564 4470 693 4542 Reg.
723 4484 855 4532 xvu,
878 4469 936 4538 6)
953 4485 970 4535 ;r
995 4467 1242 4538 quamvis
1267 4466 1600 4522 Philastnius
1625 4479 1825 4522 carnes

1927 3270 2072 3310 anno
2107 3254 2242 3332 im
2280 3255 2578 3326 Hamburgi‘
2600 3257 2872 3328 vulgatam
2899 3299 2912 3323 ,
2947 3258 3192 3329 pluribus
3222 3263 3275 3318 in
3310 3265 3442 3321 locis
3473 3267 3540 3324 ab

1927 3362 1995 3402 eo
2036 3347 2376 3402 emendatam
2405 3388 2418 3411 ,
2449 3362 2514 3403 ae
2551 3349 2803 3419 genuinae
2834 3349 3053 3406 lectioni
3083 3354 3388 3412 restitutam
3417 3374 3540 3416 esse

1926 3448 2231 3508 constaret,
2267 3457 2388 3498 eam
2419 3442 2574 3498 nobis
2608 3453 2878 3514 tamquam
2913 3447 3167 3503 omnibus
3203 3451 3323 3506 aliis
3351 3455 3540 3509 melio-

1927 3548 2046 3589 rem
2088 3549 2151 3589 ac
2183 3535 2618 3604 pratstaulinrem
2642 3579 2655 3598 .
2689 3538 3102 3609 exprimendam
3134 3548 3536 3614 proposuimus.

1926 3625 2234 3683 Accedebat
2272 3628 2423 3698 quod
2465 3629 2747 3684 Fabricius
2793 3633 2910 3700 ipse
2956 3634 3021 3688 ad
3072 3634 3534 3709 Hamburgcnsem

1925 3718 2224 3776 editionem
2252 3719 2322 3775 ad
2352 3721 2675 3787 ornandam,
2711 3721 3008 3780 Dasil'eensi
3035 3727 3272 3785 editione
3300 3746 3360 3785 se
3395 3749 3536 3802 prie-

1927 3813 2086 3882 cipue
2137 3827 2296 3868 usum
2341 3827 2464 3868 esse
2515 3812 2825 3869 affirmabat
2867 3814 2988 3887 (at);
3044 3833 3214 3889 quare
3261 3826 3540 3896 utriusque

1927 3907 2186 3963 editionis
2225 3922 2556 3963 consensum
2591 3906 2918 3965 habentibus
2944 3953 2958 3977 ,
2994 3912 3081 3965 ubi
3122 3913 3380 3970 deessent
3403 3934 3535 3974 mss.

1927 4000 2174 4066 codices,
2213 4015 2400 4069 parum
2423 4010 2513 4054 aut
2536 4000 2670 4054 nihil
2691 4015 2948 4070 praeterea
2972 4003 3392 4064 desidet-sudum
3417 4026 3540 4068 esse

1927 4093 2242 4159 videbatur,
2275 4107 2400 4148 eum
2429 4095 2651 4165 insuper
2692 4095 3011 4152 Fabrieiana
3043 4099 3214 4156 editio
3246 4111 3324 4158 tot
3352 4107 3543 4161 tanti-s-

1928 4202 2038 4257 que
2066 4195 2212 4242 esset
2233 4199 2262 4237 a
2292 4186 2612 4242 doctissimo
2646 4188 2764 4243 viro
2803 4192 3247 4249 annotationibus
3278 4197 3541 4255 illustrant

1929 4287 1986 4335 et
2007 4287 2186 4335 aucta.
2211 4278 2511 4336 Cui-averet
2534 4279 2740 4338 interea
2764 4282 3230 4342 eminentissimus
3252 4291 3544 4348 eardinalis

1929 4372 2226 4439 Quirinus,
2278 4382 2335 4427 ut
2367 4375 2699 4442 posteriores
2740 4375 2984 4446 ejusdem
3015 4379 3246 4436 Fabricii
3283 4385 3333 4438 in
3363 4385 3545 4442 Phila-

1928 4465 2121 4521 strium
2149 4465 2308 4520 Curat
2332 4465 2612 4538 Amburgo
2651 4469 2723 4522 ad
2756 4485 2855 4526 nos
2880 4473 3225 4530 mitterentur
3248 4519 3262 4542 ,
3299 4495 3364 4534 ne
3395 4483 3538 4550 quod

209 4581 446 4636 vespere
485 4574 690 4620 tantum
736 4564 812 4623 ad
839 4563 1012 4618 Etiam
1057 4562 1256 4616 allatas
1291 4561 1652 4618 meminerit:
1689 4545 1911 4619 SuntD
1936 4559 2131 4616 amomi
2195 4559 2306 4613 viri
2372 4561 2810 4634 ἀποπασμὰτιον
2867 4564 3090 4622 editiOni
3152 4569 3276 4626 huic
3340 4545 3542 4633 nostra:

212 4659 427 4731 quidam
457 4657 715 4724 haeretici,
745 4658 833 4726 qui
857 4656 922 4712 de
952 4656 1070 4710 Elia
1097 4655 1244 4710 beato
1268 4656 1553 4727 opinantur
1571 4695 1586 4720 ,
1615 4657 1756 4727 quod
1784 4659 1832 4712 ei

214 4756 361 4810 corvi
389 4771 513 4809 sero
535 4769 715 4808 carnes
745 4753 813 4806 ad
842 4768 1007 4806 escam
1028 4792 1043 4818 ,
1083 4760 1140 4805 et
1166 4767 1316 4804 mane
1352 4767 1514 4822 partes
1538 4751 1825 4806 attulerint.

212 4849 299 4922 (ὁ)
325 4849 700 4921 Illud-quoque
727 4846 1148 4912 observandtun,
1181 4853 1422 4901 extrema
1450 4846 1620 4918 hujus-
1638 4847 1833 4915 eapitis

212 4944 444 4999 Nissen
474 4942 710 4998 librariis-
734 4941 958 5008 excisa,
994 4941 1247 5009 pertaesis
1270 4939 1499 4996 fortasse
1530 4940 1671 5010 quod
1702 4940 1833 4994 Phi-

215 5037 442 5093 lastrius
470 5047 574 5090 tam
597 5044 784 5106 aperte
811 5050 839 5088 a
871 5033 1007 5088 sacri
1040 5042 1220 5087 textus
1243 5031 1464 5087 historia
1497 5032 1780 5096 dissideret
1812 5049 1827 5095 ;

215 5127 309 5184 cui
353 5129 530 5183 simile
569 5127 845 5198 quidpiam
873 5166 887 5189 ,
921 5141 1026 5180 non
1070 5124 1226 5180 valde
1257 5125 1494 5188 absimili
1536 5126 1605 5182 de
1639 5142 1825 5191 causa.

217 5223 512 5294 postremis
538 5222 778 5293 quinque
813 5219 1004 5275 Irenasi
1041 5217 1314 5288 capitibus
1341 5220 1637 5286 accidisse,
1670 5229 1828 5276 nota-

217 5326 346 5372 runt
395 5313 602 5387 pridem
651 5313 758 5369 viri
807 5311 955 5370 docti
1011 5311 1077 5366 ad
1130 5309 1391 5366 lrenarum
1455 5310 1580 5389 (c)’;_
1619 5313 1832 5369 scilicet

295 5506 378 5578 (α)
418 5506 494 5561 llb
508 5505 639 5578 Reg.
670 5521 800 5570 xm,
834 5503 868 5558 6
898 5521 931 5578 :_
948 5501 1020 5556 Et
1038 5503 1175 5578 casui
1202 5502 1456 5578 ineuntes
1472 5504 1530 5556 εἰς
1545 5503 1716 5556 uenire
1738 5521 1833 5578 pa-

218 5574 366 5634 ηεξήι.⁷
410 5574 666 5632 Biblioth.
716 5578 857 5633 Mea.
905 5574 1060 5630 190st.
1108 5575 1188 5630 de.
1227 5575 1292 5629 la
1328 5574 1510 5646 “qu,
1556 5584 1687 5629 torus
1737 5575 1828 5644 IV,

385 5651 688 5810 cligilas'llriu
711 5734 872 5810 pgrro
893 5718 1167 5810 consentit
1183 5717 1702 5810 etiaébugus't‘i’nus
1717 5726 1828 5810 tam

218 5787 318 5852 cit.
335 5787 510 5850 Serm.
531 5791 632 5848 M6
657 5787 929 5862 (leTcmp.
947 5804 1108 5860 quam
1137 5790 1283 5846 hom.
1304 5789 1391 5857 18,
1410 5787 1524 5844 ubi:
1545 5787 1826 5846 Nonneilli

1933 4652 2190 4717 deesset;
2223 4665 2346 4706 eam
2377 4651 2598 4707 demum
2625 4654 2896 4711 variantes
2919 4658 3088 4714 etiam
3116 4661 3380 4722 lectiones
3407 4665 3542 4725 Cor-

1936 4745 2176 4800 beiensis
2196 4745 2321 4800 cod.
2354 4745 2589 4801 Brisiam
2641 4761 3041 4818 pervenerintt,
3077 4772 3306 4826 quanun
3346 4776 3540 4820 emen-

1935 4840 2190 4896 dationes
2234 4839 2483 4911 proiecto
2532 4841 2837 4912 phirimas,
2885 4861 3086 4918 easque
3139 4853 3210 4908 ad
3261 4853 3541 4915 Pbii‘astrii

1934 4941 2142 4989 textum
2181 4933 2547 5004 supplendum
2581 4950 2646 4992 ac
2684 4941 3082 4999 restituendum
3110 4961 3216 5002 non
3244 4953 3395 5020 parvi
3425 4971 3542 5025 uto-

1937 5027 2130 5095 menti,
2165 5028 2216 5082 in
2247 5027 2586 5101 Spicilegium
2617 5041 2868 5096 nostrum.
2893 5038 3254 5110 coniecimus.

2008 5122 2098 5182 ὄθ-
2140 5121 2292 5180 Ordo
2311 5131 2494 5181 autem
2521 5125 2681 5197 huius
2707 5127 2968 5189 editionis
2991 5148 3026 5188 a
3048 5136 3210 5192 nobis.
3233 5139 3309 5196 ita
3339 5147 3545 5202 consti-

1939 5226 2086 5274 tutus
2113 5225 2229 5285 est,
2259 5226 2319 5274 at
2359 5219 2534 5289 primo
2563 5220 2690 5277 loco
2726 5222 3040 5282 PBtLasﬂiﬂ
3068 5245 3222 5287 Linea
3250 5248 3316 5290 ne
3349 5235 3543 5298 limae-

1938 5327 2084 5371 smus
2130 5328 2237 5372 cuu
2287 5330 2746 5382 euenosrtosmus
2790 5335 2861 5384 EI
2907 5337 3066 5384 NOTIS
3103 5324 3260 5386 10m.
3306 5331 3543 5394 Awsa'rt

1941 5505 2408 5590 megaﬂoﬁ'erebat
2441 5523 2624 5590 corvus
2649 5527 2827 5583 mane,
2860 5525 2906 5571 et
2933 5518 3004 5590 ad
3033 5536 3291 5590 vesperam
3321 5529 3546 5583 carnes?

2013 5575 2708 5674 {diceat-dent.
2756 5575 2875 5662 pag.
2915 5589 3024 5648 205
3047 5575 3075 5662 ,ν
3097 5575 3289 5652 'éi-aiiii

1940 5662 2002 5719 pa
2050 5688 2064 5701 .
2098 5650 2164 5704 16
2191 5651 2321 5706 edit.
2366 5653 2646 5711 Massueti.

2008 5664 2094 5789 ἧι)
2132 5720 2286 5776 Ρηυῆ
2313 5724 2380 5780 ad
2410 5724 2646 5785 Philastr

2049 5720 2094 5789 l)
2132 5720 2286 5776 Puer.
2313 5724 2380 5780 ad
2410 5724 2667 5785 Phliasir.
