1985 3204
261 103 330 134 1095

881 97 1040 128 SANCTUS
1058 95 1290 126 PHILASTRIUS

1812 98 1860 129 ΜΘ

260 164 380 193 Fannictt
400 161 585 195 exhiberetur,
606 163 681 188 tequ
699 158 830 188 editionis
850 158 1062 194 Hamhurgensis
1075 164 1102 194 Α
1114 158 1166 186 sim
1183 161 1328 193 utrumque
1347 155 1502 192 exemplar,
1526 156 1720 192 Hamburgense
1736 163 1825 193 nempe,
1841 167 1862 186 ac

261 212 361 247 ubique
375 217 524 245 cxpressn;
544 209 570 236 in
581 215 635 243 quo
653 208 675 235 si
692 207 764 243 quod
779 206 875 234 vitinm
893 211 1062 239 occurreret,

261 258 332 293 quod
345 256 520 285 Corbeiensis
533 259 584 283 ms.
599 262 650 289 ope
664 254 723 282 tolli
736 258 837 289 posset,
850 252 876 281 id
888 253 973 280 lector
982 260 1062 280 cura-

261 309 317 332 tum
333 303 468 331 inveniret
482 303 507 329 in
524 300 681 336 Spicilegio.

296 349 455 377 Subduntur
470 347 594 383 ejusdem
614 346 692 374 JOAN.
709 345 828 373 Δωεκτι
844 344 963 372 FABRICII
985 351 1062 371 nou:

260 397 414 425 Postumus
429 404 463 424 an
489 395 692 426 PulLASTnlUl;
716 401 750 421 ex
774 393 873 428 quibus
896 396 993 427 quanta
1007 411 1014 423 ,
1036 395 1064 418 et

259 451 340 479 quam
355 443 495 477 multiplex
508 441 590 469 fuerit
603 440 702 468 summi
719 440 798 475 hujus
808 439 858 466 viri
874 438 965 472 lectio,
978 437 1064 465 lector

259 490 337 518 facile
349 489 508 525 perspiciet.
522 487 550 515 ln
564 488 597 515 iis
609 486 801 515 describendis
816 489 945 512 notantur
959 482 1064 518 paginae

258 536 400 571 utriusque
409 534 537 563 editionis
548 540 603 562 tam
619 532 842 568 llamburgensis,
856 538 937 566 quam
953 536 1062 562 nostrae,

260 587 289 610 ut
318 582 424 610 facilius
453 582 512 609 loca
541 580 660 608 inveniri
691 579 814 614 possint;
847 585 949 612 easque
980 576 1064 603 habes

259 637 321 665 pag.
337 629 388 657 147
403 628 484 664 hujus
498 627 636 655 Brixiana:
647 626 788 658 editioriis,
806 632 857 652 una
871 631 934 652 cum
948 623 1063 658 epistola

260 676 407 704 llermanni
437 674 574 703 Samuelis
604 673 723 701 Reimari
751 672 785 699 ad
817 671 1063 700 eminentissimum

259 723 428 751 cardinalem
443 722 587 756 Quirinum
605 721 698 748 missa.

293 770 435 798 Accedunt
446 768 619 804 postmodum
629 775 690 803 pag.
707 766 864 799 152,vant£
876 771 1023 793 LECTIONBS
1038 772 1063 791 IN

257 823 433 844 putus-ratust
446 836 455 850 ,
469 823 503 843 ex
526 822 578 842 ms.
601 812 762 841 Corbeiensi
775 833 782 845 ,
804 820 856 839 una
871 819 932 839 cum
949 810 1063 846 epistola

1115 209 1240 232 nostrum
1255 203 1462 232 conferentibus
1476 205 1579 240 patebit
1595 212 1602 231 :
1616 204 1641 231 in
1656 204 1755 239 reliquis
1764 206 1863 239 expressi-

1115 259 1176 278 mus
1189 251 1246 278 fere
1260 258 1370 285 semper
1393 250 1544 278 editionem
1557 250 1773 286 Hamburgensem
1783 272 1789 284 ,
1800 252 1864 286 paucis

1114 297 1263 325 admodum
1291 297 1454 330 immutatis,
1477 297 1505 324 in
1519 297 1617 332 quibus
1642 297 1788 325 Basileensis
1808 298 1864 325 editio

1115 343 1314 378 llamburgensi
1333 347 1462 378 praestare
1476 344 1533 371 visa
1548 348 1599 371 est.
1616 344 1797 378 Scripturaruni
1808 344 1865 380 sylla-

1115 390 1180 418 bum
1194 398 1254 426 qua:
1271 398 1286 417 a
1310 390 1457 418 Philastrio
1475 390 1626 418 afferuntur
1636 411 1643 424 ,
1658 391 1807 418 concinnavit
1820 391 1863 418 Rev.

1114 436 1249 464 Antonius
1260 436 1348 464 Guelli
1365 437 1508 464 Brixianus
1520 458 1526 470 ,
1541 437 1747 465 Eminentissimi
1759 437 1866 466 cardinalis

1114 484 1220 519 Quirini
1235 484 1466 520 eleemosynarius
1479 505 1487 517 ,
1507 484 1584 520 cujus
1599 492 1707 520 operam
1720 486 1743 512 in
1760 485 1866 512 conferen-

1114 531 1157 559 dis
1178 531 1259 559 etiam
1273 531 1554 566 variis_lectionibus,
1570 539 1602 559 ac
1615 532 1724 567 proinde
1737 532 1760 560 in
1781 532 1820 560 hac
1831 537 1867 560 tota

1115 578 1236 606 editione
1260 579 1438 614 perpolicnda
1463 587 1609 614 numquam
1625 579 1689 607 mihi
1710 579 1868 613 defuisse,hoc

1114 623 1176 652 loco
1192 625 1311 653 libenter
1324 630 1452 653 testatum
1466 626 1539 654 volo.

1199 704 1212 740 ᾗ
1228 704 1272 732 Vl.
1291 704 1407 740 Operum
1418 705 1449 733 S.
1466 705 1605 732 Philaslrii
1616 705 1693 733 varia:
1702 705 1815 733 editiones.

257 863 289 891 D.
303 862 416 890 Joannis
427 861 552 897 Raverdy
567 860 693 888 monachi
706 858 873 887 Benedictini
885 858 919 886 ad
935 857 1061 885 eumdem
1077 863 1102 893 Β
1115 864 1274 892 Sic/“udum
1283 865 1383 893 εάίιυδ,
1400 857 1651 899 ρυειπειιίιίοηεω
1667 867 1786 894 insanus
1796 866 1869 893 Helm.

258 909 482 937 Ementissimum
496 907 666 936 cardinalem
684 905 846 940 Quirinum;
861 905 887 932 in
905 904 1004 939 quibus
1018 911 1063 931 re-

257 955 456 992 praesentandis
470 955 613 983 Lectorem
630 954 762 982 monitum
784 953 926 987 volumus,
951 959 1062 987 expres-

256 1012 317 1033 sam
337 1003 504 1032 adamussim
527 1003 611 1030 fuisse
634 1009 686 1029 ms.
709 1001 884 1029 Corbeiensis
900 1000 1062 1033 lectionem,

256 1047 371 1080 retentis
392 1051 475 1079 etiam
489 1049 632 1078 erroribus
652 1049 720 1085 ipsis
743 1056 775 1076 ac
796 1047 919 1080 mendis,
937 1055 973 1075 ne
999 1046 1062 1083 quid

260 1098 385 1127 fidelitati
398 1098 517 1126 deesset.

294 1146 340 1173 llis
362 1145 535 1180 subjuugitur
549 1143 721 1172 SPICIIEGIUII
737 1145 859 1169 nostrum
875 1140 909 1168 ad
928 1140 1011 1168 Notas
1025 1139 1061 1167 cl.

257 1193 308 1222 viri
329 1193 409 1221 Joan.
425 1192 530 1220 Alberti
547 1191 685 1224 Fabricii,
704 1190 801 1225 inquo
822 1188 1006 1225 praecipuum,
1031 1194 1064 1215 ac

256 1241 413 1269 uberiorem
429 1240 518 1268 locum
532 1239 657 1267 obtinent
667 1237 871 1266 emendationes
882 1243 915 1263 ex
930 1243 981 1262 ms.
995 1234 1064 1261 Cor-

256 1287 362 1316 beiensi
382 1287 552 1322 desumptae;
568 1293 631 1314 cum
647 1285 738 1317 enim,
755 1289 785 1311 ut
801 1284 858 1319 jam
881 1282 984 1310 dictum
1002 1286 1063 1315 est,

255 1335 338 1363 variae
363 1334 492 1363 lectiones
515 1333 596 1369 hujus
614 1331 718 1360 codicis
739 1332 825 1359 serius
839 1330 873 1357 ad
896 1337 945 1357 nos
964 1329 1063 1357 delata:

256 1383 376 1416 fuerint,
392 1389 426 1409 eo
440 1381 545 1409 scilicet
560 1384 683 1414 tempore
696 1385 751 1413 quo
763 1378 853 1405 omnia
867 1376 900 1404 ad
914 1375 1062 1404 editionem

257 1433 351 1464 parata
358 1432 449 1462 erant,
461 1427 544 1455 immo
554 1425 645 1461 potius
656 1432 717 1452 cum
726 1423 810 1452 editio
819 1423 879 1451 haec
889 1423 947 1458 ipsa
959 1422 1063 1457 incoep-

257 1480 283 1503 ta
295 1476 352 1511 jam
375 1478 465 1508 esset;
481 1473 584 1501 idcirco
604 1472 683 1500 aliter
702 1475 760 1498 tum
778 1470 892 1506 publicae
905 1469 1013 1498 utilitati
1026 1470 1062 1503 ,in

257 1521 428 1550 restituendo
449 1519 587 1548 Philastrii
604 1524 696 1552 textu,
712 1523 767 1546 tum
789 1517 871 1545 etiam
894 1516 1006 1552 privatis
1021 1519 1063 1552 ty-

1151 772 1271 800 Primum
1289 772 1451 800 Pbilastrius
1472 772 1560 808 bu
1584 774 1688 808 aspexit
1703 773 1869 806 an.1528,una

1151 772 1271 800 Primum
1289 772 1451 800 Pbilastrius
1552 781 1560 800 ι
1584 774 1688 808 aspexit
1703 773 1869 806 an.1528,una

1115 825 1176 846 cum
1193 818 1338 847 Lanfranci
1353 772 1589 944 libellofsus
1604 820 1784 856 Berengarium
1794 828 1829 855 per
1839 820 1869 846 Jo.

1115 864 1274 892 Sic/tardum
1283 865 1383 893 editus.
1400 865 1458 899 Qua
1502 866 1651 894 editionem
1667 867 1786 894 insecutis
1796 866 1869 893 Hellus-

1116 910 1294 944 tadiensibus,
1306 916 1401 944 etqua:
1411 910 1439 938 in
1502 911 1629 939 liothecis
1644 912 1693 940 PP.
1705 912 1869 942 Parisiensibus,

1116 910 1294 944 tadiensibus,
1306 916 1401 946 etqua:
1411 910 1439 938 in
1451 910 1629 944 Blbliothecis
1644 912 1693 940 PP.
1705 912 1869 942 Parisiensibus,

1115 956 1272 985 Coloniensi
1300 961 1328 985 et
1351 957 1525 993 Lugdunensi
1553 963 1696 993 prostant,
1722 959 1835 986 meliorem
1852 964 1870 985 et

1115 1003 1331 1031 emendatiorem
1355 1004 1506 1032 Galeardus
1519 1005 1708 1040 deprehendit.
1722 1005 1829 1033 Prwnti
1839 1006 1869 1032 ile-

1114 1058 1188 1078 mum
1201 1050 1337 1085 saeculgja.
1352 1051 1435 1085 1721,
1446 1050 1491 1078 lo.
1504 1051 1575 1079 Διὸ..
1590 1052 1726 1079 Fabricius
1735 1053 1759 1079 in
1768 1052 1803 1079 ed.
1815 1052 1870 1079 Ham-

1115 1096 1243 1132 burgensi
1255 1096 1309 1137 [ιφ
1320 1096 1462 1125 codicibus
1473 1097 1594 1133 quidem,
1606 1098 1654 1127 sed
1669 1099 1769 1134 ingenio
1778 1098 1871 1134 praelate

1114 1143 1140 1172 ei
1153 1141 1301 1179 opitulat'os
1314 1149 1356 1172 est
1376 1149 1404 1172 et
1420 1145 1606 1174 eruditissima
1628 1148 1792 1174 annotatione
1811 1146 1870 1173 lucem

1113 1189 1219 1218 aﬂ‘udit.
1235 1190 1449 1219 Instructissima
1460 1192 1560 1221 deinde
1568 1201 1593 1220 a.
1604 1194 1675 1222 1738
1684 1194 1774 1229 prodiit
1785 1193 1871 1221 (ἐπιωγαί

1113 1236 1197 1264 editio
1214 1241 1315 1264 textum
1331 1237 1520 1266 Fabricianum
1543 1239 1693 1273 exhibens,
1707 1240 1752 1268 sed
1763 1240 1821 1267 notis
1837 1239 1871 1266 Fi-

1114 1282 1244 1310 bricianis
1259 1283 1412 1319 posthumis
1431 1292 1459 1313 et
1479 1293 1530 1313 ms.
1547 1285 1724 1315 Corbeiensis
1736 1287 1842 1314 varietate
1855 1290 1873 1313 et

1114 1330 1351 1359 emendationibus
1373 1331 1555 1367 locupletata,
1577 1333 1604 1361 in
1630 1341 1683 1368 qua
1695 1334 1805 1369 _primum
1816 1332 1871 1360 etiam

1113 1384 1161 1404 sex
1173 1377 1318 1412 capitibus,
1329 1378 1428 1413 quibus
1440 1386 1524 1414 usque
1532 1379 1597 1407 dum
1607 1384 1734 1407 caruerat
1742 1378 1871 1411 Pbilastrius,

1114 1428 1212 1451 auctus
1225 1429 1252 1450 et
1265 1424 1407 1452 absolutus
1421 1429 1473 1452 est.
1490 1424 1607 1453 Fabricii
1623 1430 1725 1454 textum
1739 1425 1815 1453 itidem
1830 1424 1873 1452 reti-

1114 1470 1171 1498 nuit
1184 1491 1192 1504 ,
1207 1470 1312 1499 codicis
1326 1470 1408 1498 Corb.
1426 1471 1595 1500 variantibus
1609 1473 1696 1500 textui
1707 1473 1787 1500 statim
1796 1471 1873 1506 subjec-

1115 1516 1149 1543 tis
1163 1520 1191 1543 et
1205 1523 1254 1544 sex
1266 1516 1416 1551 capitibus,
1430 1525 1491 1552 quae
1506 1525 1540 1545 ex
1553 1517 1653 1546 eodem
1668 1523 1820 1546 accesserant
1829 1517 1873 1543 locis

257 1568 388 1604 pographi
403 1567 553 1595 rationibus
562 1565 668 1594 consuli
680 1572 734 1593 non
745 1564 845 1600 potuit.
857 1564 942 1591 Porro
952 1564 1061 1599 iniquus
1074 1562 1097 1594 C
1113 1563 1170 1590 suis
1183 1563 1294 1591 insertis
1303 1584 1310 1597 ,
1324 1563 1408 1591 Andr.
1423 1563 1579 1592 Gallandius
1589 1586 1599 1600 ,
1615 1566 1661 1594 cui
1676 1566 1807 1595 novissima
1818 1563 1873 1598 hujus

258 1615 383 1651 profecto
397 1613 447 1641 sim
458 1634 466 1648 ,
481 1620 561 1648 quem
586 1619 693 1647 aequum
704 1610 824 1646 judicem
845 1609 986 1638 industriae
1007 1617 1062 1637 sua:

258 1663 285 1690 in
295 1660 464 1690 recensendo
476 1659 622 1688 Philastrio
633 1657 775 1686 Fabricius
787 1657 845 1692 ipse
854 1654 999 1691 appellavit
1011 1656 1060 1692 (α),

257 1709 280 1737 si
294 1707 441 1744 quidquam
454 1705 553 1734 summi
565 1705 634 1737 viri,
646 1711 679 1732 ac
692 1704 726 1732 de
738 1703 883 1731 Philastrio
897 1710 951 1730 non
961 1702 1060 1735 solum,

256 1756 304 1785 sed
315 1756 349 1784 de
360 1755 458 1783 litteris
466 1754 593 1782 omnibus
603 1752 705 1788 optime
719 1751 809 1779 meriti
820 1751 897 1778 famm
907 1771 914 1784 ,
927 1755 972 1778 aut
986 1750 1061 1778 labo-

256 1804 333 1832 ribus
347 1803 500 1831 detractum
520 1800 601 1829 velim
618 1800 667 1835 (b).
684 1799 819 1827 Prmclara
835 1802 913 1831 sunt,
931 1805 963 1825 ac
979 1805 1061 1833 prOpe

255 1851 398 1878 innumera
413 1848 543 1885 qumjpse
554 1845 702 1875 Philastrio
716 1845 855 1881 przestitit;
871 1850 900 1872 ut
915 1853 967 1872 non
981 1851 1061 1879 prop-

256 1902 332 1925 terea
347 1896 370 1924 si
386 1895 450 1931 quid
465 1895 596 1922 intactum
611 1893 700 1921 adhuc
710 1913 718 1925 ,
737 1897 783 1920 aut
799 1899 851 1920 non
867 1892 934 1920 satis
948 1898 1059 1920 emacu.

256 1943 341 1971 latum
357 1941 468 1977 reliquit
480 1962 488 1975 ,
504 1940 556 1969 hoc
570 1947 649 1975 aequo
662 1939 724 1975 jure
738 1939 835 1974 aliquis
846 1938 871 1966 ei
883 1938 947 1966 vitio
960 1942 1058 1966 vertat.

258 1990 357 2018 Verum
371 1996 433 2017 cum
448 1996 480 2016 ea
494 1988 528 2016 sit
542 1988 604 2021 lex,
619 1991 649 2014 ut
663 1987 690 2014 in
706 1987 879 2021 antiquorum
895 1986 1004 2021 scriptis
1017 1993 1060 2014 re—

254 2035 399 2066 censendis
422 2041 450 2063 et
468 2034 646 2062 emendandis
666 2041 776 2069 semper
801 2033 900 2068 aliquis
914 2033 1058 2068 posteriori

255 2082 403 2118 diligentiae
415 2081 603 2116 pateatlocus;
619 2080 723 2107 idcirco
732 2080 838 2108 veniam
850 2080 919 2106 hanc
932 2079 1057 2114 petimus,

254 2129 407 2164 damusque
422 2127 543 2155 vicissim
556 2147 563 2159 ,
580 2130 610 2154 ut
627 2126 708 2154 liceat
728 2126 827 2160 cuique
851 2125 878 2152 in
894 2124 988 2152 eadem
1012 2133 1059 2161 pa-

254 2176 346 2205 lazstra
361 2173 497 2207 versanti,
511 2173 545 2200 de
556 2172 594 2200 iis
613 2180 673 2205 quas
688 2179 704 2199 a
720 2171 856 2206 prioribus
871 2178 949 2199 secus
963 2172 1058 2200 obser-

255 2228 331 2257 vata,
349 2222 392 2250 vel
407 2220 478 2249 dicta
502 2224 580 2253 sunt,
604 2218 768 2247 sententiam
793 2225 869 2245 suam
890 2219 1004 2247 candide
1025 2227 1057 2248 ac

1113 1610 1232 1639 auctoris
1246 1610 1361 1639 debetur
1375 1611 1469 1639 editio.

1424 1665 1533 1687 δέεαι]ιο
1556 1667 1611 1687 ινι-

1150 1704 1229 1732 1528.
1245 1703 1355 1732 Βαείιεαξ
1365 1725 1373 1738 ,
1389 1705 1473 1733 in-8°.
1490 1704 1630 1733 Philastrii
1649 1706 1764 1742 episcopi
1784 1704 1874 1733 Brixien-

1112 1750 1150 1777 sis
1163 1751 1307 1778 llaireseaw
1317 1750 1466 1785 catalogus.
1476 1751 1657 1786 Cuiadjectus
1666 1758 1708 1780 est
1717 1751 1873 1780 eruditissimus

1113 1796 1222 1825 libellus
1233 1796 1508 1833 Lanfranciepiscopi
1524 1798 1748 1827 Canthauriensis
1764 1799 1794 1826 de
1805 1798 1873 1826 Sacra-

1112 1850 1204 1874 mento
1219 1845 1399 1873 Eucharistia:
1412 1845 1543 1874 adversus
1557 1846 1759 1883 Berengarium.
1771 1846 1833 1874 Nunc
1846 1851 1873 1872 re-

1111 1901 1177 1922 cens
1190 1893 1267 1922 editi.

1147 1940 1310 1975 Sichardus,
1325 1948 1405 1977 quem
1427 1942 1476 1970 hos
1488 1941 1595 1970 libellos
1607 1942 1634 1970 in
1652 1943 1738 1972 lucem
1752 1940 1875 1978 produxisse

1111 1986 1245 2021 diximus,
1262 1987 1333 2015 idem
1348 2007 1356 2021 ,
1372 1986 1418 2023 qui
1436 1988 1587 2015 Antidotum
1600 1995 1694 2017 contra
1709 1997 1787 2017 omnes
1798 1988 1875 2014 arma
1926 2002 1927 2023 1

1110 2033 1204 2061 eodem
1221 2033 1302 2068 plane
1324 2041 1395 2061 anno
1412 2034 1520 2069 prodire
1533 2035 1636 2070 jussit,
1651 2036 1786 2071 epistolam
1799 2039 1874 2061 nuneu-

1110 2079 1243 2114 patoriam
1257 2079 1291 2107 ad
1305 2079 1493 2108 Balthasarem
1505 2081 1622 2109 electum
1639 2083 1812 2118 coadjutorem
1824 2079 1874 2107 Cou-

1109 2124 1286 2153 stantiensem
1303 2124 1484 2161 (Postulatum
1502 2127 1781 2161 Hildesheimensem,
1794 2126 1874 2161 Episco-

1110 2180 1173 2207 pum
1185 2172 1347 2200 Maltensem
1363 2172 1497 2201 Caesareae
1510 2174 1572 2202 Mai.
1585 2176 1729 2204 Oratorem
1743 2181 1768 2203 et
1784 2175 1876 2201 vicecan-

1108 2218 1270 2256 cellarium)
1300 2219 1357 2248 dat.
1387 2220 1470 2247 Basd.
1501 2220 1537 2248 26
1569 2221 1716 2250 Novembr.
1741 2228 1804 2249 anno
1827 2217 1875 2247 1323

253 2269 417 2305 simpliciter
433 2266 571 2303 proferre;
586 2273 646 2301 mue
666 2264 774 2300 quidem
790 2265 924 2293 sentiendi
944 2266 1057 2295 libertas
1069 2261 1096 2293 D
1109 2266 1283 2302 perscripsit,
1301 2267 1327 2294 in
1346 2273 1401 2302 qua
1414 2274 1444 2295 se
1455 2267 1564 2303 scriptis
1575 2267 1653 2297 hisce
1667 2273 1782 2297 veterum
1793 2265 1876 2295 edendis

252 2316 280 2344 in
293 2315 458 2343 deteriorem
471 2317 576 2348 partem
593 2311 665 2339 trahi
681 2319 734 2339 non
752 2311 835 2345 solet,
849 2311 901 2339 nisi
915 2312 949 2340 ab
970 2312 1057 2340 horni-

251 2364 333 2392 nibus
346 2369 442 2398 parum
456 2360 581 2389 candidis
605 2363 633 2387 et
646 2359 768 2387 veritatis
782 2367 877 2394 parum
892 2360 1056 2389 amantibus.

254 2411 283 2438 ln
299 2410 350 2437 hac
363 2415 447 2444 porro
459 2407 582 2435 editione
603 2406 668 2433 illud
692 2405 788 2433 sedulo
806 2411 930 2433 curatum
951 2410 1012 2440 est,
1029 2412 1058 2435 ut

253 2456 380 2485 vitiosam
403 2453 652 2489 interpunctionem
668 2452 876 2481 restitueremus
886 2473 894 2486 ,
908 2453 981 2488 quod
996 2462 1058 2489 pas—

291 2526 330 2563 (a)
346 2524 426 2563 Praef.
440 2524 474 2552 ad
488 2523 617 2563 Philas".

290 2559 328 2599 (li)
350 2561 379 2599 lin
398 2562 453 2599 hac
477 2559 624 2599 novissima
639 2563 739 2599 et_,_ut_
752 2562 1052 2599 speramus,___omnium

252 2594 450 2634 perfectissima
460 2596 591 2629 editione,
603 2594 780 2634 eruditissimi
792 2595 1053 2634 Galeardillucubra-

251 2631 340 2662 tiones
355 2633 389 2660 ad
405 2633 534 2660 unitatem
550 2631 772 2669 etmethodum,
788 2633 849 2667 quia
869 2632 903 2659 ab
918 2637 1034 2669 utraque
1046 2656 1053 2668 ,

250 2669 414 2698 necessitate
429 2668 622 2705 typographica
637 2688 644 2701 ,
660 2667 788 2695 aberrare
802 2673 911 2696 coaetus
925 2674 965 2696 est
977 2667 1052 2703 ,‘hoe

253 2705 336 2734 modo
349 2705 513 2733 reducentur
525 2713 532 2731 :

286 2742 317 2769 1"
329 2740 470 2768 Variantes
481 2740 613 2768 lectiones
625 2739 728 2767 codicis
740 2739 985 2774 Sangermanensis
995 2742 1052 2769 sin-

269 2777 322 2805 ulis
341 2776 474 2805 columnis
488 2776 582 2804 ordine
595 2775 791 2810 subjacebuut,
811 2775 936 2804 litterulis
953 2777 987 2804 ad
1005 2785 1052 2805 eas

261 2811 383 2842 ectorem
396 2811 583 2840 revocantibus
598 2811 808 2839 cOnCordantes.

285 2849 318 2888 ἓξ
329 2848 467 2888 Quotquot
477 2855 511 2874 ex
527 2846 691 2888 supradicto
702 2847 796 2888 codice
810 2846 980 2888 Fabriciana:
990 2848 1050 2876 edi-

250 2884 319 2916 tioni
330 2884 418 2920 capita
431 2889 584 2916 accessere,
608 2882 693 2911 textui
705 2889 754 2911 suo
763 2883 826 2911 loco
840 2883 1047 2919 interserentur,

1101 2849 1140 2878 ris
1154 2849 1253 2880 nomen
1268 2851 1430 2880 ascribetur.

1109 2315 1233 2343 dolorem
1245 2335 1252 2348 ,
1265 2322 1346 2350 quem
1359 2322 1392 2342 ex
1405 2314 1499 2342 saeculi
1509 2335 1517 2348 ,
1534 2322 1583 2351 per
1593 2315 1699 2344 similes
1714 2316 1820 2344 haereses
1831 2320 1876 2341 eun-

1108 2362 1197 2395 cussi,
1217 2361 1374 2389 calamitate
1394 2361 1497 2398 capiat,
1515 2362 1610 2390 ulcisci
1634 2363 1776 2398 signiﬁcat.
1794 2359 1875 2389 [nterim

1108 2409 1231 2436 incertos
1251 2415 1301 2436 nos
1315 2408 1350 2436 de
1363 2408 1468 2436 chartis
1477 2429 1485 2443 ,
1497 2408 1568 2437 unde
1583 2409 1755 2438 Philastrium
1767 2412 1876 2445 protraxe-

1108 2457 1163 2490 rit,
1184 2456 1262 2490 sivit;
1273 2463 1438 2492 quamquam
1450 2457 1616 2492 conjecturae
1630 2457 1755 2486 fortassis
1767 2457 1831 2485 locus
1838 2459 1875 2482 non

1106 2527 1142 2554 ita
1159 2532 1188 2555 ut
1202 2534 1265 2556 cum
1280 2535 1370 2556 rerum
1391 2533 1447 2557 tum
1461 2537 1638 2559 numerorum
1650 2530 1734 2560 seriei
1746 2529 1875 2558 continuan-

1105 2564 1148 2591 dae
1175 2564 1339 2591 inserviant.

1140 2599 1168 2627 5°
1183 2599 1404 2641 Νρίπηῗθδτίοίί
1429 2601 1582 2635 Postbumae
1594 2603 1758 2641 ,‘prioribus
1781 2598 1874 2636 ejusdem

1104 2637 1327 2676 annotationibus
1346 2640 1481 2676 cooptata:
1503 2643 1584 2673 atque
1598 2637 1767 2676 intertnixtte
1777 2659 1784 2672 ,
1798 2641 1873 2664 textum

1104 2672 1279 2699 continenter
1293 2672 1485 2700 illustrandutn
1497 2672 1709 2703 comitabuntur.

1139 2708 1172 2734 4ο
1198 2708 1337 2749 Quidquid
1351 2713 1491 2749 “notarum
1515 2710 1712 2749 in_Spicilegio
1745 2707 1873 2749 adhcalccm

1104 2750 1161 2785 suae
1174 2743 1303 2785 editionis
1316 2743 1427 2785 collegit
1440 2743 1610 2785 Galeardus',
1625 2743 1722 2775 eodem
1738 2746 1823 2774 ordine
1837 2748 1874 2776 quo

1104 2778 1338 2821 Fabricianaansub
1353 2778 1427 2821 textu
1439 2781 1491 2809 rite
1502 2778 1694 2821 disponentur.

1139 2814 1171 2842 5°
1187 2815 1307 2850 Singulis
1322 2816 1409 2854 notis,
1423 2823 1459 2845 ne
1473 2825 1526 2852 qua
1539 2814 1663 2847 confusio
1680 2819 1794 2854 irrepat,
1805 2817 1873 2842 πειθ-

1763 2854 1820 2881 Eon.

1921 3130 1926 3142 I

849 3193 925 3204 ⁷>ηι
955 3201 958 3202 ν
