3970 6408
108 256 227 320 1097

1360 240 1656 305 FABRICII
1689 240 2080 302 PREFATIO.

3262 246 3400 306 1098

109 370 267 435 desit,
310 375 437 423 cum
481 375 629 421 anno
681 361 967 435 superiore
1016 359 1284 418 Trevirim
1340 360 1690 417 visendarum
1719 364 1771 425 Α
1798 359 2062 430 docteque
2085 367 2140 415 et
2168 358 2417 430 apposite
2438 357 2639 427 ubique
2659 357 2978 431 explicatus.
3005 359 3304 434 Superesse
3323 365 3404 421 fa-

117 470 336 519 veterum
375 456 829 513 bibliothecarum
859 455 1030 527 gratia
1072 453 1270 510 adiisse
1300 463 1532 510 testatur
1555 497 1569 521 ,
1601 453 1693 510 ubi

115 556 309 613 occasio
351 551 453 624 ipsi
492 559 617 608 nata
645 551 717 607 sit
747 552 801 607 in
830 551 1095 607 honorem
1128 549 1462 605 Balthasaris
1491 549 1695 621 prmia-

115 650 247 704 tione
291 644 626 702 haclitandi.
668 644 871 701 Textus
909 642 1239 715 simpliciter
1282 643 1586 714 descriptus
1615 649 1699 698 est

114 738 332 797 indiculo
356 753 539 795 rerum
571 737 1006 795 memorabilium
1039 736 1347 809 prmmisso.

175 834 323 891 1539.
369 831 718 899 Barilcw,....
769 833 939 890 iri-8°.
982 831 1042 889 S.
1090 829 1363 887 Philastrii
1410 844 1500 901 ep.
1546 827 1696 883 Brix.

110 929 379 987 Hrereseév
425 927 708 999 catalogus
734 940 858 983 cum
908 925 1101 982 incerti
1147 922 1431 995 scriptoris
1466 918 1703 979 recentis

110 1022 476 1094 supplemento
503 1030 557 1077 et
586 1036 710 1077 cxtv
742 1019 1031 1077 sententiis
1054 1018 1272 1075 Patrum
1302 1016 1371 1073 de
1400 1016 1579 1072 ollicio
1612 1028 1705 1071 ve-

107 1131 279 1173 rorum
308 1124 583 1172 rectorum
632 1114 893 1171 Ecclesiae
935 1114 1061 1179 Dei,
1106 1122 1162 1167 et
1204 1109 1610 1183 apospasmatio
1635 1122 1704 1165 ex

108 1208 322 1280 epistola
342 1206 637 1280 Nicephori
662 1206 1098 1276 Chartophilacis
1119 1204 1186 1261 ad
1208 1202 1575 1260 Theodosium
1593 1200 1705 1257 Mo-

106 1301 322 1361 nachum
351 1301 421 1358 de
443 1300 645 1372 ligandi
676 1300 1035 1371 solvendiun
1065 1304 1353 1369 potestate.

173 1401 324 1459 1575.
354 1400 556 1470 Paris.,
593 1419 683 1473 ap.
718 1400 881 1455 Miclt.
912 1399 1198 1465 Sonnium,
1230 1396 1409 1467 iri-fol.
1439 1394 1497 1453 S.
1528 1392 1706 1451 Philae

104 1497 212 1554 Strii
234 1495 513 1569 catalogus
536 1495 928 1552 Haereticorum
949 1492 1002 1548 in
1027 1502 1176 1548 tomo
1198 1490 1241 1545 V
1265 1490 1406 1546 Bibl.
1423 1489 1527 1545 PP.
1545 1488 1703 1558 Bign.

171 1589 323 1648 1589.
355 1588 602 1656 Parisiis,
626 1588 808 1659 iri-fol.
834 1586 1111 1659 Pbilastrii
1136 1585 1307 1655 episc.
1326 1582 1474 1638 Brix.
1497 1581 1566 1637 de
1588 1580 1709 1636 Ila:-

106 1684 306 1742 resibus
342 1683 514 1753 liber,
564 1684 622 1740 in
678 1692 825 1740 tomo
874 1669 1108 1758 IVfBib.
1150 1678 1257 1735 PP.
1301 1677 1456 1750 Bign.
1487 1674 1576 1733 ed.
1623 1688 1711 1731 se-

106 1778 306 1836 cundae.
970 1826 971 1829 η

703 1883 921 1927 διδουιο
960 1884 1091 1924 XVII.

172 1963 325 2021 1611.
359 1963 715 2031 Helmstadii,
740 1980 832 2035 per
855 1961 974 2017 Jac.
1018 1959 1259 2015 Lucium.
1292 1959 1453 2014 in-4°.
1496 1958 1551 2014 S.
1585 1955 1710 2012 Phi-

106 2056 265 2113 lastrii
296 2058 581 2129 catalogus
609 2057 912 2112 Haeresium
946 2070 1088 2126 pene
1127 2053 1373 2109 omnium
1416 2066 1540 2107 cum
1583 2065 1710 2122 sup—

104 2152 362 2224 plemento
389 2153 592 2210 incerti
619 2152 885 2218 auctoris,
917 2152 1148 2208 editore.
1178 2151 1267 2205 Jo.
1293 2168 1325 2204 a
1344 2146 1565 2203 Fac/ue.

172 2247 325 2305 1618.
348 2248 536 2305 Colon.
558 2247 807 2319 Agripp.,
833 2244 1011 2317 in-[oL
1038 2242 1322 2299 Philastrii
1344 2242 1483 2297 liber
1495 2241 1564 2296 de
1588 2239 1708 2295 Ha:-

105 2342 307 2399 resibus
329 2381 346 2408 ,
379 2343 441 2399 in
474 2350 623 2399 tomo
647 2340 715 2397 IV
744 2340 884 2397 Bibl.
917 2339 1023 2395 PP.

170 2434 323 2492 1621.
354 2434 707 2502 Helmuadii,
746 2450 837 2506 per
882 2430 1001 2488 Jac.
1040 2430 1281 2487 Lucium.
1328 2428 1503 2485 iri-4°.
1535 2426 1711 2499 Repe-

108 2525 191 2583 tita
218 2527 544 2585 Fucbtiana.

170 2624 325 2682 16M.
342 2624 595 2691 Parisiis,
614 2623 741 2695 imp.
766 2622 921 2678 trium
940 2619 1207 2692 bibliopol.
1230 2619 1411 2690 iit-fol.
1434 2616 1711 2673 Pbilastrii

106 2713 169 2772 de
195 2716 509 2776 Haeresibus
549 2716 711 2784 liber,
756 2717 809 2772 in
860 2724 1009 2772 tomo
1039 2713 1106 2770 IV
1156 2713 1297 2769 Bibl.
1330 2711 1436 2769 PP.
1469 2710 1629 2782 hujus
1659 2718 1715 2767 et

104 2825 217 2882 qua:
244 2827 335 2869 an.
369 2810 519 2870 1654
550 2812 605 2867 in
636 2810 795 2867 titulo
826 2808 988 2880 gerit.

172 2907 326 2965 1676.
371 2907 699 2965 Helmstadii
716 2945 803 2975 ,...
834 2906 1001 2962 iri-1°.
1036 2903 1311 2975 Repetitio
1334 2904 1506 2959 altera
1534 2901 1713 2959 Fuch-

105 2998 256 3059 tiana:
276 3002 369 3059 ed.

172 3096 327 3153 1677.
358 3094 639 3168 Lugduni,
688 3095 830 3167 apud
860 3092 1192 3157 Aniuonios,
1223 3092 1403 3163 iri-fol.
1441 3092 1500 3149 S.
1522 3091 1713 3159 Phila-

1801 461 1945 509 tctur
1988 467 2155 522 pauca
2188 451 2365 509 adhuc
2405 452 2521 508 loca
2544 495 2559 520 ,
2590 453 2642 509 in
2677 454 2877 527 quibus
2906 465 3120 528 optaret
3161 458 3338 517 lucem
3370 475 3402 517 a

1799 545 2079 603 codicibus
2124 562 2255 602 mss.
2291 564 2304 601 :
2344 564 2363 598 ‹
2400 545 2471 602 Ει
2516 560 2668 617 spem
2718 548 2851 605 mihi
2896 548 3191 621 aliquando
3241 567 3406 608 manu

1800 642 2005 697 exarati
2048 639 2375 713 exemplaris
2413 654 2483 696 ex
2515 639 2665 697 Italia
2697 641 2980 699 obtinendi
3010 644 3138 701 fecit
3177 646 3407 704 illustris

1802 732 1954 790 Gisb.
1984 730 2262 804 Cuperus,
2294 734 2488 806 inquit,
2508 734 2604 790 sed
2630 735 2914 806 interiecto
2945 746 3188 811 tempore
3207 738 3405 797 iterum

1804 828 2056 899 monuit,
2079 844 2230 901 spem
2270 829 2422 885 illam
2464 845 2682 889 omnem
2712 833 3014 891 evanuisse.
3054 834 3242 907 Itaque
3279 836 3411 893 solis

1806 923 2177 993 editionibus,
2222 924 2629 983 Basileensibus
2672 926 2937 1000 imprimis
2976 929 3231 986 standum
3274 929 3409 986 mihi

1806 1017 1934 1087 fuit,
1970 1018 2113 1090 quod
2154 1028 2334 1076 tamen
2364 1020 2417 1076 in
2461 1021 2799 1079 recensendo
2824 1022 2927 1079 hoc
2957 1025 3226 1096 scriptore
3267 1041 3410 1096 pra:-

1807 1113 2065 1179 sliterim,
2100 1113 2336 1171 libenter
2366 1114 2534 1171 feram
2580 1132 2761 1186 mquos
2790 1127 2844 1173 et
2866 1117 3110 1174 eruditos
3140 1119 3413 1176 aesﬁmarc

1803 1207 2037 1279 judices,
2064 1206 2293 1263 Paulum
2334 1209 2602 1280 imprimis
2630 1208 3002 1285 Gagliardum,
3032 1227 3231 1268 canon.
3261 1213 3409 1269 Brix.

1810 1317 1970 1371 quem
2002 1300 2276 1357 Philastrii
2304 1313 2359 1357 et
2396 1301 2684 1359 Gaudentii
2715 1304 3011 1361 editionem
3044 1306 3223 1362 moliri
3256 1306 3418 1376 paulo

1810 1394 1988 1450 serius
2035 1410 2101 1451 ex
2153 1395 2337 1452 Diario
2362 1395 2574 1453 Veneto
2621 1396 2965 1454 Eruditorum
3014 1399 3181 1455 Italia:
3227 1399 3415 1455 didici.

1814 1486 2027 1543 Titulos
2071 1489 2340 1559 capitum,
2391 1488 2517 1545 licet
2547 1504 2575 1543 a
2618 1491 2809 1560 quovis
2838 1490 2946 1546 alio
2994 1507 3154 1563 quam
3202 1493 3270 1548 ab
3299 1492 3420 1563 ipso

1814 1580 2109 1637 Philastrio
2132 1581 2439 1654 appositus,
2473 1592 2527 1637 et
2548 1583 2820 1639 interdum
2853 1585 3032 1640 minus
3056 1596 3241 1657 aptos,
3270 1585 3421 1642 nolui

1816 1675 2073 1732 omittere
2104 1693 2118 1730 :
2150 1685 2413 1732 caeterum
2443 1676 2803 1747 appendicem
2836 1678 2951 1734 sive
2980 1678 3421 1750 supplementum

1732 1779 1779 1840 Β
1806 1772 2044 1827 recentis
2066 1771 2382 1843 scriptoris,
2411 1787 2535 1828 cum
2564 1786 2756 1843 parum
2784 1784 3100 1831 accuratum
3132 1776 3204 1831 sit
3232 1784 3286 1833 et
3313 1777 3426 1833 nul-

1808 1862 1916 1918 lius
1967 1864 2339 1931 auctoritatis,
2396 1864 2763 1934 praetermisi,
2818 1865 3107 1925 additurus
3147 1868 3269 1940 ejus
3305 1870 3426 1927 loco

1809 1954 2052 2011 libellum
2081 1956 2149 2012 de
2178 1955 2510 2024 haeresibus,
2536 1973 2696 2028 quem
2721 1958 2824 2014 sub
2856 1960 3173 2034 Hieronymi
3202 1964 3426 2020 nomine

1810 2044 2071 2104 Claudius
2094 2048 2385 2105 Menardus
2408 2049 2597 2105 edidit.
2624 2050 2731 2107 Sed
2754 2052 3013 2110 nundinis
3034 2057 3427 2127 occupantibus

1810 2152 1941 2213 opto
1969 2144 2123 2199 illum
2149 2142 2717 2217 Pseudo-llieronymi
2746 2145 2987 2203 libellum
3012 2159 3266 2221 separato
3293 2150 3429 2208 dare

1810 2236 2108 2303 volumine,
2134 2237 2379 2308 aliosque
2402 2236 2599 2294 breves
2625 2250 2841 2296 veteres
2862 2239 2930 2296 de
2955 2241 3225 2299 haereticis
3253 2245 3430 2316 scrip-

1814 2342 1960 2389 tores
1984 2328 2379 2401 illiadjungere
2400 2332 2842 2404 prmmittereque
2867 2334 3309 2394 dissertationem
3333 2354 3429 2409 op-

1811 2423 2044 2491 positam
2075 2421 2252 2479 errori
2281 2438 2346 2479 ac
2372 2424 2691 2495 prtejudicio
2723 2443 2945 2495 eorum,
2979 2431 3069 2501 qui
3123 2431 3431 2489 hmresibus

1811 2510 2251 2571 Christianorum
2281 2531 2580 2590 earumque
2610 2520 2957 2578 multitudine
2977 2538 3040 2579 ac
3060 2526 3322 2583 varietate
3353 2526 3430 2583 ita

1811 2623 1873 2665 se
1923 2610 2199 2680 patiuntur
2231 2608 2469 2678 oﬂ‘endi,
2502 2621 2563 2668 ut
2606 2612 2674 2669 de
2725 2612 2954 2671 veritate
2987 2615 3103 2687 ipsa
3151 2619 3433 2691 religionis

1808 2701 2085 2773 indignius
2118 2701 2246 2758 hinc
2274 2703 2782 2777 irreverentiusque
2812 2708 3105 2764 sentiant.»
3129 2711 3259 2768 Post
3288 2730 3431 2784 prce-

1813 2793 2073 2849 l'ationem
2095 2795 2387 2867 subjicitur
2416 2796 2534 2853 Vita
2565 2797 2624 2854 S.
2652 2798 2930 2857 Philastrii
2958 2817 3053 2873 per
3080 2804 3137 2861 S.
3173 2804 3428 2863 Gauden-

1814 2887 1972 2954 tium,
1990 2888 2248 2944 nimirum
2276 2904 2459 2946 sermo
2483 2890 2628 2946 illius
2646 2891 2698 2946 in
2721 2893 3094 2951 anniversario
3118 2897 3206 2955 die
3226 2899 3428 2956 solem-

1814 2982 1999 3038 nitatis
2026 2982 2147 3054 ejus
2170 2983 2286 3053 (xw
2304 2985 2465 3040 annis
2483 2994 2608 3056 post
2626 2985 2835 3042 obitum
2861 2988 3160 3064 Pbilastrii)
3182 2994 3428 3062 habitus;

1813 3084 1870 3131 et
1908 3076 2221 3131 testimonia
2250 3077 2499 3147 quaedam
2551 3079 2899 3149 superiorum
2930 3083 3198 3141 editorum
3229 3086 3298 3143 de
3338 3105 3435 3144 co-

105 3189 214 3247 Strii
243 3190 381 3249 liber
412 3191 486 3247 de
536 3189 869 3257 Hzeresibus,
913 3190 968 3245 in
1008 3196 1159 3245 tomo
1185 3186 1233 3244 V
1266 3185 1530 3244 Biblioth.
1564 3185 1707 3242 Max.
1739 3185 1785 3250 C
1816 3170 1964 3229 dem-
2010 3171 2162 3229 Νοῑω
2193 3172 2364 3230 lem“
2418 3175 2702 3245 SUbiacenl-
2742 3177 2919 3232 ηιυιιθ
2965 3179 3033 3234 δά
3084 3179 3435 3243 ίιιυδιηιηίιίιε

108 3280 202 3339 PP.
225 3300 279 3357 p.
311 3282 580 3343 701-726.

695 3392 916 3435 δεουιο
952 3391 1107 3432 XVIII.

172 3471 328 3529 1721.
363 3470 694 3544 Hamburgi,
715 3480 923 3542 sumptu
951 3468 1152 3524 Theod.
1186 3467 1483 3539 Christoph.
1519 3464 1709 3540 Feige-

104 3564 227 3634 neri,
254 3564 426 3623 iri-8°.
455 3565 515 3622 S.
540 3564 816 3621 Philastrii
837 3579 928 3634 ep.
952 3562 1102 3618 Brix.
1132 3561 1201 3617 de
1232 3561 1543 3618 Haeresibus
1572 3560 1709 3616 liber

102 3668 218 3711 cum
243 3656 728 3715 emendationihus
755 3665 810 3712 et
838 3656 980 3711 notis
1010 3654 1099 3710 Jo.
1143 3654 1261 3709 Alb.
1295 3651 1530 3709 Fabricii
1557 3652 1712 3709 addi-

102 3746 271 3821 tisque
299 3750 582 3808 indicibus
613 3748 1081 3820 locupletissimis.

168 3843 514 3917 Quamquam
555 3844 689 3900 nulli
730 3842 1095 3913 suppetebant
1126 3840 1377 3897 Fabricio
1423 3841 1548 3898 libri
1578 3854 1711 3895 mss.

102 3936 337 4012 solisque
382 3937 664 3996 ﬁdendum
713 3947 833 3993 erat
879 3934 1209 3991 editionibus
1257 3933 1561 4003 veteribus,
1606 3948 1717 3988 non

103 4042 287 4099 parum
345 4043 538 4091 tamen
584 4030 926 4090 emendatior
978 4028 1066 4084 hic
1116 4037 1343 4099 apparet
1392 4027 1717 4084 Pbilastrius

1807 3268 2050 3325 auctoris
2063 3269 2366 3327 sententias
2386 3268 2622 3326 lectione
2636 3268 2999 3341 abundantes,
3021 3289 3427 3350 nonnumquam

1806 3362 2036 3420 criticae.

1880 3458 2041 3517 1758.
2056 3456 2271 3527 Brixiw,
2294 3475 2360 3515 ea:
2378 3469 2585 3533 typogr.
2601 3460 2695 3519 Jo.
2719 3460 2909 3519 Maria:
2928 3464 3200 3526 Rizzardi.
3225 3468 3281 3526 S.
3300 3469 3431 3531 Phi-

1810 3551 1983 3609 lastrii
2021 3554 2214 3610 Brixiae
2250 3555 2497 3627 episc0pi
2527 3555 2595 3612 de
2623 3556 2936 3615 Haeresibus
2964 3560 3102 3617 liber
3131 3578 3253 3620 cum
3286 3566 3432 3622 intc-

1812 3647 1925 3718 gris
1967 3648 2110 3703 notis
2154 3646 2245 3703 Jo.
2292 3648 2488 3704 Alberti
2532 3648 2785 3705 Fabricii.
2840 3653 3206 3714 Aceesserunt
3251 3659 3427 3719 Varia:

1814 3739 2105 3797 Lectiones
2134 3758 2201 3798 ex
2236 3757 2341 3799 ms.
2374 3743 2496 3799 cod.
2529 3743 2849 3803 Corbeiensi
2886 3759 2941 3804 et
2979 3748 3138 3806 Pauli
3180 3752 3429 3810 Galeardi

1813 3849 2011 3890 canon.
2042 3835 2192 3891 Brix.
2223 3836 2590 3909 Specilegium
2617 3857 2630 3893 :
2658 3839 2709 3894 in
2740 3839 2883 3912 Ang.
2914 3842 3049 3899 Mar.
3074 3844 3287 3913 Quirini
3308 3849 3425 3905 col-

1815 3931 2050 3990 lectione
2076 3941 2187 3991 vet.
2217 3933 2323 3991 PP.
2354 3933 2623 3992 Brixianae
2650 3935 2909 3993 Ecclesize
2937 3953 2993 4010 p.
3021 3940 3205 3998 1-185.

104 4157 3411 4194 W

1008 4293 1339 4379 JOAN.
1416 4293 1919 4379 ALBERTI
1973 4294 2511 4413 3113111011

770 4435 889 4497 AD
938 4433 1291 4498 LIBRUM
1334 4433 1403 4496 s.
1458 4433 1998 4497 PHILASTRII
2030 4419 2156 4498 be
2200 4437 2747 4508 HJERESIBUS

1213 4610 1262 4665 ο
1464 4600 2058 4677 ΡΒᾹΞΕΑΤΙΟ

979 4756 1151 4810 ANNO
1190 4757 1307 4811 1721
1343 4756 1633 4811 EDITIONI
1666 4759 2130 4817 HAMBURGENSI
2165 4766 2521 4824 PRJEMISSA.

164 4998 397 5057 Minime
452 5001 683 5072 paenitet
727 5015 814 5058 me
862 5001 1025 5059 horas
1065 5004 1326 5075 quasdam
1378 5006 1714 5064 recensendo
1740 5014 1795 5076 1)
1818 5015 2036 5086 μηνείαι,
2068 5013 2151 5069 vel
2182 5012 2637 5075 hallucinationes
2665 5018 3123 5097 qualescumque,
3156 5041 3249 5087 aut
3275 5049 3429 5093 erro.

91 5097 257 5162 atque
282 5092 617 5150 illustrando
640 5092 695 5149 S.
724 5093 997 5149 Philastrii
1029 5096 1213 5153 libello
1238 5097 1595 5170 impendisse,
1618 5117 1715 5159 an-

94 5176 399 5251 tiquissimi
452 5195 575 5256 post
610 5184 1037 5252 Tertullianum,
1081 5203 1240 5258 quem
1296 5190 1365 5246 de
1412 5190 1714 5251 haeresibus

90 5267 235 5333 inter
264 5276 503 5335 Latinos
531 5279 797 5337 habemus
829 5281 1142 5353 Scriptoris.

161 5367 332 5427 Varia
362 5387 433 5428 ex
467 5373 561 5429 illo
584 5372 842 5432 didicisse
870 5391 957 5431 me
983 5378 1272 5447 proliteor,
1299 5380 1712 5455 doctrinamque

90 5467 145 5516 et
170 5463 360 5519 zelum
396 5464 646 5521 Doctoris
677 5467 747 5537 pii
787 5477 843 5525 et
871 5467 1149 5525 Christum
1179 5472 1411 5528 amantis
1455 5490 1561 5528 non
1596 5491 1722 5546 pos-

88 5564 214 5610 sum
246 5571 365 5612 non
418 5560 673 5630 amplecti
722 5570 777 5616 et
804 5564 1193 5621 commendare
1228 5584 1241 5619 :
1277 5566 1406 5623 licet
1441 5567 1556 5638 jam
1592 5570 1720 5625 olim

93 5649 330 5709 PHILhre
382 5652 733 5713 observatum
780 5674 808 5711 a
851 5660 909 5715 S.
954 5660 1288 5732 Augustino,
1331 5670 1495 5736 atque
1522 5664 1645 5721 inde
1694 5680 1724 5721 a

92 5736 291 5795 mullis
313 5747 439 5807 θεῖ»
462 5750 606 5808 inter
636 5752 876 5811 haereses
906 5756 973 5811 ab
1004 5758 1123 5829 ipso
1152 5758 1420 5830 proscribi
1447 5758 1575 5817 hinc
1598 5762 1723 5819 inde

93 5844 208 5890 ηοη
256 5846 474 5939 Pauci:
503 5851 629 5908 (111³³
669 5848 907 5939 Ιιίξνοςεε
946 5866 1054 5909 non
1091 5862 1253 5922 sunt,
1286 5853 1382 5911 sed
1410 5853 1499 5911 vel
1527 5878 1726 5939 παρερ-

403 5929 681 5998 Ρλτιιοι..
728 5934 873 5999 ΧΠ.

1821 5122 1932 5177 res,
1988 5109 2032 5163 si
2080 5108 2242 5166 modo
2288 5125 2538 5180 errores,
2586 5122 2714 5169 sunt
2762 5117 2906 5172 enim
2950 5120 3127 5190 capita
3179 5131 3424 5197 qutedam

1821 5199 2014 5274 (pauca
2039 5208 2216 5257 tamen
2245 5202 2362 5274 illa)
2389 5205 2441 5260 in
2470 5206 2671 5277 quibus
2688 5207 2805 5265 haec
2828 5210 2945 5281 ipsa
2969 5230 3130 5285 quam
3156 5218 3429 5284 haereseos

1796 5295 1998 5369 Iarguit
2028 5296 2297 5352 sententia
2318 5339 2333 5364 ,
2361 5298 2549 5356 verior
2577 5300 2740 5358 etiam
2771 5303 3005 5362 videtur.

1894 5390 2068 5446 Pauca
2115 5389 2300 5447 itidem
2330 5390 2510 5449 adhuc
2554 5404 2681 5450 sunt
2711 5395 2829 5452 loca
2876 5398 2927 5454 in
2960 5400 3155 5471 quibus
3185 5416 3428 5479 optarem

1827 5480 2000 5537 lucem
2027 5498 2052 5535 a
2078 5483 2359 5539 codicibus
2381 5500 2511 5541 mss.
2536 5496 2592 5543 et
2617 5504 2768 5560 spem
2790 5492 2921 5549 mihi
2949 5494 3239 5568 aliquando
3267 5520 3433 5564 manu

1826 5577 2033 5632 exarati
2073 5577 2399 5649 exemplaris
2429 5596 2497 5636 ex
2542 5580 2690 5638 Italia
2721 5585 3000 5645 obtinendi
3040 5589 3171 5649 fecit
3211 5596 3437 5657 illustris

1825 5669 1910 5724 vir
1930 5668 2215 5726 Gisbertus
2243 5670 2516 5742 Cuperus,
2545 5674 2639 5731 sed
2666 5677 2952 5750 interjecto
2976 5694 3224 5758 tempore
3244 5690 3439 5748 iterum

1827 5763 2039 5819 monuit
2081 5778 2231 5835 spem
2262 5764 2407 5821 illam
2454 5781 2672 5825 omnem
2716 5776 3022 5833 evanuisse.
3074 5777 3261 5851 Itaque
3308 5785 3443 5842 solis

1828 5855 2195 5929 editionibus,
2239 5856 2646 5922 Basileeusibus
2672 5864 2975 5938 imprimis,
3009 5872 3261 5931 standum
3307 5875 3443 5934 mihi

2794 5959 2875 6021 35

3893 624 3897 703 ί

3894 792 3901 999 ἱ

3896 1024 3901 1155 ἲ

3899 1234 3903 1297 l

3900 1364 3905 1451 l

3902 1500 3907 1569 'r
