3970 6408
217 202 360 262 1105

209 412 354 469 navi.

205 524 272 582 S.
303 526 585 601 Gregorius
614 532 840 607 Magnus
879 538 969 592 lib.
1022 539 1109 606 Vl,
1143 543 1359 615 epistola
1391 546 1481 614 15,
1536 549 1606 604 ad
1654 550 1815 606 Geor-

274 621 417 693 gium
471 625 644 695 presb.
703 637 749 681 et
801 627 1132 687 Theodorum
1186 634 1462 692 diaconum
1517 638 1812 698 Constanti-

273 717 495 786 nopolit.

267 829 375 887 Sed
404 848 472 889 ne
511 833 858 894 dilectionem
899 850 1136 898 vestram
1185 846 1235 900 iu
1280 862 1398 903 mea
1435 849 1808 923 disputatione

193 923 478 994 immorer,
531 929 662 999 quid
714 931 784 989 de
840 933 940 990 hac
989 936 1182 992 ltmresi
1240 940 1549 1000 PHILASTER
1581 946 1633 1001 in
1669 947 1806 1005 libro

189 1034 358 1090 quem
390 1020 458 1076 de
504 1021 815 1081 Haeresibus
864 1028 1106 1100 scripsit,
1155 1031 1372 1101 dixerit,
1425 1052 1800 1108 recognoscat.

187 1110 363 1184 Cujus
403 1114 518 1172 hate
561 1119 725 1175 verba
774 1133 898 1178 sunt
929 1123 1005 1196 (a)
1041 1143 1054 1180 :
1088 1125 1223 1181 Sunt
1249 1127 1478 1186 haeretici
1507 1135 1596 1203 qui
1625 1137 1802 1192 dicunt

185 1205 474 1263 Dominum
515 1211 572 1267 in
611 1213 874 1285 infernum
919 1218 1280 1288 descendisse,
1329 1234 1379 1279 et
1425 1227 1659 1283 omnibus
1686 1239 1801 1300 post

181 1314 404 1359 mortem
433 1306 590 1362 etiam
608 1307 803 1364 ibidem
823 1328 880 1366 se
903 1315 1188 1382 nuntiasse,
1216 1327 1271 1372 ut
1292 1321 1591 1391 conﬁtentes
1611 1322 1800 1379 ibidem

178 1397 551 1467 saluarentur;
584 1417 699 1457 cum
737 1405 834 1460 hoc
862 1407 929 1461 sit
963 1411 1283 1465 contrarium
1317 1412 1509 1470 dicenti
1536 1418 1800 1488 praplteta:

179 1487 364 1545 David
383 1507 402 1546 :
425 1489 492 1546 In
517 1493 722 1564 inferno
746 1505 916 1552 autem
936 1502 1050 1571 quis
1065 1503 1392 1572 conﬁtebitur
1415 1506 1542 1564 tibi?
1565 1487 1639 1563 Et
1654 1510 1796 1583 Apo-

174 1582 350 1638 stolus
379 1600 399 1639 :
428 1583 690 1658 Quotquot
714 1589 824 1644 sine
846 1592 959 1664 lege
983 1606 1349 1664 peccaverunt,
1381 1600 1490 1655 sine
1522 1602 1631 1675 lege
1660 1605 1797 1675 peri-

173 1672 330 1729 bunt.
388 1675 556 1746 Cujus
585 1680 770 1737 verbis
800 1682 989 1738 beatus
1019 1701 1231 1757 quoque
1259 1672 1592 1761 Augustinus
1629 1672 1704 1768 (b)
1739 1696 1790 1752 in

171 1783 246 1824 eo
278 1768 416 1824 libro
442 1773 759 1842 concordat,
789 1793 950 1844 quem
984 1779 1050 1833 de
1082 1780 1389 1838 Haeresibus
1415 1785 1656 1855 scripsit.

170 1860 243 1916 S.
282 1861 615 1936 Rampertus,
652 1876 858 1922 tractat.
901 1870 964 1924 de
1002 1869 1368 1928 Trauslatione
1393 1876 1455 1932 S.
1490 1877 1785 1935 Philastrii.

249 1952 512 2021 Quamvis
530 1969 738 2014 certum
766 1961 858 2026 sit,
891 1960 1200 2018 divinorum
1229 1967 1516 2037 praesentia
1539 1972 1786 2042 exempla

167 2047 588 2119 miraculorum,
622 2067 856 2122 superna
891 2055 1135 2114 radiasse
1160 2060 1496 2129 providentia
1531 2064 1584 2118 in
1614 2066 1789 2121 nostri

168 2143 510 2199 venerabilis
532 2160 683 2218 papae
708 2149 1089 2219 translatione,
1117 2167 1304 2208 eorum
1333 2166 1511 2211 tamen
1535 2159 1788 2230 scriptio-

167 2233 265 2290 nis
297 2236 626 2294 necessitate
652 2281 667 2306 ,
710 2249 892 2295 nostra
924 2242 1072 2312 plebs
1104 2255 1247 2316 eget.
1281 2244 1407 2303 Hzec
1433 2251 1632 2305 etenim
1665 2267 1786 2320 pas-

171 2329 316 2398 sim,
365 2330 680 2404 aﬂ'atimque
726 2337 985 2404 evadens,
1016 2340 1147 2411 aegri
1178 2344 1319 2415 vulgi
1355 2345 1510 2401 turba
1546 2347 1785 2420 undique

170 2427 534 2496 conveniens,
563 2438 618 2484 et
648 2441 903 2503 percepta
935 2435 1170 2492 sanitate
1193 2439 1430 2508 rediens,
1461 2441 1610 2498 mille
1640 2458 1782 2514 prm-

172 2519 326 2576 dicat
343 2523 592 2580 vocibus.
619 2525 747 2581 Haec
766 2526 1066 2585 vicinorum
1090 2532 1232 2588 villa:
1255 2535 1520 2604 locorum,
1552 2554 1780 2610 quarum

169 2613 380 2669 iutirmi
411 2616 588 2671 varios
614 2627 970 2692 secretosque
1001 2623 1265 2682 habentes
1299 2627 1609 2700 languores,
1641 2632 1784 2687 inter

172 2713 382 2762 tantam
415 2709 817 2768 multitudinem
864 2716 1177 2773 venerabile
1221 2735 1420 2790 corpus
1467 2723 1730 2782 adeuntes
1763 2769 1777 2794 ,

169 2810 502 2872 procurante
525 2803 617 2858 Dei
642 2805 1042 2875 misericordia,
1073 2811 1281 2867 meritis
1303 2828 1516 2884 quoque
1533 2816 1777 2886 ejusdem

167 2895 348 2950 sancti
378 2899 836 2966 promerentibus,
862 2916 1160 2974 eorumque
1195 2905 1296 2962 [ide
1329 2908 1684 2982 sutl‘ragante,
1713 2913 1779 2969 de

166 2987 286 3042 suis
319 2988 778 3046 invaletudinibus
809 2995 1258 3054 convalescentes
1293 3001 1599 3070 redierunt;
1636 3005 1775 3061 fama

168 3080 332 3136 nobis
371 3085 756 3154 renuntiante,
798 3088 879 3143 eis
927 3105 1226 3161 supernum
1273 3105 1496 3151 narrant
1545 3099 1777 3156 miracu-

168 3173 304 3239 lum,
329 3175 418 3247 qui
444 3192 631 3233 eorutn
680 3179 859 3250 pridie
892 3196 1156 3240 noverant
1204 3186 1567 3257 inﬁrmitates,
1615 3202 1670 3248 et
1699 3202 1777 3249 tot

169 3276 342 3324 testes
366 3271 748 3329 miraculorum
769 3274 865 3332 Dei
884 3279 1176 3346 exsistunt,
1209 3283 1300 3352 qui
1333 3284 1479 3353 prius
1513 3299 1778 3345 noverant

165 3375 371 3430 aegros,
399 3364 500 3418 nisi
532 3367 914 3437 :egrotaotium
964 3370 1204 3427 titubans
1249 3373 1383 3430 ﬁdes
1413 3377 1636 3435 olliciat.
1667 3379 1772 3437 Sed

162 3455 296 3523 quia
322 3469 541 3512 suorum
575 3459 814 3525 testium,
846 3471 902 3516 et
932 3472 1174 3519 nostrum
1201 3469 1532 3536 generaliter
1557 3471 1773 3529 debitus

162 3546 417 3603 imminet
441 3550 656 3617 obitus;
683 3568 782 3623 pro
807 3552 1112 3610 futurorum
1138 3557 1416 3614 hominum
1447 3563 1766 3632 ignorantia,

158 3655 397 3710 quorum
425 3641 548 3697 ﬁdei
585 3642 928 3700 all‘ectionem
958 3663 1084 3719 erga
1117 3652 1285 3705 nostri
1321 3653 1484 3721 patris
1506 3654 1769 3726 obsequia

156 3732 463 3790 studiesam
496 3735 733 3792 futuram
765 3754 887 3794 esse
918 3754 1205 3808 speramus
1231 3785 1244 3808 ,
1277 3753 1438 3816 atque
1465 3747 1655 3804 audire
1683 3765 1770 3804 ar-

153 3825 536 3884 dentissimam
564 3871 579 3896 ,
614 3844 720 3886 non
763 3831 942 3886 solum
985 3833 1141 3888 linea:
1173 3835 1336 3903 fama,
1368 3840 1766 3908 generationis-

154 3933 274 3989 que
314 3928 589 3988 narrante,
623 3923 719 3978 sed
763 3923 929 3979 etiam
967 3928 1235 3998 scriptura
1266 3944 1294 3983 a
1327 3931 1484 3986 nobis
1508 3974 1521 3997 ,
1569 3933 1766 4003 quibus

155 4009 309 4066 Deus
331 4010 433 4067 hoc
463 4014 650 4070 videre
677 4018 970 4082 concessit,
1009 4021 1342 4090 promulgata
1376 4033 1632 4089 testante,
1659 4027 1766 4082 sal-

154 4113 274 4162 tem
294 4121 456 4177 pauca
477 4108 546 4164 de
565 4110 812 4178 pluribus
841 4113 1143 4179 miraculis,
1171 4132 1292 4185 qua:
1321 4115 1572 4174 Chri~tus
1603 4123 1764 4177 mise-

151 4202 454 4258 ricorditer
480 4206 645 4275 gessit
671 4245 686 4271 ,
715 4206 1118 4263 conﬂuentibus
1141 4211 1374 4267 catervis
1406 4213 1471 4268 ad
1503 4213 1762 4271 feretrum

149 4293 305 4350 beati
329 4296 598 4352 Philastrii
622 4299 978 4366 confessoris,
1011 4303 1292 4370 amatoris,
1315 4314 1370 4360 et
1394 4306 1765 4375 prtedieatoris

145 4388 266 4452 sui,
291 4389 560 4444 veraciter
589 4399 644 4444 et
661 4393 1056 4461 compendiose
1085 4395 1328 4452 scribere
1345 4400 1611 4467 Optimum
1635 4415 1761 4457 cre-

143 4482 354 4538 dimus.
389 4483 716 4554 (Sermonem
748 4487 1004 4560 integrant
1049 4487 1236 4543 videsis
1260 4490 1313 4544 in
1337 4491 1565 4546 editione
1590 4491 1752 4546 Rant-

145 4575 339 4649 parti).

470 4715 906 4789 Martyrologium
928 4717 1226 4775 Romanum
1254 4722 1322 4779 18
1344 4723 1454 4794 jul.

222 4828 452 4900 Brixize,
506 4830 712 4886 Natalis
759 4832 816 4888 S.
850 4833 1194 4904 PHILASTRII,
1234 4836 1479 4907 ejusdem
1527 4839 1762 4897 civitatis

142 4923 420 4996 episcopi,
442 4927 531 4995 qui
555 4925 821 4982 adversus
844 4925 1158 4994 haereticos,
1186 4931 1490 4999 prtesertim
1507 4933 1759 5000 Arianos,

140 5035 176 5074 a
206 5019 408 5091 quibus
429 5019 596 5076 multa
625 5035 816 5089 passus
839 5031 944 5088 est,
971 5022 1262 5092 plurimum
1287 5025 1490 5091 verbis,
1513 5027 1763 5097 scriptis-

139 5127 260 5185 que
288 5115 574 5185 pugnavit;
608 5115 824 5170 demum
857 5115 1038 5171 clarus
1082 5117 1362 5175 miraculis
1389 5120 1677 5179 confessor
1704 5125 1757 5180 in

138 5220 287 5278 pace
307 5206 534 5278 quievit.

245 5393 301 5466 a)
331 5391 467 5466 Cap.
504 5393 627 5450 122.

250 5465 300 5538 ὁ)
333 5465 469 5538 Cap,
491 5467 566 5538 779
590 5467 660 5524 de
688 5467 896 5523 Haeres.

253 5537 600 5614 ς⁷)-1ιι“ράἰιὶε
634 5549 843 5614 tantum
876 5548 1004 5594 sunt
1036 5539 1161 5606 122,
1197 5550 1253 5596 ιιι
1283 5555 1444 5611 supra
1475 5542 1544 5597 ad
1573 5545 1756 5614 Augu-

144 5610 285 5678 stini
315 5611 494 5665 locum
527 5613 730 5678 notavi.

224 5677 393 5756 (d)_ln
420 5681 580 5737 editis
611 5677 716 5738 non
740 5684 926 5754 plures
959 5693 1086 5756 sunt
1113 5701 1271 5756 quam
1306 5686 1429 5742 150.
1462 5685 1606 5742 Idem
1635 5687 1757 5744 Tri-

147 5751 412 5818 thetnius,
445 5768 565 5824 cap.
595 5755 687 5821 95,
711 5751 871 5810 etiam
893 5751 1254 5827 Epiphanium
1277 5759 1354 5813 ait
1376 5759 1662 5828 scripsisse
1682 5761 1755 5816 de

1293 221 1605 282 SELECTA
1640 227 1980 291 VETERUM
2012 234 2446 298 TESTIMONIA.

210 317 399 388 quitur
442 325 496 374 ct
527 318 790 390 defendit,
822 340 923 380 una
970 341 1090 382 eum
1137 331 1392 389 omnibus
1419 350 1521 408 ego
1549 339 1812 396 condem-
1842 344 1896 404 A

3364 253 3526 312 .H06

2161 348 2339 407 Caesar
2359 353 2616 412 Bai-anius
2645 357 2801 414 Notis
2832 362 2900 416 ad
2929 362 3270 438 Martyrolog.

1990 440 2380 503 Exstatsermo
2402 450 2457 507 S.
2485 452 2771 510 Gaudentii
2813 459 3057 528 episcopi
3085 461 3202 529 ejus
3235 476 3520 520 successo-

1916 542 2012 609 ris,
2046 558 2154 614 quo
2178 545 2512 606 describitur
2547 552 2655 606 vita
2697 553 2886 624 ipsius.
2912 555 2990 612 De
3011 557 3388 616 Translatione
3413 577 3514 616 auo

1917 640 2022 689 tem
2050 643 2137 692 est
2158 652 2338 694 sermo
2361 640 2664 713 Ramperti,
2699 647 2942 716 ejusdem
2967 647 3228 706 Ecclesiae
3251 652 3516 725 episcopi.

1915 724 2090 782 Habet
2114 743 2176 784 ea
2217 733 2398 786 omnia
2429 733 2800 805 Lipomannus
2832 749 2963 796 tom.
3002 741 3042 796 ll
3067 750 3123 798 et
3163 743 3352 801 Surius
3379 724 3512 802 tom.

1910 817 2000 874 1V.
2036 820 2181 877 Vixit
2210 824 2561 884 PHILASTRIUS
2591 832 2691 887 sub
2718 832 3030 890 Theodosio
3058 837 3316 904 Seniore;
3349 841 3519 898 inter-

1909 910 2119 982 fuitque
2149 931 2254 971 una
2304 933 2426 974 cum
2477 920 2534 978 S.
2572 923 2882 992 Ambrosio,
2937 935 3261 1004 exterisque
3307 934 3518 989 sanctis

1907 1007 2179 1078 episcopis
2207 1013 2442 1069 concilio
2476 1015 2810 1085 Aquileiensi
2843 1020 3105 1080 adversus
3152 1025 3409 1094 Arianos,
3455 1036 3513 1081 ut

1904 1109 2130 1168 apparet
2156 1115 2223 1156 ex
2259 1100 2413 1158 Actis
2453 1105 2694 1176 ejusdem
2723 1113 2959 1169 concilii.
2993 1115 3241 1172 Meminit
3264 1119 3507 1189 ejusdem

1903 1189 1960 1247 S.
1985 1191 2316 1264 Augustinus
2343 1198 2483 1255 libro
2511 1201 2580 1257 de
2615 1203 2924 1263 llaeresibus
2946 1209 3012 1264 ad
3045 1211 3506 1277 Quodvultdeum,

1901 1299 2073 1356 seque
2099 1303 2221 1344 eum
2254 1293 2470 1349 novisse
2511 1304 2782 1356 testatur:
2811 1302 2949 1359 obiit
2984 1315 3163 1361 autem
3200 1307 3342 1364 diem
3381 1324 3506 1365 eum

1900 1377 2077 1434 adhuc
2098 1392 2376 1452 superstes
2405 1397 2552 1444 esset
2576 1401 2797 1447 sanctus
2822 1395 3163 1466 Ambrosius,
3198 1409 3255 1454 ut
3280 1411 3511 1472 apparet

1899 1485 1967 1526 ex
1993 1487 2247 1530 sermone
2273 1477 2330 1533 S.
2363 1478 2653 1538 Gaudentii
2684 1485 2802 1555 ejus
2835 1491 3195 1557 successoris,
3231 1492 3418 1547 habito
3450 1495 3503 1548 in

1897 1561 2254 1623 Ordinatione
2299 1587 2419 1625 sua.
2464 1573 2621 1631 Unde
2657 1587 2874 1634 constat
2903 1583 2984 1636 vel
3031 1583 3352 1640 mendosum
3381 1601 3508 1642 esse.

1896 1658 2162 1728 codicem,
2195 1663 2278 1716 vel
2311 1665 2381 1719 ab
2410 1666 2597 1737 aliquo
2624 1672 3063 1741 superadditum,
3091 1679 3235 1747 qunti
3274 1678 3508 1734 habetur

1819 1757 1869 1818 Β
1896 1751 2039 1819 apud
2067 1753 2418 1813 Philastrium
2448 1763 2514 1815 de
2547 1762 2750 1820 Hzeres.
2783 1782 2903 1836 cap.
2932 1769 3056 1834 111,
3091 1787 3118 1822 a
3147 1769 3369 1828 Christo
3400 1774 3504 1828 Do-

1895 1844 2044 1899 mino
2077 1863 2245 1914 usque
2269 1850 2336 1905 ad
2369 1852 2498 1908 illud
2525 1863 2738 1925 tempus
2765 1873 2885 1913 cum
2911 1875 2971 1915 ea
2996 1862 3262 1920 scriberet
3287 1906 3301 1932 ,
3333 1865 3506 1924 inter-

1893 1937 2132 1994 currisse
2171 1956 2344 1997 annos
2375 1945 2790 2016 quadringintos
2841 1951 3092 2022 triginta;
3125 1969 3246 2010 cum
3293 1957 3506 2026 liquido

1893 2041 2150 2099 appareat
2207 2033 2265 2089 S.
2307 2034 2655 2095 Ambrosium
2683 2082 2698 2108 ,
2732 2044 2824 2113 qui
2875 2045 2923 2099 ei
2968 2048 3302 2117 supervixit,
3339 2051 3503 2124 longe

1891 2131 2016 2178 ante
2039 2139 2099 2179 ea
2131 2135 2373 2196 tempora
2403 2146 2468 2186 ex
2497 2131 2752 2190 humanis
2774 2136 3022 2206 desiisse,
3052 2140 3296 2200 Caesario
3316 2155 3372 2201 et
3395 2148 3498 2201 At-

1893 2216 1999 2273 tico
2043 2233 2187 2276 coss.
2246 2238 2388 2279 anno
2441 2226 2656 2284 Domini
2713 2237 3096 2289 trecentesimo
3141 2240 3500 2311 nonagesimo

1888 2313 2145 2382 septimo.
2180 2314 2370 2389 Confer
2398 2324 2634 2377 eumdem
2655 2324 2942 2381 Baronium
2971 2330 3040 2383 ad
3066 2330 3131 2385 Α.
3166 2330 3226 2387 C.
3258 2333 3384 2391 586.

1925 2406 2122 2463 Auctor
2160 2410 2478 2483 Appendicis
2524 2419 2593 2471 ad
2633 2417 2964 2490 lldefonsum
3013 2425 3076 2478 de
3103 2425 3457 2500 Scriptoribus

2471 2506 2675 2565 Eccles.
2708 2529 2827 2581 cap.
2860 2515 2915 2570 5.

1958 2595 2312 2655 PHILASTRIUS
2339 2600 2641 2659 Brixiensis
2687 2606 2975 2678 episcopus
3002 2627 3027 2672 ε,
3060 2609 3147 2665 hic
3180 2611 3337 2684 longe
3361 2624 3490 2671 ante

1886 2688 2259 2750 beatissimum
2277 2698 2658 2767 Augustimum
2687 2703 2857 2758 edidit
2873 2704 3066 2760 librum
3086 2706 3150 2759 de
3169 2705 3488 2774 eresibus,

1883 2783 2124 2878 singulasI
2168 2805 2413 2862 quasque
2441 2793 2824 2852 demonstrans
2845 2841 2858 2864 ,
2899 2802 3015 2856 sive
3045 2819 3166 2872 qua:
3196 2806 3249 2859 in
3287 2808 3492 2878 pepuln

1982 2855 1992 2856 κ
2187 2855 2201 2860 _
2326 2855 2337 2862 ,
2847 2855 2858 2864 ,
2997 2855 3007 2856 ,
3052 2855 3074 2872 ,,
3288 2855 3300 2875 ,
3328 2855 3485 2878 _r___-,

1881 2855 2194 2935 Judteorum
2226 2893 2353 2939 ante
2384 2885 2812 2944 incarnationem
2842 2889 3041 2948 Christi
3070 2894 3317 2962 luerunt,
3353 2913 3488 2968 quas

1883 2971 2072 3042 viginti
2106 2985 2230 3029 octo
2258 2991 2580 3048 enumerat;
2611 2983 2727 3039 sive
2757 3002 2878 3055 qua:
2907 2999 3029 3056 post
3060 2990 3272 3045 Domini
3303 2993 3494 3048 Salva-

1882 3067 2015 3121 toris
2060 3069 2350 3125 adventum
2379 3072 2999 3135 adversusCatholieaut
3046 3082 3233 3138 Fidem
3280 3098 3489 3142 exorta:

1803 3156 1848 3218 C
1883 3169 2034 3227 sunt,
2070 3179 2204 3232 quas
2236 3165 2378 3220 idem
2408 3177 2624 3225 centum
2663 3171 2850 3241 viginti
2875 3183 3001 3229 octo
3031 3174 3102 3247 (c)
3128 3191 3251 3232 esse
3279 3179 3486 3235 descri—

1879 3251 1960 3307 bit
1985 3271 1997 3307 :
2021 3252 2161 3309 sicut
2203 3265 2258 3311 et
2288 3257 2355 3314 de
2386 3274 2452 3314 eo
2479 3260 2620 3325 idem
2651 3263 2735 3318 vir
2764 3280 2972 3336 magna:
3009 3269 3199 3338 gloriae
3228 3273 3486 3342 Augusti-

1880 3360 1981 3400 nus
2029 3348 2298 3404 meminit.

1957 3437 2077 3494 Job.
2117 3439 2428 3499 Tritltemius
2460 3447 2523 3501 de
2550 3447 2910 3518 Scriptoribus
2933 3453 3135 3510 Eccles.
3165 3474 3281 3527 cap.
3316 3457 3407 3513 84.

1950 3530 2305 3591 PutLAsrtuus
2343 3539 2637 3610 episcOpus
2681 3543 3013 3611 Brixiensis,
3062 3548 3145 3602 vir
3193 3551 3246 3604 iu
3284 3549 3486 3607 divinis

1875 3622 2171 3696 Scripturis
2188 3630 2559 3698 doctissimus,
2583 3647 2638 3689 et
2666 3639 3008 3694 srecularium
3035 3641 3342 3698 litterarum
3374 3659 3482 3700 non

1875 3719 2128 3790 ignarus,
2176 3722 2337 3778 beato
2367 3726 2657 3781 Ambrosio
2699 3729 3087 3788 Mediolanensi
3133 3745 3186 3791 et
3230 3745 3391 3791 notus
3421 3748 3481 3793 et

1874 3812 2179 3877 familiaris,
2220 3816 2374 3885 cujus
2405 3819 2650 3874 meminit
2695 3821 2751 3877 S.
2785 3826 3118 3894 Augusﬁnus
3159 3828 3210 3882 itt
3240 3829 3475 3899 quadam

1872 3905 2100 3973 epistola
2156 3907 2224 3962 ad
2280 3909 2756 3978 Quodvultdcum;
2808 3915 3026 3986 scripsit
3105 3934 3201 3988 pro
3243 3920 3480 3975 utilitate

1871 4001 2145 4054 communi
2171 4003 2419 4072 quaedam
2449 4006 2710 4074 praeclara
2749 4007 3040 4079 Opuscula,
3070 4027 3100 4064 c
3130 4013 3328 4083 quibus
3355 4017 3478 4069 nuli

1871 4092 1980 4149 lum
2026 4093 2094 4150 ad
2137 4111 2330 4151 manus
2371 4108 2584 4154 nostras
2629 4103 2847 4157 memini
2899 4103 3237 4174 pervenisse.
3279 4107 3479 4164 Fertur

1870 4185 2010 4254 ejus,
2045 4187 2103 4241 Β.
2134 4189 2440 4259 Augustino
2482 4191 2569 4248 ttbi
2599 4209 2763 4264 supra
2793 4204 3044 4266 testante,
3089 4199 3301 4271 insigne
3329 4200 3478 4274 Opus

1870 4281 2012 4348 quod
2046 4281 2267 4353 scripsit
2291 4302 2303 4336 :

1930 4370 2010 4426 De
2035 4388 2156 4429 CLVI
2181 4374 2260 4446 (d)
2294 4376 2587 4433 Ilwresibus
2615 4380 2705 4436 lib.
2738 4397 2755 4436 ι
2793 4382 3087 4440 Simoniani
3121 4405 3153 4441 a
3180 4387 3411 4444 Simone.

1938 4463 2147 4521 Caetera
2171 4483 2279 4523 non
2314 4470 2441 4525 vidi.
2466 4471 2676 4528 Claruit
2699 4475 2801 4529 sub
2829 4475 3140 4532 Theodosio
3163 4480 3294 4551 imp.
3326 4480 3476 4535 chri-

1782 4557 1836 4618 D
1861 4557 2217 4629 stianissimo,
2246 4578 2391 4618 anno
2414 4563 2623 4621 Domini
2645 4582 2909 4622 ccccxxx.

2157 4653 2305 4709 Elias
2335 4653 2623 4725 Capreo/us
2661 4659 2751 4716 lib.
2782 4675 2836 4714 ut
2871 4659 3013 4714 Hist.
3046 4660 3192 4718 Brix.

1940 4747 2076 4803 lluic
2107 4758 2286 4806 autem
2327 4755 2533 4824 (nempe
2574 4752 2850 4825 Faustino)
2884 4754 3240 4814 PHILASTRIUS
3285 4762 3472 4818 statim

1865 4845 2152 4912 sull'ectus,
2177 4844 2374 4900 Ariana
2406 4844 2600 4902 haeresi
2622 4855 2765 4913 orta,
2797 4848 2884 4903 ubi
2914 4850 3204 4907 concilium
3239 4857 3472 4910 trecenti

1863 4949 1919 4995 et
1948 4941 2136 4996 decem
2170 4949 2294 4996 octo
2321 4941 2698 5011 episcoporum
2727 4941 2796 4998 ad
2828 4943 2999 5013 ipsam
3023 4948 3469 5015 examinandum,

1851 5031 2253 5094 Constantinus
2277 5034 2367 5104 qui
2394 5034 2512 5104 jam
2536 5035 2611 5090 illi
2633 5045 2991 5092 consenserat
3017 5051 3295 5109 vocasset;
3325 5043 3471 5100 inter

1864 5141 1961 5184 eos
1987 5126 2302 5184 acutissime
2345 5127 2679 5199 disputavit:
2711 5127 3247 5205 diSputationemque
3293 5138 3470 5207 ipsam

1863 5219 2061 5276 deinde
2101 5220 2322 5291 scriptis
2366 5222 2662 5288 mandans,
2711 5237 2818 5278 non
2865 5238 3090 5294 parvam
3132 5226 3211 5283 rei
3238 5228 3468 5301 gloriam

1869 5406 2314 5484 lueresibusﬁo,
2357 5423 2482 5465 cum
2526 5411 2579 5466 in
2618 5410 2788 5484 editis
2824 5427 2932 5484 non
2986 5413 3170 5484 plures
3221 5416 3476 5476 feruntur

1867 5493 2026 5560 quam
2179 5479 2361 5560 Idem_,
2417 5497 2538 5552 cap.
2571 5483 2710 5560 too,
2745 5484 2890 5540 inter
2919 5479 3235 5560 Hieronymi
3267 5492 3473 5560 scripta

1867 5550 2036 5633 refert
2083 5553 2278 5633 librum
2305 5553 2379 5633 de
2397 5550 2680 5633 octoginta
2721 5550 3283 5633 quatuorhterc'sibus
3312 5550 3468 5633 cujus

1865 5621 2078 5703 initium
2111 5623 2408 5703 Simoniant'
2451 5642 2482 5676 a
2515 5621 2752 5683 Simone.
2795 5627 2866 5684 At
2911 5628 3002 5688 ille
3036 5633 3324 5703 Augustini
3353 5621 3433 5691 c'st

1866 5709 1972 5749 non
2008 5694 2348 5767 Hieronymi.
