3970 6408
133 231 260 290 “00

927 226 1368 298 QUORUllD.\M
1412 224 1802 287 ΡηιιιΑδτιιιι
1843 227 2170 286 ιοεοηωι
2213 229 2566 288 CENSL‘RA.

3284 234 3427 291 illi)

132 346 276 414 igitur
299 338 518 399 dicendi
545 348 725 405 erant,
760 353 866 393 non
899 339 1263 411 Putenryctae.
1294 339 1400 395 Sed
1438 340 1484 394 si
1515 355 1583 395 es
1622 339 1719 393 ille
1749 347 1788 404 Α
1823 354 1884 396 se
1911 340 2243 410 insinuasse;
2275 353 2438 414 atque
2465 359 2532 399 ex
2571 343 2718 399 illius
2747 347 2862 399 tum
2888 345 3140 414 publicis.
3169 353 3286 401 tum
3313 348 3426 416 prta

132 443 380 494 comitate
408 433 526 490 tilla
547 432 770 490 haeresis
795 434 1087 489 divinanda
1118 433 1239 500 fuit,
1283 450 1382 489 cur
1414 440 1521 489 non
1552 445 1606 489 et
1649 450 1712 490 ex

133 529 192 584 Ξῖ
218 528 384 584 dicam
411 528 575 583 aliam
604 527 839 584 basi-esi"
875 527 897 583 i
899 529 1063 595 uisse,
1096 543 1218 599 quae
1247 528 1451 599 lignum
1483 538 1712 599 patrem,

134 622 350 694 lapidem
383 631 611 678 matrem
640 621 906 677 vocabat?
933 623 1054 691 quis
1088 623 1234 678 enim
1266 623 1541 694 negaverit
1568 638 1718 678 eam-

135 719 245 774 dem
283 718 729 784 consequentiam
760 719 920 773 esse?
950 716 1137 788 Neque
1185 717 1473 789 quicquam
1503 727 1714 773 certum

135 819 208 868 est
233 811 284 866 in
313 810 588 878 Balnlitis,
615 822 706 865 aut
735 809 1056 866 Balaamitis.
1096 810 1344 878 Heresis,
1379 810 1571 881 inquit,
1602 827 1718 881 qua:

133 905 289 961 Bahal
314 904 534 972 idolum,
563 914 654 960 aut
703 903 927 960 Balaam
956 903 1481 975 psettdopmphetam,
1525 905 1613 975 qui
1654 903 1720 958 de

135 997 495 1069 Hewpotamia
524 1009 730 1055 uenerat
761 1014 944 1054 contra
968 999 1146 1054 Mosen
1175 999 1546 1066 beatissimum,
1580 1014 1719 1054 asse-

130 1102 444 1148 rimtnomon
486 1093 766 1164 accepisse.
799 1092 903 1161 Qui
945 1091 1048 1147 ltoc
1077 1092 1416 1158 asserebant,
1443 1093 1718 1163 quomodo

131 1199 157 1240 a
185 1184 346 1240 Bahal
391 1184 540 1240 idolo
586 1185 886 1251 deducunt,
931 1187 976 1242 si
1029 1201 1058 1238 a
1113 1186 1328 1241 Balaam
1383 1186 1719 1256 pseudoproo

130 1277 311 1347 pheta?
342 1277 694 1349 Pytltonisswi
749 1279 883 1333 nttlli
935 1278 1179 1350 profecto
1222 1276 1445 1335 luerunt
1494 1293 1720 1350 :uequu

131 1375 223 1431 ulla
253 1383 510 1428 constans
538 1387 698 1426 causa
732 1372 912 1428 alierri
943 1383 1142 1444 potest.
1177 1373 1285 1430 Sed
1316 1374 1480 1430 nimis
1507 1374 1608 1429 sibi
1638 1374 1717 1428 in-

129 1470 279 1526 dulsit
302 1471 352 1522 in
383 1467 690 1524 hminibus
735 1467 1065 1534 divinandis,
1093 1485 1214 1540 quze
1263 1485 1442 1540 neque
1473 1468 1714 1538 luerunt,

129 1577 290 1634 neque
329 1575 455 1617 esse
485 1572 819 1632 potuerunt,
872 1578 996 1617 cum
1047 1563 1091 1617 si
1144 1562 1246 1618 huc
1278 1562 1441 1619 modo
1491 1563 1718 1619 investi-

127 1662 303 1730 gandi:
329 1667 512 1727 erant,
539 1659 698 1730 longe
727 1659 1123 1729 probabiliores
1149 1659 1329 1715 aﬁ‘erri
1382 1668 1628 1731 possent,
1660 1669 1720 1714 ut
1823 1659 2060 1742 manu“
2090 1692 2366 1758 tamquam
2397 1695 2561 1743 unum
2604 1701 2634 1742 ρ
2691 1687 2837 1743 Divis

126 1754 643 1812 Soccothbenomltm
671 1793 684 1820 ,
720 1753 1024 1823 Nergelitai,
1057 1754 1275 1810 Asi‘mmi
1300 1796 1314 1820 ,
1345 1753 1713 1820 Nebabasitre,
1747 1745 1795 1808 B

128 1848 425 1916 'l'artacilue,
455 1849 893 1913 Adramclecitte,
929 1851 1337 1906 Anamelecituc.
1386 1849 1520 1905 Nam
1570 1849 1714 1906 idola

128 1942 205 1997 illa
248 1957 375 1999 suos
431 1942 673 1998 cultores
702 1942 1030 1998 habuerunt.
1090 1942 1196 1999 Sed
1233 1942 1338 1999 hoc
1394 1942 1556 1999 modo
1586 1947 1718 2013 quot

126 2037 252 2093 idola
299 2037 544 2104 fuerunt,
579 2046 658 2092 tot
703 2053 910 2109 genera
962 2038 1275 2105 itaireseon,
1308 2048 1399 2093 aut
1442 2046 1713 2094 sectarum

127 2132 446 2189 instituenda
472 2119 720 2188 inissent.
758 2131 910 2201 Apud
941 2131 1192 2188 eumdem
1224 2146 1440 2203 quoque
1471 2130 1716 2201 Scripto-

125 2241 227 2283 rem
264 2227 314 2284 in
344 2227 522 2284 altera
556 2237 704 2298 parte
732 2226 945 2296 Oporis,
981 2235 1114 2296 quot
1147 2225 1386 2282 ltmreses
1416 2233 1536 2295 post
1560 2223 1715 2281 Clu-i-

125 2330 250 2376 stum
277 2331 570 2378 narranlur
592 2321 784 2387 fuisse,
814 2337 934 2391 quae
978 2320 1140 2377 nulla:
1171 2321 1421 2378 luerunt?
1451 2330 1500 2376 et
1535 2331 1712 2378 tamen

124 2431 222 2472 non
251 2416 424 2474 solum
452 2415 522 2472 ibi
552 2415 648 2486 (τι),
680 2417 776 2474 sed
801 2415 963 2470 etiam
992 2415 1134 2485 apud
1164 2414 1526 2485 Epipltanium
1551 2416 1715 2470 mnis-

123 2523 173 2565 sa
197 2518 276 2566 est
296 2509 542 2568 omnium
567 2509 956 2576 vetustissima,
976 2511 1006 2569 ἡ
1028 2515 1129 2566 τῶν
1159 2510 1291 2586 ὑπὲρ
1317 2516 1502 2584 νεκρῶν
1524 2508 1717 2579 βαπτι-

126 2605 344 2678 ζομένων.

188 2683 437 2753 Erasmus
487 2698 792 2769 purgatione
819 2697 1064 2752 adversm
1101 2697 1393 2768 Epistolam
1426 2696 1639 2752 Lat/teri

389 2802 521 2844 tam.
549 2787 635 2842 IX
669 2787 808 2858 Opp.
834 2789 958 2844 edit.
981 2787 1150 2842 Basil.
1176 2806 1228 2858 p.
1268 2787 1425 2843 1265.

186 2881 330 2949 Quod
362 2883 408 2937 si
448 2881 744 2952 periculum
774 2893 878 2948 est,
915 2897 980 2936 nc
1007 2881 1130 2951 quis
1157 2882 1365 2937 resiliat
1392 2897 1420 2936 a
1454 2883 1717 2954 religione

126 2973 450 3043 Citristlaita,
484 2975 528 3029 si
570 2975 843 3046 cognitum
877 2975 1038 3029 liter-it
1071 2974 1367 3030 Ecclesium
1401 2975 1563 3029 variis
1607 2977 1715 3029 itu:-

124 3071 402 3128 rellCot‘ltin
459 3071 742 3126 erroribus
797 3071 968 3126 fuisse
1022 3077 1312 3135 vexatam,
1351 3070 1712 3140 perniciosam

1819 433 1956 488 vatis
1979 432 2046 488 de
2075 433 2236 490 rebus
2265 437 2435 491 sacris
2469 436 2969 503 dissertatim-tibus,
3003 449 3175 494 nos-os
3204 440 3425 510 pietatis

1817 527 2141 584 Christiana
2187 545 2381 584 sensus
2430 529 2694 598 induisse,
2735 535 2797 587 ut
2843 532 3035 588 scribit
3079 533 3424 589 Gaudentius

1817 619 1936 690 ejus
1966 633 2254 676 successor
2285 637 2408 676 cum
2441 621 2687 690 ejusdem
2721 623 2890 678 vitam
2922 629 3163 679 enarrat.
3199 623 3425 681 Prtefuit

1816 727 1991 768 annos
2039 721 2183 780 octo,
2240 713 2588 785 decessitque
2627 715 2736 769 kal.
2799 717 3027 787 Augusti
3073 726 3267 772 sancto
3293 719 3426 774 Am-

1817 807 2004 863 brosio
2047 807 2224 863 adhuc
2270 810 2514 877 vivente,
2556 821 2615 864 ut
2666 820 2846 865 narrat
2903 810 3044 865 idem
3081 810 3423 867 Gaudentius

1819 899 1871 955 in
1903 899 2167 956 Sermone
2204 900 2392 956 desua
2420 901 2797 958 Ordinatione.
2843 902 2999 973 Apud
3043 904 3106 959 S.
3146 901 3423 959 Andream

1821 992 2082 1047 tumulum
2119 993 2350 1063 accepit,
2376 993 2466 1049 ubi
2502 994 2653 1049 illum
2683 994 3012 1065 Rampertus
3038 996 3328 1066 episcopus
3356 997 3424 1050 iis

1820 1085 1938 1140 neis
1987 1083 2283 1139 involutum
2329 1085 2601 1155 reperisse
2627 1093 2878 1142 narratur
2925 1087 2992 1143 A.
3034 1085 3096 1142 C.
3126 1088 3232 1143 858
3271 1104 3303 1142 v
3343 1088 3418 1144 id.

1819 1180 2044 1251 Aprilis,
2067 1195 2190 1235 cum
2223 1181 2321 1236 hac
2343 1182 2498 1237 brevi
2521 1183 2877 1253 inscriptione
2903 1201 2918 1237 :

1931 1292 2388 1352 PHILASTRiVS
2440 1279 2903 1384 centesimas
2941 1279 3304 1352 MEMORIAE

2164 1387 2274 1444 mc
2316 1383 2726 1457 [mortescn‘
2766 1385 2831 1445 IN
2871 1387 3069 1446 PACE.

1893 1499 2024 1570 Ejus
2067 1499 2262 1556 deinde
2300 1511 2518 1557 sacrum
2550 1517 2750 1572 corpus
2781 1502 2921 1558 idem
2951 1493 3277 1573 Rampertus
3307 1499 3427 1571 epi-

1821 1610 2020 1666 δεομιιε
2071 1596 2346 1650 transtulit
2390 1596 2442 1650 in
2485 1597 2770 1652 ecclesiam
2799 1593 3082 1666 Maiorem,
3131 1598 3416 1668 ipsumque

2886 1685 3211 1743 tulelar‘ibus
3257 1702 3421 1750 vene-

1822 1789 2010 1837 rantur
2034 1789 2088 1837 et
2123 1781 2326 1837 colunt.

1821 1919 2105 1992 Philippus
2132 1919 2413 1976 Ferrarius
2440 1922 2494 1976 in
2515 1920 2769 1994 Catalogo
2794 1921 2903 1978 SS.
2935 1921 3111 1978 Italia:
3153 1923 3220 1979 l8
3264 1921 3421 1978 Julii.

1893 2038 2248 2093 PutLAs'rtuus
2288 2037 2506 2092 natione
2553 2037 2858 2108 Hispanus,
2891 2037 3094 2093 divinis
3133 2047 3186 2094 et
3230 2037 3423 2093 buma-

1821 2134 2119 2188 nislitlerls
2153 2132 2398 2203 apprime
2449 2130 2718 2198 eruditus,
2754 2145 2864 2187 non
2893 2132 3228 2188 mediocrem
3270 2138 3425 2203 peras

1819 2227 2126 2300 grinatioue
2154 2227 2422 2283 doctrinm
2450 2226 2820 2283 acceSsionem
2844 2225 2993 2282 fecit.
3022 2225 3154 2282 Nam
3180 2233 3237 2283 ει
3257 2226 3426 2283 Αηιεε

1819 2338 1917 2380 nas
1945 2324 2204 2394 navigans
2250 2321 2320 2377 ibi
2355 2322 2508 2379 brevi
2557 2323 2805 2394 ingentes
2851 2329 3174 2393 progressus
3210 2320 3418 2389 habuit,

1819 2418 2160 2488 Roma-quea
2191 2417 2419 2471 Damas’o
2449 2415 2748 2472 liberaliter
2776 2421 3056 2480 tractatus,
3081 2413 3298 2486 publice
3324 2415 3424 2472 dti-

1818 2513 1948 2568 cuit.
1974 2509 2104 2564 inde
2129 2509 2299 2564 sacris
2321 2508 2564 2564 initiatus
2586 2507 2897 2577 discedens,
2929 2507 3128 2579 ubique
3155 2507 3420 2564 adversus

1820 2604 2051 2660 Arianos
2079 2601 2412 2669 decertnvit;
2444 2600 2734 2657 Mediolani
2783 2600 3042 2657 adversus
3088 2601 3419 2658 Auxentium

1818 2697 2159 2768 episcopum,
2186 2704 2241 2751 et
2267 2694 2404 2750 alios
2429 2693 2658 2749 Arianos
2677 2694 2962 2764 disputans
2982 2705 3079 2750 eos
3097 2693 3419 2757 confutavit,

1817 2791 2094 2860 librosque
2122 2787 2340 2859 scripsit
2375 2786 2636 2843 adversus
2665 2786 2933 2843 Hmreses.
2965 2777 3128 2843 Multa
3158 2786 3228 2844 ab
3247 2787 3422 2844 liuere;

1818 2884 1938 2940 ticis
1958 2898 2159 2954 passus
2186 2892 2298 2949 est;
2328 2883 2529 2956 smpius
2567 2882 2638 2937 ab
2666 2883 2774 2938 illis
2814 2897 3124 2953 percussus,
3148 2891 3204 2940 et
3225 2883 3420 2940 vulne-

1818 2983 1988 3042 ratus,
2024 2990 2090 3030 ac
2119 2976 2278 3030 etiam
2300 2973 2450 3030 cruci
2478 2973 2677 3030 omitus
2716 2975 2989 3043 periisset,
3022 2974 3127 3030 nisi
3155 2982 3188 3032 a
3216 2960 3419 3032 Catho-

1816 3068 1939 3124 licls
1966 3077 2184 3138 ereptus
2214 3066 2422 3122 luisset.
2447 3067 2584 3124 Cum
2615 3067 2852 3123 Brixlam
2899 3067 2965 3124 ad
2999 3055 3100 3125 SS.
3149 3067 3418 3133 Faustini,

126 3177 330 3236 operam
354 3165 870 3236 suinpsernutapud
890 3166 1113 3222 Grtccos
1135 3173 1353 3221 sanctus
1377 3166 1715 3238 Epiphanius

1828 3158 2031 3226 invitm,
2064 3163 2118 3214 et
2137 3160 2280 3215 Afra:
2303 3159 2560 3231 reliquias
2585 3160 2925 3216 venerandus
2943 3159 3220 3232 profectus
3251 3151 3421 3228 esset,

126 3265 173 3315 ct
200 3260 528 3329 Ρηιιλετειι,
562 3261 705 3332 apud
736 3261 958 3316 Latinos
1008 3261 1374 3332 Augustinus,
1412 3261 1714 3330 catalogum

126 3355 348 3410 omnium
374 3356 660 3411 limreseon
692 3354 810 3410 orbi
839 3367 1228 3425 proponentes.
1286 3353 1517 3410 Fallitur
1553 3354 1719 3410 Eras-

126 3463 227 3502 mus
277 3447 604 3504 Pliilastrum
656 3447 851 3503 Graecis
895 3465 1170 3504 accensens
1220 3448 1599 3520 Scriptor-ibus,
1631 3465 1718 3522 pe-

127 3543 259 3598 rinde
300 3552 353 3598 ut
383 3540 512 3597 alibi
555 3551 742 3613 prater
769 3559 876 3596 rem
906 3543 1139 3609 dubitat,
1170 3541 1470 3600 lrenwusne
1516 3541 1720 3610 Grece,

126 3650 187 3688 an
216 3633 400 3690 L’atine
430 3634 720 3699 scripserit.

162 3723 525 3782 Ferdinanttus
552 3723 804 3802 Ughetlus
832 3737 954 3782 tom.
988 3719 1068 3780 Il’
1092 3725 1262 3782 Italiae
1281 3741 1446 3783 sacrm
1466 3741 1519 3799 p.
1544 3728 1676 3793 729,

345 3820 437 3876 ubi
466 3817 760 3876 Brixiensc's
786 3822 1056 3894 episc0pos
1087 3828 1470 3878 commemorat.

190 3913 418 3971 Sanctus
453 3915 806 3971 Putsts'rmus
839 3917 1104 3985 tlispanns
1135 3916 1210 3990 (ὁ)
1252 3917 1389 3973 hanc
1421 3919 1559 3973 rexit
1619 3918 1719 3974 Ec-

127 4005 333 4063 clesium
400 4007 470 4064 A.
514 4009 642 4075 581,
699 4010 780 4062 vir
851 4008 1219 4070 nobilissimus
1275 4019 1383 4066 tum
1441 4011 1713 4080 doctrina,

130 4108 230 4153 tum
259 4100 616 4156 sanctimonia
652 4101 796 4156 vitae.
823 4101 1033 4174 Quippe
1062 4119 1184 4160 cum
1215 4101 1502 4162 Mcdidlani
1541 4097 1718 4162 adhuc

130 4192 271 4248 titulo
327 4196 672 4266 episcopatus
716 4197 1016 4252 Auxentius
1063 4198 1442 4269 insigniretur,
1485 4199 1719 4258 Arianos

128 4287 231 4341 suis
280 4288 740 4360 disputationibus
788 4293 1022 4362 perttrsit
1065 4308 1126 4348 ac
1167 4293 1317 4360 vicit,
1352 4287 1423 4350 ita
1465 4301 1523 4350 ut
1577 4297 1720 4352 inter

129 4377 260 4432 illius
290 4380 479 4435 suzculi
530 4380 830 4440 clarissima
866 4383 1068 4438 lumina
1098 4384 1212 4454 jam
1257 4385 1504 4442 videatur
1560 4402 1719 4459 posse

126 4476 523 4530 connumerari.
553 4475 686 4534 Cum
713 4465 776 4536 Ῐ).
813 4477 1102 4536 Atnbmsio
1133 4473 1466 4551 Aquileiensi
1491 4483 1720 4542 concilio

126 4565 383 4636 interluit,
404 4570 652 4642 seditque
679 4573 818 4626 inter
843 4573 984 4630 illius
1008 4575 1221 4629 concilii
1249 4575 1438 4632 Patres
1467 4585 1716 4647 octavus,

125 4669 179 4716 ut
220 4665 385 4720 refert
434 4666 695 4722 Baronius
725 4682 788 4722 ex
823 4669 1044 4724 Actibus
1089 4669 1234 4724 illius
1271 4671 1516 4728 concilii.
1566 4670 1720 4730 Illius

125 4758 368 4814 meminit
417 4759 754 4830 Augustinus
791 4763 842 4815 in
877 4762 970 4818 lib.
996 4763 1063 4819 de
1096 4762 1402 4820 llrcresibus
1446 4765 1515 4819 ad
1541 4743 1724 4832 Quod-

129 4850 423 4921 vultdeum,
453 4853 793 4928 aitirmatque
825 4855 1011 4913 Romze
1038 4858 1089 4913 in
1118 4857 1264 4916 illius
1295 4858 1721 4918 familiaritatem

194 4988 272 5067 (tt)
297 4990 652 5067 Philastrius,
689 4991 820 5048 liter.
865 4993 992 5058 ηθ,
1033 5005 1278 5052 mortuos
1319 4995 1706 5067 baptizautium

124 5058 258 5118 facit
271 5064 627 5120 mentionem.

1821 3269 1850 3308 a
1876 3255 1934 3310 S.
1986 3253 2252 3310 Faustino
2296 3255 2555 3326 episcopo
2609 3253 3021 3326 perhumaniter
3059 3254 3335 3325 acceptus,
3371 3253 3425 3309 in

1819 3349 2121 3420 adjutorem
2166 3356 2222 3405 et
2274 3356 2646 3407 Suetessorem
2715 3349 2921 3405 electus
2969 3353 3078 3406 est.
3119 3347 3222 3418 Qui
3275 3345 3424 3405 tutus

1820 3454 1935 3501 erat
1975 3445 2027 3501 in
2081 3445 2332 3517 legendo,
2365 3443 2779 3514 subseribendo,
2808 3442 3208 3512 concionando,
3241 3443 3420 3501 ecete-

1821 3541 1933 3596 sias
1958 3541 2341 3598 constituendo
2372 3551 2424 3597 et
2446 3540 2686 3596 hmreses
2712 3538 3084 3596 coniutando:
3113 3537 3183 3594 de
3205 3553 3315 3610 quo
3341 3538 3422 3596 di-

1821 3649 1920 3691 vus
1945 3633 2283 3706 Augustinus
2323 3633 2377 3688 in
2410 3633 2642 3704 epistola
2673 3631 2741 3687 ad
2767 3630 3205 3698 Quodvultdeum
3237 3630 3422 3686 disco-6

1822 3743 1948 3784 nmn
1983 3728 2057 3781 ait
2084 3744 2096 3780 :
2133 3725 2444 3780 Philastrius
2465 3723 2752 3779 Brixiemis
2780 3724 3072 3796 episcopus,
3102 3733 3253 3792 quem
3300 3725 3417 3801 cum

1823 3818 1967 3875 beato
2009 3815 2279 3873 Ambrosio
2327 3816 2616 3872 Mediolani
2664 3819 2820 3872 etiam
2865 3815 2974 3887 ipse
3020 3809 3127 3868 vidi
3155 3851 3174 3881 ,
3211 3809 3421 3881 scripsit

1823 3914 1942 3968 hinc
1971 3913 2158 3967 librum
2185 3911 2405 3966 haereses
2438 3910 2562 3965 illas
2601 3919 2704 3964 non
2740 3909 3166 3980 praetermittens,
3201 3912 3316 3978 quis
3364 3905 3420 3958 tu

1822 4007 2018 4080 populo
2037 4005 2348 4061 Iudaeorum
2364 4004 2573 4078 [uerunt
2601 4013 2721 4059 ante
2737 4001 2949 4057 Domini
2971 4000 3272 4067 adventum,
3302 4014 3418 4054 eas-

1822 4107 1920 4173 que
1938 4101 2120 4172 uiginti
2146 4110 2195 4155 et
2219 4107 2334 4155 octo
2358 4095 2678 4154 memoravit.

1893 4195 2066 4256 Non.
2085 4193 2220 4251 Sunt
2247 4195 2335 4264 qui
2357 4191 2582 4247 scribant
2602 4191 2943 4246 Pliilastrium
2961 4189 3182 4244 concilio
3203 4187 3423 4243 Nicamo

1823 4288 1916 4346 sub
1934 4279 1994 4346 S.
2015 4285 2266 4346 Silbeetro
2281 4295 2439 4361 papa,
2459 4296 2504 4340 et
2527 4284 2867 4340 Constantino
2890 4282 3085 4355 Magno
3107 4282 3428 4354 interfuisse;

1823 4385 1962 4458 quod
1984 4386 2028 4439 si
2064 4400 2240 4444 verum
2271 4392 2368 4449 est,
2397 4391 2595 4456 oportet
2643 4381 2795 4436 illum
2838 4379 3216 4434 adolescentem
3263 4375 3425 4448 fuisse

1826 4493 1874 4538 et
1899 4465 2198 4541 audientem
2247 4468 2568 4550 interfuisset
2598 4481 2702 4537 ltolt
2751 4475 3122 4546 diepttantem.
3160 4470 3302 4524 Obiit
3332 4485 3426 4523 au-

1775 4543 1799 4598 ,
1826 4585 1927 4633 tem
1956 4593 2020 4634 xv
2049 4575 2154 4633 kal.
2180 4573 2312 4646 Aug.
2340 4543 2462 4627 ante
2505 4571 2568 4628 S.
2606 4543 2953 4636 Ambrosium,
2986 4585 3018 4622 a
3043 4581 3142 4637 quo
3182 4564 3244 4620 S.
3279 4562 3425 4619 Gau-

1822 4671 2030 4726 dentius
2054 4683 2316 4724 successor
2335 4665 2606 4721 ordinatus
2633 4671 2728 4718 est.

1905 4753 2085 4819 l'ideri
2112 4770 2360 4834 praeterea
2385 4766 2546 4830 potest
2570 4754 2946 4821 Tillentontius,
2979 4759 3116 4808 tom.
3174 4747 3292 4806 Vill
3317 4745 3428 4804 Mc-

1828 4875 1993 4929 mor.,
2028 4874 2082 4930 p.
2113 4857 2240 4924 5H,
2266 4865 2363 4911 etc.

1893 4995 1973 5068 (b)
2009 4994 2146 5051 Aliis
2172 4992 2365 5050 Italus.

881 5161 3421 5196 Μ

224 5295 1150 5381 NONNULLORUM
1227 5297 1893 5432 PHILASTRII
1966 5294 2568 5390 LOCORUM
2645 5287 3200 5376 CENSURA
3257 5272 3332 5347 (⁸³)

196 5542 271 5598 De
296 5541 357 5599 S.
388 5542 680 5598 Pltilastrio
721 5542 870 5612 plura
909 5541 1225 5598 indicabunt
1256 5540 1350 5597 tibi
1382 5556 1448 5598 ex
1481 5536 1724 5612 probatis

1830 5542 1990 5610 Julii,
2049 5559 2156 5614 quo
2212 5541 2302 5598 die
2360 5540 2572 5599 Natalis
2621 5540 2678 5600 S.
2740 5539 3015 5599 Pliilastrii
3065 5540 3209 5597 inter
3259 5547 3445 5594 sacros

126 5631 451 5693 Auctoribus
491 5635 645 5694 Notae
687 5634 756 5693 ad
807 5635 1110 5692 Romanum
1163 5636 1602 5709 Martyrologium
1658 5638 1726 5693 18
1835 5635 2130 5706 inscriptus
2160 5635 2388 5691 habetur
2425 5634 2657 5706 publicis
2687 5633 2948 5691 Romanae
2990 5633 3247 5691 Ecclesiae
3277 5627 3440 5686 tabu-

205 5796 288 5874 (a)
330 5796 406 5854 Ne
436 5798 562 5876 quid
591 5797 867 5855 desideret
896 5795 1070 5854 lector
1105 5796 1246 5869 quod
1285 5795 1350 5853 ad
1387 5796 1737 5855 Pbilastrium
1850 5797 2138 5868 pertineat,
2174 5794 2456 5854 subdimus
2496 5794 2561 5855 F.
2600 5795 2650 5853 J.
2692 5795 2762 5854 Μ.
2809 5792 3252 5854 Brasicbellensis
3291 5787 3441 5848 testi-
