3970 6408
501 161 634 219 illi
1789 155 2038 213 SANCTI
2071 153 2467 236 'PHILASTRII
3611 161 3714 226 me

496 277 588 333 lis.
620 277 822 334 Verum
855 277 958 332 etsi
989 275 1049 332 8.
1074 275 1404 332 Philastrius
1429 275 1738 341 sanctitate,
1771 281 1826 329 et
1853 271 2100 328 doctrina
2129 276 2182 336 Α
2207 270 2385 328 Serm.
2416 271 2475 327 S.
2508 269 2798 327 Caudentii
2827 270 3166 328 successoris
3198 269 3252 327 8.
3293 271 3564 343 Philastrii,
3595 290 3713 347 quem

499 370 794 444 prteclarus
823 371 1128 438 exstiterit,
1163 369 1268 425 hoc
1296 379 1473 425 tamen
1506 369 1624 441 ejus
1647 367 1795 439 Opus
1822 367 1886 422 de
1921 366 2102 422 Ηωνε-
2203 366 2268 420 de
2293 383 2388 419 sua
2419 364 2764 420 Ordinatioue
2795 365 2984 420 habuit
3012 384 3026 418 :
3056 373 3113 420 at
3139 374 3318 421 notum
3354 374 3434 422 est
3459 365 3513 422 S.
3539 367 3714 426 Ambro-

499 465 640 520 sibus
665 473 847 531 caute,
875 472 1080 520 etcum
1099 462 1305 535 judicio
1327 461 1646 534 quibusdam
1678 465 1731 517 in
1759 461 1896 517 locis
1923 460 2103 532 legen—
2203 459 2343 515 sium
2373 460 2673 531 emigrasse
2705 458 2947 514 Cresario
2990 468 3047 515 et
3089 458 3264 516 Attico
3291 458 3590 518 Consulibus
3611 478 3713 521 anno

505 557 660 623 dum,
700 555 847 626 quod
895 556 1156 611 nonnulla
1204 554 1481 610 contineat
1520 569 1640 610 cum
1684 551 1898 624 placitis
1943 561 2105 607 recta:
2204 553 2304 607 sal.
2336 553 2463 608 397.
2494 552 2732 608 Consule
2769 552 2898 607 Not.
2931 552 2998 607 ad
3033 551 3194 607 Rom.
3236 551 3498 625 Martyrol.
3534 554 3590 610 l8
3610 554 3715 612 Julii.

499 649 810 720 Theologia:
840 664 947 705 non
976 649 1110 704 satis
1129 647 1480 704 cohaerentia.
1510 647 1568 704 8.
1593 646 1930 716 Augustinus
1947 642 2101 715 praef.
2844 645 3046 702 Hmres.
3089 646 3179 702 69.

500 743 554 798 in
583 742 782 797 librum
807 757 968 797 suum
994 742 1057 796 de
1089 740 1386 796 Iliensibus
1414 739 1483 796 ad
1517 739 1954 808 Quodvultdcum
1985 752 2104 793 mo-
2277 739 2351 794 lbi
2387 739 2440 794 in
2472 747 2622 796 textu
2649 757 2662 794 :
2697 756 2817 794 cum
2859 749 2905 794 et
2952 742 3003 794 iu
3045 751 3218 796 uentre
3255 741 3544 812 sanctiﬁcali
3565 743 3661 810 sint,
3681 755 3720 800 tt

501 843 614 903 net,
643 833 863 890 doctius
898 833 967 891 de
996 833 1300 889 hreresibus
1333 832 1734 904 praescripsisse
1773 831 1832 888 S.
1876 829 2107 902 Epipha-
2213 832 2556 897 Patrt'ttrchw,
2600 831 2898 903 Prophetas,
2940 833 3174 898 Judices,
3201 832 3528 901 Jeremias,et
3550 834 3721 891 Joanne:

500 930 671 996 nium,
701 944 864 1000 quam
888 927 944 985 8.
979 927 1354 984 PhilaStrium.
2209 926 2466 992 Baptista,
2503 936 2638 994 etc.,
2673 928 2850 983 scribo
2898 929 2949 983 in
2990 943 3161 998 marg.
3197 927 3366 984 Caute
3406 928 3557 998 legas,
3580 943 3673 984 nam
3690 931 3722 986 si

1138 1021 1341 1077 literas.
1382 1021 1474 1078 49.
2211 1022 2498 1093 loquamur
2517 1021 2585 1078 de
2615 1037 2744 1078 vera
2770 1021 3209 1078 sanctiﬁcatione
3228 1037 3258 1077 a
3279 1031 3495 1094 peccato
3516 1023 3722 1094 originali,

575 1121 715 1173 Ante
747 1115 963 1172 initium
992 1131 1113 1187 cap.
1148 1122 1350 1170 annota
1375 1131 1390 1168 :
1417 1112 1589 1170 Caute
1626 1114 1744 1185 lege
1781 1109 1885 1169 hoc
1923 1122 2105 1183 caput,
2209 1117 2499 1172 Jeremiam
2525 1157 2539 1181 ,
2571 1114 2841 1171 Joannem
2884 1116 3214 1187 Baptistam,
3239 1125 3294 1170 et
3320 1114 3597 1186 Deiparatu,
3618 1114 3723 1170 solos

503 1227 626 1266 nam
657 1210 716 1268 S.
747 1210 1082 1266 Philastrius
1110 1208 1383 1266 existimat
1416 1207 1576 1279 primi
1606 1206 1843 1262 hominis
1870 1205 2106 1261 animam
2211 1209 2577 1266 sanctilicatos
2605 1210 2657 1265 in
2679 1217 2836 1265 utero
2863 1209 3063 1265 docent
3089 1208 3378 1280 Theologi.

499 1307 708 1378 (desunt
735 1305 1011 1376 nonnulla)
1037 1321 1159 1362 cum
1177 1305 1278 1362 88.
1297 1304 1399 1360 ΡΡ.
1421 1304 1595 1360 ferme
1617 1317 1830 1368 omnes,
1855 1301 2109 1372 etexpla-
2851 1303 3059 1360 Hteres.
3101 1304 3191 1361 79.

499 1407 720 1456 natores
749 1398 1032 1456 Geneseos
1058 1398 1293 1463 erudite,
1329 1398 1440 1468 pie,
1466 1396 1793 1463 orthodoxe,
1825 1395 2105 1462 historice,
2285 1399 2365 1454 Ad
2404 1399 2614 1455 initium
2643 1413 2766 1468 cap.
2799 1398 3012 1454 ascribe
3037 1416 3052 1453 :
3079 1397 3252 1454 Caute
3279 1395 3548 1469 legendum
3571 1405 3638 1453 est
3657 1396 3727 1451 hoc

499 1501 556 1548 et
584 1507 843 1565 germane
873 1492 1197 1563 spiraculum
1236 1492 1353 1546 vita
1399 1491 1625 1562 praefato
1662 1491 1819 1556 loco,
1873 1489 2108 1544 animam
2213 1502 2394 1562 caput,
2427 1505 2602 1560 neque
2631 1491 2776 1547 enim
2808 1489 3036 1546 haeresis
3063 1501 3168 1557 est,
3200 1498 3295 1544 aut
3321 1503 3470 1545 error
3494 1489 3730 1544 existimare

501 1587 732 1642 rationis
762 1587 1085 1658 participem
1124 1586 1445 1657 intelligant.
1486 1584 1622 1639 Vide
1659 1583 1912 1640 CaSIrum
1946 1584 2040 1639 lib.
2075 1599 2111 1639 ll
2217 1604 2324 1643 non
2356 1601 2546 1642 omnes
2574 1586 2827 1642 Psalmos
2854 1586 3033 1641 editos
3058 1602 3089 1640 a
3124 1584 3350 1651 Davide,
3375 1599 3489 1640 cum
3517 1583 3642 1640 multi
3658 1583 3727 1639 PP.

500 1678 765 1736 adversus
793 1682 1054 1747 haereses,
1083 1681 1252 1736 verbo
1276 1680 1486 1747 Anima,
1521 1679 1713 1736 haeresi
1739 1677 1793 1746 2,
1820 1687 1876 1733 et
1898 1677 2109 1735 Sixtum
2142 1671 2191 1731 B
2217 1690 2272 1737 et
2317 1680 2652 1736 recentiores
2699 1679 2802 1734 hoc
2845 1681 3114 1747 sentiant,
3147 1688 3203 1734 et
3249 1677 3427 1734 adhuc
3461 1678 3510 1733 in
3543 1677 3732 1748 opinione

504 1772 603 1827 lib.
636 1789 668 1828 v
701 1773 837 1829 Bibl.
869 1785 1058 1829 annot.
1082 1773 1174 1828 27.
2210 1777 2491 1832 doctorum
2534 1774 2634 1830 ista
2677 1775 2909 1846 quaestio
2955 1775 3277 1830 ventiletur.
3322 1772 3542 1830 Consule
3573 1771 3729 1830 Sixtum

1141 1865 1342 1922 Hteres.
1385 1865 1477 1923 56.
2214 1870 2308 1926 lib.
2341 1887 2356 1926 ι
2385 1869 2525 1925 Bibl.
2568 1880 2624 1925 et
2663 1869 2892 1933 Psalm.,
2928 1869 3267 1938 interpretes
3297 1867 3353 1923 in
3388 1863 3732 1939 praefationibus.

578 1961 660 2016 Ad
699 1961 910 2017 initium
957 1977 1081 2032 cap.
1128 1962 1347 2018 ascribe
1378 1979 1392 2017 :
1421 1959 1598 2016 Caute
1627 1960 1749 2031 lege
1780 1959 1882 2015 hoc
1919 1968 2106 2029 caput,
2307 1999 2318 2006 μ
2850 1981 3049 2038 Hm“,
3092 1981 3185 2037 32,

512 2069 640 2110 nam
674 2055 734 2111 S.
770 2055 1094 2111 Philastrius
1125 2057 1180 2110 in
1215 2055 1406 2110 haeresi
1439 2055 1614 2125 ponit,
1644 2053 1959 2108 existimare
1984 2062 2110 2108 ante

507 2150 979 2206 constructionem
1030 2152 1200 2206 turris
1260 2148 1428 2206 Babel
1477 2163 1642 2204 unam
1688 2156 1896 2202 tantum
1943 2146 2110 2203 fuisse

509 2241 748 2311 linguam
780 2243 831 2296 in
860 2240 1100 2306 mundo,
1131 2256 1252 2296 cum
1297 2251 1473 2296 tamen
1509 2240 1785 2310 Scriptura
1821 2249 2032 2305 sancta,
2058 2249 2112 2295 et

509 2332 612 2389 SS.
643 2332 747 2387 PP.
780 2333 954 2388 ferme
984 2348 1199 2400 omnes,
1231 2348 1336 2388 non
1368 2333 1469 2390 nisi
1499 2348 1658 2388 unam
1687 2333 1926 2402 linguam
1971 2331 2114 2388 inter

508 2425 758 2482 homines
783 2427 950 2483 fuisse
973 2437 1100 2483 ante
1123 2427 1540 2482 aediﬁcationem
1561 2427 1745 2496 Babel,
1768 2426 2116 2497 apertissime

509 2518 765 2575 doceant.
808 2521 1013 2576 Addito
1061 2521 1396 2577 recentiores
1423 2520 1622 2577 Genes.
1665 2536 1720 2575 χι
1768 2520 2112 2589 interpretes,
2561 2518 2819 2580 ,“‘"'""'"
3151 2518 3217 2528 "‘
3278 2518 3526 2527 """"'
3565 2518 3618 2522 ”“
3650 2518 3684 2576 ,⁷

509 2611 763 2639 unum
817 2614 889 2639 HL
966 2631 1016 2639 __
1071 2615 1329 2639 ΛΑΜ-,Μ
1384 2615 1622 2639 ,κη-η’,
1678 2615 1846 2639 ’,Α-ιη
1902 2614 2094 2639 ημω
2219 2577 2480 2626 sentiant.
2512 2568 2648 2624 Vide
2681 2568 2740 2624 S.
2772 2567 2969 2622 Thom.
3008 2583 3023 2621 ι
3053 2583 3133 2638 p.,
3165 2581 3221 2639 q.
3253 2567 3347 2632 '70,
3375 2572 3475 2620 art.
3508 2564 3553 2630 l,
3578 2560 3632 2617 ad
3650 2567 3744 2624 Ml

508 2611 765 2669 Castrum
815 2614 912 2671 ns.
966 2631 1018 2670 rx
1070 2615 1334 2671 adversus
1384 2615 1646 2684 haereses,
1678 2615 1848 2671 verbo
1893 2614 2116 2686 Lingua,
2220 2601 2480 2686 :f'jf'“,',',f‘
2525 2601 3133 2686 j_";;:,:’-_'__"_‘:';'-,',v"
3165 2601 3221 2639 ιε’
3512 2601 3691 2630 ·’““ν’

509 2707 726 2764 Sixtum
757 2708 853 2765 lib.
887 2725 920 2764 ν
952 2708 1178 2766 Bibliot.
1211 2719 1397 2766 annot.
1429 2660 1559 2765 87:”
1631 2660 1646 2684 ι
1995 2660 2022 2686 ⁷
2103 2660 2116 2678 ν
2221 2663 2254 2718 S

2221 2663 2360 2718 Sixt.
2395 2661 2489 2718 lib.
2525 2679 2557 2718 ν
2585 2661 2724 2718 Bibl.
2759 2670 2951 2717 annot.
2980 2660 3070 2716 Η».

1147 2802 1354 2859 Ilwres.
1398 2803 1491 2860 65.
2870 2775 3067 2832 Haeres.
3111 2775 3201 2832 89.

584 2890 659 2946 lbi
685 2890 736 2946 in
759 2901 910 2948 textu
937 2911 950 2947 :
980 2893 1248 2950 aDomino
1271 2912 1434 2966 usque
1454 2911 1590 2951 nunc
1611 2896 1735 2950 anni
1756 2897 1883 2964 650,
1909 2911 2121 2968 appone
2296 2891 2455 2946 Tolle
2486 2901 2668 2947 notam
2700 2905 2872 2961 marg.
2902 2889 2966 2946 lll
2989 2890 3124 2961 Reg.
3159 2905 3238 2956 xr,
3271 2901 3498 2945 uxorum
3531 2894 3579 2942 et
3606 2895 3747 2940 concu-

512 2985 566 3040 in
613 3001 787 3058 marg.
832 3005 845 3042 :
885 2987 1130 3044 Latinius
1183 2991 1260 3044 vir
1304 2991 1538 3045 eruditus
1586 2991 1827 3045 mendum
1877 2991 1973 3044 Itoc
2012 2991 2121 3046 loco
2229 2987 2475 3042 binarum
2519 2986 2830 3042 Salomonis
2876 2984 3285 3041 multitudinem
3326 2994 3638 3040 numerosam
3667 2992 3746 3047 my-

508 3077 760 3149 illapsum
789 3080 843 3133 in
873 3096 1163 3147 numerum,
1196 3082 1292 3136 levi
1325 3084 1616 3138 mulatione
1643 3084 1716 3136 ita
1750 3083 2120 3137 restituendum
2149 3073 2194 3136 C
2226 3080 2362 3135 stiee
2401 3095 2524 3133 esse
2554 3079 2996 3150 intelligendam;
3038 3089 3094 3135 et
3126 3093 3339 3149 repone
3375 3095 3388 3130 :
3419 3075 3530 3132 Non
3567 3069 3748 3139 intelligit

514 3171 735 3238 putavit,
769 3170 876 3227 580
907 3189 918 3225 :
951 3187 1072 3228 nam
1100 3172 1159 3229 S.
1191 3173 1538 3230 Philastrium
1580 3189 1684 3228 non
1719 3175 1962 3245 potuisse
1994 3189 2118 3244 per-
2223 3173 2281 3230 8.
2319 3173 2642 3228 Philastrius
2668 3173 2736 3229 de
2767 3173 2889 3229 loco
2909 3171 2973 3228 lll
3006 3172 3148 3244 Reg.
3182 3188 3260 3241 xt,
3295 3175 3353 3238 5,
3380 3185 3532 3242 quem
3561 3164 3746 3222 historice

513 3259 705 3315 venire
737 3261 806 3316 ad
853 3279 1057 3319 annum
1091 3264 1198 3320 450
1229 3265 1513 3336 perspicua
1546 3274 1631 3322 est
1650 3267 1820 3331 ratio;
1851 3265 2117 3337 siquidem
2219 3269 2596 3339 accipiendum
2622 3280 2825 3324 nonest
2847 3269 3098 3334 dubium,
3119 3267 3214 3324 sed
3234 3257 3746 3330 delocoCantich:

510 3354 648 3410 obiit
687 3357 986 3427 superstite
1028 3357 1078 3413 ei
1124 3357 1183 3414 S.
1230 3358 1544 3426 Ambrosio,
1586 3371 1644 3415 ut
1683 3370 1891 3416 certum
1941 3373 2024 3418 est
2063 3361 2116 3417 in
2222 3380 2384 3435 quem
2414 3365 2643 3436 mystice
2671 3363 2917 3434 plerique
2949 3362 3054 3418 PP.
3089 3363 3537 3434 interpretantur.

2287 2101 2370 2157 Ad
2423 2101 2639 2156 initium
2685 2115 2806 2171 cap.
2852 2099 3068 2155 ascribe
3105 2117 3117 2153 :
3165 2095 3342 2153 Caute
3384 2093 3636 2168 legendum
3669 2093 3737 2148 hoc

2216 2206 2403 2268 caput,
2439 2212 2562 2251 nam
2587 2211 2693 2251 non
2724 2205 2808 2251 est
2831 2195 3058 2250 heresis
3089 2203 3286 2266 putare
3310 2191 3491 2248 stellas
3514 2203 3616 2246 esse
3644 2187 3739 2242 caelo

2216 2289 2431 2353 infixas,
2490 2303 2613 2344 cum
2665 2285 2717 2342 id
2760 2285 3092 2358 philosophi,
3135 2283 3491 2356 peripatetici,
3533 2287 3580 2336 et
3614 2287 3738 2334 astro-

2218 2383 2391 2448 nomi,
2436 2391 2604 2452 atque
2647 2379 2960 2437 scholastici
3009 2379 3248 2450 theologi
3296 2389 3501 2434 summo
3541 2385 3739 2430 consensu

2218 2474 2524 2541 affirmem;
2569 2474 2820 2546 quamvis
2859 2471 3108 2528 nonnulli
3149 2488 3217 2528 ex
3266 2469 3528 2527 veteribus
3565 2465 3647 2522 PP.
3671 2463 3742 2519 dis-

513 3495 760 3573 monium
797 3497 866 3573 de
897 3496 1224 3573 Philastrio,
1254 3515 1360 3554 una
1397 3515 1519 3556 cum
1567 3501 1684 3570 ejus
1713 3517 1964 3565 censura,
1998 3517 2117 3573 quae
2229 3503 2356 3558 anni
2388 3501 2527 3558 1589
2553 3517 2649 3573 per
2674 3502 3036 3572 Margarinum
3087 3501 3156 3555 de
3199 3499 3253 3555 la
3301 3499 3489 3573 Bigne,
3515 3493 3746 3573 theologum

517 3569 778 3645 nonnulla
807 3569 1088 3645 Philastrii
1110 3571 1226 3645 loca
1245 3583 1405 3628 caute
1435 3564 1660 3644 legenda
1687 3589 1810 3630 esse
1838 3564 2115 3630 admonet.
2230 3564 2598 3630 Parisiensem
2637 3564 3007 3644 procuvratam,
3038 3581 3332 3645 exstatque
3371 3564 3427 3626 in
3458 3564 3749 3645 fndicc_libfff

517 3639 1341 3716 HaecauternBrasichellensis
1379 3630 1610 3700 censura
1645 3646 1881 3702 refertur
1922 3649 1989 3701 ad
2036 3663 2123 3702 se-
2231 3665 2346 3701 rum
2384 3663 2602 3716 expurg.
2638 3630 2773 3716 'pag.
2826 3647 2928 3702 115
2973 3630 3154 3715 ἐξείη,
3186 3630 3382 3716 Remus
3413 3643 3590 3716 primo,
3612 3630 3750 3691 deinde

515 3711 749 3767 cundam
790 3713 1088 3770 editionem
1121 3716 1486 3774 Parisiensem
1526 3718 1876 3774 Bibliothecm
1905 3719 2125 3774 Patrum
2235 3711 2484 3790 Bergonii
2516 3711 2897 3792 tipis'C'omiui
2930 3711 3187 3772 Ventura:
3209 3715 3378 3783 1608,
3407 3711 3560 3770 in-8°.

1299 3976 1949 4108 SANCTI
2031 3974 3061 4160 EHILASTRII

1607 4175 2138 4261 EPISCOPI
2208 4178 2757 4262 BRIXIANI

875 4304 946 4359 ὦ
1042 4331 1638 4477 LIBER
1731 4333 2002 4478 DE
2096 4335 3348 4485 H/ERESIBUS.

1847 4618 1864 4649 ‘
1903 4636 2524 4713 PREFATIO.

1851 4553 2527 4585 ‘m

596 4827 671 4882 De
693 4824 978 4882 haereseon
1011 4835 1038 4863 ει
1069 4826 1290 4883 diversa
1323 4828 1655 4899 pestilentia,
1682 4831 1953 4904 variisque
1973 4847 2127 4888 erro-
2151 4835 2206 4896 Ι)
2229 4832 2388 4888 Jesus
2423 4831 2674 4889 Salvator
2696 4833 2750 4889 in
2783 4848 2973 4902 carne,
3017 4833 3433 4906 pullulaverint,
3455 4830 3620 4888 dicere
3641 4834 3751 4894 opot'

518 4919 696 4986 ribus,
726 4921 817 4991 qni
840 4920 908 4976 ab
939 4920 1151 4991 origine
1185 4922 1372 4978 mundi
1406 4927 1757 4988 emerserint.
1804 4935 1862 4982 et
1891 4928 1993 4984 sub
2031 4927 2126 4984 Ju-
2236 4935 2333 4993 tet,
2363 4943 2756 4997 numerumque
2783 4944 2971 4984 earum
3001 4930 3259 5000 paulatim
3307 4938 3594 5000 exponere,
3627 4914 3754 4975 inimio

516 5009 654 5067 dacis
684 5011 1048 5078 deduxerint,
1091 5021 1147 5069 et
1168 5027 1236 5069 ex
1263 5029 1372 5086 quo
1423 5017 1576 5072 venit
1633 5019 1898 5074 Dominus
1939 5031 2124 5076 noster
2233 5036 2465 5091 eumque
2513 5023 2733 5077 immani
2779 5025 3003 5094 generis
3052 5023 3257 5094 perdici
3299 5021 3467 5077 fuisse
3512 5033 3540 5075 a
3582 5008 3752 5071 Ieremia

1368 5128 1524 5188 COD.
1566 5132 1674 5190 MS.
1717 5133 2072 5192 SANGERM.
2116 5134 2504 5192 LECTIONES
2547 5135 2966 5196 VARIANTES.

587 5241 825 5321 fita:
841 5243 1100 5321 _Sangemt.
1139 5245 1307 5321 deum;
1330 5247 1649 5321 Praefatiomet
1663 5249 1883 5321 quipiam
1903 5252 2118 5318 sequitur
2226 5259 2446 5321 gunntur
2471 5267 2482 5303 :
2509 5252 2679 5321 hisque
2714 5254 2886 5321 incipit
2932 5256 3129 5321 verbis:
3179 5256 3361 5321 Incipit
3392 5255 3515 5306 liber
3534 5247 3692 5303 Filastri
3708 5240 3748 5288 δε

518 5303 779 5367 Catalogus
801 5303 972 5357 eorum
994 5309 1081 5372 qui
1103 5316 1218 5360 ante
1245 5311 1507 5363 adventum
1540 5303 1721 5365 Christi
1757 5303 2008 5366 htereseos
2048 5329 2122 5365 ar-
2226 5303 2530 5368 Haeresibus.
2547 5303 2676 5368 Post
2694 5303 2978 5382 passionem
2990 5303 3306 5380 Ch'éas'u,‘

1623 5418 1921 5475 FABRICII
1961 5419 2050 5476 ET
2089 5421 2445 5480 GALEARDI
2485 5424 2722 5482 ΝΟΤᾸΒ.

595 5511 622 5590 ξι
653 5500 729 5590 De
753 5502 1164 5590 Itwreseou.l‘ion
1189 5508 1502 5590 infrequens
1522 5511 1728 5590 Latinis
1752 5512 2111 5590 scriptoribus
2219 5529 2352 5590 seon
2372 5525 2430 5590 et
2455 5516 2815 5590 llalieuticon,
2846 5515 3247 5588 Mythologicon
3271 5517 3554 5590 Fulgentii,
3572 5503 3746 5590 liell‘tfll‘li

519 5583 786 5657 esuusus
830 5577 1056 5657 genitivi
1099 5593 1258 5635 casus
1298 5577 1582 5657 ejusmodi
1609 5577 1881 5657 pluralis,
1919 5600 2112 5656 graecae
2220 5587 2491 5643 Satin-icon
2519 5633 2533 5655 ,
2588 5598 2644 5644 et
2691 5577 2950 5643 Poetieo'n
3013 5577 3432 5647 Asironomicon
3473 5577 3552 5647 ϐξ
3587 5577 3740 5655 Hygini.

515 5645 796 5715 flexionis,
848 5657 905 5702 ut
934 5656 1202 5707 testantur
1230 5653 1312 5709 vel
1341 5645 1464 5711 libri
1491 5645 1662 5712 Ovidii
1691 5645 2091 5729 Metamorphn-
2201 5659 2373 5715 Etiam
2399 5645 2588 5716 infrac.
2621 5659 2656 5714 9
2678 5661 2732 5732 9,
2764 5661 3035 5718 haereseos.
3073 5645 3294 5720 Fannio.
3316 5645 3402 5736 Ἶέι
