3970 6408
207 175 331 242 Hi?)

1401 177 1606 237 LIBER
1649 179 1738 238 DE
1779 177 2213 239 HERESIBUS.

3361 180 3502 239 1111

207 289 456 362 propheta
517 295 542 326 ⁸
590 301 696 344 non
747 287 1020 345 immerito
1049 299 1424 361 comparatum
1469 307 1788 364 agnoscere,
1819 298 1868 356 Α
1895 294 2142 366 quotidie
2183 311 2280 366 per
2317 295 2546 368 aenigma
2576 295 2839 368 compleri
2871 306 2894 332 (³
2925 295 3072 353 enim
3119 294 3502 368 cognoscimus

205 387 285 457 qui
332 397 458 439 cum
506 381 948 440 infecunditatem
979 385 1253 456 patiatur.
1305 388 1504 458 srepius
1558 390 1788 445 aliorum

206 478 375 534 furtim
408 473 553 532 fetus
575 475 864 544 incubans,
904 477 1060 548 quasi
1091 493 1222 534 suos
1254 477 1366 549 jam
1398 479 1545 535 fovet
1571 496 1636 536 ac
1676 481 1793 537 vin-

207 571 339 627 dicat
369 568 510 624 ﬁlios
539 585 712 640 usque
757 569 823 625 ad
881 579 1094 641 tempus
1140 571 1388 642 aliquod;
1436 587 1666 645 cumque
1713 575 1795 630 eis

202 667 304 738 jam
343 674 556 735 tempus
596 664 776 722 aetatis
827 665 1151 722 discernens
1195 664 1224 704 δ
1280 666 1616 735 adcreverit,
1669 677 1794 724 tunc

205 757 411 813 omissis
437 768 458 796 ο
494 757 644 814 falsis
662 760 1001 829 parentibus,
1027 759 1147 830 jura
1179 771 1462 830 parentum
1486 777 1649 817 sensu
1676 777 1799 832 pro-

206 851 318 925 prio
341 849 688 908 recordantes
709 893 725 920 ,
757 851 1046 923 palamque
1072 853 1247 908 oculis
1270 853 1553 910 intuentes
1575 897 1588 920 ,
1642 855 1796 925 sequi

203 957 293 1000 eos
329 943 562 1013 amplius
591 958 698 999 non
747 943 1124 1001 demorantur.
1152 945 1397 1015 Quorum
1421 963 1584 1003 causa
1640 947 1796 1004 nobis

203 1035 498 1091 similitudo
526 1035 642 1092 haec
687 1039 931 1092 nuntiata
985 1047 1100 1106 est,
1151 1039 1293 1108 quod
1341 1040 1561 1098 diabolo
1603 1041 1794 1097 relicto

204 1127 488 1198 impietatis
531 1143 716 1196 causa,
747 1129 865 1200 ejus
888 1131 978 1202 qui
1023 1131 1210 1187 orbem
1265 1141 1532 1188 terrarum
1565 1149 1661 1188 sua
1693 1134 1796 1190 sub

201 1220 400 1277 ditione
430 1237 553 1278 cum
585 1232 774 1280 tenere
814 1234 1064 1295 putaret,
1098 1235 1382 1299 postquam
1412 1244 1544 1284 vero
1573 1226 1792 1284 Christo

197 1327 418 1390 parente
469 1335 498 1374 a
558 1321 714 1376 nobis
743 1323 860 1377 viso
891 1331 948 1378 et
977 1325 1279 1395 recognito,
1323 1325 1523 1381 omissa
1557 1324 1792 1381 falsitate

197 1413 431 1485 parentis
481 1415 921 1485 meudacissimi,
967 1418 1080 1488 jam
1136 1421 1249 1474 veri
1299 1420 1545 1490 parentis
1591 1419 1790 1475 Christi

197 1507 417 1583 vestigia
441 1507 594 1581 sequi
617 1510 794 1566 omnis
822 1509 985 1566 homo
1005 1508 1028 1548 ιι
1059 1526 1165 1568 non
1194 1523 1436 1569 moratur
1454 1529 1788 1585 agnoscens:

1895 387 2237 460 prophetiam
2275 388 2526 446 Ieremia:
2553 390 2856 446 beatissimi
2900 390 2974 445 ita
3019 389 3293 445 dicentem
3333 405 3346 443 :
3379 387 3502 443 Cla-

1895 481 2052 537 movit
2100 483 2303 552 perdix,
2332 483 2539 555 collegit
2575 499 2690 554 qua:
2733 500 2833 538 non
2864 483 3132 556 parturiit,
3178 481 3376 554 faciens
3403 481 3501 536 sibi

1896 574 2099 630 divitias
2129 592 2230 630 non
2255 592 2371 630 cum
2399 577 2659 648 sapientia
2679 618 2694 645 ,
2721 577 2776 630 in
2801 575 2968 632 medio
2996 577 3199 632 dierum
3219 574 3239 614 τ
3270 575 3501 632 derelin-

1893 679 2049 738 queut
2077 684 2214 734 eum,
2245 677 2293 723 et
2317 669 2369 722 in
2397 679 2657 741 postremo
2683 670 2779 724 erit
2805 670 3059 741 insipiens
3088 668 3329 742 (Jerem.
3361 684 3496 736 xvu,

1904 762 2017 832 11).
2051 761 2206 831 Quod
2231 777 2380 819 nunc
2414 763 2731 818 deserentes
2757 761 3000 833 quotidie
3034 773 3058 810 ε
3087 778 3276 818 omnes
3309 773 3504 834 gentes

1901 856 2263 912 idololatriam
2331 857 2670 914 mortiferam
2729 855 2966 924 inimici,
3016 853 3290 913 Christum
3331 855 3498 912 etiam

1897 967 2082 1008 verum
2127 950 2413 1006 Dominum
2459 949 2526 1006 de
2557 950 2698 1022 Lege
2746 961 2798 1006 et
2847 950 3137 1022 Prophetis
3173 949 3498 1017 audientes,

1897 1061 2132 1117 eumque
2153 1061 2279 1101 cum
2313 1044 2480 1101 Patre
2532 1061 2752 1114 semper
2806 1060 2930 1101 esse
2973 1043 3262 1101 credentes
3301 1060 3367 1100 ac
3414 1059 3502 1101 re-

1897 1138 2212 1206 cordantes,
2272 1152 2426 1209 teque
2455 1137 2522 1192 ad
2564 1153 2686 1193 eunt
2721 1137 2899 1193 modis
2950 1137 3204 1192 omnibus
3232 1135 3260 1173 ¹³
3291 1137 3498 1208 suppli-

1899 1247 1992 1289 ces
2024 1242 2315 1304 properant
2338 1230 2643 1302 pervolare,
2664 1240 2721 1286 ut
2749 1231 3088 1301 compleatur
3118 1229 3404 1301 prophetia
3443 1227 3456 1265 ί
3484 1247 3496 1284 :

1901 1325 2332 1382 Recordabuntur
2361 1335 2406 1380 et
2434 1333 2794 1379 convertentur
2815 1326 2882 1378 ad
2911 1321 3193 1378 Dominum
3221 1321 3495 1379 Christum

1901 1437 2074 1476 omnes
2105 1421 2234 1491 ﬁnes
2255 1419 2390 1475 orbis
2420 1428 2674 1474 terrarum
2698 1417 2874 1489 (Psal.
2907 1433 3038 1486 xm,
3067 1416 3182 1490 27).

1283 1631 1581 1689 FABRICII
1623 1633 1712 1690 ET
1753 1631 2108 1690 GALEARDI
2145 1632 2373 1689 NOTAE.

258 1747 299 1820 ‘_
327 1743 541 1820 Perdici
579 1763 612 1801 a
639 1744 869 1801 Jeremia
900 1748 1171 1820 propheta.
1225 1747 1476 1820 Ieremia:
1520 1764 1627 1803 xvtt
1647 1789 1661 1814 ,
1696 1749 1784 1804 ll.
1822 1753 1868 1811 Β
1896 1749 2168 1806 editiones
2197 1748 2528 1804 amissis.Sic
2559 1748 2695 1803 infra
2720 1745 3226 1820 paucisinterjectis
3251 1762 3263 1801 :
3285 1745 3495 1802 Omissa

191 1816 244 1874 S.
273 1816 600 1872 Ambrosius
627 1834 702 1882 vr,
733 1820 785 1885 3,
820 1820 870 1874 in
898 1816 1154 1875 llettaem.
1193 1839 1206 1874 :
1256 1819 1528 1874 Perdicem
1559 1830 1785 1874 astutam

189 1889 450 1964 novimus,
480 1906 594 1958 quw
619 1891 790 1944 aliena
834 1908 928 1946 ova
959 1891 1195 1964 diripiat,
1228 1893 1324 1946 Itoc
1353 1903 1425 1947 est
1459 1893 1682 1962 perdicis
1709 1893 1780 1946 al-

185 1961 361 2036 terius,
392 1971 444 2014 et
468 1978 689 2031 corpore
718 1967 886 2032 foveat
914 1980 1028 2029 suo,
1066 1961 1156 2018 sed
1203 1964 1401 2034 fraudis
1431 1979 1539 2018 sua:
1559 1968 1786 2036 fructum

185 2031 365 2086 habere
411 2050 520 2086 non
568 2031 752 2104 posse,
798 2037 921 2105 quia
972 2051 1086 2088 cum
1132 2031 1369 2090 eduxerit
1418 2031 1588 2105 pullos
1637 2053 1782 2101 suos,

183 2105 367 2158 amittit
398 2121 518 2170 eos,
571 2106 694 2176 quia
723 2107 808 2160 ubi
843 2123 1014 2160 vocem
1043 2109 1156 2176 eius
1203 2108 1498 2174 audierint,
1532 2123 1644 2178 qua:
1693 2124 1786 2161 ova

183 2178 491 2245 generavit,
543 2178 725 2231 relicta
772 2194 832 2231 ea
875 2178 942 2231 ad
981 2179 1143 2250 illam
1188 2196 1241 2234 se
1295 2183 1520 2234 naturali
1565 2180 1788 2250 quodam

181 2263 387 2324 munere
414 2259 463 2303 et
480 2265 662 2324 amore
691 2250 1059 2324 σαπήῃ-11119...
1101 2249 1276 2324 Hujus
1298 2252 1528 2305 imitator
1557 2261 1630 2304 est
1673 2251 1786 2305 dia-

185 2319 360 2385 bolus,
396 2321 491 2389 qui
529 2322 883 2391 generationes
925 2319 1197 2376 Creatoris
1231 2325 1410 2377 interni
1451 2339 1634 2390 rapere
1665 2339 1788 2376 con—

181 2391 357 2456 tendit,
390 2404 445 2446 et
473 2393 519 2444 si
547 2409 673 2463 quos
703 2394 1028 2463 insipientes.
1057 2405 1104 2447 et
1129 2411 1308 2447 sensus
1333 2395 1533 2464 praprii
1555 2404 1786 2447 carentes

180 2464 349 2537 vigore
373 2466 606 2537 poluerit
637 2481 981 2537 congregare,
1009 2469 1184 2536 fovens
1216 2482 1302 2518 eos
1325 2466 1580 2520 illecebris
1603 2482 1788 2534 corpo-

181 2533 399 2608 ralibus,
441 2533 525 2590 ubi
552 2533 775 2606 primum
799 2533 896 2591 vox
924 2533 1116 2591 Chris'ti
1150 2537 1378 2606 parvulis
1408 2539 1564 2608 fuerit
1587 2533 1784 2608 infusa,

181 2607 459 2661 discedunt
476 2618 628 2675 atque
639 2609 707 2660 ad
725 2624 837 2662 eam
855 2626 908 2663 se
925 2612 1196 2679 conferunt
1220 2607 1454 2674 matrem,
1479 2625 1594 2678 quw
1617 2607 1788 2678 pullos

181 2694 336 2752 suos,
385 2679 526 2752 sicut
571 2681 704 2739 avis.
736 2690 967 2734 materno
1010 2697 1186 2734 amore
1208 2683 1588 2752 complectitur.
1642 2680 1785 2736 Idem

182 2749 976 2822 traditumCassiodorott,14,
1003 2752 1130 2806 Var.
1159 2749 1355 2819 EpiSl.,
1381 2753 1785 2822 aliistptequam

184 2821 475 2892 pluribus,
507 2838 735 2892 quorum
771 2824 888 2878 loca
918 2824 1142 2878 laudant
1193 2825 1502 2879 Colelerius
1546 2825 1601 2879 in
1645 2821 1789 2879 nmis

179 2891 244 2965 ad
278 2902 416 2948 tom.
454 2893 495 2948 ll
528 2891 938 2949 Monumentor.
974 2895 1235 2951 Ecrlesim
1263 2895 1464 2951 Graecae
1491 2911 1606 2965 pag.
1660 2893 1787 2957 547,

180 2963 411 3020 lluetins
441 2966 506 3020 ad
543 2965 830 3034 Origenem
873 2982 994 3036 pag.
1025 2968 1092 3022 16
1116 2982 1233 3034 seq.
1258 2963 1720 3022 Bocliartustont.
1747 2965 1790 3021 ll

183 3036 496 3092 llierozoici
530 3053 581 3107 p.
613 3037 703 3098 84,
737 3048 788 3092 et
832 3039 1064 3093 Allatius
1104 3039 1170 3092 ad
1207 3038 1549 3094 Eustathium
1602 3039 1791 3094 Antio-

183 3107 419 3161 chenttm
455 3124 508 3161 ι).
545 3110 646 3161 152
673 3125 789 3161 sea.
822 3109 960 3161 Vide
983 3121 1038 3161 et
1075 3111 1343 3161 Ambrosii
1377 3112 1539 3161 enist.
1587 3110 1675 3161 5‘2.
1720 3111 1786 3161 ad

181 3121 419 3163 cnemttn

181 3178 477 3252 Irenaeum,
504 3189 634 3236 tom.
670 3181 712 3236 ll
734 3178 784 3250 p.
811 3181 915 3237 918
943 3197 1084 3252 seq.,
1116 3185 1374 3236 Albanas.
1394 3178 1526 3236 tom.
1554 3182 1570 3236 1
1598 3181 1784 3250 p.565,

183 3251 330 3326 edit.
361 3252 574 3326 noviss.
639 3253 836 3326 Joltan.
887 3251 1182 3309 Catuerarii
1218 3254 1477 3326 Symbola
1537 3253 1633 3316 Ill.
1679 3255 1786 3315 68.

182 3322 576 3396 Comhelisinm
620 3325 1068 3396 adllippolytutn
1099 3326 1168 3380 de
1206 3322 1580 3381 Anti-Christo
1610 3342 1660 3381 c.
1696 3327 1788 3393 55,

183 3393 448 3467 Dircaeum
481 3396 624 3452 notis
651 3395 715 3450 ad
746 3393 802 3451 S.
831 3393 1088 3451 Basiliam
1121 3407 1251 3451 tom.
1287 3397 1328 3460 Ι,
1359 3415 1411 3467 p.
1448 3397 1537 3452 Μ.
1569 3397 1790 3454 FABRIC.

253 3465 280 3504 ι)
324 3467 554 3540 Tempus
599 3469 765 3522 aetatis
796 3469 1108 3523 discernens.
1134 3465 1372 3538 Tempus
1401 3484 1509 3539 quo
1537 3485 1634 3540 per
1661 3481 1790 3524 aeta-

183 3546 290 3610 tem
325 3539 651 3594 discernere
705 3549 933 3609 possunt
966 3555 1126 3595 veros
1172 3556 1200 3594 a
1237 3541 1390 3595 falsis
1447 3539 1785 3610 parentibus.

183 3608 362 3682 Prima
395 3619 554 3676 a-tas,
611 3613 665 3666 in
709 3608 939 3665 homine
966 3627 1211 3682 quoque,
1238 3608 1790 3681 ignoratdisccrnere

182 3679 373 3737 dextra
409 3699 440 3736 a
483 3682 756 3750 sinistris,
793 3679 1048 3736 1111111111111
1080 3679 1493 3737 malm—Confer
1542 3683 1788 3739 Grotittm

181 3753 248 3807 ad
283 3755 450 3809 Deut.
509 3769 561 3822 1,
591 3755 696 3818 59,
750 3765 804 3808 et
833 3753 986 3808 luna:
1017 3770 1089 3820 tv,
1123 3755 1209 3809 ll.
1258 3753 1347 3810 Sic
1376 3757 1550 3825 prima
1606 3754 1791 3810 mundi

181 3835 314 3880 aetas
373 3839 486 3881 non
541 3827 723 3880 statim
784 3825 1068 3880 Dominum
1125 3842 1188 3881 ac
1237 3827 1584 3883 Servatorem
1633 3843 1788 3881 suum

181 3898 408 3963 agnovit
430 3905 485 3951 et
505 3905 706 3953 sectata
736 3907 838 3960 est,
870 3899 964 3951 sed
993 3911 1144 3963 passa
1170 3913 1229 3951 se
1256 3913 1284 3951 a
1305 3897 1524 3953 diabolo
1550 3899 1614 3952 ad
1646 3899 1793 3954 varia

183 3966 517 4024 idololatria:
551 3978 609 4026 et
637 3968 1044 4040 supersmionis
1094 3983 1295 4041 genera
1325 3971 1555 4097 turreiter
1575 3970 1792 4026 abduci.

1467 4057 1646 4097 ABBIC.

1467 4057 1646 4097 ABBIC.

257 4122 280 4151 ο
328 4112 553 4167 Omissis
607 4112 758 4185 falsis
806 4114 1129 4182 parentibus.
1175 4112 1350 4170 Minus
1398 4113 1539 4170 bene
1585 4113 1797 4184 priores

455 3124 516 3204 ρ..
545 3110 646 3164 152
671 3125 789 3204 s'eq.
811 3109 960 3204 (Xicde
983 3121 1038 3164 et
1075 3111 1343 3204 Ambrosii
1377 3110 1786 3204 epist.'52;ca_d
1816 3141 1862 3204 Ο
1897 3108 1993 3166 usu
2071 3110 2223 3181 plura
2290 3108 2448 3181 hujus
2495 3108 2619 3164 libri
2672 3109 2788 3163 loca
2840 3109 3099 3162 lectorem

1895 1822 2128 1892 falsitate
2147 1823 2378 1890 parentis
2406 1822 2810 1874 mendacissimi.
2841 1819 3062 1892 Fantuc.

1961 1890 1986 1929 (ι
2033 1892 2213 1947 Omnis
2243 1895 2396 1946 homo
2423 1910 2524 1946 nou
2557 1904 2806 1946 moratur.
2848 1891 2905 1946 ld
2941 1899 3025 1946 est
3054 1904 3216 1944 nemo
3249 1897 3496 1946 moratur

1889 1965 1980 2033 qui
2007 1967 2310 2033 agnoverit.
2346 1966 2416 2018 Ita
2446 1965 2588 2036 apud
2617 1962 2854 2018 Floritttu
2881 1978 2938 2025 11,
2985 1963 3072 2027 18,
3103 1978 3236 2036 unus
3265 1963 3343 2036 vir
3374 1959 3496 2016 Nu-

1889 2039 2150 2090 mantinus
2173 2053 2274 2090 non
2303 2037 2436 2107 fuit,
2483 2033 2582 2103 qui
2626 2037 2816 2089 catenis
2855 2035 3148 2107 duceretur.
3182 2033 3330 2088 Talia
3368 2044 3496 2087 sunt

1891 2109 1942 2161 in
1972 2110 2144 2161 sacris
2170 2105 2527 2172 scriptoribus
2555 2109 2686 2162 Luc.
2713 2124 2752 2172 ι,
2778 2108 2867 2169 57,
2899 2105 2994 2161 οὐκ
3017 2105 3329 2165 ἀδυνατήσει
3349 2109 3494 2172 παρά

1891 2125 1942 2161 111
1972 2125 2144 2161 sacris
2170 2125 2527 2172 scrtptorllms
2555 2125 2686 2162 Luc.
2713 2125 2752 2172 1,
2778 2125 2867 2169 01,
2899 2129 2994 2161 ουκ
3017 2125 3329 2165 αοννατησει
3349 2128 3424 2162 πα
3461 2129 3494 2160 α

1888 2188 1962 2254 τῷ
1992 2188 2102 2257 Θεῷ
2130 2186 2232 2236 πᾶν
2259 2181 2426 2257 (inpar;
2458 2180 2615 2257 Rom.
2641 2195 2737 2257 111,
2771 2179 2862 2242 ‘20,
2894 2178 2945 2245 ἐξ
2972 2177 3131 2254 ἔργων
3160 2178 3314 2250 νόμου
3341 2181 3397 2234 οὐ
3419 2125 3494 2234 ἔι-

1889 2251 2422 2328 κὰιωθῇσετᾳᾼιίπᾶσα
2454 2253 2606 2328 σᾲρξ.
2641 2251 2857 2328 Fanute.

1966 2334 1989 2360 υ
2035 2322 2276 2389 Quotidie
2296 2340 2388 2394 per
2409 2321 2630 2394 wuigma
2659 2321 2931 2394 compleri.
2962 2321 3074 2376 lloc
3101 2332 3206 2387 est,
3233 2336 3330 2394 per
3352 2322 3495 2376 mul-

1889 2395 2176 2466 titudinem
2211 2392 2610 2466 neophytofnm
2633 2393 2699 2466 ad
2734 2395 3034 2466 Ecclesium
3066 2392 3310 2466 quotidie
3336 2406 3494 2448 acce-

1889 2465 2133 2520 dentium
2159 2463 2511 2535 intelligimus
2536 2465 2770 2533 impleri,
2796 2464 2938 2533 quod
2968 2463 3227 2534 propheta
3255 2463 3493 2518 futurum

1890 2552 2013 2592 esse
2071 2539 2359 2606 :rnigmate
2389 2537 2620 2605 pcrdicis
2650 2536 2992 2605 signiﬁcavit.
3041 2535 3097 2590 lu
3148 2550 3309 2604 quam
3363 2549 3493 2590 sen-

1893 2610 2114 2663 tentiam
2145 2624 2267 2662 mox
2299 2611 2573 2678 subjungit
2597 2625 2608 2664 :
2629 2609 2768 2678 quod
2788 2624 2926 2659 nunc
2954 2607 3240 2660 deserentes
3260 2606 3494 2676 quotidie

1890 2697 2064 2734 omnes
2081 2691 2259 2752 gentes
2280 2680 2632 2752 idololatriam
2644 2677 2755 2733 etc.
2784 2678 2951 2752 Porro
2976 2679 3100 2752 licet
3115 2677 3490 2752 eotntuodiore

1892 2747 2331 2821 interpunctione
2377 2752 2553 2807 locum
2604 2751 2747 2804 hunc
2791 2748 3138 2821 aliqnomodo
3175 2747 3386 2818 juvisse
3412 2750 3494 2802 vi-

1889 2819 2051 2889 deor,
2078 2830 2236 2878 antea
2268 2825 2414 2877 enim
2447 2822 2738 2892 conjuncta
2765 2831 2920 2876 erant
2942 2819 3140 2875 verba:
3194 2823 3493 2892 Agnoscens

1890 2896 2118 2966 quotidie
2166 2911 2256 2964 per
2297 2895 2553 2967 a'nigma,
2585 2895 2781 2967 quibus
2831 2892 3220 2967 sttbjioiebatur
3273 2897 3491 2967 στιγμή,

1891 2963 2230 3022 constructio
2253 2963 2433 3022 tamen
2473 2963 2649 3021 adhuc
2680 2964 2970 3018 admodum
2998 2963 3174 3017 hiulca
3199 2963 3489 3033 atque'im-

1893 3039 2071 3110 pedita
2103 3049 2210 3104 est,
2243 3038 2334 3094 sed
2362 3040 2574 3110 qualem
2604 3053 2729 3110 non
2758 3035 2989 3110 alienant
3021 3048 3142 3090 esse
3162 3049 3189 3087 a
3215 3034 3493 3110 Pltilastrii

3162 3106 3490 3161 edocebunt.

3108 3177 3328 3232 Fauntc.

1971 3253 1991 3292 ί
2039 3253 2401 3326 Derelinquent
2426 3269 2562 3307 eum.
2605 3248 2915 3326 Sic.LXX,
2949 3265 3086 3326 quos
3119 3251 3205 3326 hic
3245 3249 3495 3319 sequitur

1895 3321 2436 3396 Philastriustulg.
2465 3340 2596 3379 vero
2623 3324 2995 3396 etl‘agniuus,
3025 3321 3342 3396 derelinquet
3383 3337 3491 3396 eas.

1893 3399 2100 3456 Confer
2154 3393 2544 3469 Hieronymum
2575 3397 2642 3450 ad
2689 3395 2831 3449 hunc
2875 3393 3129 3469 Je‘rvntim
3159 3393 3373 3469 locum,
3405 3394 3497 3469 qui

1897 3483 2126 3540 utroque
2167 3470 2328 3525 modo
2363 3462 2746 3524 testimonium
2788 3466 3076 3540 prapltetm
3126 3465 3362 3540 profert;
3426 3462 3494 3518 de

1898 3535 2112 3598 narrata
2143 3551 2324 3596 autem
2353 3541 2588 3612 perdicis
2613 3539 2958 3612 proprietate
2981 3535 3350 3612 consulendus
3377 3551 3494 3612 om-

1899 3616 2027 3670 nino
2058 3606 2416 3669 crudissimus
2443 3606 2742 3666 Bochartus
2765 3619 2874 3661 tom
2918 3607 2959 3661 ll
2986 3606 3289 3662 l-lierozoici
3319 3621 3372 3675 p.
3400 3606 3493 3668 84,

1899 3686 1991 3749 85,
2019 3686 2107 3739 ttbi
2127 3702 2232 3740 111111
2260 3685 2527 3738 modicam
2550 3681 2672 3736 huic
2697 3679 2973 3734 Pltilasttii
2993 3678 3292 3748 prmiationi
3318 3681 3493 3731 lucem

1901 3756 2151 3812 afl'undit.
2179 3756 2456 3812 Gauzano.

1969 3838 1994 3875 Β
2040 3828 2228 3882 Omnes
2255 3837 2448 3899 gentes.
2483 3825 2556 3899 Es:
2598 3823 2876 3895 quibusvis
2923 3819 3173 3892 gentibus
3218 3819 3383 3876 etiam
3409 3833 3496 3875 re-

1897 3899 2218 3956 motissimis
2249 3897 2558 3967 quosdam!

1971 3973 1999 4044 ll
2040 3965 2333 4044 Supplices.
2368 3971 2506 4044 Male
2531 3965 2664 4044 edit.
2693 3967 2944 4044 llel_m_s_..
2975 3965 3256 4033 simplices.
3295 4031 3352 4044 Α.
3409 4032 3422 4044 _
3463 4032 3498 4044 J

1978 4042 1994 4080 ί
2044 4031 2349 4111 Prophetia.
2375 4042 2494 4110 Quo
2537 4043 2588 4095 in
2623 4040 2742 4094 loco
2772 4037 3042 4094 Philaster
3064 4031 3261 4091 nomen
3291 4031 3500 4090 Christi

1901 4115 2282 4186 explicationis
2308 4129 2473 4169 causa
2496 4111 2744 4168 inseruit.

179 4221 3461 4248 ,_____________________________________._______________

1483 4342 2194 4427 CATALOGUS

502 4457 782 4522 EORUM
827 4457 961 4535 QUI
1005 4459 1218 4520 ANTE
1264 4459 1714 4523 ADVENTUM
1751 4474 1776 4502 τι
1821 4461 2142 4526 CHRISTI
2185 4460 2628 4524 HERESEOS
2674 4456 3189 4523 ARGUUNTUR.

765 4671 792 4711 δ
819 4673 860 4729 1.
902 4671 1206 4729 ΟΡΗΙῪᾹΞ.

259 4779 284 4807 ε
322 4768 495 4825 Primi
541 4775 669 4825 sunt
705 4768 946 4840 Opltitae,
980 4765 1008 4805 ά
1039 4769 1131 4840 qui
1160 4767 1417 4824 dicuntur
1446 4765 1791 4837 Serpentini;

1821 4670 1873 4730 D
1902 4671 1990 4728 isti
2031 4673 2316 4730 colubrum
2347 4682 2682 4730 venerantur
2710 4672 2978 4737 dicentes,
3021 4667 3168 4741 quod
3222 4665 3310 4721 hic
3356 4663 3510 4737 prior

1907 4766 2120 4824 initium
2149 4769 2311 4825 nobis
2359 4767 2600 4825 scientia:
2633 4768 2758 4824 boni
2786 4776 2841 4823 et
2873 4766 3000 4822 mali
3038 4762 3301 4821 attulerit.
3351 4757 3509 4817 Unde

1302 4898 1600 4956 FABRICII
1645 4897 1733 4954 ET
1771 4898 2128 4956 GALEARDI
2172 4901 2403 4959 NOTAE.

257 5034 286 5061 ιι
320 5024 520 5079 Eorum
568 5024 658 5095 qui
700 5032 820 5078 ante
863 5022 1138 5077 adventum
1169 5022 1226 5095 ς.
1257 5021 1516 5095 Qumdam
1559 5018 1801 5095 ltmreses

181 5112 252 5152 ex
291 5097 384 5152 his
413 5112 531 5164 qm!
573 5091 744 5166 usque
768 5095 836 5150 ad
866 5102 1030 5166 caput
1057 5093 1574 5166 duodetrigesimum
1605 5107 1634 5145 a
1670 5091 1802 5166 Phi-

183 5169 371 5224 lastro
419 5163 752 5234 referuntur,
783 5182 888 5221 non
937 5164 1157 5220 fuerunt
1209 5174 1334 5220 ante
1373 5163 1760 5234 adventumC.
1786 5203 1801 5228 ,

184 5256 380 5310 neque
409 5240 510 5293 sub
542 5233 765 5307 Iudaeis,
798 5249 857 5292 ut
898 5238 951 5291 in
974 5236 1208 5310 praefat.
1241 5236 1508 5290 Pltilaster
1540 5233 1802 5310 loquitur,

183 5305 574 5374 deﬂuxerunt,
605 5311 732 5365 licet
753 5305 788 5365 'e
815 5309 985 5363 veteri
1014 5307 1362 5363 Testamento
1385 5321 1570 5362 ausam
1604 5305 1807 5360 erroris

184 5387 276 5437 sui
315 5382 601 5450 arripuere
641 5383 766 5453 (ἀπὸ
807 5382 964 5453 νόμον
1001 5381 1048 5445 ἐξ
1086 5377 1340 5453 Ἰρυδαίων
1377 5380 1636 5453 quianam.
1684 5377 1810 5453 Epi-

182 5457 368 5523 pltan.
423 5449 692 5508 Ancorato
737 5449 980 5523 (ζημίη,
1027 5462 1064 5505 1.
1113 5452 1176 5515 ll,
1235 5465 1286 5520 p.
1339 5449 1467 5523 l8),
1524 5459 1582 5503 ut
1624 5449 1805 5523 statim

182 5519 448 5595 Ophites,
480 5533 536 5580 et
564 5525 747 5594 Cajani
770 5566 784 5590 ,
808 5519 1188 5595 Sethianique.
1222 5519 1447 5595 Rectius
1471 5523 1656 5595 itaque
1679 5519 1815 5595 Ter-

196 5591 500 5662 ttillianus,
533 5591 790 5664 qui'illos
828 5611 876 5650 c.
909 5593 996 5650 45.
1038 5591 1194 5650 vocat
1219 5593 1481 5648 Judaismi
1523 5591 1808 5658 Itazreticos,

193 5667 350 5739 alios
381 5669 467 5736 qui
498 5684 561 5722 ea:
585 5665 864 5739 Evangelia
892 5666 1120 5739 htcretici
1141 5683 1250 5739 esse
1272 5667 1542 5720 voluerunt
1581 5664 1712 5739 s_ive,
1754 5672 1815 5718 ut

198 5735 440 5796 Hieron.
460 5735 794 5807 verbisuta'r,
810 5740 897 5810 qui
920 5737 1203 5810 Evangelia
1223 5738 1559 5792 laniaverant.
1590 5735 1806 5791 FABRIC.

1977 5017 2004 5056 ι)
2030 5018 2157 5091 ﬂmc
2193 5020 2294 5074 tria
2329 5020 2507 5090 prima
2544 5019 2819 5076 Philastrii
2852 5019 3027 5091 capita
3052 5016 3277 5073 dederat
3316 5012 3510 5091 Fabri-

1905 5090 2023 5164 eius
2049 5088 2185 5146 Cod.
2223 5087 2577 5164 Pseudepigr.
2611 5101 2744 5147 tom.
2779 5091 2843 5158 V,
2894 5087 2948 5163 p.
2974 5091 3118 5164 7136,
3147 5103 3269 5142 cum
3316 5087 3508 5142 iisdem

1909 5163 2080 5235 ferme
2109 5164 2253 5218 notis
2281 5181 2402 5232 qua:
2437 5167 2522 5220 ltic
2550 5175 2917 5235 apponuntur.
2953 5163 3234 5235 Cttnano.

1987 5245 2008 5271 ε
2042 5233 2212 5306 Primi
2235 5228 2636 5306 suitt.0pltilté.'
2678 5237 2792 5291 Non
2822 5234 3086 5304 temporis
3132 5233 3378 5306 ratione,

1911 5305 2144 5378 quodin
2175 5309 2350 5374 primo
2376 5303 2560 5363 statim
2596 5309 2862 5378 principio
2889 5303 2953 5362 ac
2989 5307 3174 5362 limine
3203 5304 3370 5378 veluti
3404 5303 3513 5370 pri-

1915 5373 1987 5432 mi
2029 5377 2148 5432 libri
2177 5373 2378 5450 veteris
2419 5373 2748 5434 'l‘estamenti
2776 5373 3143 5450 impegerttnt.
3176 5373 3378 5431 .llentio
3418 5387 3514 5428 eo-

1920 5463 2039 5521 rum
2070 5449 2211 5519 apud
2251 5449 2608 5521 Augustinum
2645 5452 2714 5506 de
2762 5451 3102 5517 Ha'resibus,
3145 5460 3198 5505 et
3228 5456 3511 5500 auctorem

1917 5519 2292 5593 Prtjetlestiuati
2323 5519 2447 5592 cap.
2480 5524 2568 5590 Π,
2600 5524 2865 5593 aliOSquc.
2897 5524 3116 5579 Fanum.

1987 5589 2152 5668 dQui
2180 5589 2423 5668 dicuntur
2460 5589 2774 5668 Serpentini.
2817 5596 2870 5668 Id
2920 5606 3004 5668 est
3043 5607 3272 5668 quorum
3316 5602 3516 5645 nomen

1917 5663 2110 5721 Latine
2141 5665 2212 5721 ita
2244 5666 2439 5721 efferre
2467 5663 2666 5736 possis.
2699 5669 2804 5723 Pro
2831 5667 3066 5737 Ophitis,
3093 5666 3208 5721 sive
3235 5673 3292 5718 ut
3322 5673 3517 5737 perpe-

1914 5750 2032 5792 ram
2065 5738 2117 5792 in
2151 5731 2713 5810 pseudovﬂieronymi
2754 5731 2992 5796 indit:qu
3019 5731 3278 5794 scr'bitur
3309 5731 3513 5802 Olﬁtis.
