  <div class='ocr_page' id='page_1' title='image "/cluster/home/n/w/nwhite01/storage/ocr_20150623/12/hvd.32044015471980/628.png"; bbox 0 0 3750 6326; ppageno 0'>
   <div class='ocr_carea' id='block_1_1' title="bbox 7 245 2015 319">
    <p class='ocr_par' dir='ltr' id='par_1_1' title="bbox 7 245 2015 319">
     <span class='ocr_line' id='line_1_1' title="bbox 7 245 2015 319; baseline 0.005 -16"><span class='ocrx_word' id='word_1_1' title='bbox 7 245 74 304; x_wconf 79' lang='grc' dir='ltr'>ιτ</span> <span class='ocrx_word' id='word_1_2' title='bbox 1219 255 1424 316; x_wconf 74' lang='lat' dir='ltr'><strong>LIBER</strong></span> <span class='ocrx_word' id='word_1_3' title='bbox 1460 256 1551 314; x_wconf 86' lang='lat' dir='ltr'><strong>DE</strong></span> <span class='ocrx_word' id='word_1_4' title='bbox 1591 256 2015 319; x_wconf 67' lang='lat' dir='ltr'><strong>HERESIBUS.</strong></span> 
     </span>
    </p>
   </div>
   <div class='ocr_carea' id='block_1_2' title="bbox 3163 264 3306 325">
    <p class='ocr_par' dir='ltr' id='par_1_2' title="bbox 3163 264 3306 325">
     <span class='ocr_line' id='line_1_2' title="bbox 3163 264 3306 325; baseline 0 -1"><span class='ocrx_word' id='word_1_5' title='bbox 3163 264 3306 325; x_wconf 74' lang='grc'><strong>1258</strong></span> 
     </span>
    </p>
   </div>
   <div class='ocr_carea' id='block_1_3' title="bbox 10 367 3305 452">
    <p class='ocr_par' dir='ltr' id='par_1_3' title="bbox 10 367 3305 452">
     <span class='ocr_line' id='line_1_3' title="bbox 10 367 3305 452; baseline 0.006 -33"><span class='ocrx_word' id='word_1_6' title='bbox 10 367 26 419; x_wconf 89' lang='lat' dir='ltr'><strong>i</strong></span> <span class='ocrx_word' id='word_1_7' title='bbox 69 376 103 404; x_wconf 73' lang='grc' dir='ltr'>ει</span> <span class='ocrx_word' id='word_1_8' title='bbox 146 367 314 426; x_wconf 84' lang='lat' dir='ltr'><strong>dies</strong></span> <span class='ocrx_word' id='word_1_9' title='bbox 343 379 532 441; x_wconf 80' lang='lat' dir='ltr'><strong>octava</strong></span> <span class='ocrx_word' id='word_1_10' title='bbox 565 370 896 441; x_wconf 70' lang='lat' dir='ltr'><strong>susceperit,</strong></span> <span class='ocrx_word' id='word_1_11' title='bbox 926 370 1175 428; x_wconf 62' lang='lat' dir='ltr'><strong>Judaeum</strong></span> <span class='ocrx_word' id='word_1_12' title='bbox 1216 388 1322 428; x_wconf 89' lang='lat' dir='ltr'><strong>non</strong></span> <span class='ocrx_word' id='word_1_13' title='bbox 1355 373 1482 428; x_wconf 90' lang='lat' dir='ltr'><strong>licet</strong></span> <span class='ocrx_word' id='word_1_14' title='bbox 1509 387 1604 442; x_wconf 81' lang='lat' dir='ltr'><strong>ap-</strong></span> <span class='ocrx_word' id='word_1_15' title='bbox 1637 386 1673 440; x_wconf 63' lang='grc' dir='ltr'><strong>Α</strong></span> <span class='ocrx_word' id='word_1_16' title='bbox 1708 383 1863 431; x_wconf 84' lang='lat' dir='ltr'><strong>cente</strong></span> <span class='ocrx_word' id='word_1_17' title='bbox 1895 377 2122 432; x_wconf 89' lang='lat' dir='ltr'><strong>Domino</strong></span> <span class='ocrx_word' id='word_1_18' title='bbox 2152 377 2220 435; x_wconf 89' lang='lat' dir='ltr'><strong>de</strong></span> <span class='ocrx_word' id='word_1_19' title='bbox 2244 377 2416 434; x_wconf 84' lang='lat' dir='ltr'><strong>Adam</strong></span> <span class='ocrx_word' id='word_1_20' title='bbox 2449 395 2461 432; x_wconf 76' lang='grc' dir='ltr'><strong>ε</strong></span> <span class='ocrx_word' id='word_1_21' title='bbox 2506 376 2639 433; x_wconf 83' lang='lat' dir='ltr'><strong>Ecce</strong></span> <span class='ocrx_word' id='word_1_22' title='bbox 2667 377 2833 433; x_wconf 84' lang='lat' dir='ltr'><strong>Adam</strong></span> <span class='ocrx_word' id='word_1_23' title='bbox 2861 378 3030 448; x_wconf 71' lang='lat' dir='ltr'><strong>factus</strong></span> <span class='ocrx_word' id='word_1_24' title='bbox 3053 389 3131 442; x_wconf 74' lang='lat' dir='ltr'><strong>est</strong></span> <span class='ocrx_word' id='word_1_25' title='bbox 3155 386 3305 452; x_wconf 81' lang='lat' dir='ltr'><strong>quasi</strong></span> 
     </span>
    </p>
   </div>
   <div class='ocr_carea' id='block_1_4' title="bbox 11 460 1603 540">
    <p class='ocr_par' dir='ltr' id='par_1_4' title="bbox 11 460 1603 540">
     <span class='ocr_line' id='line_1_4' title="bbox 11 460 1603 540; baseline 0.003 -26"><span class='ocrx_word' id='word_1_26' title='bbox 11 460 181 528; x_wconf 83' lang='lat' dir='ltr'><strong>lari,</strong></span> <span class='ocrx_word' id='word_1_27' title='bbox 218 479 347 540; x_wconf 65' lang='lat' dir='ltr'><strong>nec</strong></span> <span class='ocrx_word' id='word_1_28' title='bbox 369 465 640 536; x_wconf 80' lang='lat' dir='ltr'><strong>Pagannm</strong></span> <span class='ocrx_word' id='word_1_29' title='bbox 667 480 822 536; x_wconf 69' lang='lat' dir='ltr'><strong>teque</strong></span> <span class='ocrx_word' id='word_1_30' title='bbox 847 463 872 502; x_wconf 69' lang='grc' dir='ltr'>ι)</span> <span class='ocrx_word' id='word_1_31' title='bbox 898 465 1001 521; x_wconf 86' lang='lat' dir='ltr'><strong>nisi</strong></span> <span class='ocrx_word' id='word_1_32' title='bbox 1023 468 1156 522; x_wconf 89' lang='lat' dir='ltr'><strong>deos</strong></span> <span class='ocrx_word' id='word_1_33' title='bbox 1183 481 1352 522; x_wconf 85' lang='lat' dir='ltr'><strong>vanos</strong></span> <span class='ocrx_word' id='word_1_34' title='bbox 1383 469 1399 499; x_wconf 80' lang='grc' dir='ltr'>ί</span> <span class='ocrx_word' id='word_1_35' title='bbox 1428 466 1603 524; x_wconf 86' lang='lat' dir='ltr'><strong>homi-</strong></span> 
     </span>
    </p>
   </div>
   <div class='ocr_carea' id='block_1_5' title="bbox 8 556 1603 628">
    <p class='ocr_par' dir='ltr' id='par_1_5' title="bbox 8 556 1603 628">
     <span class='ocr_line' id='line_1_5' title="bbox 8 556 1603 628; baseline 0.003 -20"><span class='ocrx_word' id='word_1_36' title='bbox 8 569 58 608; x_wconf 84' lang='lat' dir='ltr'><strong>n</strong></span> <span class='ocrx_word' id='word_1_37' title='bbox 124 556 371 614; x_wconf 71' lang='lat' dir='ltr'><strong>iecisse</strong></span> <span class='ocrx_word' id='word_1_38' title='bbox 415 557 705 628; x_wconf 87' lang='lat' dir='ltr'><strong>putaverit.</strong></span> <span class='ocrx_word' id='word_1_39' title='bbox 761 557 904 628; x_wconf 87' lang='lat' dir='ltr'><strong>Ergo</strong></span> <span class='ocrx_word' id='word_1_40' title='bbox 945 568 966 596; x_wconf 79' lang='grc' dir='ltr'><strong>ο</strong></span> <span class='ocrx_word' id='word_1_41' title='bbox 1015 568 1207 614; x_wconf 88' lang='lat' dir='ltr'><strong>natura</strong></span> <span class='ocrx_word' id='word_1_42' title='bbox 1257 575 1438 615; x_wconf 87' lang='lat' dir='ltr'><strong>rerttm</strong></span> <span class='ocrx_word' id='word_1_43' title='bbox 1492 559 1603 614; x_wconf 89' lang='lat' dir='ltr'><strong>Deo</strong></span> 
     </span>
    </p>
   </div>
   <div class='ocr_carea' id='block_1_6' title="bbox 7 649 1603 716">
    <p class='ocr_par' dir='ltr' id='par_1_6' title="bbox 7 649 1603 716">
     <span class='ocr_line' id='line_1_6' title="bbox 7 649 1603 716; baseline 0.005 -16"><span class='ocrx_word' id='word_1_44' title='bbox 7 649 326 707; x_wconf 81' lang='lat' dir='ltr'><strong>:ribenda</strong></span> <span class='ocrx_word' id='word_1_45' title='bbox 355 661 442 708; x_wconf 86' lang='lat' dir='ltr'><strong>est</strong></span> <span class='ocrx_word' id='word_1_46' title='bbox 463 693 478 716; x_wconf 88' lang='lat'><strong>,</strong></span> <span class='ocrx_word' id='word_1_47' title='bbox 512 668 618 714; x_wconf 87' lang='lat' dir='ltr'><strong>non</strong></span> <span class='ocrx_word' id='word_1_48' title='bbox 657 651 818 706; x_wconf 84' lang='lat' dir='ltr'><strong>alicui</strong></span> <span class='ocrx_word' id='word_1_49' title='bbox 845 653 1040 707; x_wconf 91' lang='lat' dir='ltr'><strong>horum</strong></span> <span class='ocrx_word' id='word_1_50' title='bbox 1069 654 1326 709; x_wconf 91' lang='lat' dir='ltr'><strong>vanitati:</strong></span> <span class='ocrx_word' id='word_1_51' title='bbox 1358 654 1603 708; x_wconf 88' lang='lat' dir='ltr'><strong>doctrina</strong></span> 
     </span>
    </p>
   </div>
   <div class='ocr_carea' id='block_1_7' title="bbox 8 741 1600 816">
    <p class='ocr_par' dir='ltr' id='par_1_7' title="bbox 8 741 1600 816">
     <span class='ocr_line' id='line_1_7' title="bbox 8 741 1600 816; baseline 0.005 -19"><span class='ocrx_word' id='word_1_52' title='bbox 8 755 136 799; x_wconf 75' lang='lat' dir='ltr'><strong>tem</strong></span> <span class='ocrx_word' id='word_1_53' title='bbox 166 741 205 784; x_wconf 74' lang='grc' dir='ltr'><strong>ει</strong></span> <span class='ocrx_word' id='word_1_54' title='bbox 249 763 386 816; x_wconf 77' lang='lat' dir='ltr'><strong>qua:</strong></span> <span class='ocrx_word' id='word_1_55' title='bbox 419 747 670 802; x_wconf 79' lang='lat' dir='ltr'><strong>fecundat</strong></span> <span class='ocrx_word' id='word_1_56' title='bbox 697 756 818 816; x_wconf 92' lang='lat' dir='ltr'><strong>post</strong></span> <span class='ocrx_word' id='word_1_57' title='bbox 843 755 1092 803; x_wconf 85' lang='lat' dir='ltr'><strong>naturam</strong></span> <span class='ocrx_word' id='word_1_58' title='bbox 1117 791 1132 816; x_wconf 92' lang='lat'><strong>,</strong></span> <span class='ocrx_word' id='word_1_59' title='bbox 1162 750 1205 804; x_wconf 76' lang='lat' dir='ltr'><strong>si</strong></span> <span class='ocrx_word' id='word_1_60' title='bbox 1241 764 1372 804; x_wconf 79' lang='lat' dir='ltr'><strong>vera</strong></span> <span class='ocrx_word' id='word_1_61' title='bbox 1399 749 1600 814; x_wconf 82' lang='lat' dir='ltr'><strong>fuerit,</strong></span> 
     </span>
    </p>
   </div>
   <div class='ocr_carea' id='block_1_8' title="bbox 7 837 1607 915">
    <p class='ocr_par' dir='ltr' id='par_1_8' title="bbox 7 837 1607 915">
     <span class='ocr_line' id='line_1_8' title="bbox 7 837 1607 915; baseline 0.005 -24"><span class='ocrx_word' id='word_1_62' title='bbox 7 837 66 892; x_wconf 84' lang='lat' dir='ltr'><strong>ei</strong></span> <span class='ocrx_word' id='word_1_63' title='bbox 108 839 234 895; x_wconf 86' lang='lat' dir='ltr'><strong>Dei</strong></span> <span class='ocrx_word' id='word_1_64' title='bbox 266 840 580 910; x_wconf 88' lang='lat' dir='ltr'><strong>copulanda</strong></span> <span class='ocrx_word' id='word_1_65' title='bbox 601 849 706 907; x_wconf 88' lang='lat' dir='ltr'><strong>est,</strong></span> <span class='ocrx_word' id='word_1_66' title='bbox 730 856 793 897; x_wconf 88' lang='lat' dir='ltr'><strong>ac</strong></span> <span class='ocrx_word' id='word_1_67' title='bbox 819 843 1196 899; x_wconf 72' lang='lat' dir='ltr'><strong>saluberrima:</strong></span> <span class='ocrx_word' id='word_1_68' title='bbox 1217 842 1607 915; x_wconf 88' lang='lat' dir='ltr'><strong>servitutijun-</strong></span> 
     </span>
    </p>
   </div>
   <div class='ocr_carea' id='block_1_9' title="bbox 7 930 1607 1007">
    <p class='ocr_par' dir='ltr' id='par_1_9' title="bbox 7 930 1607 1007">
     <span class='ocr_line' id='line_1_9' title="bbox 7 930 1607 1007; baseline 0.004 -21"><span class='ocrx_word' id='word_1_69' title='bbox 7 930 133 986; x_wconf 79' lang='lat' dir='ltr'><strong>uda</strong></span> <span class='ocrx_word' id='word_1_70' title='bbox 159 949 179 998; x_wconf 91' lang='lat'><strong>;</strong></span> <span class='ocrx_word' id='word_1_71' title='bbox 223 948 356 988; x_wconf 82' lang='lat' dir='ltr'><strong>non</strong></span> <span class='ocrx_word' id='word_1_72' title='bbox 389 933 651 988; x_wconf 81' lang='lat' dir='ltr'><strong>recedens</strong></span> <span class='ocrx_word' id='word_1_73' title='bbox 681 934 750 989; x_wconf 87' lang='lat' dir='ltr'><strong>ab</strong></span> <span class='ocrx_word' id='word_1_74' title='bbox 774 951 837 990; x_wconf 90' lang='lat' dir='ltr'><strong>ea</strong></span> <span class='ocrx_word' id='word_1_75' title='bbox 868 937 1092 1007; x_wconf 82' lang='lat' dir='ltr'><strong>quippe,</strong></span> <span class='ocrx_word' id='word_1_76' title='bbox 1119 937 1215 992; x_wconf 83' lang='lat' dir='ltr'><strong>sed</strong></span> <span class='ocrx_word' id='word_1_77' title='bbox 1238 952 1394 992; x_wconf 87' lang='lat' dir='ltr'><strong>suum</strong></span> <span class='ocrx_word' id='word_1_78' title='bbox 1427 937 1607 1006; x_wconf 83' lang='lat' dir='ltr'><strong>potius</strong></span> 
     </span>
    </p>
   </div>
   <div class='ocr_carea' id='block_1_10' title="bbox 7 1028 1604 1101">
    <p class='ocr_par' dir='ltr' id='par_1_10' title="bbox 7 1028 1604 1101">
     <span class='ocr_line' id='line_1_10' title="bbox 7 1028 1604 1101; baseline 0.003 -19"><span class='ocrx_word' id='word_1_79' title='bbox 7 1045 29 1082; x_wconf 89' lang='lat' dir='ltr'><strong>r</strong></span> <span class='ocrx_word' id='word_1_80' title='bbox 68 1028 284 1084; x_wconf 78' lang='lat' dir='ltr'><strong>fidem</strong></span> <span class='ocrx_word' id='word_1_81' title='bbox 318 1045 618 1100; x_wconf 85' lang='lat' dir='ltr'><strong>agnoscens</strong></span> <span class='ocrx_word' id='word_1_82' title='bbox 658 1031 976 1096; x_wconf 88' lang='lat' dir='ltr'><strong>Dominum,</strong></span> <span class='ocrx_word' id='word_1_83' title='bbox 1007 1032 1409 1101; x_wconf 62' lang='lat' dir='ltr'><strong>recordansque</strong></span> <span class='ocrx_word' id='word_1_84' title='bbox 1437 1031 1604 1088; x_wconf 82' lang='lat' dir='ltr'><strong>Crea-</strong></span> 
     </span>
    </p>
   </div>
   <div class='ocr_carea' id='block_1_11' title="bbox 7 1122 1608 1193">
    <p class='ocr_par' dir='ltr' id='par_1_11' title="bbox 7 1122 1608 1193">
     <span class='ocr_line' id='line_1_11' title="bbox 7 1122 1608 1193; baseline 0.002 -17"><span class='ocrx_word' id='word_1_85' title='bbox 7 1136 136 1176; x_wconf 70' lang='grc' dir='ltr'><strong>ἐιη</strong></span> <span class='ocrx_word' id='word_1_86' title='bbox 172 1122 545 1178; x_wconf 79' lang='lat' dir='ltr'><strong>naturaliter.</strong></span> <span class='ocrx_word' id='word_1_87' title='bbox 569 1122 750 1193; x_wconf 88' lang='lat' dir='ltr'><strong>Itaque</strong></span> <span class='ocrx_word' id='word_1_88' title='bbox 773 1140 881 1178; x_wconf 91' lang='lat' dir='ltr'><strong>non</strong></span> <span class='ocrx_word' id='word_1_89' title='bbox 905 1133 1110 1179; x_wconf 62' lang='lat' dir='ltr'><strong>naturae</strong></span> <span class='ocrx_word' id='word_1_90' title='bbox 1128 1125 1291 1180; x_wconf 83' lang='lat' dir='ltr'><strong>animi</strong></span> <span class='ocrx_word' id='word_1_91' title='bbox 1319 1125 1608 1180; x_wconf 83' lang='lat' dir='ltr'><strong>inﬁrmitas</strong></span> 
     </span>
    </p>
   </div>
   <div class='ocr_carea' id='block_1_12' title="bbox 8 1215 1604 1286">
    <p class='ocr_par' dir='ltr' id='par_1_12' title="bbox 8 1215 1604 1286">
     <span class='ocr_line' id='line_1_12' title="bbox 8 1215 1604 1286; baseline 0.003 -18"><span class='ocrx_word' id='word_1_92' title='bbox 8 1215 310 1282; x_wconf 70' lang='lat' dir='ltr'><strong>mimum,</strong></span> <span class='ocrx_word' id='word_1_93' title='bbox 340 1215 433 1271; x_wconf 90' lang='lat' dir='ltr'><strong>sed</strong></span> <span class='ocrx_word' id='word_1_94' title='bbox 465 1232 627 1286; x_wconf 90' lang='lat' dir='ltr'><strong>prava</strong></span> <span class='ocrx_word' id='word_1_95' title='bbox 655 1217 901 1270; x_wconf 83' lang='lat' dir='ltr'><strong>voluntas</strong></span> <span class='ocrx_word' id='word_1_96' title='bbox 938 1225 1024 1271; x_wconf 90' lang='lat' dir='ltr'><strong>est</strong></span> <span class='ocrx_word' id='word_1_97' title='bbox 1055 1217 1234 1284; x_wconf 87' lang='lat' dir='ltr'><strong>potius</strong></span> <span class='ocrx_word' id='word_1_98' title='bbox 1259 1216 1564 1272; x_wconf 86' lang='lat' dir='ltr'><strong>accusanda</strong></span> <span class='ocrx_word' id='word_1_99' title='bbox 1589 1258 1604 1285; x_wconf 91' lang='lat'><strong>,</strong></span> 
     </span>
    </p>
   </div>
   <div class='ocr_carea' id='block_1_13' title="bbox 7 1309 1605 1366">
    <p class='ocr_par' dir='ltr' id='par_1_13' title="bbox 7 1309 1605 1366">
     <span class='ocr_line' id='line_1_13' title="bbox 7 1309 1605 1366; baseline 0.001 -1"><span class='ocrx_word' id='word_1_100' title='bbox 7 1318 193 1366; x_wconf 83' lang='lat' dir='ltr'><strong>:ente</strong></span> <span class='ocrx_word' id='word_1_101' title='bbox 226 1310 477 1365; x_wconf 88' lang='lat' dir='ltr'><strong>Domino</strong></span> <span class='ocrx_word' id='word_1_102' title='bbox 505 1329 516 1364; x_wconf 90' lang='lat'><strong>:</strong></span> <span class='ocrx_word' id='word_1_103' title='bbox 561 1321 584 1348; x_wconf 73' lang='grc' dir='ltr'>ο</span> <span class='ocrx_word' id='word_1_104' title='bbox 620 1309 688 1364; x_wconf 85' lang='lat' dir='ltr'><strong>Et</strong></span> <span class='ocrx_word' id='word_1_105' title='bbox 730 1327 864 1364; x_wconf 82' lang='lat' dir='ltr'><strong>uuae</strong></span> <span class='ocrx_word' id='word_1_106' title='bbox 891 1312 936 1365; x_wconf 87' lang='lat' dir='ltr'><strong>si</strong></span> <span class='ocrx_word' id='word_1_107' title='bbox 972 1311 1236 1366; x_wconf 72' lang='lat' dir='ltr'><strong>volueritis</strong></span> <span class='ocrx_word' id='word_1_108' title='bbox 1263 1322 1309 1365; x_wconf 88' lang='lat' dir='ltr'><strong>et</strong></span> <span class='ocrx_word' id='word_1_109' title='bbox 1334 1312 1605 1366; x_wconf 83' lang='lat' dir='ltr'><strong>audieritis</strong></span> 
     </span>
    </p>
   </div>
   <div class='ocr_carea' id='block_1_14' title="bbox 7 1403 1606 1470">
    <p class='ocr_par' dir='ltr' id='par_1_14' title="bbox 7 1403 1606 1470">
     <span class='ocr_line' id='line_1_14' title="bbox 7 1403 1606 1470; baseline 0.004 -18"><span class='ocrx_word' id='word_1_110' title='bbox 7 1421 43 1467; x_wconf 64' lang='grc' dir='ltr'><strong>ς,</strong></span> <span class='ocrx_word' id='word_1_111' title='bbox 86 1405 258 1458; x_wconf 83' lang='lat' dir='ltr'><strong>bona</strong></span> <span class='ocrx_word' id='word_1_112' title='bbox 299 1415 449 1458; x_wconf 68' lang='lat' dir='ltr'><strong>terra</strong></span> <span class='ocrx_word' id='word_1_113' title='bbox 475 1404 848 1458; x_wconf 75' lang='lat' dir='ltr'><strong>manducabitis</strong></span> <span class='ocrx_word' id='word_1_114' title='bbox 871 1420 889 1457; x_wconf 92' lang='lat'><strong><em>:</em></strong></span> <span class='ocrx_word' id='word_1_115' title='bbox 914 1404 959 1458; x_wconf 90' lang='lat' dir='ltr'><strong>si</strong></span> <span class='ocrx_word' id='word_1_116' title='bbox 990 1412 1163 1458; x_wconf 81' lang='lat' dir='ltr'><strong>autem</strong></span> <span class='ocrx_word' id='word_1_117' title='bbox 1196 1403 1486 1470; x_wconf 69' lang='lat' dir='ltr'><strong>nolueritis,</strong></span> <span class='ocrx_word' id='word_1_118' title='bbox 1517 1420 1606 1458; x_wconf 79' lang='lat' dir='ltr'><strong>nec</strong></span> 
     </span>
    </p>
   </div>
   <div class='ocr_carea' id='block_1_15' title="bbox 10 1495 1605 1570">
    <p class='ocr_par' dir='ltr' id='par_1_15' title="bbox 10 1495 1605 1570">
     <span class='ocr_line' id='line_1_15' title="bbox 10 1495 1605 1570; baseline 0.003 -22"><span class='ocrx_word' id='word_1_119' title='bbox 10 1496 262 1552; x_wconf 75' lang='lat' dir='ltr'><strong>dierisis</strong></span> <span class='ocrx_word' id='word_1_120' title='bbox 296 1513 411 1563; x_wconf 83' lang='lat' dir='ltr'><strong>nte,</strong></span> <span class='ocrx_word' id='word_1_121' title='bbox 444 1496 650 1570; x_wconf 75' lang='lat' dir='ltr'><strong>gladius</strong></span> <span class='ocrx_word' id='word_1_122' title='bbox 685 1512 775 1552; x_wconf 81' lang='lat' dir='ltr'><strong>vos</strong></span> <span class='ocrx_word' id='word_1_123' title='bbox 805 1495 1060 1551; x_wconf 79' lang='lat' dir='ltr'><strong>comedet.</strong></span> <span class='ocrx_word' id='word_1_124' title='bbox 1097 1495 1170 1551; x_wconf 90' lang='lat' dir='ltr'><strong>0s</strong></span> <span class='ocrx_word' id='word_1_125' title='bbox 1211 1497 1346 1550; x_wconf 90' lang='lat' dir='ltr'><strong>enim</strong></span> <span class='ocrx_word' id='word_1_126' title='bbox 1395 1495 1605 1552; x_wconf 76' lang='lat' dir='ltr'><strong>Domini</strong></span> 
     </span>
    </p>
   </div>
   <div class='ocr_carea' id='block_1_16' title="bbox 7 1589 1601 1663">
    <p class='ocr_par' dir='ltr' id='par_1_16' title="bbox 7 1589 1601 1663">
     <span class='ocr_line' id='line_1_16' title="bbox 7 1589 1601 1663; baseline 0 -18"><span class='ocrx_word' id='word_1_127' title='bbox 7 1600 268 1645; x_wconf 74' lang='lat' dir='ltr'><strong>oculum</strong></span> <span class='ocrx_word' id='word_1_128' title='bbox 295 1600 370 1645; x_wconf 89' lang='lat' dir='ltr'><strong>est</strong></span> <span class='ocrx_word' id='word_1_129' title='bbox 397 1591 552 1663; x_wconf 80' lang='lat' dir='ltr'><strong>(lsai.</strong></span> <span class='ocrx_word' id='word_1_130' title='bbox 581 1607 620 1657; x_wconf 86' lang='grc' dir='ltr'>ι,</span> <span class='ocrx_word' id='word_1_131' title='bbox 648 1589 949 1662; x_wconf 69' lang='lat' dir='ltr'><strong>I9,90).Et</strong></span> <span class='ocrx_word' id='word_1_132' title='bbox 971 1590 1074 1646; x_wconf 84' lang='lat' dir='ltr'><strong>hoc</strong></span> <span class='ocrx_word' id='word_1_133' title='bbox 1103 1609 1116 1644; x_wconf 88' lang='lat'><strong>:</strong></span> <span class='ocrx_word' id='word_1_134' title='bbox 1146 1589 1164 1628; x_wconf 74' lang='grc' dir='ltr'><strong>ί</strong></span> <span class='ocrx_word' id='word_1_135' title='bbox 1201 1589 1380 1645; x_wconf 82' lang='lat' dir='ltr'><strong>Venite</strong></span> <span class='ocrx_word' id='word_1_136' title='bbox 1401 1591 1471 1646; x_wconf 85' lang='lat' dir='ltr'><strong>ad</strong></span> <span class='ocrx_word' id='word_1_137' title='bbox 1500 1606 1601 1657; x_wconf 87' lang='lat' dir='ltr'><strong>me,</strong></span> 
     </span>
    </p>
   </div>
   <div class='ocr_carea' id='block_1_17' title="bbox 8 1682 1600 1756">
    <p class='ocr_par' dir='ltr' id='par_1_17' title="bbox 8 1682 1600 1756">
     <span class='ocr_line' id='line_1_17' title="bbox 8 1682 1600 1756; baseline -0.001 -17"><span class='ocrx_word' id='word_1_138' title='bbox 8 1702 138 1739; x_wconf 82' lang='lat' dir='ltr'><strong>tnes</strong></span> <span class='ocrx_word' id='word_1_139' title='bbox 174 1685 286 1756; x_wconf 81' lang='lat' dir='ltr'><strong>qui</strong></span> <span class='ocrx_word' id='word_1_140' title='bbox 317 1686 514 1740; x_wconf 79' lang='lat' dir='ltr'><strong>onerati</strong></span> <span class='ocrx_word' id='word_1_141' title='bbox 556 1685 706 1750; x_wconf 87' lang='lat' dir='ltr'><strong>estis,</strong></span> <span class='ocrx_word' id='word_1_142' title='bbox 731 1694 778 1739; x_wconf 88' lang='lat' dir='ltr'><strong>et</strong></span> <span class='ocrx_word' id='word_1_143' title='bbox 812 1700 906 1755; x_wconf 89' lang='lat' dir='ltr'><strong>ego</strong></span> <span class='ocrx_word' id='word_1_144' title='bbox 930 1699 1018 1738; x_wconf 78' lang='lat' dir='ltr'><strong>vos</strong></span> <span class='ocrx_word' id='word_1_145' title='bbox 1056 1683 1331 1742; x_wconf 78' lang='lat' dir='ltr'><strong>subleuabo</strong></span> <span class='ocrx_word' id='word_1_146' title='bbox 1362 1684 1381 1753; x_wconf 85' lang='lat'><strong>(</strong></span> <span class='ocrx_word' id='word_1_147' title='bbox 1406 1682 1600 1739; x_wconf 77' lang='lat' dir='ltr'><strong>Matth.</strong></span> 
     </span>
    </p>
   </div>
   <div class='ocr_carea' id='block_1_18' title="bbox 7 1778 212 1852">
    <p class='ocr_par' dir='ltr' id='par_1_18' title="bbox 7 1778 212 1852">
     <span class='ocr_line' id='line_1_18' title="bbox 7 1778 212 1852; baseline 0.01 -19"><span class='ocrx_word' id='word_1_148' title='bbox 7 1778 212 1852; x_wconf 77' lang='lat'><strong>.23).</strong></span> 
     </span>
    </p>
   </div>
   <div class='ocr_carea' id='block_1_19' title="bbox 54 1870 1491 1930">
    <p class='ocr_par' dir='ltr' id='par_1_19' title="bbox 54 1870 1491 1930">
     <span class='ocr_line' id='line_1_19' title="bbox 54 1870 1491 1930; baseline 0 -4"><span class='ocrx_word' id='word_1_149' title='bbox 54 1870 282 1926; x_wconf 76' lang='lat' dir='ltr'><strong>CXIII.</strong></span> <span class='ocrx_word' id='word_1_150' title='bbox 334 1870 650 1930; x_wconf 68' lang='lat' dir='ltr'><strong>liEltESlS</strong></span> <span class='ocrx_word' id='word_1_151' title='bbox 690 1871 777 1927; x_wconf 89' lang='lat' dir='ltr'><strong>DE</strong></span> <span class='ocrx_word' id='word_1_152' title='bbox 818 1871 1091 1929; x_wconf 78' lang='lat' dir='ltr'><strong>SEPTEM</strong></span> <span class='ocrx_word' id='word_1_153' title='bbox 1133 1870 1491 1928; x_wconf 67' lang='lat' dir='ltr'><strong>PLANE’I’IS.</strong></span> 
     </span>
    </p>
   </div>
   <div class='ocr_carea' id='block_1_20' title="bbox 23 1965 1600 2036">
    <p class='ocr_par' dir='ltr' id='par_1_20' title="bbox 23 1965 1600 2036">
     <span class='ocr_line' id='line_1_20' title="bbox 23 1965 1600 2036; baseline 0.004 -20"><span class='ocrx_word' id='word_1_154' title='bbox 23 1966 45 1997; x_wconf 78' lang='grc'>⁸</span> <span class='ocrx_word' id='word_1_155' title='bbox 71 1975 99 2015; x_wconf 82' lang='lat' dir='ltr'><strong>s</strong></span> <span class='ocrx_word' id='word_1_156' title='bbox 129 1965 423 2021; x_wconf 77' lang='lat' dir='ltr'><strong>Habenda</strong></span> <span class='ocrx_word' id='word_1_157' title='bbox 447 1977 532 2022; x_wconf 90' lang='lat' dir='ltr'><strong>est</strong></span> <span class='ocrx_word' id='word_1_158' title='bbox 552 1977 607 2021; x_wconf 90' lang='lat' dir='ltr'><strong>et</strong></span> <span class='ocrx_word' id='word_1_159' title='bbox 639 1967 887 2031; x_wconf 64' lang='lat' dir='ltr'><strong>heresis,</strong></span> <span class='ocrx_word' id='word_1_160' title='bbox 919 1979 1044 2036; x_wconf 69' lang='lat' dir='ltr'><strong>quae</strong></span> <span class='ocrx_word' id='word_1_161' title='bbox 1072 1967 1215 2021; x_wconf 86' lang='lat' dir='ltr'><strong>dicit</strong></span> <span class='ocrx_word' id='word_1_162' title='bbox 1236 1967 1456 2020; x_wconf 88' lang='lat' dir='ltr'><strong>nomina</strong></span> <span class='ocrx_word' id='word_1_163' title='bbox 1485 1965 1600 2022; x_wconf 91' lang='lat' dir='ltr'><strong>die-</strong></span> 
     </span>
    </p>
   </div>
   <div class='ocr_carea' id='block_1_21' title="bbox 7 2059 1596 2127">
    <p class='ocr_par' dir='ltr' id='par_1_21' title="bbox 7 2059 1596 2127">
     <span class='ocr_line' id='line_1_21' title="bbox 7 2059 1596 2127; baseline 0.001 -14"><span class='ocrx_word' id='word_1_164' title='bbox 7 2076 104 2125; x_wconf 82' lang='lat' dir='ltr'><strong>tm,</strong></span> <span class='ocrx_word' id='word_1_165' title='bbox 139 2060 342 2126; x_wconf 84' lang='lat' dir='ltr'><strong>Solis,</strong></span> <span class='ocrx_word' id='word_1_166' title='bbox 369 2059 557 2124; x_wconf 62' lang='lat' dir='ltr'><strong>Lunai.</strong></span> <span class='ocrx_word' id='word_1_167' title='bbox 594 2061 802 2125; x_wconf 77' lang='lat' dir='ltr'><strong>Martis.</strong></span> <span class='ocrx_word' id='word_1_168' title='bbox 833 2059 1111 2125; x_wconf 76' lang='lat' dir='ltr'><strong>Mercurii,</strong></span> <span class='ocrx_word' id='word_1_169' title='bbox 1140 2059 1314 2126; x_wconf 73' lang='lat' dir='ltr'><strong>Iovis,</strong></span> <span class='ocrx_word' id='word_1_170' title='bbox 1349 2059 1596 2127; x_wconf 82' lang='lat' dir='ltr'><strong>Veneris,</strong></span> 
     </span>
    </p>
   </div>
   <div class='ocr_carea' id='block_1_22' title="bbox 8 2153 1593 2232">
    <p class='ocr_par' dir='ltr' id='par_1_22' title="bbox 8 2153 1593 2232">
     <span class='ocr_line' id='line_1_22' title="bbox 8 2153 1593 2232; baseline 0.001 -26"><span class='ocrx_word' id='word_1_171' title='bbox 8 2155 219 2218; x_wconf 89' lang='lat' dir='ltr'><strong>tturni,</strong></span> <span class='ocrx_word' id='word_1_172' title='bbox 253 2169 287 2206; x_wconf 88' lang='lat' dir='ltr'><strong>a</strong></span> <span class='ocrx_word' id='word_1_173' title='bbox 322 2153 437 2209; x_wconf 89' lang='lat' dir='ltr'><strong>Deo</strong></span> <span class='ocrx_word' id='word_1_174' title='bbox 467 2154 581 2210; x_wconf 62' lang='lat' dir='ltr'><strong>hanc</strong></span> <span class='ocrx_word' id='word_1_175' title='bbox 614 2154 684 2208; x_wconf 84' lang='lat' dir='ltr'><strong>ita</strong></span> <span class='ocrx_word' id='word_1_176' title='bbox 715 2154 887 2224; x_wconf 85' lang='lat' dir='ltr'><strong>posita</strong></span> <span class='ocrx_word' id='word_1_177' title='bbox 917 2154 986 2208; x_wconf 92' lang='lat' dir='ltr'><strong>ab</strong></span> <span class='ocrx_word' id='word_1_178' title='bbox 1014 2153 1223 2226; x_wconf 76' lang='lat' dir='ltr'><strong>origine</strong></span> <span class='ocrx_word' id='word_1_179' title='bbox 1250 2153 1453 2232; x_wconf 76' lang='lat' dir='ltr'><strong>Mundi,</strong></span> <span class='ocrx_word' id='word_1_180' title='bbox 1486 2169 1593 2208; x_wconf 88' lang='lat' dir='ltr'><strong>non</strong></span> 
     </span>
    </p>
   </div>
   <div class='ocr_carea' id='block_1_23' title="bbox 7 2249 1592 2319">
    <p class='ocr_par' dir='ltr' id='par_1_23' title="bbox 7 2249 1592 2319">
     <span class='ocr_line' id='line_1_23' title="bbox 7 2249 1592 2319; baseline 0.001 -19"><span class='ocrx_word' id='word_1_181' title='bbox 7 2249 264 2303; x_wconf 86' lang='lat' dir='ltr'><strong>nninum</strong></span> <span class='ocrx_word' id='word_1_182' title='bbox 299 2263 438 2303; x_wconf 81' lang='lat' dir='ltr'><strong>vana</strong></span> <span class='ocrx_word' id='word_1_183' title='bbox 461 2251 888 2319; x_wconf 68' lang='lat' dir='ltr'><strong>prtesumptione</strong></span> <span class='ocrx_word' id='word_1_184' title='bbox 916 2259 1242 2318; x_wconf 80' lang='lat' dir='ltr'><strong>nuncupata;</strong></span> <span class='ocrx_word' id='word_1_185' title='bbox 1273 2263 1396 2304; x_wconf 91' lang='lat' dir='ltr'><strong>cum</strong></span> <span class='ocrx_word' id='word_1_186' title='bbox 1421 2266 1448 2302; x_wconf 79' lang='grc' dir='ltr'><strong>ιι</strong></span> <span class='ocrx_word' id='word_1_187' title='bbox 1477 2249 1592 2319; x_wconf 86' lang='lat' dir='ltr'><strong>pri-</strong></span> 
     </span>
    </p>
   </div>
   <div class='ocr_carea' id='block_1_24' title="bbox 9 2339 1597 2412">
    <p class='ocr_par' dir='ltr' id='par_1_24' title="bbox 9 2339 1597 2412">
     <span class='ocr_line' id='line_1_24' title="bbox 9 2339 1597 2412; baseline -0.001 -17"><span class='ocrx_word' id='word_1_188' title='bbox 9 2356 40 2394; x_wconf 90' lang='lat' dir='ltr'><strong>a</strong></span> <span class='ocrx_word' id='word_1_189' title='bbox 75 2341 317 2412; x_wconf 84' lang='lat' dir='ltr'><strong>origine</strong></span> <span class='ocrx_word' id='word_1_190' title='bbox 347 2357 520 2412; x_wconf 86' lang='lat' dir='ltr'><strong>usque</strong></span> <span class='ocrx_word' id='word_1_191' title='bbox 543 2339 571 2382; x_wconf 72' lang='grc' dir='ltr'>ιι</span> <span class='ocrx_word' id='word_1_192' title='bbox 599 2341 665 2396; x_wconf 86' lang='lat' dir='ltr'><strong>ad</strong></span> <span class='ocrx_word' id='word_1_193' title='bbox 694 2341 916 2398; x_wconf 69' lang='lat' dir='ltr'><strong>Grtecos</strong></span> <span class='ocrx_word' id='word_1_194' title='bbox 946 2355 1122 2412; x_wconf 80' lang='lat' dir='ltr'><strong>reges.</strong></span> <span class='ocrx_word' id='word_1_195' title='bbox 1151 2351 1205 2397; x_wconf 88' lang='lat' dir='ltr'><strong>et</strong></span> <span class='ocrx_word' id='word_1_196' title='bbox 1236 2341 1471 2396; x_wconf 90' lang='lat' dir='ltr'><strong>Ilermen</strong></span> <span class='ocrx_word' id='word_1_197' title='bbox 1497 2340 1597 2395; x_wconf 83' lang='lat' dir='ltr'><strong>fai-</strong></span> 
     </span>
    </p>
   </div>
   <div class='ocr_carea' id='block_1_25' title="bbox 7 2432 1600 2506">
    <p class='ocr_par' dir='ltr' id='par_1_25' title="bbox 7 2432 1600 2506">
     <span class='ocr_line' id='line_1_25' title="bbox 7 2432 1600 2506; baseline 0.001 -19"><span class='ocrx_word' id='word_1_198' title='bbox 7 2434 321 2489; x_wconf 85' lang='lat' dir='ltr'><strong>cissimum</strong></span> <span class='ocrx_word' id='word_1_199' title='bbox 367 2434 562 2500; x_wconf 91' lang='lat' dir='ltr'><strong>illum,</strong></span> <span class='ocrx_word' id='word_1_200' title='bbox 606 2433 702 2506; x_wconf 86' lang='lat' dir='ltr'><strong>qui</strong></span> <span class='ocrx_word' id='word_1_201' title='bbox 746 2432 866 2489; x_wconf 71' lang='lat' dir='ltr'><strong>haec</strong></span> <span class='ocrx_word' id='word_1_202' title='bbox 906 2433 1124 2488; x_wconf 83' lang='lat' dir='ltr'><strong>nomina</strong></span> <span class='ocrx_word' id='word_1_203' title='bbox 1174 2434 1509 2498; x_wconf 80' lang='lat' dir='ltr'><strong>vanissima,</strong></span> <span class='ocrx_word' id='word_1_204' title='bbox 1541 2442 1600 2488; x_wconf 89' lang='lat' dir='ltr'><strong>et</strong></span> 
     </span>
    </p>
   </div>
   <div class='ocr_carea' id='block_1_26' title="bbox 7 2525 1592 2597">
    <p class='ocr_par' dir='ltr' id='par_1_26' title="bbox 7 2525 1592 2597">
     <span class='ocr_line' id='line_1_26' title="bbox 7 2525 1592 2597; baseline 0.002 -17"><span class='ocrx_word' id='word_1_205' title='bbox 7 2527 153 2581; x_wconf 83' lang='lat' dir='ltr'><strong>ivola</strong></span> <span class='ocrx_word' id='word_1_206' title='bbox 192 2525 530 2584; x_wconf 86' lang='lat' dir='ltr'><strong>mentiendo</strong></span> <span class='ocrx_word' id='word_1_207' title='bbox 571 2541 736 2581; x_wconf 88' lang='lat' dir='ltr'><strong>ausus</strong></span> <span class='ocrx_word' id='word_1_208' title='bbox 769 2533 852 2582; x_wconf 90' lang='lat' dir='ltr'><strong>est</strong></span> <span class='ocrx_word' id='word_1_209' title='bbox 892 2540 1240 2595; x_wconf 77' lang='lat' dir='ltr'><strong>nuncupare,</strong></span> <span class='ocrx_word' id='word_1_210' title='bbox 1272 2526 1316 2580; x_wconf 89' lang='lat' dir='ltr'><strong>si</strong></span> <span class='ocrx_word' id='word_1_211' title='bbox 1347 2541 1592 2597; x_wconf 64' lang='lat' dir='ltr'><strong>quaerere</strong></span> 
     </span>
    </p>
   </div>
   <div class='ocr_carea' id='block_1_27' title="bbox 7 2618 1597 2688">
    <p class='ocr_par' dir='ltr' id='par_1_27' title="bbox 7 2618 1597 2688">
     <span class='ocr_line' id='line_1_27' title="bbox 7 2618 1597 2688; baseline 0.004 -20"><span class='ocrx_word' id='word_1_212' title='bbox 7 2618 207 2674; x_wconf 72' lang='lat' dir='ltr'><strong>ilueris</strong></span> <span class='ocrx_word' id='word_1_213' title='bbox 229 2658 247 2685; x_wconf 92' lang='lat'><strong>,</strong></span> <span class='ocrx_word' id='word_1_214' title='bbox 287 2620 537 2684; x_wconf 77' lang='lat' dir='ltr'><strong>invenies</strong></span> <span class='ocrx_word' id='word_1_215' title='bbox 565 2619 794 2674; x_wconf 89' lang='lat' dir='ltr'><strong>multum</strong></span> <span class='ocrx_word' id='word_1_216' title='bbox 826 2619 1057 2675; x_wconf 80' lang='lat' dir='ltr'><strong>ﬂuxisse</strong></span> <span class='ocrx_word' id='word_1_217' title='bbox 1099 2619 1368 2688; x_wconf 86' lang='lat' dir='ltr'><strong>temporis</strong></span> <span class='ocrx_word' id='word_1_218' title='bbox 1387 2661 1404 2686; x_wconf 89' lang='lat'><strong>,</strong></span> <span class='ocrx_word' id='word_1_219' title='bbox 1428 2627 1486 2674; x_wconf 91' lang='lat' dir='ltr'><strong>et</strong></span> <span class='ocrx_word' id='word_1_220' title='bbox 1512 2618 1597 2676; x_wconf 83' lang='lat' dir='ltr'><strong>sic</strong></span> 
     </span>
    </p>
   </div>
   <div class='ocr_carea' id='block_1_28' title="bbox 8 2709 1594 2784">
    <p class='ocr_par' dir='ltr' id='par_1_28' title="bbox 8 2709 1594 2784">
     <span class='ocr_line' id='line_1_28' title="bbox 8 2709 1594 2784; baseline 0.004 -22"><span class='ocrx_word' id='word_1_221' title='bbox 8 2725 239 2782; x_wconf 57' lang='lat' dir='ltr'><strong>manus,</strong></span> <span class='ocrx_word' id='word_1_222' title='bbox 267 2709 329 2765; x_wconf 88' lang='lat' dir='ltr'><strong>id</strong></span> <span class='ocrx_word' id='word_1_223' title='bbox 350 2719 434 2768; x_wconf 85' lang='lat' dir='ltr'><strong>est</strong></span> <span class='ocrx_word' id='word_1_224' title='bbox 456 2711 694 2778; x_wconf 69' lang='lat' dir='ltr'><strong>Gratcns,</strong></span> <span class='ocrx_word' id='word_1_225' title='bbox 723 2712 839 2768; x_wconf 69' lang='lat' dir='ltr'><strong>haec</strong></span> <span class='ocrx_word' id='word_1_226' title='bbox 861 2711 1082 2768; x_wconf 87' lang='lat' dir='ltr'><strong>nomina</strong></span> <span class='ocrx_word' id='word_1_227' title='bbox 1111 2715 1389 2784; x_wconf 79' lang='lat' dir='ltr'><strong>posuisse;</strong></span> <span class='ocrx_word' id='word_1_228' title='bbox 1426 2712 1439 2752; x_wconf 72' lang='grc' dir='ltr'><strong>ί</strong></span> <span class='ocrx_word' id='word_1_229' title='bbox 1468 2727 1594 2769; x_wconf 86' lang='lat' dir='ltr'><strong>eum</strong></span> 
     </span>
    </p>
   </div>
   <div class='ocr_carea' id='block_1_29' title="bbox 12 2805 1592 2877">
    <p class='ocr_par' dir='ltr' id='par_1_29' title="bbox 12 2805 1592 2877">
     <span class='ocr_line' id='line_1_29' title="bbox 12 2805 1592 2877; baseline 0.003 -17"><span class='ocrx_word' id='word_1_230' title='bbox 12 2805 124 2861; x_wconf 89' lang='lat' dir='ltr'><strong>iam</strong></span> <span class='ocrx_word' id='word_1_231' title='bbox 170 2805 491 2863; x_wconf 78' lang='lat' dir='ltr'><strong>secundum</strong></span> <span class='ocrx_word' id='word_1_232' title='bbox 538 2817 749 2877; x_wconf 86' lang='lat' dir='ltr'><strong>septem</strong></span> <span class='ocrx_word' id='word_1_233' title='bbox 793 2807 997 2864; x_wconf 74' lang='lat' dir='ltr'><strong>Stellae</strong></span> <span class='ocrx_word' id='word_1_234' title='bbox 1033 2808 1276 2864; x_wconf 78' lang='lat' dir='ltr'><strong>dixerint</strong></span> <span class='ocrx_word' id='word_1_235' title='bbox 1308 2807 1592 2865; x_wconf 84' lang='lat' dir='ltr'><strong>hominum</strong></span> 
     </span>
    </p>
   </div>
   <div class='ocr_carea' id='block_1_30' title="bbox 7 2899 1594 2972">
    <p class='ocr_par' dir='ltr' id='par_1_30' title="bbox 7 2899 1594 2972">
     <span class='ocr_line' id='line_1_30' title="bbox 7 2899 1594 2972; baseline 0.004 -21"><span class='ocrx_word' id='word_1_236' title='bbox 7 2899 394 2957; x_wconf 73' lang='lat' dir='ltr'><strong>:nerationem</strong></span> <span class='ocrx_word' id='word_1_237' title='bbox 419 2899 738 2966; x_wconf 79' lang='lat' dir='ltr'><strong>consistere,</strong></span> <span class='ocrx_word' id='word_1_238' title='bbox 768 2910 826 2956; x_wconf 91' lang='lat' dir='ltr'><strong>ut</strong></span> <span class='ocrx_word' id='word_1_239' title='bbox 851 2900 943 2957; x_wconf 86' lang='lat' dir='ltr'><strong>ille</strong></span> <span class='ocrx_word' id='word_1_240' title='bbox 967 2901 1082 2972; x_wconf 84' lang='lat' dir='ltr'><strong>ipse</strong></span> <span class='ocrx_word' id='word_1_241' title='bbox 1108 2900 1346 2960; x_wconf 83' lang='lat' dir='ltr'><strong>delirans</strong></span> <span class='ocrx_word' id='word_1_242' title='bbox 1369 2900 1473 2957; x_wconf 91' lang='lat' dir='ltr'><strong>hoc</strong></span> <span class='ocrx_word' id='word_1_243' title='bbox 1498 2901 1594 2958; x_wconf 85' lang='lat' dir='ltr'><strong>de-</strong></span> 
     </span>
    </p>
   </div>
   <div class='ocr_carea' id='block_1_31' title="bbox 7 2991 1592 3065">
    <p class='ocr_par' dir='ltr' id='par_1_31' title="bbox 7 2991 1592 3065">
     <span class='ocr_line' id='line_1_31' title="bbox 7 2991 1592 3065; baseline 0.006 -23"><span class='ocrx_word' id='word_1_244' title='bbox 7 2991 102 3046; x_wconf 85' lang='lat' dir='ltr'><strong>uit.</strong></span> <span class='ocrx_word' id='word_1_245' title='bbox 142 2991 380 3050; x_wconf 88' lang='lat' dir='ltr'><strong>Dierum</strong></span> <span class='ocrx_word' id='word_1_246' title='bbox 409 2991 554 3049; x_wconf 85' lang='lat' dir='ltr'><strong>enim</strong></span> <span class='ocrx_word' id='word_1_247' title='bbox 589 3009 846 3049; x_wconf 86' lang='lat' dir='ltr'><strong>numerus</strong></span> <span class='ocrx_word' id='word_1_248' title='bbox 878 2995 1112 3065; x_wconf 87' lang='lat' dir='ltr'><strong>primus,</strong></span> <span class='ocrx_word' id='word_1_249' title='bbox 1146 2993 1454 3061; x_wconf 87' lang='lat' dir='ltr'><strong>secundus,</strong></span> <span class='ocrx_word' id='word_1_250' title='bbox 1485 3004 1592 3052; x_wconf 88' lang='lat' dir='ltr'><strong>ter-</strong></span> 
     </span>
    </p>
   </div>
   <div class='ocr_carea' id='block_1_32' title="bbox 8 3086 1590 3158">
    <p class='ocr_par' dir='ltr' id='par_1_32' title="bbox 8 3086 1590 3158">
     <span class='ocr_line' id='line_1_32' title="bbox 8 3086 1590 3158; baseline 0.005 -22"><span class='ocrx_word' id='word_1_251' title='bbox 8 3097 73 3137; x_wconf 91' lang='lat' dir='ltr'><strong>us</strong></span> <span class='ocrx_word' id='word_1_252' title='bbox 97 3125 112 3148; x_wconf 91' lang='lat'><strong>,</strong></span> <span class='ocrx_word' id='word_1_253' title='bbox 142 3093 423 3154; x_wconf 85' lang='lat' dir='ltr'><strong>quartus,</strong></span> <span class='ocrx_word' id='word_1_254' title='bbox 455 3087 704 3156; x_wconf 85' lang='lat' dir='ltr'><strong>quintus,</strong></span> <span class='ocrx_word' id='word_1_255' title='bbox 732 3095 946 3154; x_wconf 78' lang='lat' dir='ltr'><strong>sextus,</strong></span> <span class='ocrx_word' id='word_1_256' title='bbox 979 3086 1245 3158; x_wconf 84' lang='lat' dir='ltr'><strong>septimus</strong></span> <span class='ocrx_word' id='word_1_257' title='bbox 1265 3129 1278 3152; x_wconf 92' lang='lat'><strong>,</strong></span> <span class='ocrx_word' id='word_1_258' title='bbox 1305 3103 1336 3142; x_wconf 67' lang='grc' dir='ltr'><strong>ι</strong></span> <span class='ocrx_word' id='word_1_259' title='bbox 1368 3088 1477 3144; x_wconf 86' lang='lat' dir='ltr'><strong>Deo</strong></span> <span class='ocrx_word' id='word_1_260' title='bbox 1503 3096 1590 3145; x_wconf 85' lang='lat' dir='ltr'><strong>est</strong></span> 
     </span>
    </p>
   </div>
   <div class='ocr_carea' id='block_1_33' title="bbox 1704 471 3302 531">
    <p class='ocr_par' dir='ltr' id='par_1_33' title="bbox 1704 471 3302 531">
     <span class='ocr_line' id='line_1_33' title="bbox 1704 471 3302 531; baseline 0.007 -12"><span class='ocrx_word' id='word_1_261' title='bbox 1704 483 1840 521; x_wconf 82' lang='lat' dir='ltr'><strong>unus</strong></span> <span class='ocrx_word' id='word_1_262' title='bbox 1879 485 1941 524; x_wconf 78' lang='lat' dir='ltr'><strong>ea:</strong></span> <span class='ocrx_word' id='word_1_263' title='bbox 1980 473 2122 525; x_wconf 78' lang='lat' dir='ltr'><strong>nobis</strong></span> <span class='ocrx_word' id='word_1_264' title='bbox 2169 471 2332 528; x_wconf 83' lang='lat' dir='ltr'><strong>sciens</strong></span> <span class='ocrx_word' id='word_1_265' title='bbox 2369 472 2558 526; x_wconf 75' lang='lat' dir='ltr'><strong>bonum</strong></span> <span class='ocrx_word' id='word_1_266' title='bbox 2597 483 2646 527; x_wconf 87' lang='lat' dir='ltr'><strong>et</strong></span> <span class='ocrx_word' id='word_1_267' title='bbox 2683 473 2896 529; x_wconf 72' lang='lat' dir='ltr'><strong>malum.</strong></span> <span class='ocrx_word' id='word_1_268' title='bbox 2952 472 3021 528; x_wconf 80' lang='lat' dir='ltr'><strong>Et</strong></span> <span class='ocrx_word' id='word_1_269' title='bbox 3065 492 3199 531; x_wconf 82' lang='lat' dir='ltr'><strong>nunc</strong></span> <span class='ocrx_word' id='word_1_270' title='bbox 3239 493 3302 531; x_wconf 81' lang='lat' dir='ltr'><strong>ne</strong></span> 
     </span>
    </p>
   </div>
   <div class='ocr_carea' id='block_1_34' title="bbox 1704 561 3304 638">
    <p class='ocr_par' dir='ltr' id='par_1_34' title="bbox 1704 561 3304 638">
     <span class='ocr_line' id='line_1_34' title="bbox 1704 561 3304 638; baseline 0.008 -25"><span class='ocrx_word' id='word_1_271' title='bbox 1704 561 1913 629; x_wconf 75' lang='lat' dir='ltr'><strong>quando</strong></span> <span class='ocrx_word' id='word_1_272' title='bbox 1939 563 2178 620; x_wconf 78' lang='lat' dir='ltr'><strong>extendat</strong></span> <span class='ocrx_word' id='word_1_273' title='bbox 2206 582 2413 620; x_wconf 85' lang='lat' dir='ltr'><strong>manum</strong></span> <span class='ocrx_word' id='word_1_274' title='bbox 2443 579 2587 620; x_wconf 85' lang='lat' dir='ltr'><strong>suam</strong></span> <span class='ocrx_word' id='word_1_275' title='bbox 2616 574 2662 619; x_wconf 87' lang='lat' dir='ltr'><strong>et</strong></span> <span class='ocrx_word' id='word_1_276' title='bbox 2686 576 2859 638; x_wconf 82' lang='lat' dir='ltr'><strong>tangat</strong></span> <span class='ocrx_word' id='word_1_277' title='bbox 2881 576 2926 620; x_wconf 78' lang='lat' dir='ltr'><strong>et</strong></span> <span class='ocrx_word' id='word_1_278' title='bbox 2953 578 3122 636; x_wconf 79' lang='lat' dir='ltr'><strong>gustet</strong></span> <span class='ocrx_word' id='word_1_279' title='bbox 3151 569 3215 624; x_wconf 89' lang='lat' dir='ltr'><strong>de</strong></span> <span class='ocrx_word' id='word_1_280' title='bbox 3240 569 3304 625; x_wconf 86' lang='lat' dir='ltr'><strong>Ii-</strong></span> 
     </span>
    </p>
   </div>
   <div class='ocr_carea' id='block_1_35' title="bbox 1705 652 3306 729">
    <p class='ocr_par' dir='ltr' id='par_1_35' title="bbox 1705 652 3306 729">
     <span class='ocr_line' id='line_1_35' title="bbox 1705 652 3306 729; baseline 0.009 -25"><span class='ocrx_word' id='word_1_281' title='bbox 1705 667 1805 721; x_wconf 86' lang='lat' dir='ltr'><strong>gno</strong></span> <span class='ocrx_word' id='word_1_282' title='bbox 1828 652 1943 708; x_wconf 64' lang='lat' dir='ltr'><strong>vitae</strong></span> <span class='ocrx_word' id='word_1_283' title='bbox 1963 664 2009 708; x_wconf 88' lang='lat' dir='ltr'><strong>et</strong></span> <span class='ocrx_word' id='word_1_284' title='bbox 2032 656 2162 709; x_wconf 76' lang='lat' dir='ltr'><strong>vivat</strong></span> <span class='ocrx_word' id='word_1_285' title='bbox 2181 658 2230 710; x_wconf 83' lang='lat' dir='ltr'><strong>in</strong></span> <span class='ocrx_word' id='word_1_286' title='bbox 2251 667 2499 712; x_wconf 70' lang='lat' dir='ltr'><strong>attentum</strong></span> <span class='ocrx_word' id='word_1_287' title='bbox 2527 655 2683 726; x_wconf 81' lang='lat' dir='ltr'><strong>(Gen.</strong></span> <span class='ocrx_word' id='word_1_288' title='bbox 2707 672 2784 723; x_wconf 88' lang='lat' dir='ltr'><strong>ut,</strong></span> <span class='ocrx_word' id='word_1_289' title='bbox 2809 657 2924 729; x_wconf 71' lang='lat'><strong>‘22).</strong></span> <span class='ocrx_word' id='word_1_290' title='bbox 2953 659 3193 729; x_wconf 77' lang='lat' dir='ltr'><strong>Expulit,</strong></span> <span class='ocrx_word' id='word_1_291' title='bbox 3223 662 3306 718; x_wconf 88' lang='lat' dir='ltr'><strong>in-</strong></span> 
     </span>
    </p>
   </div>
   <div class='ocr_carea' id='block_1_36' title="bbox 1705 746 3307 820">
    <p class='ocr_par' dir='ltr' id='par_1_36' title="bbox 1705 746 3307 820">
     <span class='ocr_line' id='line_1_36' title="bbox 1705 746 3307 820; baseline 0.009 -21"><span class='ocrx_word' id='word_1_292' title='bbox 1705 746 1846 816; x_wconf 86' lang='lat' dir='ltr'><strong>quit,</strong></span> <span class='ocrx_word' id='word_1_293' title='bbox 1892 761 2014 802; x_wconf 88' lang='lat' dir='ltr'><strong>eum</strong></span> <span class='ocrx_word' id='word_1_294' title='bbox 2063 749 2318 808; x_wconf 83' lang='lat' dir='ltr'><strong>Dominus</strong></span> <span class='ocrx_word' id='word_1_295' title='bbox 2357 751 2424 807; x_wconf 91' lang='lat' dir='ltr'><strong>de</strong></span> <span class='ocrx_word' id='word_1_296' title='bbox 2465 750 2716 820; x_wconf 75' lang='lat' dir='ltr'><strong>paradisri</strong></span> <span class='ocrx_word' id='word_1_297' title='bbox 2755 752 2970 809; x_wconf 64' lang='lat' dir='ltr'><strong>invidia:</strong></span> <span class='ocrx_word' id='word_1_298' title='bbox 3000 769 3206 810; x_wconf 87' lang='lat' dir='ltr'><strong>causa:</strong></span> <span class='ocrx_word' id='word_1_299' title='bbox 3247 766 3307 813; x_wconf 89' lang='lat' dir='ltr'><strong>et</strong></span> 
     </span>
    </p>
   </div>
   <div class='ocr_carea' id='block_1_37' title="bbox 1707 839 3300 916">
    <p class='ocr_par' dir='ltr' id='par_1_37' title="bbox 1707 839 3300 916">
     <span class='ocr_line' id='line_1_37' title="bbox 1707 839 3300 916; baseline 0.007 -22"><span class='ocrx_word' id='word_1_300' title='bbox 1707 840 1943 910; x_wconf 89' lang='lat' dir='ltr'><strong>primum</strong></span> <span class='ocrx_word' id='word_1_301' title='bbox 1964 839 2065 897; x_wconf 89' lang='lat' dir='ltr'><strong>hoc</strong></span> <span class='ocrx_word' id='word_1_302' title='bbox 2084 845 2345 909; x_wconf 87' lang='lat' dir='ltr'><strong>sentiunt,</strong></span> <span class='ocrx_word' id='word_1_303' title='bbox 2362 844 2508 915; x_wconf 83' lang='lat' dir='ltr'><strong>quod</strong></span> <span class='ocrx_word' id='word_1_304' title='bbox 2525 845 2661 900; x_wconf 78' lang='lat' dir='ltr'><strong>alter</strong></span> <span class='ocrx_word' id='word_1_305' title='bbox 2674 845 2817 902; x_wconf 83' lang='lat' dir='ltr'><strong>Deus</strong></span> <span class='ocrx_word' id='word_1_306' title='bbox 2835 845 3022 902; x_wconf 78' lang='lat' dir='ltr'><strong>fecerit</strong></span> <span class='ocrx_word' id='word_1_307' title='bbox 3040 847 3300 916; x_wconf 88' lang='lat' dir='ltr'><strong>animam,</strong></span> 
     </span>
    </p>
   </div>
   <div class='ocr_carea' id='block_1_38' title="bbox 1707 933 3304 1008">
    <p class='ocr_par' dir='ltr' id='par_1_38' title="bbox 1707 933 3304 1008">
     <span class='ocr_line' id='line_1_38' title="bbox 1707 933 3304 1008; baseline 0.004 -18"><span class='ocrx_word' id='word_1_308' title='bbox 1707 933 1847 990; x_wconf 89' lang='lat' dir='ltr'><strong>alter</strong></span> <span class='ocrx_word' id='word_1_309' title='bbox 1873 948 2126 1003; x_wconf 90' lang='lat' dir='ltr'><strong>carnem,</strong></span> <span class='ocrx_word' id='word_1_310' title='bbox 2157 945 2216 992; x_wconf 90' lang='lat' dir='ltr'><strong>ut</strong></span> <span class='ocrx_word' id='word_1_311' title='bbox 2247 936 2532 996; x_wconf 65' lang='lat' dir='ltr'><strong>Manichaai</strong></span> <span class='ocrx_word' id='word_1_312' title='bbox 2552 980 2568 1002; x_wconf 89' lang='lat'><strong>,</strong></span> <span class='ocrx_word' id='word_1_313' title='bbox 2595 936 2838 994; x_wconf 89' lang='lat' dir='ltr'><strong>Gnostici</strong></span> <span class='ocrx_word' id='word_1_314' title='bbox 2859 980 2873 1006; x_wconf 91' lang='lat'><strong>,</strong></span> <span class='ocrx_word' id='word_1_315' title='bbox 2895 938 3179 998; x_wconf 76' lang='lat' dir='ltr'><strong>Nicolaitte</strong></span> <span class='ocrx_word' id='word_1_316' title='bbox 3200 983 3214 1008; x_wconf 89' lang='lat'><strong>,</strong></span> <span class='ocrx_word' id='word_1_317' title='bbox 3245 951 3304 997; x_wconf 87' lang='lat' dir='ltr'><strong>et</strong></span> 
     </span>
    </p>
   </div>
   <div class='ocr_carea' id='block_1_39' title="bbox 1706 1025 3298 1102">
    <p class='ocr_par' dir='ltr' id='par_1_39' title="bbox 1706 1025 3298 1102">
     <span class='ocr_line' id='line_1_39' title="bbox 1706 1025 3298 1102; baseline 0.005 -22"><span class='ocrx_word' id='word_1_318' title='bbox 1706 1026 1796 1080; x_wconf 92' lang='lat' dir='ltr'><strong>alii</strong></span> <span class='ocrx_word' id='word_1_319' title='bbox 1831 1025 2021 1096; x_wconf 90' lang='lat' dir='ltr'><strong>perditi</strong></span> <span class='ocrx_word' id='word_1_320' title='bbox 2058 1027 2388 1084; x_wconf 87' lang='lat' dir='ltr'><strong>arbitrantur</strong></span> <span class='ocrx_word' id='word_1_321' title='bbox 2419 1029 2664 1085; x_wconf 87' lang='lat' dir='ltr'><strong>dicentes</strong></span> <span class='ocrx_word' id='word_1_322' title='bbox 2685 1071 2698 1094; x_wconf 91' lang='lat'><strong>,</strong></span> <span class='ocrx_word' id='word_1_323' title='bbox 2745 1030 2886 1101; x_wconf 89' lang='lat' dir='ltr'><strong>quod</strong></span> <span class='ocrx_word' id='word_1_324' title='bbox 2914 1031 3054 1086; x_wconf 88' lang='lat' dir='ltr'><strong>alter</strong></span> <span class='ocrx_word' id='word_1_325' title='bbox 3080 1032 3298 1102; x_wconf 86' lang='lat' dir='ltr'><strong>quidem</strong></span> 
     </span>
    </p>
   </div>
   <div class='ocr_carea' id='block_1_40' title="bbox 1709 1118 3303 1194">
    <p class='ocr_par' dir='ltr' id='par_1_40' title="bbox 1709 1118 3303 1194">
     <span class='ocr_line' id='line_1_40' title="bbox 1709 1118 3303 1194; baseline 0.005 -21"><span class='ocrx_word' id='word_1_326' title='bbox 1709 1118 1883 1174; x_wconf 87' lang='lat' dir='ltr'><strong>honos</strong></span> <span class='ocrx_word' id='word_1_327' title='bbox 1914 1118 2057 1174; x_wconf 90' lang='lat' dir='ltr'><strong>Dens</strong></span> <span class='ocrx_word' id='word_1_328' title='bbox 2077 1128 2181 1186; x_wconf 89' lang='lat' dir='ltr'><strong>est,</strong></span> <span class='ocrx_word' id='word_1_329' title='bbox 2207 1121 2344 1176; x_wconf 81' lang='lat' dir='ltr'><strong>alter</strong></span> <span class='ocrx_word' id='word_1_330' title='bbox 2366 1130 2546 1178; x_wconf 88' lang='lat' dir='ltr'><strong>autem</strong></span> <span class='ocrx_word' id='word_1_331' title='bbox 2575 1122 2767 1187; x_wconf 87' lang='lat' dir='ltr'><strong>malus,</strong></span> <span class='ocrx_word' id='word_1_332' title='bbox 2800 1125 3050 1194; x_wconf 89' lang='lat' dir='ltr'><strong>inquiunt</strong></span> <span class='ocrx_word' id='word_1_333' title='bbox 3076 1143 3090 1182; x_wconf 86' lang='lat'><strong>:</strong></span> <span class='ocrx_word' id='word_1_334' title='bbox 3120 1127 3174 1182; x_wconf 90' lang='lat' dir='ltr'><strong>in</strong></span> <span class='ocrx_word' id='word_1_335' title='bbox 3198 1126 3303 1183; x_wconf 85' lang='lat' dir='ltr'><strong>hoc</strong></span> 
     </span>
    </p>
   </div>
   <div class='ocr_carea' id='block_1_41' title="bbox 1707 1213 3306 1279">
    <p class='ocr_par' dir='ltr' id='par_1_41' title="bbox 1707 1213 3306 1279">
     <span class='ocr_line' id='line_1_41' title="bbox 1707 1213 3306 1279; baseline 0.006 -11"><span class='ocrx_word' id='word_1_336' title='bbox 1707 1213 1929 1279; x_wconf 67' lang='lat' dir='ltr'><strong>saeculo,</strong></span> <span class='ocrx_word' id='word_1_337' title='bbox 1975 1223 2032 1268; x_wconf 90' lang='lat' dir='ltr'><strong>et</strong></span> <span class='ocrx_word' id='word_1_338' title='bbox 2061 1214 2264 1270; x_wconf 89' lang='lat' dir='ltr'><strong>malum</strong></span> <span class='ocrx_word' id='word_1_339' title='bbox 2301 1216 2465 1272; x_wconf 83' lang='lat' dir='ltr'><strong>Deum</strong></span> <span class='ocrx_word' id='word_1_340' title='bbox 2515 1217 2659 1274; x_wconf 89' lang='lat' dir='ltr'><strong>hunc</strong></span> <span class='ocrx_word' id='word_1_341' title='bbox 2697 1219 2970 1276; x_wconf 85' lang='lat' dir='ltr'><strong>aestimant</strong></span> <span class='ocrx_word' id='word_1_342' title='bbox 2999 1220 3204 1278; x_wconf 78' lang='lat' dir='ltr'><strong>dixisse</strong></span> <span class='ocrx_word' id='word_1_343' title='bbox 3244 1232 3306 1278; x_wconf 89' lang='lat' dir='ltr'><strong>ut</strong></span> 
     </span>
    </p>
   </div>
   <div class='ocr_carea' id='block_1_42' title="bbox 1710 1307 3303 1382">
    <p class='ocr_par' dir='ltr' id='par_1_42' title="bbox 1710 1307 3303 1382">
     <span class='ocr_line' id='line_1_42' title="bbox 1710 1307 3303 1382; baseline 0.005 -20"><span class='ocrx_word' id='word_1_344' title='bbox 1710 1309 2038 1378; x_wconf 82' lang='lat' dir='ltr'><strong>pellerentur</strong></span> <span class='ocrx_word' id='word_1_345' title='bbox 2066 1307 2133 1364; x_wconf 89' lang='lat' dir='ltr'><strong>de</strong></span> <span class='ocrx_word' id='word_1_346' title='bbox 2162 1308 2446 1378; x_wconf 83' lang='lat' dir='ltr'><strong>paradiso;</strong></span> <span class='ocrx_word' id='word_1_347' title='bbox 2482 1327 2588 1367; x_wconf 90' lang='lat' dir='ltr'><strong>non</strong></span> <span class='ocrx_word' id='word_1_348' title='bbox 2614 1311 2962 1370; x_wconf 86' lang='lat' dir='ltr'><strong>attendentes</strong></span> <span class='ocrx_word' id='word_1_349' title='bbox 2987 1312 3130 1382; x_wconf 89' lang='lat' dir='ltr'><strong>quod</strong></span> <span class='ocrx_word' id='word_1_350' title='bbox 3162 1329 3303 1370; x_wconf 88' lang='lat' dir='ltr'><strong>unus</strong></span> 
     </span>
    </p>
   </div>
   <div class='ocr_carea' id='block_1_43' title="bbox 1711 1402 3308 1480">
    <p class='ocr_par' dir='ltr' id='par_1_43' title="bbox 1711 1402 3308 1480">
     <span class='ocr_line' id='line_1_43' title="bbox 1711 1402 3308 1480; baseline 0.004 -22"><span class='ocrx_word' id='word_1_351' title='bbox 1711 1403 1854 1458; x_wconf 85' lang='lat' dir='ltr'><strong>Deus</strong></span> <span class='ocrx_word' id='word_1_352' title='bbox 1880 1413 2042 1473; x_wconf 86' lang='lat' dir='ltr'><strong>atque</strong></span> <span class='ocrx_word' id='word_1_353' title='bbox 2074 1402 2214 1460; x_wconf 88' lang='lat' dir='ltr'><strong>idem</strong></span> <span class='ocrx_word' id='word_1_354' title='bbox 2245 1403 2404 1462; x_wconf 83' lang='lat' dir='ltr'><strong>Pater</strong></span> <span class='ocrx_word' id='word_1_355' title='bbox 2432 1419 2528 1472; x_wconf 82' lang='lat' dir='ltr'><strong>per</strong></span> <span class='ocrx_word' id='word_1_356' title='bbox 2560 1405 2754 1464; x_wconf 85' lang='lat' dir='ltr'><strong>Filium</strong></span> <span class='ocrx_word' id='word_1_357' title='bbox 2791 1408 2979 1465; x_wconf 78' lang='lat' dir='ltr'><strong>fecerit</strong></span> <span class='ocrx_word' id='word_1_358' title='bbox 3009 1409 3182 1466; x_wconf 82' lang='lat' dir='ltr'><strong>Adam</strong></span> <span class='ocrx_word' id='word_1_359' title='bbox 3214 1427 3308 1480; x_wconf 89' lang='lat' dir='ltr'><strong>pa-</strong></span> 
     </span>
    </p>
   </div>
   <div class='ocr_carea' id='block_1_44' title="bbox 1711 1497 3308 1569">
    <p class='ocr_par' dir='ltr' id='par_1_44' title="bbox 1711 1497 3308 1569">
     <span class='ocr_line' id='line_1_44' title="bbox 1711 1497 3308 1569; baseline 0.004 -18"><span class='ocrx_word' id='word_1_360' title='bbox 1711 1509 1847 1552; x_wconf 86' lang='lat' dir='ltr'><strong>trem</strong></span> <span class='ocrx_word' id='word_1_361' title='bbox 1879 1505 2142 1566; x_wconf 82' lang='lat' dir='ltr'><strong>nostrum,</strong></span> <span class='ocrx_word' id='word_1_362' title='bbox 2171 1497 2492 1567; x_wconf 86' lang='lat' dir='ltr'><strong>dederitqne</strong></span> <span class='ocrx_word' id='word_1_363' title='bbox 2515 1499 2565 1552; x_wconf 90' lang='lat' dir='ltr'><strong>ei</strong></span> <span class='ocrx_word' id='word_1_364' title='bbox 2592 1499 2930 1569; x_wconf 86' lang='lat' dir='ltr'><strong>mandatum,</strong></span> <span class='ocrx_word' id='word_1_365' title='bbox 2954 1510 3012 1557; x_wconf 94' lang='lat' dir='ltr'><strong>ut</strong></span> <span class='ocrx_word' id='word_1_366' title='bbox 3035 1503 3308 1558; x_wconf 82' lang='lat' dir='ltr'><strong>custodito</strong></span> 
     </span>
    </p>
   </div>
   <div class='ocr_carea' id='block_1_45' title="bbox 1709 1591 3308 1664">
    <p class='ocr_par' dir='ltr' id='par_1_45' title="bbox 1709 1591 3308 1664">
     <span class='ocr_line' id='line_1_45' title="bbox 1709 1591 3308 1664; baseline 0.001 -17"><span class='ocrx_word' id='word_1_367' title='bbox 1709 1608 1774 1647; x_wconf 90' lang='lat' dir='ltr'><strong>eo</strong></span> <span class='ocrx_word' id='word_1_368' title='bbox 1805 1601 2148 1662; x_wconf 69' lang='lat' dir='ltr'><strong>permaneret</strong></span> <span class='ocrx_word' id='word_1_369' title='bbox 2176 1591 2531 1658; x_wconf 89' lang='lat' dir='ltr'><strong>immortalis,</strong></span> <span class='ocrx_word' id='word_1_370' title='bbox 2559 1593 3025 1664; x_wconf 76' lang='lat' dir='ltr'><strong>praeraricatoqne</strong></span> <span class='ocrx_word' id='word_1_371' title='bbox 3054 1595 3308 1650; x_wconf 85' lang='lat' dir='ltr'><strong>mandato</strong></span> 
     </span>
    </p>
   </div>
   <div class='ocr_carea' id='block_1_46' title="bbox 1711 1683 3310 1756">
    <p class='ocr_par' dir='ltr' id='par_1_46' title="bbox 1711 1683 3310 1756">
     <span class='ocr_line' id='line_1_46' title="bbox 1711 1683 3310 1756; baseline 0.003 -20"><span class='ocrx_word' id='word_1_372' title='bbox 1711 1684 2010 1754; x_wconf 89' lang='lat' dir='ltr'><strong>pelleretur</strong></span> <span class='ocrx_word' id='word_1_373' title='bbox 2041 1683 2107 1739; x_wconf 91' lang='lat' dir='ltr'><strong>de</strong></span> <span class='ocrx_word' id='word_1_374' title='bbox 2132 1683 2406 1754; x_wconf 87' lang='lat' dir='ltr'><strong>paradiso,</strong></span> <span class='ocrx_word' id='word_1_375' title='bbox 2443 1691 2500 1738; x_wconf 90' lang='lat' dir='ltr'><strong>ut</strong></span> <span class='ocrx_word' id='word_1_376' title='bbox 2529 1683 2790 1754; x_wconf 86' lang='lat' dir='ltr'><strong>scriptum</strong></span> <span class='ocrx_word' id='word_1_377' title='bbox 2815 1691 2916 1750; x_wconf 87' lang='lat' dir='ltr'><strong>est,</strong></span> <span class='ocrx_word' id='word_1_378' title='bbox 2948 1694 3002 1739; x_wconf 87' lang='lat' dir='ltr'><strong>et</strong></span> <span class='ocrx_word' id='word_1_379' title='bbox 3028 1687 3152 1756; x_wconf 86' lang='lat' dir='ltr'><strong>quia</strong></span> <span class='ocrx_word' id='word_1_380' title='bbox 3187 1701 3310 1740; x_wconf 87' lang='lat' dir='ltr'><strong>sua-</strong></span> 
     </span>
    </p>
   </div>
   <div class='ocr_carea' id='block_1_47' title="bbox 1631 1775 3308 1847">
    <p class='ocr_par' dir='ltr' id='par_1_47' title="bbox 1631 1775 3308 1847">
     <span class='ocr_line' id='line_1_47' title="bbox 1631 1775 3308 1847; baseline 0.002 -16"><span class='ocrx_word' id='word_1_381' title='bbox 1631 1775 1678 1842; x_wconf 89' lang='lat' dir='ltr'><strong>B</strong></span> <span class='ocrx_word' id='word_1_382' title='bbox 1705 1778 1858 1832; x_wconf 90' lang='lat' dir='ltr'><strong>sione</strong></span> <span class='ocrx_word' id='word_1_383' title='bbox 1891 1776 2092 1832; x_wconf 90' lang='lat' dir='ltr'><strong>inimici</strong></span> <span class='ocrx_word' id='word_1_384' title='bbox 2121 1775 2226 1832; x_wconf 85' lang='lat' dir='ltr'><strong>hoc</strong></span> <span class='ocrx_word' id='word_1_385' title='bbox 2249 1791 2540 1847; x_wconf 87' lang='lat' dir='ltr'><strong>perpessus</strong></span> <span class='ocrx_word' id='word_1_386' title='bbox 2570 1783 2693 1844; x_wconf 86' lang='lat' dir='ltr'><strong>est;</strong></span> <span class='ocrx_word' id='word_1_387' title='bbox 2727 1791 2849 1830; x_wconf 92' lang='lat' dir='ltr'><strong>cum</strong></span> <span class='ocrx_word' id='word_1_388' title='bbox 2881 1791 2984 1832; x_wconf 91' lang='lat' dir='ltr'><strong>non</strong></span> <span class='ocrx_word' id='word_1_389' title='bbox 3017 1779 3308 1834; x_wconf 90' lang='lat' dir='ltr'><strong>attendunt</strong></span> 
     </span>
    </p>
   </div>
   <div class='ocr_carea' id='block_1_48' title="bbox 1711 1871 3308 1941">
    <p class='ocr_par' dir='ltr' id='par_1_48' title="bbox 1711 1871 3308 1941">
     <span class='ocr_line' id='line_1_48' title="bbox 1711 1871 3308 1941; baseline 0.001 -16"><span class='ocrx_word' id='word_1_390' title='bbox 1711 1871 1776 1927; x_wconf 89' lang='lat' dir='ltr'><strong>ad</strong></span> <span class='ocrx_word' id='word_1_391' title='bbox 1807 1871 2002 1926; x_wconf 86' lang='lat' dir='ltr'><strong>Christi</strong></span> <span class='ocrx_word' id='word_1_392' title='bbox 2037 1871 2495 1938; x_wconf 88' lang='lat' dir='ltr'><strong>misericordiam,</strong></span> <span class='ocrx_word' id='word_1_393' title='bbox 2517 1872 2570 1926; x_wconf 92' lang='lat' dir='ltr'><strong>in</strong></span> <span class='ocrx_word' id='word_1_394' title='bbox 2603 1871 2966 1941; x_wconf 65' lang='lat' dir='ltr'><strong>praecipitium</strong></span> <span class='ocrx_word' id='word_1_395' title='bbox 2993 1871 3186 1926; x_wconf 88' lang='lat' dir='ltr'><strong>mortis</strong></span> <span class='ocrx_word' id='word_1_396' title='bbox 3208 1871 3308 1926; x_wconf 90' lang='lat' dir='ltr'><strong>de-</strong></span> 
     </span>
    </p>
   </div>
   <div class='ocr_carea' id='block_1_49' title="bbox 1708 1961 3309 2036">
    <p class='ocr_par' dir='ltr' id='par_1_49' title="bbox 1708 1961 3309 2036">
     <span class='ocr_line' id='line_1_49' title="bbox 1708 1961 3309 2036; baseline -0.001 -16"><span class='ocrx_word' id='word_1_397' title='bbox 1708 1965 1982 2021; x_wconf 87' lang='lat' dir='ltr'><strong>scendunt</strong></span> <span class='ocrx_word' id='word_1_398' title='bbox 2004 1972 2299 2036; x_wconf 62' lang='lat' dir='ltr'><strong>perpetuat.</strong></span> <span class='ocrx_word' id='word_1_399' title='bbox 2325 1963 2425 2018; x_wconf 84' lang='lat' dir='ltr'><strong>Hic</strong></span> <span class='ocrx_word' id='word_1_400' title='bbox 2448 1963 2630 2033; x_wconf 82' lang='lat' dir='ltr'><strong>itaque</strong></span> <span class='ocrx_word' id='word_1_401' title='bbox 2659 1978 2766 2018; x_wconf 88' lang='lat' dir='ltr'><strong>non</strong></span> <span class='ocrx_word' id='word_1_402' title='bbox 2796 1961 3044 2018; x_wconf 89' lang='lat' dir='ltr'><strong>invidens</strong></span> <span class='ocrx_word' id='word_1_403' title='bbox 3066 1963 3206 2018; x_wconf 87' lang='lat' dir='ltr'><strong>Deus</strong></span> <span class='ocrx_word' id='word_1_404' title='bbox 3223 1978 3309 2018; x_wconf 90' lang='lat' dir='ltr'><strong>rc-</strong></span> 
     </span>
    </p>
   </div>
   <div class='ocr_carea' id='block_1_50' title="bbox 1707 2053 3313 2128">
    <p class='ocr_par' dir='ltr' id='par_1_50' title="bbox 1707 2053 3313 2128">
     <span class='ocr_line' id='line_1_50' title="bbox 1707 2053 3313 2128; baseline 0 -18"><span class='ocrx_word' id='word_1_405' title='bbox 1707 2057 1844 2128; x_wconf 90' lang='lat' dir='ltr'><strong>pnlit</strong></span> <span class='ocrx_word' id='word_1_406' title='bbox 1873 2065 2079 2128; x_wconf 87' lang='lat' dir='ltr'><strong>patrem</strong></span> <span class='ocrx_word' id='word_1_407' title='bbox 2113 2065 2358 2110; x_wconf 90' lang='lat' dir='ltr'><strong>nostrum</strong></span> <span class='ocrx_word' id='word_1_408' title='bbox 2392 2055 2460 2110; x_wconf 91' lang='lat' dir='ltr'><strong>de</strong></span> <span class='ocrx_word' id='word_1_409' title='bbox 2489 2054 2764 2126; x_wconf 85' lang='lat' dir='ltr'><strong>paradiso,</strong></span> <span class='ocrx_word' id='word_1_410' title='bbox 2794 2065 2853 2109; x_wconf 88' lang='lat' dir='ltr'><strong>ut</strong></span> <span class='ocrx_word' id='word_1_411' title='bbox 2885 2069 2994 2110; x_wconf 91' lang='lat' dir='ltr'><strong>non</strong></span> <span class='ocrx_word' id='word_1_412' title='bbox 3027 2053 3098 2109; x_wconf 91' lang='lat' dir='ltr'><strong>ibi</strong></span> <span class='ocrx_word' id='word_1_413' title='bbox 3130 2070 3313 2110; x_wconf 91' lang='lat' dir='ltr'><strong>mora-</strong></span> 
     </span>
    </p>
   </div>
   <div class='ocr_carea' id='block_1_51' title="bbox 1705 2149 3309 2222">
    <p class='ocr_par' dir='ltr' id='par_1_51' title="bbox 1705 2149 3309 2222">
     <span class='ocr_line' id='line_1_51' title="bbox 1705 2149 3309 2222; baseline -0.002 -15"><span class='ocrx_word' id='word_1_414' title='bbox 1705 2160 1876 2217; x_wconf 87' lang='lat' dir='ltr'><strong>retur,</strong></span> <span class='ocrx_word' id='word_1_415' title='bbox 1929 2158 2024 2205; x_wconf 88' lang='lat' dir='ltr'><strong>aut</strong></span> <span class='ocrx_word' id='word_1_416' title='bbox 2065 2166 2168 2204; x_wconf 91' lang='lat' dir='ltr'><strong>non</strong></span> <span class='ocrx_word' id='word_1_417' title='bbox 2213 2157 2462 2222; x_wconf 81' lang='lat' dir='ltr'><strong>gustaret</strong></span> <span class='ocrx_word' id='word_1_418' title='bbox 2503 2149 2572 2205; x_wconf 90' lang='lat' dir='ltr'><strong>de</strong></span> <span class='ocrx_word' id='word_1_419' title='bbox 2615 2149 2764 2221; x_wconf 90' lang='lat' dir='ltr'><strong>ligno</strong></span> <span class='ocrx_word' id='word_1_420' title='bbox 2797 2151 2956 2216; x_wconf 71' lang='lat' dir='ltr'><strong>vitm;</strong></span> <span class='ocrx_word' id='word_1_421' title='bbox 3005 2150 3101 2205; x_wconf 86' lang='lat' dir='ltr'><strong>sed</strong></span> <span class='ocrx_word' id='word_1_422' title='bbox 3136 2150 3309 2220; x_wconf 85' lang='lat' dir='ltr'><strong>magis</strong></span> 
     </span>
    </p>
   </div>
   <div class='ocr_carea' id='block_1_52' title="bbox 1707 2241 3313 2318">
    <p class='ocr_par' dir='ltr' id='par_1_52' title="bbox 1707 2241 3313 2318">
     <span class='ocr_line' id='line_1_52' title="bbox 1707 2241 3313 2318; baseline 0 -19"><span class='ocrx_word' id='word_1_423' title='bbox 1707 2243 1886 2299; x_wconf 90' lang='lat' dir='ltr'><strong>eidem</strong></span> <span class='ocrx_word' id='word_1_424' title='bbox 1913 2243 2208 2297; x_wconf 86' lang='lat' dir='ltr'><strong>consulens</strong></span> <span class='ocrx_word' id='word_1_425' title='bbox 2240 2241 2293 2296; x_wconf 89' lang='lat' dir='ltr'><strong>in</strong></span> <span class='ocrx_word' id='word_1_426' title='bbox 2329 2257 2497 2312; x_wconf 89' lang='lat' dir='ltr'><strong>parvo</strong></span> <span class='ocrx_word' id='word_1_427' title='bbox 2523 2241 2769 2318; x_wconf 84' lang='lat' dir='ltr'><strong>peccanti</strong></span> <span class='ocrx_word' id='word_1_428' title='bbox 2802 2256 2910 2298; x_wconf 92' lang='lat' dir='ltr'><strong>non</strong></span> <span class='ocrx_word' id='word_1_429' title='bbox 2945 2243 3207 2312; x_wconf 89' lang='lat' dir='ltr'><strong>pepercit,</strong></span> <span class='ocrx_word' id='word_1_430' title='bbox 3245 2258 3313 2300; x_wconf 85' lang='lat' dir='ltr'><strong>ne</strong></span> 
     </span>
    </p>
   </div>
   <div class='ocr_carea' id='block_1_53' title="bbox 1705 2335 3310 2410">
    <p class='ocr_par' dir='ltr' id='par_1_53' title="bbox 1705 2335 3310 2410">
     <span class='ocr_line' id='line_1_53' title="bbox 1705 2335 3310 2410; baseline 0 -17"><span class='ocrx_word' id='word_1_431' title='bbox 1705 2339 1980 2410; x_wconf 87' lang='lat' dir='ltr'><strong>parcendo</strong></span> <span class='ocrx_word' id='word_1_432' title='bbox 2008 2337 2074 2393; x_wconf 90' lang='lat' dir='ltr'><strong>ad</strong></span> <span class='ocrx_word' id='word_1_433' title='bbox 2117 2337 2323 2408; x_wconf 86' lang='lat' dir='ltr'><strong>majora</strong></span> <span class='ocrx_word' id='word_1_434' title='bbox 2367 2337 2529 2391; x_wconf 88' lang='lat' dir='ltr'><strong>etiam</strong></span> <span class='ocrx_word' id='word_1_435' title='bbox 2575 2336 2588 2387; x_wconf 87' lang='lat' dir='ltr'><strong>i</strong></span> <span class='ocrx_word' id='word_1_436' title='bbox 2641 2337 2848 2392; x_wconf 88' lang='lat' dir='ltr'><strong>crimen</strong></span> <span class='ocrx_word' id='word_1_437' title='bbox 2883 2335 2989 2404; x_wconf 84' lang='lat' dir='ltr'><strong>alia</strong></span> <span class='ocrx_word' id='word_1_438' title='bbox 3038 2337 3310 2393; x_wconf 86' lang='lat' dir='ltr'><strong>inveniret</strong></span> 
     </span>
    </p>
   </div>
   <div class='ocr_carea' id='block_1_54' title="bbox 1706 2428 3309 2500">
    <p class='ocr_par' dir='ltr' id='par_1_54' title="bbox 1706 2428 3309 2500">
     <span class='ocr_line' id='line_1_54' title="bbox 1706 2428 3309 2500; baseline -0.004 -12"><span class='ocrx_word' id='word_1_439' title='bbox 1706 2446 1827 2488; x_wconf 87' lang='lat' dir='ltr'><strong>eum</strong></span> <span class='ocrx_word' id='word_1_440' title='bbox 1855 2429 2151 2500; x_wconf 88' lang='lat' dir='ltr'><strong>prodeunte</strong></span> <span class='ocrx_word' id='word_1_441' title='bbox 2178 2439 2335 2483; x_wconf 68' lang='lat' dir='ltr'><strong>mtalc</strong></span> <span class='ocrx_word' id='word_1_442' title='bbox 2367 2428 2636 2498; x_wconf 87' lang='lat' dir='ltr'><strong>ampliore</strong></span> <span class='ocrx_word' id='word_1_443' title='bbox 2657 2471 2669 2490; x_wconf 93' lang='lat'><strong>,</strong></span> <span class='ocrx_word' id='word_1_444' title='bbox 2701 2437 3006 2499; x_wconf 87' lang='lat' dir='ltr'><strong>posteaque</strong></span> <span class='ocrx_word' id='word_1_445' title='bbox 3034 2428 3309 2483; x_wconf 89' lang='lat' dir='ltr'><strong>criminali</strong></span> 
     </span>
    </p>
   </div>
   <div class='ocr_carea' id='block_1_55' title="bbox 1701 2521 3306 2597">
    <p class='ocr_par' dir='ltr' id='par_1_55' title="bbox 1701 2521 3306 2597">
     <span class='ocr_line' id='line_1_55' title="bbox 1701 2521 3306 2597; baseline -0.003 -16"><span class='ocrx_word' id='word_1_446' title='bbox 1701 2525 1906 2597; x_wconf 86' lang='lat' dir='ltr'><strong>judicio</strong></span> <span class='ocrx_word' id='word_1_447' title='bbox 1936 2540 2087 2580; x_wconf 88' lang='lat' dir='ltr'><strong>reum</strong></span> <span class='ocrx_word' id='word_1_448' title='bbox 2122 2523 2320 2578; x_wconf 81' lang='lat' dir='ltr'><strong>factum</strong></span> <span class='ocrx_word' id='word_1_449' title='bbox 2352 2521 2588 2591; x_wconf 86' lang='lat' dir='ltr'><strong>amplius</strong></span> <span class='ocrx_word' id='word_1_450' title='bbox 2617 2521 3033 2577; x_wconf 77' lang='lat' dir='ltr'><strong>condemnaret.</strong></span> <span class='ocrx_word' id='word_1_451' title='bbox 3066 2521 3196 2576; x_wconf 82' lang='lat' dir='ltr'><strong>Nam</strong></span> <span class='ocrx_word' id='word_1_452' title='bbox 3225 2525 3306 2576; x_wconf 91' lang='lat' dir='ltr'><strong>in-</strong></span> 
     </span>
    </p>
   </div>
   <div class='ocr_carea' id='block_1_56' title="bbox 1703 2612 3301 2685">
    <p class='ocr_par' dir='ltr' id='par_1_56' title="bbox 1703 2612 3301 2685">
     <span class='ocr_line' id='line_1_56' title="bbox 1703 2612 3301 2685; baseline -0.001 -13"><span class='ocrx_word' id='word_1_453' title='bbox 1703 2627 1784 2672; x_wconf 91' lang='lat' dir='ltr'><strong>ter</strong></span> <span class='ocrx_word' id='word_1_454' title='bbox 1807 2616 2082 2670; x_wconf 84' lang='lat' dir='ltr'><strong>hominem</strong></span> <span class='ocrx_word' id='word_1_455' title='bbox 2107 2626 2161 2671; x_wconf 91' lang='lat' dir='ltr'><strong>et</strong></span> <span class='ocrx_word' id='word_1_456' title='bbox 2181 2615 2460 2670; x_wconf 82' lang='lat' dir='ltr'><strong>diabolum</strong></span> <span class='ocrx_word' id='word_1_457' title='bbox 2485 2623 2603 2670; x_wconf 89' lang='lat' dir='ltr'><strong>erat</strong></span> <span class='ocrx_word' id='word_1_458' title='bbox 2625 2612 2883 2670; x_wconf 82' lang='lat' dir='ltr'><strong>Christus</strong></span> <span class='ocrx_word' id='word_1_459' title='bbox 2910 2614 3128 2670; x_wconf 90' lang='lat' dir='ltr'><strong>auditor</strong></span> <span class='ocrx_word' id='word_1_460' title='bbox 3154 2615 3301 2685; x_wconf 88' lang='lat' dir='ltr'><strong>pari-</strong></span> 
     </span>
    </p>
   </div>
   <div class='ocr_carea' id='block_1_57' title="bbox 1701 2707 3300 2778">
    <p class='ocr_par' dir='ltr' id='par_1_57' title="bbox 1701 2707 3300 2778">
     <span class='ocr_line' id='line_1_57' title="bbox 1701 2707 3300 2778; baseline 0 -14"><span class='ocrx_word' id='word_1_461' title='bbox 1701 2719 1784 2768; x_wconf 87' lang='lat' dir='ltr'><strong>ter</strong></span> <span class='ocrx_word' id='word_1_462' title='bbox 1811 2721 1865 2766; x_wconf 91' lang='lat' dir='ltr'><strong>et</strong></span> <span class='ocrx_word' id='word_1_463' title='bbox 1888 2709 2054 2778; x_wconf 82' lang='lat' dir='ltr'><strong>judes</strong></span> <span class='ocrx_word' id='word_1_464' title='bbox 2074 2707 2412 2778; x_wconf 75' lang='lat' dir='ltr'><strong>iustissimus</strong></span> <span class='ocrx_word' id='word_1_465' title='bbox 2432 2715 2490 2763; x_wconf 90' lang='lat' dir='ltr'><strong>et</strong></span> <span class='ocrx_word' id='word_1_466' title='bbox 2513 2707 2688 2768; x_wconf 82' lang='lat' dir='ltr'><strong>bonus</strong></span> <span class='ocrx_word' id='word_1_467' title='bbox 2713 2707 2767 2762; x_wconf 91' lang='lat' dir='ltr'><strong>in</strong></span> <span class='ocrx_word' id='word_1_468' title='bbox 2793 2707 3080 2778; x_wconf 81' lang='lat' dir='ltr'><strong>omnibus;</strong></span> <span class='ocrx_word' id='word_1_469' title='bbox 3113 2708 3300 2772; x_wconf 79' lang='lat' dir='ltr'><strong>itidem</strong></span> 
     </span>
    </p>
   </div>
   <div class='ocr_carea' id='block_1_58' title="bbox 1699 2799 3302 2874">
    <p class='ocr_par' dir='ltr' id='par_1_58' title="bbox 1699 2799 3302 2874">
     <span class='ocr_line' id='line_1_58' title="bbox 1699 2799 3302 2874; baseline 0 -14"><span class='ocrx_word' id='word_1_470' title='bbox 1699 2811 1755 2860; x_wconf 91' lang='lat' dir='ltr'><strong>et</strong></span> <span class='ocrx_word' id='word_1_471' title='bbox 1796 2802 2002 2858; x_wconf 91' lang='lat' dir='ltr'><strong>homini</strong></span> <span class='ocrx_word' id='word_1_472' title='bbox 2035 2800 2255 2872; x_wconf 86' lang='lat' dir='ltr'><strong>quidem</strong></span> <span class='ocrx_word' id='word_1_473' title='bbox 2288 2801 2341 2858; x_wconf 92' lang='lat' dir='ltr'><strong>in</strong></span> <span class='ocrx_word' id='word_1_474' title='bbox 2369 2799 2586 2862; x_wconf 83' lang='lat' dir='ltr'><strong>modico</strong></span> <span class='ocrx_word' id='word_1_475' title='bbox 2617 2801 2869 2873; x_wconf 86' lang='lat' dir='ltr'><strong>peccanti</strong></span> <span class='ocrx_word' id='word_1_476' title='bbox 2901 2815 3010 2862; x_wconf 88' lang='lat' dir='ltr'><strong>non</strong></span> <span class='ocrx_word' id='word_1_477' title='bbox 3035 2804 3302 2874; x_wconf 82' lang='lat' dir='ltr'><strong>pepercit.</strong></span> 
     </span>
    </p>
   </div>
   <div class='ocr_carea' id='block_1_59' title="bbox 1697 2894 3301 2967">
    <p class='ocr_par' dir='ltr' id='par_1_59' title="bbox 1697 2894 3301 2967">
     <span class='ocr_line' id='line_1_59' title="bbox 1697 2894 3301 2967; baseline -0.001 -15"><span class='ocrx_word' id='word_1_478' title='bbox 1697 2897 1835 2954; x_wconf 86' lang='lat' dir='ltr'><strong>dans</strong></span> <span class='ocrx_word' id='word_1_479' title='bbox 1853 2895 2206 2954; x_wconf 85' lang='lat' dir='ltr'><strong>nihilominus</strong></span> <span class='ocrx_word' id='word_1_480' title='bbox 2229 2905 2284 2952; x_wconf 88' lang='lat' dir='ltr'><strong>et</strong></span> <span class='ocrx_word' id='word_1_481' title='bbox 2306 2894 2430 2952; x_wconf 91' lang='lat' dir='ltr'><strong>huic</strong></span> <span class='ocrx_word' id='word_1_482' title='bbox 2451 2894 2776 2966; x_wconf 84' lang='lat' dir='ltr'><strong>condignam</strong></span> <span class='ocrx_word' id='word_1_483' title='bbox 2801 2895 3132 2956; x_wconf 87' lang='lat' dir='ltr'><strong>sententiam</strong></span> <span class='ocrx_word' id='word_1_484' title='bbox 3148 2896 3301 2967; x_wconf 81' lang='lat' dir='ltr'><strong>juxta</strong></span> 
     </span>
    </p>
   </div>
   <div class='ocr_carea' id='block_1_60' title="bbox 1699 2987 3299 3061">
    <p class='ocr_par' dir='ltr' id='par_1_60' title="bbox 1699 2987 3299 3061">
     <span class='ocr_line' id='line_1_60' title="bbox 1699 2987 3299 3061; baseline 0 -17"><span class='ocrx_word' id='word_1_485' title='bbox 1699 2999 1984 3061; x_wconf 82' lang='lat' dir='ltr'><strong>peccatum</strong></span> <span class='ocrx_word' id='word_1_486' title='bbox 2012 2988 2160 3059; x_wconf 80' lang='lat' dir='ltr'><strong>quod</strong></span> <span class='ocrx_word' id='word_1_487' title='bbox 2193 2987 2430 3056; x_wconf 74' lang='lat' dir='ltr'><strong>iecerat;</strong></span> <span class='ocrx_word' id='word_1_488' title='bbox 2459 2998 2513 3051; x_wconf 94' lang='lat' dir='ltr'><strong>et</strong></span> <span class='ocrx_word' id='word_1_489' title='bbox 2542 2988 2762 3044; x_wconf 88' lang='lat' dir='ltr'><strong>diabolo</strong></span> <span class='ocrx_word' id='word_1_490' title='bbox 2784 3004 2942 3061; x_wconf 70' lang='lat' dir='ltr'><strong>irque</strong></span> <span class='ocrx_word' id='word_1_491' title='bbox 2971 2991 3150 3054; x_wconf 87' lang='lat' dir='ltr'><strong>locum</strong></span> <span class='ocrx_word' id='word_1_492' title='bbox 3183 3005 3299 3058; x_wconf 77' lang='lat' dir='ltr'><strong>pa:-</strong></span> 
     </span>
    </p>
   </div>
   <div class='ocr_carea' id='block_1_61' title="bbox 1695 3081 3300 3154">
    <p class='ocr_par' dir='ltr' id='par_1_61' title="bbox 1695 3081 3300 3154">
     <span class='ocr_line' id='line_1_61' title="bbox 1695 3081 3300 3154; baseline 0.001 -15"><span class='ocrx_word' id='word_1_493' title='bbox 1695 3084 1940 3144; x_wconf 74' lang='lat' dir='ltr'><strong>nitentiae</strong></span> <span class='ocrx_word' id='word_1_494' title='bbox 1970 3083 2309 3154; x_wconf 85' lang='lat' dir='ltr'><strong>reiinqnens.</strong></span> <span class='ocrx_word' id='word_1_495' title='bbox 2343 3081 2460 3139; x_wconf 85' lang='lat' dir='ltr'><strong>Non</strong></span> <span class='ocrx_word' id='word_1_496' title='bbox 2491 3091 2674 3144; x_wconf 86' lang='lat' dir='ltr'><strong>autem</strong></span> <span class='ocrx_word' id='word_1_497' title='bbox 2707 3083 3051 3154; x_wconf 76' lang='lat' dir='ltr'><strong>intelligente</strong></span> <span class='ocrx_word' id='word_1_498' title='bbox 3081 3083 3300 3142; x_wconf 86' lang='lat' dir='ltr'><strong>diabolo</strong></span> 
     </span>
    </p>
   </div>
   <div class='ocr_carea' id='block_1_62' title="bbox 8 3175 3303 3252">
    <p class='ocr_par' dir='ltr' id='par_1_62' title="bbox 8 3175 3303 3252">
     <span class='ocr_line' id='line_1_62' title="bbox 8 3175 3303 3252; baseline 0.001 -21"><span class='ocrx_word' id='word_1_499' title='bbox 8 3176 288 3246; x_wconf 69' lang='lat' dir='ltr'><strong>upellatos</strong></span> <span class='ocrx_word' id='word_1_500' title='bbox 322 3176 480 3248; x_wconf 82' lang='lat' dir='ltr'><strong>(Gen.</strong></span> <span class='ocrx_word' id='word_1_501' title='bbox 510 3177 586 3250; x_wconf 84' lang='grc' dir='ltr'><strong>ι),</strong></span> <span class='ocrx_word' id='word_1_502' title='bbox 617 3195 722 3236; x_wconf 92' lang='lat' dir='ltr'><strong>non</strong></span> <span class='ocrx_word' id='word_1_503' title='bbox 754 3181 808 3236; x_wconf 90' lang='lat' dir='ltr'><strong>in</strong></span> <span class='ocrx_word' id='word_1_504' title='bbox 839 3179 940 3237; x_wconf 87' lang='lat' dir='ltr'><strong>hac</strong></span> <span class='ocrx_word' id='word_1_505' title='bbox 965 3181 1204 3238; x_wconf 84' lang='lat' dir='ltr'><strong>vanitate</strong></span> <span class='ocrx_word' id='word_1_506' title='bbox 1232 3181 1590 3252; x_wconf 83' lang='lat' dir='ltr'><strong>nuncupatio-</strong></span> <span class='ocrx_word' id='word_1_507' title='bbox 1618 3179 1662 3243; x_wconf 92' lang='lat' dir='ltr'><strong>C</strong></span> <span class='ocrx_word' id='word_1_508' title='bbox 1698 3186 1755 3232; x_wconf 83' lang='lat' dir='ltr'><strong>ut</strong></span> <span class='ocrx_word' id='word_1_509' title='bbox 1782 3177 1906 3236; x_wconf 85' lang='lat' dir='ltr'><strong>mali</strong></span> <span class='ocrx_word' id='word_1_510' title='bbox 1933 3177 2065 3234; x_wconf 87' lang='lat' dir='ltr'><strong>tanti</strong></span> <span class='ocrx_word' id='word_1_511' title='bbox 2097 3176 2466 3247; x_wconf 85' lang='lat' dir='ltr'><strong>suggestionis</strong></span> <span class='ocrx_word' id='word_1_512' title='bbox 2497 3175 2892 3246; x_wconf 67' lang='lat' dir='ltr'><strong>paenitudinem</strong></span> <span class='ocrx_word' id='word_1_513' title='bbox 2920 3184 3159 3250; x_wconf 76' lang='lat' dir='ltr'><strong>gereret,</strong></span> <span class='ocrx_word' id='word_1_514' title='bbox 3185 3193 3303 3246; x_wconf 78' lang='lat' dir='ltr'><strong>ina-</strong></span> 
     </span>
    </p>
   </div>
   <div class='ocr_carea' id='block_1_63' title="bbox 7 3269 1372 3341">
    <p class='ocr_par' dir='ltr' id='par_1_63' title="bbox 7 3269 1372 3341">
     <span class='ocr_line' id='line_1_63' title="bbox 7 3269 1372 3341; baseline 0.004 -17"><span class='ocrx_word' id='word_1_515' title='bbox 7 3269 53 3326; x_wconf 88' lang='lat' dir='ltr'><strong>is</strong></span> <span class='ocrx_word' id='word_1_516' title='bbox 84 3271 437 3340; x_wconf 62' lang='lat' dir='ltr'><strong>turpissima:</strong></span> <span class='ocrx_word' id='word_1_517' title='bbox 459 3273 618 3330; x_wconf 90' lang='lat' dir='ltr'><strong>initio</strong></span> <span class='ocrx_word' id='word_1_518' title='bbox 644 3276 982 3341; x_wconf 84' lang='lat' dir='ltr'><strong>enuntiatus,</strong></span> <span class='ocrx_word' id='word_1_519' title='bbox 1011 3287 1098 3334; x_wconf 81' lang='lat' dir='ltr'><strong>aut</strong></span> <span class='ocrx_word' id='word_1_520' title='bbox 1124 3276 1372 3336; x_wconf 83' lang='lat' dir='ltr'><strong>traditus.</strong></span> 
     </span>
    </p>
   </div>
   <div class='ocr_carea' id='block_1_64' title="bbox 704 3367 892 3424">
    <p class='ocr_par' dir='ltr' id='par_1_64' title="bbox 704 3367 892 3424">
     <span class='ocr_line' id='line_1_64' title="bbox 704 3367 892 3424; baseline -0.005 -1"><span class='ocrx_word' id='word_1_521' title='bbox 704 3367 892 3424; x_wconf 78' lang='lat' dir='ltr'><strong>CXIV.</strong></span> 
     </span>
    </p>
   </div>
   <div class='ocr_carea' id='block_1_65' title="bbox 43 3455 1598 3533">
    <p class='ocr_par' dir='ltr' id='par_1_65' title="bbox 43 3455 1598 3533">
     <span class='ocr_line' id='line_1_65' title="bbox 43 3455 1598 3533; baseline 0.004 -22"><span class='ocrx_word' id='word_1_522' title='bbox 43 3455 64 3486; x_wconf 66' lang='grc'>⁸</span> <span class='ocrx_word' id='word_1_523' title='bbox 94 3455 197 3513; x_wconf 87' lang='lat' dir='ltr'><strong>Est</strong></span> <span class='ocrx_word' id='word_1_524' title='bbox 229 3457 464 3517; x_wconf 67' lang='lat' dir='ltr'><strong>haeresis</strong></span> <span class='ocrx_word' id='word_1_525' title='bbox 493 3475 613 3532; x_wconf 66' lang='lat' dir='ltr'><strong>quae</strong></span> <span class='ocrx_word' id='word_1_526' title='bbox 633 3475 754 3516; x_wconf 93' lang='lat' dir='ltr'><strong>cum</strong></span> <span class='ocrx_word' id='word_1_527' title='bbox 784 3461 913 3533; x_wconf 91' lang='lat' dir='ltr'><strong>legit</strong></span> <span class='ocrx_word' id='word_1_528' title='bbox 941 3463 992 3518; x_wconf 92' lang='lat' dir='ltr'><strong>in</strong></span> <span class='ocrx_word' id='word_1_529' title='bbox 1019 3462 1216 3528; x_wconf 87' lang='lat' dir='ltr'><strong>Genesi</strong></span> <span class='ocrx_word' id='word_1_530' title='bbox 1251 3463 1481 3518; x_wconf 83' lang='lat' dir='ltr'><strong>verbum</strong></span> <span class='ocrx_word' id='word_1_531' title='bbox 1513 3461 1598 3517; x_wconf 84' lang='lat' dir='ltr'><strong>di-</strong></span> 
     </span>
    </p>
   </div>
   <div class='ocr_carea' id='block_1_66' title="bbox 1701 3268 3296 3342">
    <p class='ocr_par' dir='ltr' id='par_1_66' title="bbox 1701 3268 3296 3342">
     <span class='ocr_line' id='line_1_66' title="bbox 1701 3268 3296 3342; baseline 0.001 -16"><span class='ocrx_word' id='word_1_532' title='bbox 1701 3271 1789 3342; x_wconf 84' lang='lat' dir='ltr'><strong>jus</strong></span> <span class='ocrx_word' id='word_1_533' title='bbox 1820 3272 1868 3327; x_wconf 91' lang='lat' dir='ltr'><strong>ei</strong></span> <span class='ocrx_word' id='word_1_534' title='bbox 1903 3280 2026 3341; x_wconf 87' lang='lat' dir='ltr'><strong>post</strong></span> <span class='ocrx_word' id='word_1_535' title='bbox 2051 3268 2610 3341; x_wconf 83' lang='lat' dir='ltr'><strong>servabatjndicium.</strong></span> <span class='ocrx_word' id='word_1_536' title='bbox 2645 3269 2710 3328; x_wconf 83' lang='lat' dir='ltr'><strong>Et</strong></span> <span class='ocrx_word' id='word_1_537' title='bbox 2732 3268 2896 3330; x_wconf 83' lang='lat' dir='ltr'><strong>homo</strong></span> <span class='ocrx_word' id='word_1_538' title='bbox 2924 3269 3144 3340; x_wconf 81' lang='lat' dir='ltr'><strong>quidem</strong></span> <span class='ocrx_word' id='word_1_539' title='bbox 3171 3285 3296 3328; x_wconf 89' lang='lat' dir='ltr'><strong>cum</strong></span> 
     </span>
    </p>
   </div>
   <div class='ocr_carea' id='block_1_67' title="bbox 1706 3361 3298 3436">
    <p class='ocr_par' dir='ltr' id='par_1_67' title="bbox 1706 3361 3298 3436">
     <span class='ocr_line' id='line_1_67' title="bbox 1706 3361 3298 3436; baseline -0.001 -15"><span class='ocrx_word' id='word_1_540' title='bbox 1706 3365 1925 3436; x_wconf 88' lang='lat' dir='ltr'><strong>pellitur</strong></span> <span class='ocrx_word' id='word_1_541' title='bbox 1944 3379 1975 3420; x_wconf 90' lang='lat' dir='ltr'><strong>e</strong></span> <span class='ocrx_word' id='word_1_542' title='bbox 1998 3362 2252 3434; x_wconf 86' lang='lat' dir='ltr'><strong>paradiso</strong></span> <span class='ocrx_word' id='word_1_543' title='bbox 2269 3363 2492 3434; x_wconf 82' lang='lat' dir='ltr'><strong>pronior</strong></span> <span class='ocrx_word' id='word_1_544' title='bbox 2507 3361 2574 3420; x_wconf 89' lang='lat' dir='ltr'><strong>ad</strong></span> <span class='ocrx_word' id='word_1_545' title='bbox 2595 3361 2968 3435; x_wconf 66' lang='lat' dir='ltr'><strong>paenitentiam</strong></span> <span class='ocrx_word' id='word_1_546' title='bbox 2993 3363 3298 3432; x_wconf 80' lang='lat' dir='ltr'><strong>reperitur;</strong></span> 
     </span>
    </p>
   </div>
   <div class='ocr_carea' id='block_1_68' title="bbox 1704 3455 3301 3528">
    <p class='ocr_par' dir='ltr' id='par_1_68' title="bbox 1704 3455 3301 3528">
     <span class='ocr_line' id='line_1_68' title="bbox 1704 3455 3301 3528; baseline -0.001 -15"><span class='ocrx_word' id='word_1_547' title='bbox 1704 3457 1954 3528; x_wconf 80' lang='lat' dir='ltr'><strong>diabolus</strong></span> <span class='ocrx_word' id='word_1_548' title='bbox 1994 3465 2176 3512; x_wconf 88' lang='lat' dir='ltr'><strong>autem</strong></span> <span class='ocrx_word' id='word_1_549' title='bbox 2225 3471 2346 3511; x_wconf 92' lang='lat' dir='ltr'><strong>cum</strong></span> <span class='ocrx_word' id='word_1_550' title='bbox 2397 3455 2588 3512; x_wconf 89' lang='lat' dir='ltr'><strong>durior</strong></span> <span class='ocrx_word' id='word_1_551' title='bbox 2632 3456 2698 3510; x_wconf 90' lang='lat' dir='ltr'><strong>ad</strong></span> <span class='ocrx_word' id='word_1_552' title='bbox 2753 3456 3132 3527; x_wconf 66' lang='lat' dir='ltr'><strong>paenitentiam</strong></span> <span class='ocrx_word' id='word_1_553' title='bbox 3177 3472 3301 3528; x_wconf 90' lang='lat' dir='ltr'><strong>per-</strong></span> 
     </span>
    </p>
   </div>
   <div class='ocr_carea' id='block_1_69' title="bbox 849 3613 2432 3686">
    <p class='ocr_par' dir='ltr' id='par_1_69' title="bbox 849 3613 2432 3686">
     <span class='ocr_line' id='line_1_69' title="bbox 849 3613 2432 3686; baseline -0.003 -13"><span class='ocrx_word' id='word_1_554' title='bbox 849 3617 1002 3676; x_wconf 79' lang='lat' dir='ltr'><strong>COD.</strong></span> <span class='ocrx_word' id='word_1_555' title='bbox 1046 3619 1153 3676; x_wconf 83' lang='lat' dir='ltr'><strong>MS.</strong></span> <span class='ocrx_word' id='word_1_556' title='bbox 1197 3617 1544 3686; x_wconf 75' lang='lat' dir='ltr'><strong>SANGERM.</strong></span> <span class='ocrx_word' id='word_1_557' title='bbox 1589 3614 1971 3673; x_wconf 79' lang='lat' dir='ltr'><strong>LECTIONES</strong></span> <span class='ocrx_word' id='word_1_558' title='bbox 2010 3613 2432 3671; x_wconf 80' lang='lat' dir='ltr'><strong>VARIANTES.</strong></span> 
     </span>
    </p>
   </div>
   <div class='ocr_carea' id='block_1_70' title="bbox 45 3730 544 3784">
    <p class='ocr_par' dir='ltr' id='par_1_70' title="bbox 45 3730 544 3784">
     <span class='ocr_line' id='line_1_70' title="bbox 45 3730 544 3784; baseline 0.008 -5"><span class='ocrx_word' id='word_1_559' title='bbox 45 3730 64 3762; x_wconf 79' lang='grc' dir='ltr'><strong>ι</strong></span> <span class='ocrx_word' id='word_1_560' title='bbox 109 3731 343 3784; x_wconf 85' lang='lat' dir='ltr'><strong>homines</strong></span> <span class='ocrx_word' id='word_1_561' title='bbox 365 3733 544 3784; x_wconf 81' lang='lat' dir='ltr'><strong>fecisse</strong></span> 
     </span>
    </p>
   </div>
   <div class='ocr_carea' id='block_1_71' title="bbox 40 3793 1144 3850">
    <p class='ocr_par' dir='ltr' id='par_1_71' title="bbox 40 3793 1144 3850">
     <span class='ocr_line' id='line_1_71' title="bbox 40 3793 1144 3850; baseline 0.003 -8"><span class='ocrx_word' id='word_1_562' title='bbox 40 3794 60 3823; x_wconf 79' lang='grc'>³</span> <span class='ocrx_word' id='word_1_563' title='bbox 96 3793 322 3846; x_wconf 86' lang='lat' dir='ltr'><strong>locutum</strong></span> <span class='ocrx_word' id='word_1_564' title='bbox 348 3803 427 3846; x_wconf 88' lang='lat' dir='ltr'><strong>est</strong></span> <span class='ocrx_word' id='word_1_565' title='bbox 451 3799 558 3846; x_wconf 86' lang='lat' dir='ltr'><strong>hoc.</strong></span> <span class='ocrx_word' id='word_1_566' title='bbox 587 3797 649 3847; x_wconf 82' lang='lat' dir='ltr'><strong>Et</strong></span> <span class='ocrx_word' id='word_1_567' title='bbox 672 3797 940 3850; x_wconf 88' lang='lat' dir='ltr'><strong>Dominus:</strong></span> <span class='ocrx_word' id='word_1_568' title='bbox 963 3796 1144 3847; x_wconf 84' lang='lat' dir='ltr'><strong>Venite</strong></span> 
     </span>
    </p>
   </div>
   <div class='ocr_carea' id='block_1_72' title="bbox 46 3855 551 3911">
    <p class='ocr_par' dir='ltr' id='par_1_72' title="bbox 46 3855 551 3911">
     <span class='ocr_line' id='line_1_72' title="bbox 46 3855 551 3911; baseline 0 -3"><span class='ocrx_word' id='word_1_569' title='bbox 46 3865 65 3895; x_wconf 78' lang='grc'>³</span> <span class='ocrx_word' id='word_1_570' title='bbox 99 3855 211 3908; x_wconf 77' lang='lat' dir='ltr'><strong>Alia</strong></span> <span class='ocrx_word' id='word_1_571' title='bbox 238 3866 320 3910; x_wconf 88' lang='lat' dir='ltr'><strong>est</strong></span> <span class='ocrx_word' id='word_1_572' title='bbox 341 3859 551 3911; x_wconf 70' lang='lat' dir='ltr'><strong>haeresis</strong></span> 
     </span>
    </p>
   </div>
   <div class='ocr_carea' id='block_1_73' title="bbox 1763 3728 3300 3803">
    <p class='ocr_par' dir='ltr' id='par_1_73' title="bbox 1763 3728 3300 3803">
     <span class='ocr_line' id='line_1_73' title="bbox 1763 3728 3300 3803; baseline 0.005 -21"><span class='ocrx_word' id='word_1_573' title='bbox 1763 3733 1804 3803; x_wconf 36' lang='grc' dir='ltr'><strong>δ’</strong></span> <span class='ocrx_word' id='word_1_574' title='bbox 1820 3731 1916 3803; x_wconf 71' lang='lat' dir='ltr'><strong>Hic</strong></span> <span class='ocrx_word' id='word_1_575' title='bbox 1940 3743 2127 3803; x_wconf 78' lang='lat' dir='ltr'><strong>quoque</strong></span> <span class='ocrx_word' id='word_1_576' title='bbox 2147 3728 2396 3803; x_wconf 69' lang='lat' dir='ltr'><strong>suppletur</strong></span> <span class='ocrx_word' id='word_1_577' title='bbox 2433 3731 2675 3782; x_wconf 80' lang='lat' dir='ltr'><strong>editorum</strong></span> <span class='ocrx_word' id='word_1_578' title='bbox 2703 3732 3057 3803; x_wconf 59' lang='lat' dir='ltr'><strong>exemplorum:</strong></span> <span class='ocrx_word' id='word_1_579' title='bbox 3084 3735 3300 3800; x_wconf 60' lang='lat' dir='ltr'><strong>amnis</strong></span> 
     </span>
    </p>
   </div>
   <div class='ocr_carea' id='block_1_74' title="bbox 1698 3793 2740 3859">
    <p class='ocr_par' dir='ltr' id='par_1_74' title="bbox 1698 3793 2740 3859">
     <span class='ocr_line' id='line_1_74' title="bbox 1698 3793 2740 3859; baseline -0.003 -13"><span class='ocrx_word' id='word_1_580' title='bbox 1698 3808 1763 3846; x_wconf 77' lang='lat' dir='ltr'><strong>ex</strong></span> <span class='ocrx_word' id='word_1_581' title='bbox 1787 3793 1986 3844; x_wconf 83' lang='lat' dir='ltr'><strong>laudato</strong></span> <span class='ocrx_word' id='word_1_582' title='bbox 2008 3793 2099 3844; x_wconf 81' lang='lat' dir='ltr'><strong>nis.</strong></span> <span class='ocrx_word' id='word_1_583' title='bbox 2127 3793 2294 3844; x_wconf 84' lang='lat' dir='ltr'><strong>codice</strong></span> <span class='ocrx_word' id='word_1_584' title='bbox 2313 3793 2740 3859; x_wconf 80' lang='lat' dir='ltr'><strong>Sanqermanensi.</strong></span> 
     </span>
    </p>
   </div>
   <div class='ocr_carea' id='block_1_75' title="bbox 1072 3941 2164 4001">
    <p class='ocr_par' dir='ltr' id='par_1_75' title="bbox 1072 3941 2164 4001">
     <span class='ocr_line' id='line_1_75' title="bbox 1072 3941 2164 4001; baseline -0.004 0"><span class='ocrx_word' id='word_1_585' title='bbox 1072 3943 1366 4001; x_wconf 72' lang='lat' dir='ltr'><strong>FABRICII</strong></span> <span class='ocrx_word' id='word_1_586' title='bbox 1409 3945 1498 4000; x_wconf 78' lang='lat' dir='ltr'><strong>ET</strong></span> <span class='ocrx_word' id='word_1_587' title='bbox 1535 3943 1896 4000; x_wconf 67' lang='lat' dir='ltr'><strong>GALEARDI</strong></span> <span class='ocrx_word' id='word_1_588' title='bbox 1934 3941 2164 3998; x_wconf 72' lang='grc' dir='ltr'><strong>ΝΟΤιΕ.</strong></span> 
     </span>
    </p>
   </div>
   <div class='ocr_carea' id='block_1_76' title="bbox 56 4089 3302 4164">
    <p class='ocr_par' dir='ltr' id='par_1_76' title="bbox 56 4089 3302 4164">
     <span class='ocr_line' id='line_1_76' title="bbox 56 4089 3302 4164; baseline 0.002 -20"><span class='ocrx_word' id='word_1_589' title='bbox 56 4100 80 4128; x_wconf 72' lang='grc' dir='ltr'>α</span> <span class='ocrx_word' id='word_1_590' title='bbox 114 4089 242 4164; x_wconf 60' lang='lat' dir='ltr'><strong>Dig</strong></span> <span class='ocrx_word' id='word_1_591' title='bbox 271 4099 473 4162; x_wconf 74' lang='lat' dir='ltr'><strong>cetera.</strong></span> <span class='ocrx_word' id='word_1_592' title='bbox 511 4092 647 4145; x_wconf 77' lang='lat' dir='ltr'><strong>Ante</strong></span> <span class='ocrx_word' id='word_1_593' title='bbox 687 4091 1160 4148; x_wconf 88' lang='lat' dir='ltr'><strong>circumcisionem</strong></span> <span class='ocrx_word' id='word_1_594' title='bbox 1206 4109 1312 4148; x_wconf 88' lang='lat' dir='ltr'><strong>non</strong></span> <span class='ocrx_word' id='word_1_595' title='bbox 1355 4095 1460 4148; x_wconf 86' lang='lat' dir='ltr'><strong>erit</strong></span> <span class='ocrx_word' id='word_1_596' title='bbox 1499 4092 1596 4148; x_wconf 81' lang='lat' dir='ltr'><strong>Ju-</strong></span> <span class='ocrx_word' id='word_1_597' title='bbox 1696 4092 1942 4164; x_wconf 85' lang='lat' dir='ltr'><strong>Justinus</strong></span> <span class='ocrx_word' id='word_1_598' title='bbox 1981 4090 2184 4164; x_wconf 80' lang='lat' dir='ltr'><strong>Martyr</strong></span> <span class='ocrx_word' id='word_1_599' title='bbox 2214 4089 2474 4162; x_wconf 82' lang='lat' dir='ltr'><strong>Apologia</strong></span> <span class='ocrx_word' id='word_1_600' title='bbox 2501 4092 2567 4152; x_wconf 71' lang='grc'><strong>9.</strong></span> <span class='ocrx_word' id='word_1_601' title='bbox 2598 4107 2655 4163; x_wconf 89' lang='lat' dir='ltr'><strong>p.</strong></span> <span class='ocrx_word' id='word_1_602' title='bbox 2682 4092 2773 4148; x_wconf 87' lang='lat'><strong>99.</strong></span> <span class='ocrx_word' id='word_1_603' title='bbox 2807 4091 2954 4148; x_wconf 89' lang='lat' dir='ltr'><strong>Idem</strong></span> <span class='ocrx_word' id='word_1_604' title='bbox 2989 4102 3168 4149; x_wconf 90' lang='lat' dir='ltr'><strong>tamen</strong></span> <span class='ocrx_word' id='word_1_605' title='bbox 3203 4112 3302 4160; x_wconf 88' lang='lat' dir='ltr'><strong>pro</strong></span> 
     </span>
    </p>
   </div>
   <div class='ocr_carea' id='block_1_77' title="bbox 7 4162 419 4223">
    <p class='ocr_par' dir='ltr' id='par_1_77' title="bbox 7 4162 419 4223">
     <span class='ocr_line' id='line_1_77' title="bbox 7 4162 419 4223; baseline 0.002 -7"><span class='ocrx_word' id='word_1_606' title='bbox 7 4163 154 4218; x_wconf 74' lang='lat' dir='ltr'><strong>hens.</strong></span> <span class='ocrx_word' id='word_1_607' title='bbox 193 4162 419 4223; x_wconf 70' lang='lat' dir='ltr'><strong>Ennio.</strong></span> 
     </span>
    </p>
   </div>
   <div class='ocr_carea' id='block_1_78' title="bbox 59 4233 1595 4298">
    <p class='ocr_par' dir='ltr' id='par_1_78' title="bbox 59 4233 1595 4298">
     <span class='ocr_line' id='line_1_78' title="bbox 59 4233 1595 4298; baseline 0.002 -10"><span class='ocrx_word' id='word_1_608' title='bbox 59 4236 84 4273; x_wconf 71' lang='grc' dir='ltr'>δ</span> <span class='ocrx_word' id='word_1_609' title='bbox 119 4233 240 4288; x_wconf 78' lang='lat' dir='ltr'><strong>Nisi</strong></span> <span class='ocrx_word' id='word_1_610' title='bbox 276 4234 417 4287; x_wconf 83' lang='lat' dir='ltr'><strong>Deos</strong></span> <span class='ocrx_word' id='word_1_611' title='bbox 446 4250 606 4288; x_wconf 76' lang='lat' dir='ltr'><strong>ranos</strong></span> <span class='ocrx_word' id='word_1_612' title='bbox 644 4233 923 4288; x_wconf 82' lang='lat' dir='ltr'><strong>hominem.</strong></span> <span class='ocrx_word' id='word_1_613' title='bbox 974 4235 1040 4291; x_wconf 89' lang='lat' dir='ltr'><strong>Ut</strong></span> <span class='ocrx_word' id='word_1_614' title='bbox 1069 4236 1214 4292; x_wconf 90' lang='lat' dir='ltr'><strong>Deos</strong></span> <span class='ocrx_word' id='word_1_615' title='bbox 1245 4250 1414 4291; x_wconf 90' lang='lat' dir='ltr'><strong>vanos</strong></span> <span class='ocrx_word' id='word_1_616' title='bbox 1434 4277 1447 4298; x_wconf 87' lang='lat'><strong>,</strong></span> <span class='ocrx_word' id='word_1_617' title='bbox 1479 4236 1595 4291; x_wconf 88' lang='lat' dir='ltr'><strong>sive</strong></span> 
     </span>
    </p>
   </div>
   <div class='ocr_carea' id='block_1_79' title="bbox 8 4307 1592 4380">
    <p class='ocr_par' dir='ltr' id='par_1_79' title="bbox 8 4307 1592 4380">
     <span class='ocr_line' id='line_1_79' title="bbox 8 4307 1592 4380; baseline 0.002 -20"><span class='ocrx_word' id='word_1_618' title='bbox 8 4308 128 4380; x_wconf 82' lang='lat' dir='ltr'><strong>dola</strong></span> <span class='ocrx_word' id='word_1_619' title='bbox 152 4349 166 4369; x_wconf 93' lang='lat'><strong>,</strong></span> <span class='ocrx_word' id='word_1_620' title='bbox 193 4322 318 4380; x_wconf 57' lang='lat' dir='ltr'><strong>esse</strong></span> <span class='ocrx_word' id='word_1_621' title='bbox 353 4307 589 4360; x_wconf 86' lang='lat' dir='ltr'><strong>hominis</strong></span> <span class='ocrx_word' id='word_1_622' title='bbox 632 4308 854 4373; x_wconf 82' lang='lat' dir='ltr'><strong>opilices</strong></span> <span class='ocrx_word' id='word_1_623' title='bbox 887 4321 947 4360; x_wconf 85' lang='lat' dir='ltr'><strong>ac</strong></span> <span class='ocrx_word' id='word_1_624' title='bbox 992 4307 1307 4380; x_wconf 80' lang='lat' dir='ltr'><strong>demiurgos</strong></span> <span class='ocrx_word' id='word_1_625' title='bbox 1335 4307 1436 4363; x_wconf 85' lang='lat' dir='ltr'><strong>sibi</strong></span> <span class='ocrx_word' id='word_1_626' title='bbox 1470 4323 1592 4378; x_wconf 89' lang='lat' dir='ltr'><strong>per-</strong></span> 
     </span>
    </p>
   </div>
   <div class='ocr_carea' id='block_1_80' title="bbox 7 4377 498 4432">
    <p class='ocr_par' dir='ltr' id='par_1_80' title="bbox 7 4377 498 4432">
     <span class='ocr_line' id='line_1_80' title="bbox 7 4377 498 4432; baseline 0.01 -6"><span class='ocrx_word' id='word_1_627' title='bbox 7 4378 236 4431; x_wconf 84' lang='lat' dir='ltr'><strong>.nadeat.</strong></span> <span class='ocrx_word' id='word_1_628' title='bbox 277 4377 498 4432; x_wconf 71' lang='lat' dir='ltr'><strong>FABRIC.</strong></span> 
     </span>
    </p>
   </div>
   <div class='ocr_carea' id='block_1_81' title="bbox 65 4448 1594 4535">
    <p class='ocr_par' dir='ltr' id='par_1_81' title="bbox 65 4448 1594 4535">
     <span class='ocr_line' id='line_1_81' title="bbox 65 4448 1594 4535; baseline 0.002 -33"><span class='ocrx_word' id='word_1_629' title='bbox 65 4461 85 4482; x_wconf 70' lang='lat'><em>&quot;</em></span> <span class='ocrx_word' id='word_1_630' title='bbox 139 4448 594 4535; x_wconf 50' lang='lat' dir='ltr'><strong>IV-aturanrerum.</strong></span> <span class='ocrx_word' id='word_1_631' title='bbox 659 4448 902 4502; x_wconf 86' lang='lat' dir='ltr'><strong>llominis</strong></span> <span class='ocrx_word' id='word_1_632' title='bbox 952 4452 1268 4519; x_wconf 77' lang='lat' dir='ltr'><strong>generatio,</strong></span> <span class='ocrx_word' id='word_1_633' title='bbox 1324 4462 1394 4535; x_wconf 48' lang='lat' dir='ltr'><strong>ut.</strong></span> <span class='ocrx_word' id='word_1_634' title='bbox 1434 4465 1594 4535; x_wconf 67' lang='lat' dir='ltr'><strong>Supra</strong></span> 
     </span>
    </p>
   </div>
   <div class='ocr_carea' id='block_1_82' title="bbox 7 4507 1678 4588">
    <p class='ocr_par' dir='ltr' id='par_1_82' title="bbox 7 4507 1678 4588">
     <span class='ocr_line' id='line_1_82' title="bbox 7 4507 1678 4588; baseline 0.004 -17"><span class='ocrx_word' id='word_1_635' title='bbox 7 4533 108 4588; x_wconf 85' lang='lat' dir='ltr'><strong>:ap.</strong></span> <span class='ocrx_word' id='word_1_636' title='bbox 145 4522 244 4575; x_wconf 81' lang='lat' dir='ltr'><strong>III</strong></span> <span class='ocrx_word' id='word_1_637' title='bbox 281 4541 296 4576; x_wconf 88' lang='lat'><strong>:</strong></span> <span class='ocrx_word' id='word_1_638' title='bbox 349 4520 537 4574; x_wconf 85' lang='lat' dir='ltr'><strong>Rerum</strong></span> <span class='ocrx_word' id='word_1_639' title='bbox 579 4531 767 4574; x_wconf 82' lang='lat' dir='ltr'><strong>natura</strong></span> <span class='ocrx_word' id='word_1_640' title='bbox 807 4507 993 4586; x_wconf 63' lang='lat' dir='ltr'><strong>corptis</strong></span> <span class='ocrx_word' id='word_1_641' title='bbox 1034 4532 1079 4576; x_wconf 86' lang='lat' dir='ltr'><strong>et</strong></span> <span class='ocrx_word' id='word_1_642' title='bbox 1117 4507 1346 4576; x_wconf 76' lang='lat' dir='ltr'><strong>animam</strong></span> <span class='ocrx_word' id='word_1_643' title='bbox 1375 4507 1599 4577; x_wconf 77' lang='lat' dir='ltr'><strong>hominis</strong></span> <span class='ocrx_word' id='word_1_644' title='bbox 1625 4507 1678 4568; x_wconf 84' lang='lat' dir='ltr'><strong>D</strong></span> 
     </span>
    </p>
   </div>
   <div class='ocr_carea' id='block_1_83' title="bbox 8 4591 1428 4664">
    <p class='ocr_par' dir='ltr' id='par_1_83' title="bbox 8 4591 1428 4664">
     <span class='ocr_line' id='line_1_83' title="bbox 8 4591 1428 4664; baseline 0.002 -21"><span class='ocrx_word' id='word_1_645' title='bbox 8 4608 93 4664; x_wconf 77' lang='lat' dir='ltr'><strong>ton</strong></span> <span class='ocrx_word' id='word_1_646' title='bbox 123 4610 155 4645; x_wconf 90' lang='lat' dir='ltr'><strong>a</strong></span> <span class='ocrx_word' id='word_1_647' title='bbox 187 4592 302 4646; x_wconf 88' lang='lat' dir='ltr'><strong>Deo</strong></span> <span class='ocrx_word' id='word_1_648' title='bbox 335 4608 425 4660; x_wconf 78' lang='lat' dir='ltr'><strong>per</strong></span> <span class='ocrx_word' id='word_1_649' title='bbox 451 4591 710 4646; x_wconf 84' lang='lat' dir='ltr'><strong>Christum</strong></span> <span class='ocrx_word' id='word_1_650' title='bbox 738 4596 899 4646; x_wconf 70' lang='lat' dir='ltr'><strong>creari</strong></span> <span class='ocrx_word' id='word_1_651' title='bbox 930 4595 1179 4661; x_wconf 75' lang='lat' dir='ltr'><strong>quotidie.</strong></span> <span class='ocrx_word' id='word_1_652' title='bbox 1214 4593 1428 4664; x_wconf 64' lang='lat' dir='ltr'><strong>Fauntc.</strong></span> 
     </span>
    </p>
   </div>
   <div class='ocr_carea' id='block_1_84' title="bbox 65 4661 1599 4734">
    <p class='ocr_par' dir='ltr' id='par_1_84' title="bbox 65 4661 1599 4734">
     <span class='ocr_line' id='line_1_84' title="bbox 65 4661 1599 4734; baseline 0.002 -17"><span class='ocrx_word' id='word_1_653' title='bbox 65 4661 92 4700; x_wconf 75' lang='grc' dir='ltr'><em>ά</em></span> <span class='ocrx_word' id='word_1_654' title='bbox 127 4666 258 4730; x_wconf 70' lang='lat' dir='ltr'><strong>Qum</strong></span> <span class='ocrx_word' id='word_1_655' title='bbox 289 4664 529 4730; x_wconf 77' lang='lat' dir='ltr'><strong>fecundat</strong></span> <span class='ocrx_word' id='word_1_656' title='bbox 569 4674 683 4734; x_wconf 68' lang='lat' dir='ltr'><strong>post</strong></span> <span class='ocrx_word' id='word_1_657' title='bbox 726 4675 988 4718; x_wconf 84' lang='lat' dir='ltr'><strong>naturam.</strong></span> <span class='ocrx_word' id='word_1_658' title='bbox 1025 4664 1090 4719; x_wconf 86' lang='lat' dir='ltr'><strong>Ut</strong></span> <span class='ocrx_word' id='word_1_659' title='bbox 1135 4661 1463 4732; x_wconf 80' lang='lat' dir='ltr'><strong>propagetur</strong></span> <span class='ocrx_word' id='word_1_660' title='bbox 1494 4681 1599 4720; x_wconf 92' lang='lat' dir='ltr'><strong>non</strong></span> 
     </span>
    </p>
   </div>
   <div class='ocr_carea' id='block_1_85' title="bbox 7 4735 1602 4808">
    <p class='ocr_par' dir='ltr' id='par_1_85' title="bbox 7 4735 1602 4808">
     <span class='ocr_line' id='line_1_85' title="bbox 7 4735 1602 4808; baseline 0 -22"><span class='ocrx_word' id='word_1_661' title='bbox 7 4735 156 4790; x_wconf 67' lang='lat' dir='ltr'><strong>Itodo</strong></span> <span class='ocrx_word' id='word_1_662' title='bbox 210 4747 403 4790; x_wconf 83' lang='lat' dir='ltr'><strong>natura</strong></span> <span class='ocrx_word' id='word_1_663' title='bbox 445 4735 712 4808; x_wconf 84' lang='lat' dir='ltr'><strong>hominis,</strong></span> <span class='ocrx_word' id='word_1_664' title='bbox 773 4737 868 4793; x_wconf 84' lang='lat' dir='ltr'><strong>sed</strong></span> <span class='ocrx_word' id='word_1_665' title='bbox 935 4737 1098 4794; x_wconf 83' lang='lat' dir='ltr'><strong>etiam</strong></span> <span class='ocrx_word' id='word_1_666' title='bbox 1147 4738 1392 4796; x_wconf 79' lang='lat' dir='ltr'><strong>doctrina</strong></span> <span class='ocrx_word' id='word_1_667' title='bbox 1441 4753 1602 4808; x_wconf 84' lang='lat' dir='ltr'><strong>quam</strong></span> 
     </span>
    </p>
   </div>
   <div class='ocr_carea' id='block_1_86' title="bbox 7 4807 1606 4880">
    <p class='ocr_par' dir='ltr' id='par_1_86' title="bbox 7 4807 1606 4880">
     <span class='ocr_line' id='line_1_86' title="bbox 7 4807 1606 4880; baseline 0.002 -21"><span class='ocrx_word' id='word_1_668' title='bbox 7 4819 251 4880; x_wconf 70' lang='lat' dir='ltr'><strong>parentes</strong></span> <span class='ocrx_word' id='word_1_669' title='bbox 283 4818 405 4862; x_wconf 91' lang='lat' dir='ltr'><strong>sunt</strong></span> <span class='ocrx_word' id='word_1_670' title='bbox 439 4807 700 4880; x_wconf 62' lang='lat' dir='ltr'><strong>professi,</strong></span> <span class='ocrx_word' id='word_1_671' title='bbox 736 4818 786 4860; x_wconf 90' lang='lat' dir='ltr'><strong>nt</strong></span> <span class='ocrx_word' id='word_1_672' title='bbox 822 4818 1077 4880; x_wconf 84' lang='lat' dir='ltr'><strong>nascatur</strong></span> <span class='ocrx_word' id='word_1_673' title='bbox 1122 4824 1151 4862; x_wconf 91' lang='lat' dir='ltr'><strong>e</strong></span> <span class='ocrx_word' id='word_1_674' title='bbox 1193 4808 1407 4877; x_wconf 71' lang='lat' dir='ltr'><strong>Pagnno</strong></span> <span class='ocrx_word' id='word_1_675' title='bbox 1438 4807 1606 4880; x_wconf 54' lang='lat' dir='ltr'><strong>Page-</strong></span> 
     </span>
    </p>
   </div>
   <div class='ocr_carea' id='block_1_87' title="bbox 7 4878 1597 5005">
    <p class='ocr_par' dir='ltr' id='par_1_87' title="bbox 7 4878 1597 5005">
     <span class='ocr_line' id='line_1_87' title="bbox 7 4878 1597 5005; baseline 0.003 -76"><span class='ocrx_word' id='word_1_676' title='bbox 7 4891 131 4943; x_wconf 87' lang='lat' dir='ltr'><strong>nos,</strong></span> <span class='ocrx_word' id='word_1_677' title='bbox 162 4878 384 4936; x_wconf 71' lang='lat' dir='ltr'><strong>Jutlzens</strong></span> <span class='ocrx_word' id='word_1_678' title='bbox 423 4895 491 4934; x_wconf 76' lang='lat' dir='ltr'><strong>ex</strong></span> <span class='ocrx_word' id='word_1_679' title='bbox 533 4878 754 4943; x_wconf 73' lang='lat' dir='ltr'><strong>Jodzuo,</strong></span> <span class='ocrx_word' id='word_1_680' title='bbox 789 4879 1129 4934; x_wconf 80' lang='lat' dir='ltr'><strong>Christianus</strong></span> <span class='ocrx_word' id='word_1_681' title='bbox 1160 4878 1597 5005; x_wconf 67' lang='lat' dir='ltr'><strong>ethihristiano.</strong></span> 
     </span>
     <span class='ocr_line' id='line_1_88' title="bbox 1270 4967 1443 5005; baseline -0.006 0"><span class='ocrx_word' id='word_1_682' title='bbox 1270 4967 1443 5005; x_wconf 63' lang='lat' dir='ltr'><strong>suam.</strong></span> 
     </span>
    </p>
   </div>
   <div class='ocr_carea' id='block_1_88' title="bbox 1270 4967 1443 5006">
    <p class='ocr_par' dir='ltr' id='par_1_88' title="bbox 1270 4967 1443 5006">
     <span class='ocr_line' id='line_1_89' title="bbox 1270 4967 1443 5006; baseline -0.012 0"><span class='ocrx_word' id='word_1_683' title='bbox 1270 4967 1443 5006; x_wconf 74' lang='lat' dir='ltr'><strong>ABRIC.</strong></span> 
     </span>
    </p>
   </div>
   <div class='ocr_carea' id='block_1_89' title="bbox 75 5021 1602 5098">
    <p class='ocr_par' dir='ltr' id='par_1_89' title="bbox 75 5021 1602 5098">
     <span class='ocr_line' id='line_1_90' title="bbox 75 5021 1602 5098; baseline 0.003 -22"><span class='ocrx_word' id='word_1_684' title='bbox 75 5031 97 5058; x_wconf 82' lang='lat'><strong>°</strong></span> <span class='ocrx_word' id='word_1_685' title='bbox 129 5021 412 5098; x_wconf 71' lang='lat' dir='ltr'><strong>LXX,_Kai</strong></span> <span class='ocrx_word' id='word_1_686' title='bbox 424 5023 701 5098; x_wconf 58' lang='lat' dir='ltr'><strong>iiaﬂs&#39;lnre</strong></span> <span class='ocrx_word' id='word_1_687' title='bbox 733 5028 818 5078; x_wconf 74' lang='grc' dir='ltr'><strong>καὶ</strong></span> <span class='ocrx_word' id='word_1_688' title='bbox 844 5026 1324 5098; x_wconf 36' lang='grc' dir='ltr'><strong>εις-ακούσητῦ-μου,</strong></span> <span class='ocrx_word' id='word_1_689' title='bbox 1348 5027 1413 5080; x_wconf 81' lang='grc' dir='ltr'><strong><em>τὰ</em></strong></span> <span class='ocrx_word' id='word_1_690' title='bbox 1439 5026 1602 5098; x_wconf 73' lang='grc' dir='ltr'><strong>ἀγαθὰ</strong></span> 
     </span>
    </p>
   </div>
   <div class='ocr_carea' id='block_1_90' title="bbox 7 5094 1603 5169">
    <p class='ocr_par' dir='ltr' id='par_1_90' title="bbox 7 5094 1603 5169">
     <span class='ocr_line' id='line_1_91' title="bbox 7 5094 1603 5169; baseline 0.013 -39"><span class='ocrx_word' id='word_1_691' title='bbox 7 5101 91 5153; x_wconf 70' lang='grc' dir='ltr'><strong>τῆς</strong></span> <span class='ocrx_word' id='word_1_692' title='bbox 118 5095 488 5169; x_wconf 17' lang='grc' dir='ltr'><strong>Ὑῆςγφάγεσθεῄ,</strong></span> <span class='ocrx_word' id='word_1_693' title='bbox 512 5094 620 5148; x_wconf 79' lang='grc' dir='ltr'><strong>Ἐὰν</strong></span> <span class='ocrx_word' id='word_1_694' title='bbox 661 5095 714 5151; x_wconf 77' lang='grc' dir='ltr'><strong>δέ</strong></span> <span class='ocrx_word' id='word_1_695' title='bbox 757 5101 827 5169; x_wconf 80' lang='grc' dir='ltr'><strong>μὴ</strong></span> <span class='ocrx_word' id='word_1_696' title='bbox 857 5096 1055 5169; x_wconf 72' lang='grc' dir='ltr'><strong>θέλητε,</strong></span> <span class='ocrx_word' id='word_1_697' title='bbox 1099 5094 1229 5168; x_wconf 73' lang='grc' dir='ltr'><strong>μηδέ</strong></span> <span class='ocrx_word' id='word_1_698' title='bbox 1269 5094 1603 5154; x_wconf 45' lang='lat' dir='ltr'><strong>demandari</strong></span> 
     </span>
    </p>
   </div>
   <div class='ocr_carea' id='block_1_91' title="bbox 7 5167 1602 5244">
    <p class='ocr_par' dir='ltr' id='par_1_91' title="bbox 7 5167 1602 5244">
     <span class='ocr_line' id='line_1_92' title="bbox 7 5167 1602 5244; baseline 0.003 -27"><span class='ocrx_word' id='word_1_699' title='bbox 7 5185 135 5244; x_wconf 53' lang='lat' dir='ltr'><strong>Eoo,</strong></span> <span class='ocrx_word' id='word_1_700' title='bbox 171 5167 413 5243; x_wconf 77' lang='grc' dir='ltr'><strong>μάχαιρα</strong></span> <span class='ocrx_word' id='word_1_701' title='bbox 451 5167 589 5244; x_wconf 53' lang='grc' dir='ltr'><strong>ἐμᾶς</strong></span> <span class='ocrx_word' id='word_1_702' title='bbox 625 5167 915 5223; x_wconf 72' lang='grc' dir='ltr'><strong>κατέδεται.</strong></span> <span class='ocrx_word' id='word_1_703' title='bbox 957 5168 1023 5220; x_wconf 86' lang='grc' dir='ltr'><strong>Τὸ</strong></span> <span class='ocrx_word' id='word_1_704' title='bbox 1062 5172 1162 5243; x_wconf 68' lang='grc' dir='ltr'><strong>γὰρ</strong></span> <span class='ocrx_word' id='word_1_705' title='bbox 1209 5169 1383 5238; x_wconf 77' lang='grc' dir='ltr'><strong>στόμα</strong></span> <span class='ocrx_word' id='word_1_706' title='bbox 1422 5171 1602 5244; x_wconf 76' lang='grc' dir='ltr'><strong>Κυρίου</strong></span> 
     </span>
    </p>
   </div>
   <div class='ocr_carea' id='block_1_92' title="bbox 10 5235 675 5294">
    <p class='ocr_par' dir='ltr' id='par_1_92' title="bbox 10 5235 675 5294">
     <span class='ocr_line' id='line_1_93' title="bbox 10 5235 675 5294; baseline 0.009 -10"><span class='ocrx_word' id='word_1_707' title='bbox 10 5235 209 5294; x_wconf 71' lang='grc' dir='ltr'><strong>ἐλάλησα</strong></span> <span class='ocrx_word' id='word_1_708' title='bbox 237 5235 423 5294; x_wconf 50' lang='lat' dir='ltr'><strong>inuia.</strong></span> <span class='ocrx_word' id='word_1_709' title='bbox 455 5235 675 5292; x_wconf 73' lang='lat' dir='ltr'><strong>FABBIG.</strong></span> 
     </span>
    </p>
   </div>
   <div class='ocr_carea' id='block_1_93' title="bbox 83 5305 1606 5387">
    <p class='ocr_par' dir='ltr' id='par_1_93' title="bbox 83 5305 1606 5387">
     <span class='ocr_line' id='line_1_94' title="bbox 83 5305 1606 5387; baseline 0.002 -27"><span class='ocrx_word' id='word_1_710' title='bbox 83 5305 98 5387; x_wconf 53' lang='lat' dir='ltr'><strong>I</strong></span> <span class='ocrx_word' id='word_1_711' title='bbox 145 5308 298 5362; x_wconf 79' lang='lat' dir='ltr'><strong>&#39;I‘est.</strong></span> <span class='ocrx_word' id='word_1_712' title='bbox 342 5312 546 5387; x_wconf 45' lang='lat' dir='ltr'><strong>Gneo”</strong></span> <span class='ocrx_word' id='word_1_713' title='bbox 588 5316 740 5387; x_wconf 55' lang='lat' dir='ltr'><strong>iisiiss</strong></span> <span class='ocrx_word' id='word_1_714' title='bbox 765 5307 901 5387; x_wconf 73' lang='grc' dir='ltr'><strong>πρός</strong></span> <span class='ocrx_word' id='word_1_715' title='bbox 929 5331 1027 5387; x_wconf 31' lang='grc' dir='ltr'><strong>με.-</strong></span> <span class='ocrx_word' id='word_1_716' title='bbox 1046 5311 1237 5387; x_wconf 62' lang='grc' dir='ltr'><strong>πάντες</strong></span> <span class='ocrx_word' id='word_1_717' title='bbox 1257 5312 1606 5387; x_wconf 36' lang='grc' dir='ltr'><strong>οἰ-κοπιῶντις</strong></span> 
     </span>
    </p>
   </div>
   <div class='ocr_carea' id='block_1_94' title="bbox 12 5381 1609 5456">
    <p class='ocr_par' dir='ltr' id='par_1_94' title="bbox 12 5381 1609 5456">
     <span class='ocr_line' id='line_1_95' title="bbox 12 5381 1609 5456; baseline 0.001 -24"><span class='ocrx_word' id='word_1_718' title='bbox 12 5381 525 5456; x_wconf 19' lang='grc' dir='ltr'><strong>ξαίὶιτεφορτισμὲνοι.</strong></span> <span class='ocrx_word' id='word_1_719' title='bbox 546 5383 685 5454; x_wconf 70' lang='grc' dir='ltr'><strong>κᾲυγὼ</strong></span> <span class='ocrx_word' id='word_1_720' title='bbox 701 5381 1161 5456; x_wconf 36' lang='lat' dir='ltr'><strong>«manusmanus.</strong></span> <span class='ocrx_word' id='word_1_721' title='bbox 1185 5382 1316 5434; x_wconf 88' lang='lat' dir='ltr'><strong>Illud</strong></span> <span class='ocrx_word' id='word_1_722' title='bbox 1337 5381 1609 5440; x_wconf 56' lang='grc' dir='ltr'><strong>κοπιῶντας</strong></span> 
     </span>
    </p>
   </div>
   <div class='ocr_carea' id='block_1_95' title="bbox 17 5445 1320 5508">
    <p class='ocr_par' dir='ltr' id='par_1_95' title="bbox 17 5445 1320 5508">
     <span class='ocr_line' id='line_1_96' title="bbox 17 5445 1320 5508; baseline 0.004 -8"><span class='ocrx_word' id='word_1_723' title='bbox 17 5445 334 5505; x_wconf 72' lang='lat' dir='ltr'><strong>Pliilastr&#39;ins</strong></span> <span class='ocrx_word' id='word_1_724' title='bbox 368 5445 649 5506; x_wconf 57' lang='lat' dir='ltr'><strong>brevitait&#39;s</strong></span> <span class='ocrx_word' id='word_1_725' title='bbox 677 5471 838 5508; x_wconf 79' lang='lat' dir='ltr'><strong>causa</strong></span> <span class='ocrx_word' id='word_1_726' title='bbox 869 5445 1071 5506; x_wconf 77' lang='lat' dir='ltr'><strong>onusti.</strong></span> <span class='ocrx_word' id='word_1_727' title='bbox 1101 5451 1320 5506; x_wconf 67' lang='lat' dir='ltr'><strong>It‘utrttc.</strong></span> 
     </span>
    </p>
   </div>
   <div class='ocr_carea' id='block_1_96' title="bbox 87 5520 1606 5588">
    <p class='ocr_par' dir='ltr' id='par_1_96' title="bbox 87 5520 1606 5588">
     <span class='ocr_line' id='line_1_97' title="bbox 87 5520 1606 5588; baseline -0.001 -13"><span class='ocrx_word' id='word_1_728' title='bbox 87 5530 108 5565; x_wconf 68' lang='grc' dir='ltr'><strong>Β</strong></span> <span class='ocrx_word' id='word_1_729' title='bbox 141 5520 396 5577; x_wconf 79' lang='lat' dir='ltr'><strong>Habenda</strong></span> <span class='ocrx_word' id='word_1_730' title='bbox 421 5531 498 5576; x_wconf 87' lang='lat' dir='ltr'><strong>est</strong></span> <span class='ocrx_word' id='word_1_731' title='bbox 539 5533 585 5576; x_wconf 88' lang='lat' dir='ltr'><strong>et</strong></span> <span class='ocrx_word' id='word_1_732' title='bbox 629 5522 862 5578; x_wconf 63' lang='lat' dir='ltr'><strong>heresis.</strong></span> <span class='ocrx_word' id='word_1_733' title='bbox 899 5523 1017 5579; x_wconf 81' lang='lat' dir='ltr'><strong>Non</strong></span> <span class='ocrx_word' id='word_1_734' title='bbox 1065 5525 1219 5578; x_wconf 76' lang='lat' dir='ltr'><strong>facile</strong></span> <span class='ocrx_word' id='word_1_735' title='bbox 1266 5521 1431 5576; x_wconf 82' lang='lat' dir='ltr'><strong>fuerit</strong></span> <span class='ocrx_word' id='word_1_736' title='bbox 1458 5520 1606 5588; x_wconf 68' lang='lat' dir='ltr'><strong>quis-</strong></span> 
     </span>
    </p>
   </div>
   <div class='ocr_carea' id='block_1_97' title="bbox 19 5591 1606 5662">
    <p class='ocr_par' dir='ltr' id='par_1_97' title="bbox 19 5591 1606 5662">
     <span class='ocr_line' id='line_1_98' title="bbox 19 5591 1606 5662; baseline 0.003 -20"><span class='ocrx_word' id='word_1_737' title='bbox 19 5604 174 5662; x_wconf 84' lang='lat' dir='ltr'><strong>quam</strong></span> <span class='ocrx_word' id='word_1_738' title='bbox 209 5596 294 5660; x_wconf 85' lang='lat' dir='ltr'><strong>qui</strong></span> <span class='ocrx_word' id='word_1_739' title='bbox 326 5593 543 5650; x_wconf 88' lang='lat' dir='ltr'><strong>nomina</strong></span> <span class='ocrx_word' id='word_1_740' title='bbox 576 5594 663 5648; x_wconf 85' lang='lat' dir='ltr'><strong>illa</strong></span> <span class='ocrx_word' id='word_1_741' title='bbox 695 5597 888 5650; x_wconf 89' lang='lat' dir='ltr'><strong>diebus</strong></span> <span class='ocrx_word' id='word_1_742' title='bbox 935 5594 1184 5662; x_wconf 84' lang='lat' dir='ltr'><strong>imposita</strong></span> <span class='ocrx_word' id='word_1_743' title='bbox 1217 5609 1246 5646; x_wconf 91' lang='lat' dir='ltr'><strong>a</strong></span> <span class='ocrx_word' id='word_1_744' title='bbox 1281 5594 1392 5646; x_wconf 84' lang='lat' dir='ltr'><strong>Deo</strong></span> <span class='ocrx_word' id='word_1_745' title='bbox 1423 5591 1606 5662; x_wconf 79' lang='lat' dir='ltr'><strong>credi-</strong></span> 
     </span>
    </p>
   </div>
   <div class='ocr_carea' id='block_1_98' title="bbox 21 5660 1610 5734">
    <p class='ocr_par' dir='ltr' id='par_1_98' title="bbox 21 5660 1610 5734">
     <span class='ocr_line' id='line_1_99' title="bbox 21 5660 1610 5734; baseline 0.003 -20"><span class='ocrx_word' id='word_1_746' title='bbox 21 5661 184 5728; x_wconf 82' lang='lat' dir='ltr'><strong>tlerit;</strong></span> <span class='ocrx_word' id='word_1_747' title='bbox 210 5665 302 5720; x_wconf 85' lang='lat' dir='ltr'><strong>sed</strong></span> <span class='ocrx_word' id='word_1_748' title='bbox 330 5664 644 5720; x_wconf 88' lang='lat' dir='ltr'><strong>nominibus</strong></span> <span class='ocrx_word' id='word_1_749' title='bbox 674 5667 779 5721; x_wconf 86' lang='lat' dir='ltr'><strong>illis</strong></span> <span class='ocrx_word' id='word_1_750' title='bbox 812 5669 911 5733; x_wconf 85' lang='lat' dir='ltr'><strong>uti,</strong></span> <span class='ocrx_word' id='word_1_751' title='bbox 939 5660 1163 5734; x_wconf 79' lang='lat' dir='ltr'><strong>perinde</strong></span> <span class='ocrx_word' id='word_1_752' title='bbox 1183 5675 1265 5718; x_wconf 85' lang='lat' dir='ltr'><strong>est</strong></span> <span class='ocrx_word' id='word_1_753' title='bbox 1293 5660 1610 5734; x_wconf 65' lang='lat' dir='ltr'><strong>indifferens</strong></span> 
     </span>
    </p>
   </div>
   <div class='ocr_carea' id='block_1_99' title="bbox 24 5733 1612 5803">
    <p class='ocr_par' dir='ltr' id='par_1_99' title="bbox 24 5733 1612 5803">
     <span class='ocr_line' id='line_1_100' title="bbox 24 5733 1612 5803; baseline 0.001 -17"><span class='ocrx_word' id='word_1_754' title='bbox 24 5743 76 5803; x_wconf 75' lang='lat' dir='ltr'><strong>et</strong></span> <span class='ocrx_word' id='word_1_755' title='bbox 103 5734 331 5793; x_wconf 77' lang='lat' dir='ltr'><strong>alienum</strong></span> <span class='ocrx_word' id='word_1_756' title='bbox 361 5736 434 5791; x_wconf 86' lang='lat' dir='ltr'><strong>ab</strong></span> <span class='ocrx_word' id='word_1_757' title='bbox 465 5733 682 5802; x_wconf 78' lang='lat' dir='ltr'><strong>hmresi,</strong></span> <span class='ocrx_word' id='word_1_758' title='bbox 714 5746 772 5791; x_wconf 93' lang='lat' dir='ltr'><strong>ut</strong></span> <span class='ocrx_word' id='word_1_759' title='bbox 799 5733 1108 5791; x_wconf 74' lang='lat' dir='ltr'><strong>nominibus</strong></span> <span class='ocrx_word' id='word_1_760' title='bbox 1132 5735 1370 5790; x_wconf 87' lang='lat' dir='ltr'><strong>siderum</strong></span> <span class='ocrx_word' id='word_1_761' title='bbox 1400 5733 1467 5787; x_wconf 89' lang='lat' dir='ltr'><strong>de</strong></span> <span class='ocrx_word' id='word_1_762' title='bbox 1492 5735 1612 5803; x_wconf 88' lang='lat' dir='ltr'><strong>qui-</strong></span> 
     </span>
    </p>
   </div>
   <div class='ocr_carea' id='block_1_100' title="bbox 30 5802 1612 5882">
    <p class='ocr_par' dir='ltr' id='par_1_100' title="bbox 30 5802 1612 5882">
     <span class='ocr_line' id='line_1_101' title="bbox 30 5802 1612 5882; baseline 0.003 -26"><span class='ocrx_word' id='word_1_763' title='bbox 30 5802 125 5856; x_wconf 82' lang='lat' dir='ltr'><strong>bus</strong></span> <span class='ocrx_word' id='word_1_764' title='bbox 153 5819 266 5874; x_wconf 85' lang='lat' dir='ltr'><strong>cap.</strong></span> <span class='ocrx_word' id='word_1_765' title='bbox 305 5807 430 5861; x_wconf 75' lang='lat'><strong>103.</strong></span> <span class='ocrx_word' id='word_1_766' title='bbox 461 5805 622 5861; x_wconf 83' lang='lat' dir='ltr'><strong>Certe</strong></span> <span class='ocrx_word' id='word_1_767' title='bbox 648 5808 789 5862; x_wconf 90' lang='lat' dir='ltr'><strong>diem</strong></span> <span class='ocrx_word' id='word_1_768' title='bbox 820 5807 963 5863; x_wconf 89' lang='lat' dir='ltr'><strong>Solis</strong></span> <span class='ocrx_word' id='word_1_769' title='bbox 989 5820 1094 5861; x_wconf 91' lang='lat' dir='ltr'><strong>non</strong></span> <span class='ocrx_word' id='word_1_770' title='bbox 1123 5803 1388 5882; x_wconf 84' lang='lat' dir='ltr'><strong>dubitavit</strong></span> <span class='ocrx_word' id='word_1_771' title='bbox 1429 5802 1612 5876; x_wconf 86' lang='lat' dir='ltr'><strong>dicere</strong></span> 
     </span>
    </p>
   </div>
   <div class='ocr_carea' id='block_1_101' title="bbox 1699 4161 3299 4242">
    <p class='ocr_par' dir='ltr' id='par_1_101' title="bbox 1699 4161 3299 4242">
     <span class='ocr_line' id='line_1_102' title="bbox 1699 4161 3299 4242; baseline 0.001 -23"><span class='ocrx_word' id='word_1_772' title='bbox 1699 4161 1926 4219; x_wconf 78' lang='lat' dir='ltr'><strong>Veneris</strong></span> <span class='ocrx_word' id='word_1_773' title='bbox 1953 4163 2040 4242; x_wconf 61' lang='lat' dir='ltr'><strong>die</strong></span> <span class='ocrx_word' id='word_1_774' title='bbox 2073 4161 2254 4242; x_wconf 64' lang='lat' dir='ltr'><strong>maluit</strong></span> <span class='ocrx_word' id='word_1_775' title='bbox 2287 4161 2470 4242; x_wconf 68' lang='lat' dir='ltr'><strong>dicere</strong></span> <span class='ocrx_word' id='word_1_776' title='bbox 2501 4161 2734 4242; x_wconf 43' lang='grc' dir='ltr'><strong>τήντπρό</strong></span> <span class='ocrx_word' id='word_1_777' title='bbox 2763 4174 2854 4242; x_wconf 57' lang='lat' dir='ltr'><strong>fit;</strong></span> <span class='ocrx_word' id='word_1_778' title='bbox 2884 4175 3153 4242; x_wconf 73' lang='grc' dir='ltr'><strong>Κρονικῆς,</strong></span> <span class='ocrx_word' id='word_1_779' title='bbox 3187 4168 3299 4222; x_wconf 81' lang='lat' dir='ltr'><strong>Ire-</strong></span> 
     </span>
    </p>
   </div>
   <div class='ocr_carea' id='block_1_102' title="bbox 1701 4236 2984 4307">
    <p class='ocr_par' dir='ltr' id='par_1_102' title="bbox 1701 4236 2984 4307">
     <span class='ocr_line' id='line_1_103' title="bbox 1701 4236 2984 4307; baseline 0 -17"><span class='ocrx_word' id='word_1_780' title='bbox 1701 4251 1849 4307; x_wconf 51' lang='lat' dir='ltr'><strong>nagus</strong></span> <span class='ocrx_word' id='word_1_781' title='bbox 1878 4251 1931 4298; x_wconf 74' lang='grc' dir='ltr'><strong>ν,</strong></span> <span class='ocrx_word' id='word_1_782' title='bbox 1955 4236 2053 4307; x_wconf 63' lang='lat'><strong>25,</strong></span> <span class='ocrx_word' id='word_1_783' title='bbox 2084 4236 2252 4307; x_wconf 86' lang='lat' dir='ltr'><strong>pridie</strong></span> <span class='ocrx_word' id='word_1_784' title='bbox 2276 4244 2398 4288; x_wconf 86' lang='lat' dir='ltr'><strong>ante</strong></span> <span class='ocrx_word' id='word_1_785' title='bbox 2421 4236 2730 4307; x_wconf 10' lang='lat' dir='ltr'><strong>rSabbatuni.</strong></span> <span class='ocrx_word' id='word_1_786' title='bbox 2766 4236 2984 4294; x_wconf 65' lang='lat' dir='ltr'><strong>Fannio.</strong></span> 
     </span>
    </p>
   </div>
   <div class='ocr_carea' id='block_1_103' title="bbox 1772 4303 3301 4381">
    <p class='ocr_par' dir='ltr' id='par_1_103' title="bbox 1772 4303 3301 4381">
     <span class='ocr_line' id='line_1_104' title="bbox 1772 4303 3301 4381; baseline 0.004 -20"><span class='ocrx_word' id='word_1_787' title='bbox 1772 4303 1807 4381; x_wconf 63' lang='lat' dir='ltr'><strong>b_</strong></span> <span class='ocrx_word' id='word_1_788' title='bbox 1830 4306 1910 4361; x_wconf 80' lang='lat' dir='ltr'><strong>Ad</strong></span> <span class='ocrx_word' id='word_1_789' title='bbox 1938 4303 2148 4381; x_wconf 55' lang='lat' dir='ltr'><strong>Grteeos</strong></span> <span class='ocrx_word' id='word_1_790' title='bbox 2188 4323 2350 4381; x_wconf 64' lang='lat' dir='ltr'><strong>reges.</strong></span> <span class='ocrx_word' id='word_1_791' title='bbox 2377 4306 2456 4381; x_wconf 75' lang='lat' dir='ltr'><strong>_Ut</strong></span> <span class='ocrx_word' id='word_1_792' title='bbox 2499 4323 2658 4381; x_wconf 83' lang='lat' dir='ltr'><strong>supra</strong></span> <span class='ocrx_word' id='word_1_793' title='bbox 2684 4350 2698 4381; x_wconf 83' lang='lat'><strong>,</strong></span> <span class='ocrx_word' id='word_1_794' title='bbox 2732 4323 2854 4377; x_wconf 86' lang='lat' dir='ltr'><strong>cap.</strong></span> <span class='ocrx_word' id='word_1_795' title='bbox 2890 4309 3024 4375; x_wconf 90' lang='grc'><strong>111,</strong></span> <span class='ocrx_word' id='word_1_796' title='bbox 3053 4309 3301 4381; x_wconf 88' lang='lat' dir='ltr'><strong>Paganos</strong></span> 
     </span>
    </p>
   </div>
   <div class='ocr_carea' id='block_1_104' title="bbox 1699 4377 3301 4450">
    <p class='ocr_par' dir='ltr' id='par_1_104' title="bbox 1699 4377 3301 4450">
     <span class='ocr_line' id='line_1_105' title="bbox 1699 4377 3301 4450; baseline 0.004 -18"><span class='ocrx_word' id='word_1_797' title='bbox 1699 4378 1837 4433; x_wconf 77' lang='lat' dir='ltr'><strong>dixit</strong></span> <span class='ocrx_word' id='word_1_798' title='bbox 1867 4394 1965 4450; x_wconf 87' lang='lat' dir='ltr'><strong>pro</strong></span> <span class='ocrx_word' id='word_1_799' title='bbox 1993 4377 2222 4441; x_wconf 62' lang='lat' dir='ltr'><strong>Graecis,</strong></span> <span class='ocrx_word' id='word_1_800' title='bbox 2246 4377 2349 4450; x_wconf 74' lang='lat' dir='ltr'><strong>sic</strong></span> <span class='ocrx_word' id='word_1_801' title='bbox 2377 4379 2476 4434; x_wconf 89' lang='lat' dir='ltr'><strong>hoc</strong></span> <span class='ocrx_word' id='word_1_802' title='bbox 2516 4380 2639 4435; x_wconf 88' lang='lat' dir='ltr'><strong>loco</strong></span> <span class='ocrx_word' id='word_1_803' title='bbox 2667 4379 2890 4436; x_wconf 65' lang='lat' dir='ltr'><strong>Grzecos</strong></span> <span class='ocrx_word' id='word_1_804' title='bbox 2920 4399 3015 4450; x_wconf 85' lang='lat' dir='ltr'><strong>pro</strong></span> <span class='ocrx_word' id='word_1_805' title='bbox 3047 4377 3301 4450; x_wconf 64' lang='lat' dir='ltr'><strong>Paganis,</strong></span> 
     </span>
    </p>
   </div>
   <div class='ocr_carea' id='block_1_105' title="bbox 1702 4449 3300 4525">
    <p class='ocr_par' dir='ltr' id='par_1_105' title="bbox 1702 4449 3300 4525">
     <span class='ocr_line' id='line_1_106' title="bbox 1702 4449 3300 4525; baseline 0.003 -22"><span class='ocrx_word' id='word_1_806' title='bbox 1702 4453 1817 4525; x_wconf 80' lang='lat' dir='ltr'><strong>sive</strong></span> <span class='ocrx_word' id='word_1_807' title='bbox 1849 4449 2118 4525; x_wconf 69' lang='lat' dir='ltr'><strong>Ethnieis.</strong></span> <span class='ocrx_word' id='word_1_808' title='bbox 2145 4450 2242 4525; x_wconf 88' lang='lat' dir='ltr'><strong>_Sic</strong></span> <span class='ocrx_word' id='word_1_809' title='bbox 2275 4449 2410 4505; x_wconf 82' lang='lat' dir='ltr'><strong>infra</strong></span> <span class='ocrx_word' id='word_1_810' title='bbox 2457 4452 2558 4506; x_wconf 90' lang='lat' dir='ltr'><strong>hoc</strong></span> <span class='ocrx_word' id='word_1_811' title='bbox 2587 4455 2765 4521; x_wconf 84' lang='lat' dir='ltr'><strong>capite</strong></span> <span class='ocrx_word' id='word_1_812' title='bbox 2795 4462 2884 4525; x_wconf 48' lang='grc' dir='ltr'><strong>εει</strong></span> <span class='ocrx_word' id='word_1_813' title='bbox 2915 4449 2989 4506; x_wconf 84' lang='lat' dir='ltr'><strong>sic</strong></span> <span class='ocrx_word' id='word_1_814' title='bbox 3017 4449 3263 4525; x_wconf 72' lang='lat' dir='ltr'><strong>Paganos</strong></span> <span class='ocrx_word' id='word_1_815' title='bbox 3287 4497 3300 4516; x_wconf 91' lang='lat'><strong>,</strong></span> 
     </span>
    </p>
   </div>
   <div class='ocr_carea' id='block_1_106' title="bbox 1705 4521 3302 4584">
    <p class='ocr_par' dir='ltr' id='par_1_106' title="bbox 1705 4521 3302 4584">
     <span class='ocr_line' id='line_1_107' title="bbox 1705 4521 3302 4584; baseline 0.004 -9"><span class='ocrx_word' id='word_1_816' title='bbox 1705 4521 1758 4575; x_wconf 88' lang='lat' dir='ltr'><strong>id</strong></span> <span class='ocrx_word' id='word_1_817' title='bbox 1787 4533 1858 4576; x_wconf 85' lang='lat' dir='ltr'><strong>est</strong></span> <span class='ocrx_word' id='word_1_818' title='bbox 1881 4521 2110 4584; x_wconf 66' lang='grc' dir='ltr'><strong>(ἔπεσσε,</strong></span> <span class='ocrx_word' id='word_1_819' title='bbox 2135 4521 2246 4577; x_wconf 72' lang='grc' dir='ltr'><strong>Ιηεο</strong></span> <span class='ocrx_word' id='word_1_820' title='bbox 2271 4525 2480 4576; x_wconf 88' lang='lat' dir='ltr'><strong>nomina</strong></span> <span class='ocrx_word' id='word_1_821' title='bbox 2505 4526 2758 4584; x_wconf 81' lang='lat' dir='ltr'><strong>posuisse.</strong></span> <span class='ocrx_word' id='word_1_822' title='bbox 2792 4523 2907 4578; x_wconf 84' lang='lat' dir='ltr'><strong>Non</strong></span> <span class='ocrx_word' id='word_1_823' title='bbox 2936 4521 3118 4580; x_wconf 78' lang='lat' dir='ltr'><strong>autem</strong></span> <span class='ocrx_word' id='word_1_824' title='bbox 3151 4524 3302 4582; x_wconf 69' lang='lat' dir='ltr'><strong>Grat-</strong></span> 
     </span>
    </p>
   </div>
   <div class='ocr_carea' id='block_1_107' title="bbox 1706 4593 3303 4663">
    <p class='ocr_par' dir='ltr' id='par_1_107' title="bbox 1706 4593 3303 4663">
     <span class='ocr_line' id='line_1_108' title="bbox 1706 4593 3303 4663; baseline 0.002 -16"><span class='ocrx_word' id='word_1_825' title='bbox 1706 4596 1786 4647; x_wconf 90' lang='lat' dir='ltr'><strong>cis</strong></span> <span class='ocrx_word' id='word_1_826' title='bbox 1817 4595 1910 4649; x_wconf 88' lang='lat' dir='ltr'><strong>sed</strong></span> <span class='ocrx_word' id='word_1_827' title='bbox 1940 4593 2211 4663; x_wconf 65' lang='lat' dir='ltr'><strong>Egyptiis</strong></span> <span class='ocrx_word' id='word_1_828' title='bbox 2239 4595 2420 4650; x_wconf 83' lang='lat' dir='ltr'><strong>deberi</strong></span> <span class='ocrx_word' id='word_1_829' title='bbox 2462 4593 2609 4648; x_wconf 85' lang='lat' dir='ltr'><strong>illam</strong></span> <span class='ocrx_word' id='word_1_830' title='bbox 2636 4594 2848 4648; x_wconf 64' lang='lat' dir='ltr'><strong>dit-rom</strong></span> <span class='ocrx_word' id='word_1_831' title='bbox 2879 4610 2906 4647; x_wconf 84' lang='grc' dir='ltr'><strong>ιι</strong></span> <span class='ocrx_word' id='word_1_832' title='bbox 2937 4606 3146 4662; x_wconf 87' lang='lat' dir='ltr'><strong>septem</strong></span> <span class='ocrx_word' id='word_1_833' title='bbox 3177 4596 3303 4650; x_wconf 85' lang='lat' dir='ltr'><strong>Pla-</strong></span> 
     </span>
    </p>
   </div>
   <div class='ocr_carea' id='block_1_108' title="bbox 1709 4665 3305 4790">
    <p class='ocr_par' dir='ltr' id='par_1_108' title="bbox 1709 4665 3305 4790">
     <span class='ocr_line' id='line_1_109' title="bbox 1709 4665 3305 4790; baseline 0.002 -71"><span class='ocrx_word' id='word_1_834' title='bbox 1709 4667 1849 4720; x_wconf 78' lang='lat' dir='ltr'><strong>netis</strong></span> <span class='ocrx_word' id='word_1_835' title='bbox 1876 4667 2396 4732; x_wconf 77' lang='lat' dir='ltr'><strong>denominationem,</strong></span> <span class='ocrx_word' id='word_1_836' title='bbox 2421 4674 2590 4720; x_wconf 86' lang='lat' dir='ltr'><strong>testes</strong></span> <span class='ocrx_word' id='word_1_837' title='bbox 2618 4665 3028 4790; x_wconf 56' lang='lat' dir='ltr'><strong>locupletissimi</strong></span> <span class='ocrx_word' id='word_1_838' title='bbox 3061 4667 3305 4722; x_wconf 41' lang='lat' dir='ltr'><strong>l&#39;lerodo-</strong></span> 
     </span>
     <span class='ocr_line' id='line_1_110' title="bbox 1709 4735 3305 4790; baseline 0 0"><span class='ocrx_word' id='word_1_839' title='bbox 1709 4749 1795 4790; x_wconf 89' lang='lat' dir='ltr'><strong>tus</strong></span> <span class='ocrx_word' id='word_1_840' title='bbox 1823 4737 1916 4790; x_wconf 88' lang='lat' dir='ltr'><strong>lih.</strong></span> <span class='ocrx_word' id='word_1_841' title='bbox 1944 4753 2002 4790; x_wconf 90' lang='grc' dir='ltr'>ιι.</span> <span class='ocrx_word' id='word_1_842' title='bbox 2032 4752 2081 4790; x_wconf 92' lang='lat' dir='ltr'><strong>c.</strong></span> <span class='ocrx_word' id='word_1_843' title='bbox 2115 4735 2208 4790; x_wconf 69' lang='lat'><strong>82.</strong></span> <span class='ocrx_word' id='word_1_844' title='bbox 2239 4747 2297 4790; x_wconf 86' lang='lat' dir='ltr'><strong>et</strong></span> <span class='ocrx_word' id='word_1_845' title='bbox 2326 4737 2427 4790; x_wconf 90' lang='lat' dir='ltr'><strong>Dio</strong></span> <span class='ocrx_word' id='word_1_846' title='bbox 2456 4735 2677 4790; x_wconf 71' lang='lat' dir='ltr'><strong>Cassius</strong></span> <span class='ocrx_word' id='word_1_847' title='bbox 2708 4735 2744 4790; x_wconf 89' lang='lat' dir='ltr'><strong>li</strong></span> <span class='ocrx_word' id='word_1_848' title='bbox 2793 4778 2803 4788; x_wconf 92' lang='lat'><strong>.</strong></span> <span class='ocrx_word' id='word_1_849' title='bbox 2838 4751 3030 4790; x_wconf 64' lang='grc' dir='ltr'>χχχιιι,</span> <span class='ocrx_word' id='word_1_850' title='bbox 3057 4753 3179 4790; x_wconf 70' lang='lat' dir='ltr'><strong>nae.</strong></span> <span class='ocrx_word' id='word_1_851' title='bbox 3209 4740 3305 4790; x_wconf 74' lang='lat'><strong>57.</strong></span> 
     </span>
    </p>
   </div>
   <div class='ocr_carea' id='block_1_109' title="bbox 1709 4735 3305 4807">
    <p class='ocr_par' dir='ltr' id='par_1_109' title="bbox 1709 4735 3305 4807">
     <span class='ocr_line' id='line_1_111' title="bbox 1709 4735 3305 4807; baseline 0.003 -17"><span class='ocrx_word' id='word_1_852' title='bbox 1709 4749 1795 4791; x_wconf 88' lang='lat' dir='ltr'><strong>tus</strong></span> <span class='ocrx_word' id='word_1_853' title='bbox 1823 4737 1916 4791; x_wconf 71' lang='grc' dir='ltr'>ιιι).</span> <span class='ocrx_word' id='word_1_854' title='bbox 1944 4753 2002 4802; x_wconf 86' lang='grc' dir='ltr'>ιι,</span> <span class='ocrx_word' id='word_1_855' title='bbox 2032 4752 2081 4791; x_wconf 92' lang='lat' dir='ltr'><strong>c.</strong></span> <span class='ocrx_word' id='word_1_856' title='bbox 2115 4735 2208 4798; x_wconf 70' lang='lat'><strong>82,</strong></span> <span class='ocrx_word' id='word_1_857' title='bbox 2239 4747 2297 4791; x_wconf 83' lang='lat' dir='ltr'><strong>et</strong></span> <span class='ocrx_word' id='word_1_858' title='bbox 2326 4737 2427 4790; x_wconf 90' lang='lat' dir='ltr'><strong>Dio</strong></span> <span class='ocrx_word' id='word_1_859' title='bbox 2456 4735 2677 4791; x_wconf 72' lang='lat' dir='ltr'><strong>Cassius</strong></span> <span class='ocrx_word' id='word_1_860' title='bbox 2708 4735 2803 4791; x_wconf 89' lang='lat' dir='ltr'><strong>lib.</strong></span> <span class='ocrx_word' id='word_1_861' title='bbox 2838 4751 3030 4802; x_wconf 76' lang='lat' dir='ltr'><strong>xxxvn,</strong></span> <span class='ocrx_word' id='word_1_862' title='bbox 3057 4753 3179 4807; x_wconf 80' lang='lat' dir='ltr'><strong>pag.</strong></span> <span class='ocrx_word' id='word_1_863' title='bbox 3209 4740 3305 4801; x_wconf 75' lang='lat'><strong>57.</strong></span> 
     </span>
    </p>
   </div>
   <div class='ocr_carea' id='block_1_110' title="bbox 1707 4807 3306 4881">
    <p class='ocr_par' dir='ltr' id='par_1_110' title="bbox 1707 4807 3306 4881">
     <span class='ocr_line' id='line_1_112' title="bbox 1707 4807 3306 4881; baseline 0.003 -20"><span class='ocrx_word' id='word_1_864' title='bbox 1707 4817 1867 4876; x_wconf 84' lang='lat' dir='ltr'><strong>atque</strong></span> <span class='ocrx_word' id='word_1_865' title='bbox 1909 4810 2025 4878; x_wconf 85' lang='lat' dir='ltr'><strong>ipse</strong></span> <span class='ocrx_word' id='word_1_866' title='bbox 2064 4807 2350 4881; x_wconf 79' lang='lat' dir='ltr'><strong>conﬁrmat</strong></span> <span class='ocrx_word' id='word_1_867' title='bbox 2378 4808 2699 4881; x_wconf 71' lang='lat' dir='ltr'><strong>Philastrins</strong></span> <span class='ocrx_word' id='word_1_868' title='bbox 2722 4808 3072 4881; x_wconf 86' lang='lat' dir='ltr'><strong>quiHertnen</strong></span> <span class='ocrx_word' id='word_1_869' title='bbox 3101 4809 3306 4881; x_wconf 65' lang='lat' dir='ltr'><strong>Egyp-</strong></span> 
     </span>
    </p>
   </div>
   <div class='ocr_carea' id='block_1_111' title="bbox 1710 4873 3305 5004">
    <p class='ocr_par' dir='ltr' id='par_1_111' title="bbox 1710 4873 3305 5004">
     <span class='ocr_line' id='line_1_113' title="bbox 1710 4873 3305 5004; baseline 0.001 -70"><span class='ocrx_word' id='word_1_870' title='bbox 1710 4873 1841 4934; x_wconf 75' lang='lat' dir='ltr'><strong>litim</strong></span> <span class='ocrx_word' id='word_1_871' title='bbox 1864 4922 1878 4943; x_wconf 90' lang='lat'><strong>,</strong></span> <span class='ocrx_word' id='word_1_872' title='bbox 1912 4873 2134 4950; x_wconf 82' lang='lat' dir='ltr'><strong>perinde</strong></span> <span class='ocrx_word' id='word_1_873' title='bbox 2171 4888 2231 4932; x_wconf 89' lang='lat' dir='ltr'><strong>ut</strong></span> <span class='ocrx_word' id='word_1_874' title='bbox 2254 4893 2373 4948; x_wconf 82' lang='lat' dir='ltr'><strong>cap.</strong></span> <span class='ocrx_word' id='word_1_875' title='bbox 2418 4873 2556 4946; x_wconf 77' lang='lat' dir='ltr'><strong>I05,</strong></span> <span class='ocrx_word' id='word_1_876' title='bbox 2584 4894 2650 4935; x_wconf 90' lang='lat' dir='ltr'><strong>eo</strong></span> <span class='ocrx_word' id='word_1_877' title='bbox 2681 4873 2901 5004; x_wconf 51' lang='lat' dir='ltr'><strong>nomini?</strong></span> <span class='ocrx_word' id='word_1_878' title='bbox 2930 4873 3305 4948; x_wconf 73' lang='lat' dir='ltr'><strong>reprehendit.</strong></span> 
     </span>
     <span class='ocr_line' id='line_1_114' title="bbox 2906 4966 3180 5004; baseline 0 0"><span class='ocrx_word' id='word_1_879' title='bbox 2906 4966 3080 5004; x_wconf 62' lang='lat' dir='ltr'><strong>sume.</strong></span> <span class='ocrx_word' id='word_1_880' title='bbox 3165 4995 3180 5004; x_wconf 89' lang='lat'><strong>.</strong></span> 
     </span>
    </p>
   </div>
   <div class='ocr_carea' id='block_1_112' title="bbox 2906 4966 3180 5010">
    <p class='ocr_par' dir='ltr' id='par_1_112' title="bbox 2906 4966 3180 5010">
     <span class='ocr_line' id='line_1_115' title="bbox 2906 4966 3180 5010; baseline 0.018 -5"><span class='ocrx_word' id='word_1_881' title='bbox 2906 4966 3080 5007; x_wconf 73' lang='lat' dir='ltr'><strong>ABRIC.</strong></span> <span class='ocrx_word' id='word_1_882' title='bbox 3165 4995 3180 5010; x_wconf 84' lang='lat'><strong>.</strong></span> 
     </span>
    </p>
   </div>
   <div class='ocr_carea' id='block_1_113' title="bbox 1792 5020 3282 5094">
    <p class='ocr_par' dir='ltr' id='par_1_113' title="bbox 1792 5020 3282 5094">
     <span class='ocr_line' id='line_1_116' title="bbox 1792 5020 3282 5094; baseline 0.002 -19"><span class='ocrx_word' id='word_1_883' title='bbox 1792 5021 1806 5058; x_wconf 70' lang='grc' dir='ltr'><strong>ί</strong></span> <span class='ocrx_word' id='word_1_884' title='bbox 1843 5020 1973 5075; x_wconf 85' lang='lat' dir='ltr'><strong>Cum</strong></span> <span class='ocrx_word' id='word_1_885' title='bbox 1998 5022 2153 5094; x_wconf 76' lang='lat' dir='ltr'><strong>etiam</strong></span> <span class='ocrx_word' id='word_1_886' title='bbox 2191 5021 2473 5094; x_wconf 84' lang='lat' dir='ltr'><strong>secundum</strong></span> <span class='ocrx_word' id='word_1_887' title='bbox 2503 5031 2694 5090; x_wconf 77' lang='lat' dir='ltr'><strong>septem</strong></span> <span class='ocrx_word' id='word_1_888' title='bbox 2725 5023 2939 5078; x_wconf 84' lang='lat' dir='ltr'><strong>Stellas.</strong></span> <span class='ocrx_word' id='word_1_889' title='bbox 2970 5023 3026 5077; x_wconf 93' lang='lat' dir='ltr'><strong>In</strong></span> <span class='ocrx_word' id='word_1_890' title='bbox 3056 5026 3282 5094; x_wconf 88' lang='lat' dir='ltr'><strong>soperio</strong></span> 
     </span>
    </p>
   </div>
   <div class='ocr_carea' id='block_1_114' title="bbox 1716 5093 3308 5151">
    <p class='ocr_par' dir='ltr' id='par_1_114' title="bbox 1716 5093 3308 5151">
     <span class='ocr_line' id='line_1_117' title="bbox 1716 5093 3308 5151; baseline 0.001 -2"><span class='ocrx_word' id='word_1_891' title='bbox 1716 5093 1862 5149; x_wconf 86' lang='lat' dir='ltr'><strong>ribus</strong></span> <span class='ocrx_word' id='word_1_892' title='bbox 1891 5093 2218 5147; x_wconf 87' lang='lat' dir='ltr'><strong>editionibus</strong></span> <span class='ocrx_word' id='word_1_893' title='bbox 2256 5093 2394 5147; x_wconf 86' lang='lat' dir='ltr'><strong>male</strong></span> <span class='ocrx_word' id='word_1_894' title='bbox 2427 5110 2438 5144; x_wconf 94' lang='lat'>:</span> <span class='ocrx_word' id='word_1_895' title='bbox 2483 5102 2600 5146; x_wconf 82' lang='lat' dir='ltr'><strong>cum</strong></span> <span class='ocrx_word' id='word_1_896' title='bbox 2643 5095 2752 5150; x_wconf 80' lang='lat' dir='ltr'><strong>Iure</strong></span> <span class='ocrx_word' id='word_1_897' title='bbox 2793 5095 3006 5148; x_wconf 85' lang='lat' dir='ltr'><strong>nomina</strong></span> <span class='ocrx_word' id='word_1_898' title='bbox 3034 5093 3189 5151; x_wconf 84' lang='lat' dir='ltr'><strong>etiam</strong></span> <span class='ocrx_word' id='word_1_899' title='bbox 3227 5112 3308 5150; x_wconf 81' lang='lat' dir='ltr'><strong>se-</strong></span> 
     </span>
    </p>
   </div>
   <div class='ocr_carea' id='block_1_115' title="bbox 1714 5164 3307 5235">
    <p class='ocr_par' dir='ltr' id='par_1_115' title="bbox 1714 5164 3307 5235">
     <span class='ocr_line' id='line_1_118' title="bbox 1714 5164 3307 5235; baseline 0.003 -17"><span class='ocrx_word' id='word_1_900' title='bbox 1714 5166 1937 5218; x_wconf 84' lang='lat' dir='ltr'><strong>cundum</strong></span> <span class='ocrx_word' id='word_1_901' title='bbox 1960 5174 2150 5235; x_wconf 83' lang='lat' dir='ltr'><strong>septem</strong></span> <span class='ocrx_word' id='word_1_902' title='bbox 2173 5164 2384 5218; x_wconf 81' lang='lat' dir='ltr'><strong>Stellas.</strong></span> <span class='ocrx_word' id='word_1_903' title='bbox 2408 5165 2693 5220; x_wconf 87' lang='lat' dir='ltr'><strong>Hominum</strong></span> <span class='ocrx_word' id='word_1_904' title='bbox 2717 5165 2996 5234; x_wconf 74' lang='lat' dir='ltr'><strong>generatio</strong></span> <span class='ocrx_word' id='word_1_905' title='bbox 3017 5166 3307 5234; x_wconf 71' lang='lat' dir='ltr'><strong>abst~ptem</strong></span> 
     </span>
    </p>
   </div>
   <div class='ocr_carea' id='block_1_116' title="bbox 1717 5235 3312 5306">
    <p class='ocr_par' dir='ltr' id='par_1_116' title="bbox 1717 5235 3312 5306">
     <span class='ocr_line' id='line_1_119' title="bbox 1717 5235 3312 5306; baseline 0.001 -15"><span class='ocrx_word' id='word_1_906' title='bbox 1717 5235 1957 5291; x_wconf 82' lang='lat' dir='ltr'><strong>Planetis</strong></span> <span class='ocrx_word' id='word_1_907' title='bbox 1983 5235 2335 5306; x_wconf 60' lang='lat' dir='ltr'><strong>suspenditur</strong></span> <span class='ocrx_word' id='word_1_908' title='bbox 2365 5236 2528 5289; x_wconf 81' lang='lat' dir='ltr'><strong>etiam</strong></span> <span class='ocrx_word' id='word_1_909' title='bbox 2562 5237 2614 5290; x_wconf 87' lang='lat' dir='ltr'><strong>in</strong></span> <span class='ocrx_word' id='word_1_910' title='bbox 2647 5238 2870 5304; x_wconf 86' lang='lat' dir='ltr'><strong>scriptis</strong></span> <span class='ocrx_word' id='word_1_911' title='bbox 2896 5253 3014 5304; x_wconf 74' lang='lat' dir='ltr'><strong>qum</strong></span> <span class='ocrx_word' id='word_1_912' title='bbox 3043 5238 3147 5293; x_wconf 82' lang='lat' dir='ltr'><strong>sub</strong></span> <span class='ocrx_word' id='word_1_913' title='bbox 3178 5238 3312 5293; x_wconf 82' lang='lat' dir='ltr'><strong>Her-</strong></span> 
     </span>
    </p>
   </div>
   <div class='ocr_carea' id='block_1_117' title="bbox 1715 5306 3312 5376">
    <p class='ocr_par' dir='ltr' id='par_1_117' title="bbox 1715 5306 3312 5376">
     <span class='ocr_line' id='line_1_120' title="bbox 1715 5306 3312 5376; baseline 0.002 -15"><span class='ocrx_word' id='word_1_914' title='bbox 1715 5307 1874 5361; x_wconf 84' lang='lat' dir='ltr'><strong>metis</strong></span> <span class='ocrx_word' id='word_1_915' title='bbox 1906 5306 2246 5376; x_wconf 74' lang='lat' dir='ltr'><strong>Trismegisti</strong></span> <span class='ocrx_word' id='word_1_916' title='bbox 2277 5308 2495 5360; x_wconf 84' lang='lat' dir='ltr'><strong>nemine</strong></span> <span class='ocrx_word' id='word_1_917' title='bbox 2525 5309 2859 5362; x_wconf 87' lang='lat' dir='ltr'><strong>atnhulantia</strong></span> <span class='ocrx_word' id='word_1_918' title='bbox 2889 5309 3184 5368; x_wconf 88' lang='lat' dir='ltr'><strong>etiamnum</strong></span> <span class='ocrx_word' id='word_1_919' title='bbox 3217 5312 3312 5364; x_wconf 79' lang='lat' dir='ltr'><strong>ba-</strong></span> 
     </span>
    </p>
   </div>
   <div class='ocr_carea' id='block_1_118' title="bbox 1715 5377 3312 5442">
    <p class='ocr_par' dir='ltr' id='par_1_118' title="bbox 1715 5377 3312 5442">
     <span class='ocr_line' id='line_1_121' title="bbox 1715 5377 3312 5442; baseline 0.002 -9"><span class='ocrx_word' id='word_1_920' title='bbox 1715 5380 1908 5435; x_wconf 86' lang='lat' dir='ltr'><strong>bemos</strong></span> <span class='ocrx_word' id='word_1_921' title='bbox 1927 5419 1942 5439; x_wconf 93' lang='lat'><strong>,</strong></span> <span class='ocrx_word' id='word_1_922' title='bbox 1973 5387 2030 5430; x_wconf 89' lang='lat' dir='ltr'><strong>ot</strong></span> <span class='ocrx_word' id='word_1_923' title='bbox 2061 5381 2112 5431; x_wconf 91' lang='lat' dir='ltr'><strong>in</strong></span> <span class='ocrx_word' id='word_1_924' title='bbox 2154 5377 2495 5431; x_wconf 82' lang='lat' dir='ltr'><strong>Poemaodro</strong></span> <span class='ocrx_word' id='word_1_925' title='bbox 2522 5393 2572 5431; x_wconf 89' lang='lat' dir='ltr'><strong>c.</strong></span> <span class='ocrx_word' id='word_1_926' title='bbox 2599 5379 2634 5433; x_wconf 88' lang='lat'><strong>9</strong></span> <span class='ocrx_word' id='word_1_927' title='bbox 2653 5421 2666 5442; x_wconf 87' lang='lat'><strong>,</strong></span> <span class='ocrx_word' id='word_1_928' title='bbox 2694 5380 2828 5432; x_wconf 81' lang='lat' dir='ltr'><strong>et‘in</strong></span> <span class='ocrx_word' id='word_1_929' title='bbox 2859 5378 3096 5433; x_wconf 85' lang='lat' dir='ltr'><strong>Minerva</strong></span> <span class='ocrx_word' id='word_1_930' title='bbox 3128 5382 3312 5436; x_wconf 83' lang='lat' dir='ltr'><strong>Mundi</strong></span> 
     </span>
    </p>
   </div>
   <div class='ocr_carea' id='block_1_119' title="bbox 1710 5449 3312 5520">
    <p class='ocr_par' dir='ltr' id='par_1_119' title="bbox 1710 5449 3312 5520">
     <span class='ocr_line' id='line_1_122' title="bbox 1710 5449 3312 5520; baseline 0.002 -18"><span class='ocrx_word' id='word_1_931' title='bbox 1710 5469 1763 5517; x_wconf 81' lang='lat' dir='ltr'><strong>p.</strong></span> <span class='ocrx_word' id='word_1_932' title='bbox 1811 5449 1914 5511; x_wconf 54' lang='grc' dir='ltr'><strong>εἰς),</strong></span> <span class='ocrx_word' id='word_1_933' title='bbox 1965 5459 2023 5501; x_wconf 89' lang='grc' dir='ltr'><strong>ιιι</strong></span> <span class='ocrx_word' id='word_1_934' title='bbox 2069 5450 2314 5520; x_wconf 87' lang='lat' dir='ltr'><strong>omittam</strong></span> <span class='ocrx_word' id='word_1_935' title='bbox 2366 5463 2596 5520; x_wconf 61' lang='lat' dir='ltr'><strong>qnaiex</strong></span> <span class='ocrx_word' id='word_1_936' title='bbox 2647 5451 2918 5520; x_wconf 78' lang='lat' dir='ltr'><strong>Panareto</strong></span> <span class='ocrx_word' id='word_1_937' title='bbox 2967 5451 3312 5518; x_wconf 80' lang='lat' dir='ltr'><strong>Trismegisti</strong></span> 
     </span>
    </p>
   </div>
   <div class='ocr_carea' id='block_1_120' title="bbox 1713 5518 3312 5590">
    <p class='ocr_par' dir='ltr' id='par_1_120' title="bbox 1713 5518 3312 5590">
     <span class='ocr_line' id='line_1_123' title="bbox 1713 5518 3312 5590; baseline 0.001 -15"><span class='ocrx_word' id='word_1_938' title='bbox 1713 5522 1909 5579; x_wconf 81' lang='lat' dir='ltr'><strong>Paulus</strong></span> <span class='ocrx_word' id='word_1_939' title='bbox 1934 5519 2346 5590; x_wconf 79' lang='lat' dir='ltr'><strong>Alexandrinus</strong></span> <span class='ocrx_word' id='word_1_940' title='bbox 2373 5518 2446 5578; x_wconf 80' lang='grc' dir='ltr'><strong>Κ.</strong></span> <span class='ocrx_word' id='word_1_941' title='bbox 2481 5519 2514 5571; x_wconf 76' lang='lat'><strong>5</strong></span> <span class='ocrx_word' id='word_1_942' title='bbox 2536 5559 2551 5583; x_wconf 90' lang='lat'><strong>,</strong></span> <span class='ocrx_word' id='word_1_943' title='bbox 2581 5518 2656 5574; x_wconf 48' lang='lat' dir='ltr'><strong>et&#39;</strong></span> <span class='ocrx_word' id='word_1_944' title='bbox 2679 5536 2799 5590; x_wconf 71' lang='lat' dir='ltr'><strong>qum</strong></span> <span class='ocrx_word' id='word_1_945' title='bbox 2828 5521 2881 5576; x_wconf 91' lang='lat' dir='ltr'><strong>in</strong></span> <span class='ocrx_word' id='word_1_946' title='bbox 2912 5520 3137 5576; x_wconf 86' lang='lat' dir='ltr'><strong>Trolina</strong></span> <span class='ocrx_word' id='word_1_947' title='bbox 3174 5524 3312 5576; x_wconf 78' lang='lat' dir='ltr'><strong>Iler-</strong></span> 
     </span>
    </p>
   </div>
   <div class='ocr_carea' id='block_1_121' title="bbox 1714 5588 3311 5656">
    <p class='ocr_par' dir='ltr' id='par_1_121' title="bbox 1714 5588 3311 5656">
     <span class='ocr_line' id='line_1_124' title="bbox 1714 5588 3311 5656; baseline 0.001 -9"><span class='ocrx_word' id='word_1_948' title='bbox 1714 5591 1874 5648; x_wconf 79' lang='lat' dir='ltr'><strong>tnetis</strong></span> <span class='ocrx_word' id='word_1_949' title='bbox 1916 5588 2288 5656; x_wconf 69' lang='lat' dir='ltr'><strong>Astrolo‘giea,</strong></span> <span class='ocrx_word' id='word_1_950' title='bbox 2325 5590 2476 5643; x_wconf 82' lang='lat' dir='ltr'><strong>libris</strong></span> <span class='ocrx_word' id='word_1_951' title='bbox 2516 5588 2729 5645; x_wconf 83' lang='lat' dir='ltr'><strong>duobus</strong></span> <span class='ocrx_word' id='word_1_952' title='bbox 2759 5590 2829 5650; x_wconf 88' lang='lat' dir='ltr'><strong>de</strong></span> <span class='ocrx_word' id='word_1_953' title='bbox 2875 5594 3311 5648; x_wconf 82' lang='lat' dir='ltr'><strong>revolutionihus</strong></span> 
     </span>
    </p>
   </div>
   <div class='ocr_carea' id='block_1_122' title="bbox 1714 5660 3308 5734">
    <p class='ocr_par' dir='ltr' id='par_1_122' title="bbox 1714 5660 3308 5734">
     <span class='ocr_line' id='line_1_125' title="bbox 1714 5660 3308 5734; baseline -0.001 -14"><span class='ocrx_word' id='word_1_954' title='bbox 1714 5662 2088 5734; x_wconf 57' lang='lat' dir='ltr'><strong>nativitatum,</strong></span> <span class='ocrx_word' id='word_1_955' title='bbox 2121 5671 2176 5716; x_wconf 89' lang='lat' dir='ltr'><strong>et</strong></span> <span class='ocrx_word' id='word_1_956' title='bbox 2203 5663 2254 5715; x_wconf 90' lang='lat' dir='ltr'><strong>in</strong></span> <span class='ocrx_word' id='word_1_957' title='bbox 2283 5660 2632 5731; x_wconf 86' lang='lat' dir='ltr'><strong>aphorismis,</strong></span> <span class='ocrx_word' id='word_1_958' title='bbox 2666 5672 2827 5732; x_wconf 86' lang='lat' dir='ltr'><strong>atque</strong></span> <span class='ocrx_word' id='word_1_959' title='bbox 2851 5665 3308 5734; x_wconf 80' lang='lat' dir='ltr'><strong>jatromatltema-</strong></span> 
     </span>
    </p>
   </div>
   <div class='ocr_carea' id='block_1_123' title="bbox 1715 5730 2110 5790">
    <p class='ocr_par' dir='ltr' id='par_1_123' title="bbox 1715 5730 2110 5790">
     <span class='ocr_line' id='line_1_126' title="bbox 1715 5730 2110 5790; baseline -0.015 0"><span class='ocrx_word' id='word_1_960' title='bbox 1715 5735 1856 5790; x_wconf 89' lang='lat' dir='ltr'><strong>ticis.</strong></span> <span class='ocrx_word' id='word_1_961' title='bbox 1893 5730 2110 5787; x_wconf 73' lang='lat' dir='ltr'><strong>FABRIC.</strong></span> 
     </span>
    </p>
   </div>
   <div class='ocr_carea' id='block_1_124' title="bbox 1793 5801 2839 5876">
    <p class='ocr_par' dir='ltr' id='par_1_124' title="bbox 1793 5801 2839 5876">
     <span class='ocr_line' id='line_1_127' title="bbox 1793 5801 2839 5876; baseline 0.006 -22"><span class='ocrx_word' id='word_1_962' title='bbox 1793 5805 1807 5854; x_wconf 92' lang='lat' dir='ltr'><strong>l</strong></span> <span class='ocrx_word' id='word_1_963' title='bbox 1857 5801 2082 5858; x_wconf 80' lang='lat' dir='ltr'><strong>Crimen.</strong></span> <span class='ocrx_word' id='word_1_964' title='bbox 2117 5802 2304 5872; x_wconf 82' lang='lat' dir='ltr'><strong>Forte,</strong></span> <span class='ocrx_word' id='word_1_965' title='bbox 2345 5802 2582 5876; x_wconf 80' lang='lat' dir='ltr'><strong>crimina.</strong></span> <span class='ocrx_word' id='word_1_966' title='bbox 2616 5802 2839 5862; x_wconf 70' lang='lat' dir='ltr'><strong>FABRIC.</strong></span> 
     </span>
    </p>
   </div>
  </div>
