4058 7340
500 281 638 339 1255i
1809 275 2061 335 SANCTI
2100 277 2166 335 Pl

2262 274 2489 334 ASTRII
2554 303 2558 308 -
3665 272 3796 328 1256

495 399 564 455 de
615 397 776 452 Patre
810 437 827 464 ,
901 395 1114 468 ignorat
1160 393 1293 467 quid
1361 392 1678 450 conﬁtetur.
1751 391 1888 450 Cum
1945 395 2090 450 enim
2121 397 2169 457 Α
2198 393 2450 449 omnibus
2475 401 2638 463 atque
2667 388 2951 457 salutaris,
2977 387 3199 444 dicente
3243 384 3518 459 Propheta
3554 403 3568 441 :
3599 386 3799 442 Bonum

495 501 519 528 ιι
545 506 707 547 unam
739 496 894 562 putat
915 487 1150 546 evadere
1184 487 1418 543 heresin
1438 526 1454 553 ,
1481 487 1497 518 ¹
1529 485 1830 542 ineurritiu
1873 486 2097 542 alteram
2204 489 2330 545 mihi
2350 498 2449 556 est,
2481 486 2725 551 Domine,
2747 485 2887 556 quod
2916 481 3207 538 liumiliasti
3258 498 3360 542 me.
3391 490 3453 536 ut
3467 481 3673 537 discam
3692 484 3803 547 iu-

495 580 741 654 pejorem
768 623 785 650 ,
831 582 1128 654 ingenitum
1171 577 1371 636 Filium
1416 577 1751 640 conﬁtendo.
1793 578 1960 634 immo
2003 592 2101 650 po--
2205 582 2513 655 tiﬁcatianes
2537 591 2654 636 tuas
2681 578 2861 654 (Psal.
2923 593 3106 642 cxvnt,
3141 574 3253 648 71).
3289 575 3358 631 Et
3388 575 3588 631 iterum
3611 573 3687 630 de
3713 573 3805 628 ob-

500 675 610 732 tius
637 684 692 733 et
732 674 969 741 Patrem,
996 683 1050 731 et
1081 672 1285 729 Filium
1317 671 1640 744 denegando
1667 711 1684 739 ,
1709 669 1928 742 duoque
1953 671 2103 741 inge-
2200 675 2512 748 jurgaljone
2537 691 2551 728 ε
2578 683 2602 721 s
2634 671 2764 728 Cum
2818 670 3103 738 occidebat,
3149 668 3346 740 inquit,
3398 667 3660 721 Dominus
3709 664 3808 719 Ju-

497 772 612 831 ttita
634 769 1026 844 praedicando,
1059 778 1116 827 et
1146 768 1310 825 unius
1361 767 1540 823 Patris
1571 766 1824 840 iugeuiti,
1857 775 1915 823 et
1942 767 2102 823 unius
2206 770 2365 833 dicos,
2421 778 2542 821 tunc
2593 765 2922 836 inquirebant
2961 779 3109 829 eum,
3155 771 3204 818 et
3251 759 3534 834 vigilabant
3582 758 3657 814 ad
3696 775 3810 813 eum

501 865 648 932 Filii,
684 862 954 935 unigeniti
983 862 1051 920 de
1082 862 1263 930 Patre,
1311 861 1530 934 pr0prie
1555 859 1875 933 deneganda
1904 860 2105 916 verita-
2207 861 2387 932 (Psat.
2420 876 2622 927 Lxxvn,
2651 856 2767 930 54).
2801 857 2917 914 Νοιι
2949 859 3132 931 itaque
3160 857 3295 913 dicit
3340 857 3536 912 beatus
3574 855 3811 922 Aposto-

507 965 640 1014 tem.
2209 955 2314 1023 Ius,
2345 952 2459 1010 utll
2491 969 2598 1010 non
2645 968 2954 1017 curramus,
3004 961 3096 1007 aut
3146 967 3257 1006 non
3318 949 3554 1006 velimus
3597 948 3814 1005 servire

543 1046 830 1108 CXXVIII.
890 1047 1221 1106 I‘IERESIS
1277 1048 1366 1105 DE
1416 1044 1890 1104 INDURATIONE
1930 1045 2064 1101 DEI.
2209 1047 2364 1111 Deo;
2397 1046 2492 1103 sed
2528 1045 2546 1084 ί
2580 1047 2813 1117 primum
2833 1045 3101 1101 debemus
3133 1051 3319 1100 nostra
3346 1059 3573 1100 currere
3629 1043 3814 1099 volnu-

578 1146 725 1202 Sunt
753 1143 973 1216 quidam
1017 1143 1279 1212 hmretiei,
1308 1144 1401 1216 qui
1432 1143 1501 1200 de
1547 1142 1828 1199 Pharaone
1860 1143 1932 1198 ita
1963 1141 2109 1198 arbi-
2212 1150 2349 1206 tate,
2372 1139 2577 1197 deinde
2605 1154 2711 1195 non
2743 1155 2866 1194 cutn
2925 1138 3352 1210 prmsutnptione
3397 1147 3452 1193 et
3491 1136 3766 1208 jactantia
3799 1177 3816 1205 ,

509 1245 722 1293 trautur
765 1235 971 1292 dixisse
1014 1235 1306 1292 Dominum
1357 1250 1453 1307 per
1482 1234 1707 1292 Mosen:
1740 1235 1894 1300 Quod
1914 1234 1984 1287 ad
2011 1236 2108 1289 hoc
2214 1236 2228 1284 i
2265 1234 2419 1305 quasi
2453 1243 2640 1289 nostra
2683 1234 2885 1290 virtute
2910 1243 2963 1288 et
2991 1233 3203 1304 justitia
3231 1232 3252 1262 ⁵
3286 1231 3581 1303 condigna,
3620 1238 3685 1286 ut
3711 1244 3818 1284 non

511 1331 536 1370 ιι
559 1331 781 1388 excitavi
804 1341 884 1398 te,
911 1339 969 1385 ut
996 1331 1263 1386 ostendam
1300 1331 1353 1385 in
1381 1342 1430 1386 te
1455 1331 1693 1385 virtutem
1719 1345 1881 1384 meam
1906 1327 2105 1399 (Exod.
2210 1329 2414 1386 Christi
2446 1344 2753 1385 mereamur
2779 1328 2980 1384 salvari
3003 1328 3319 1384 clementia.
3351 1326 3456 1394 Qui
3494 1327 3650 1383 enim
3698 1341 3820 1380 cur—

521 1442 597 1492 ιι,
634 1425 747 1496 16).
781 1424 884 1480 Et:
929 1437 952 1465 ο
992 1424 1262 1481 Indurans
1294 1425 1551 1480 indurabo
1583 1442 1673 1480 cor
1700 1423 2017 1488 Pharaonis,
2052 1441 2115 1479 ne
2212 1424 2287 1480 rit
2312 1438 2435 1480 cum
2459 1422 2737 1494 superbia,
2763 1433 2816 1478 et
2849 1423 3295 1494 praesumptione,
3340 1437 3446 1478 non
3474 1437 3506 1475 a
3541 1421 3659 1478 Deo
3700 1435 3824 1491 5pc-

517 1518 742 1574 dimittat
770 1536 856 1574 vos
885 1517 1086 1593 (Exod.
1116 1535 1202 1586 tv,
1223 1517 1339 1591 Ἡ).
1370 1518 1437 1574 Et
1468 1519 1544 1574 ait
1566 1520 1890 1590 Apostolus:
1913 1514 1941 1555 ἀ
1970 1515 2112 1587 Ergo
2215 1525 2298 1573 rat
2329 1516 2664 1586 praesidium,
2699 1525 2964 1587 quantum
2997 1531 3062 1572 ex
3105 1531 3200 1572 sua
3233 1516 3669 1588 conversatione
3721 1515 3823 1571 sibi

507 1629 670 1684 neque
686 1611 905 1667 volentis
933 1653 947 1678 ,
995 1627 1160 1683 neque
1189 1613 1478 1679 currentis,
1532 1610 1624 1666 sed
1688 1610 1976 1666 miserentis
2015 1607 2114 1664 Dei
2216 1611 2494 1680 prtesumit
2530 1609 2822 1680 justitiam.
2855 1609 2921 1665 Et
2945 1625 3170 1666 currere
3219 1611 3424 1680 itaque,
3461 1621 3518 1665 et
3550 1609 3701 1664 velle
3726 1624 3826 1664 nos

506 1713 602 1762 est.
631 1703 739 1762 Sed
767 1704 882 1760 haac
915 1719 1024 1760 non
1058 1704 1327 1760 deliniens
1356 1704 1492 1760 dicit
1533 1704 1853 1775 Apostolus,
1885 1704 1981 1760 sed
2003 1703 2117 1759 dis-
2217 1703 2377 1760 docet
2393 1703 2589 1759 beatus
2611 1703 2908 1773 Apostolus
2933 1720 2948 1770 ;
2972 1705 3135 1774 inque
3156 1712 3345 1759 nostra
3368 1701 3662 1758 voluntate
3682 1716 3826 1768 esse,

510 1807 717 1870 putans
743 1806 909 1870 atque
931 1797 1171 1854 edocens
1198 1797 1343 1868 quod
1369 1812 1558 1855 verum
1599 1805 1706 1863 est,
1741 1811 1810 1852 ne
1838 1797 1908 1852 ita
1939 1796 2112 1851 Deum
2143 1816 2191 1876 Β
2219 1809 2275 1854 ut
2299 1801 2349 1854 itt
2383 1797 2505 1870 ipso
2532 1813 2694 1854 cursu
2726 1801 2994 1856 bonorum
3021 1814 3247 1869 operum
3276 1799 3332 1854 in
3361 1797 3680 1856 humilitate
3705 1814 3831 1869 per-

514 1890 726 1948 dixisse
753 1892 876 1962 quis
914 1892 1170 1947 aestimet.
1221 1890 1399 1948 Debet
1442 1891 1588 1948 enim
1636 1890 1920 1948 attendere
1969 1890 2114 1960 quod
2221 1908 2561 1961 sereremus,
2593 1908 2656 1950 ac
2686 1903 2815 1949 tnnc
2840 1893 3061 1950 demum
3090 1908 3376 1964 Speremus
3402 1892 3645 1948 salutem
3673 1908 3833 1962 posse

515 1987 592 2042 ait
626 1987 926 2044 Dominus:
958 1984 1030 2042 Ut
1065 1985 1335 2041 ostendam
1363 1986 1417 2040 in
1439 1995 1487 2041 te
1521 1986 1713 2057 quippe
1741 1996 1764 2023 θ
1793 2002 1994 2041 omnem
2014 1985 2118 2041 vir-
2220 1987 2288 2042 ab
2319 1987 2442 2055 ipso
2475 1986 2705 2042 Domino
2731 1986 2982 2058 adipisci,
3016 1997 3072 2042 ut
3117 1987 3193 2041 ait
3237 1985 3545 2041 Dominus:
3597 1983 3673 2040 Et
3717 2004 3834 2041 cum

517 2090 672 2136 tatem
697 2097 863 2135 meam
888 2121 902 2146 ,
959 2079 1012 2135 id
1043 2090 1128 2135 est
1179 2079 1680 2151 magnanimitatem
1714 2122 1729 2148 ,
1768 2079 2068 2136 bonitatem
2099 2121 2114 2149 ,
2222 2079 2453 2151 feceritis
2474 2080 2673 2146 omnia,
2723 2079 2881 2133 dicite
2907 2082 3044 2148 quod
3071 2078 3093 2116 ¹ί
3119 2079 3251 2134 servi
3295 2096 3475 2134 sumus
3533 2080 3839 2150 nequissimi

523 2173 940 2240 sustinentiam,
997 2187 1123 2245 qua:
1145 2183 1229 2228 est
1257 2173 1447 2244 utique
1487 2173 1508 2204 '
1536 2173 1797 2229 omnibus
1819 2172 1923 2228 hoc
1950 2171 2118 2229 edusa
2223 2174 2382 2247 (Luc.
2411 2190 2543 2236 xvu.
2577 2172 2688 2247 10).
2718 2173 2818 2229 Et:
2855 2175 2917 2231 Si
2925 2179 3102 2248 justus
3129 2175 3216 2229 vix
3239 2175 3475 2229 salvatur
3503 2186 3792 2248 ,‘peccutor
3821 2214 3837 2239 ,

522 2267 577 2323 in
611 2267 836 2324 saeculo.
865 2265 1002 2322 Cum
1034 2266 1182 2322 enim
1216 2257 1267 2321 ei
1295 2265 1447 2334 dicit,
1482 2265 1631 2321 omni
1675 2264 1885 2321 homini
1906 2264 2040 2322 dicit
2067 2267 2120 2321 in

517 2377 752 2434 corpore
779 2362 1104 2427 constituto,
1138 2359 1192 2415 in
1224 2360 1587 2430 proslteritate
1612 2360 1838 2431 quippe,
1869 2358 2124 2416 facultate

515 2469 583 2511 ac
615 2455 860 2525 potentia
877 2453 1169 2525 temporali
1194 2451 1506 2521 annuntiat,
1536 2455 1628 2524 qui
1657 2469 1784 2508 cum
1807 2453 1875 2508 ad
1905 2452 2124 2509 divitias

523 2548 852 2619 attendunt,
898 2551 1183 2620 segniores
1223 2563 1289 2604 ac
1337 2547 1761 2619 negligentiores
1813 2547 2126 2604 efﬁciuntur

520 2643 669 2700 circa
704 2641 799 2699 Dei
829 2641 1036 2698 Christi
1074 2640 1329 2698 timorem
1361 2650 1416 2697 et
1441 2643 1698 2713 gratiam,
1735 2656 1960 2712 suaeque
1986 2642 2006 2672 ³
2052 2642 2126 2698 ita

524 2751 700 2807 usque
722 2735 790 2790 ad
822 2734 987 2791 linem
1016 2735 1210 2792 salutis
1239 2735 1667 2803 obliviscuntur,
1699 2749 1765 2791 ac
1794 2735 2010 2792 timoris
2032 2734 2130 2791 Dei

523 2830 837 2888 efliciuntur
861 2831 1238 2888 immemores.
1268 2827 1407 2885 Cum
1446 2833 1594 2885 enim
1635 2829 1990 2886 tribularetur
2016 2831 2130 2901 ipse

523 2924 737 2982 Pharao
764 2966 778 2990 ,
803 2925 1008 2980 invitus
1042 2926 1329 2980 Dominum
1361 2926 1751 2996 cognoscebat,
1785 2934 1842 2980 ut
1866 2925 2128 2995 scriptum

525 3033 608 3077 est
641 3019 843 3092 (Exod.
885 3035 1005 3088 VIII,
1038 3019 1091 3087 8,
1121 3019 1226 3084 25;
1257 3036 1334 3085 tx,
1365 3019 1436 3075 27
1466 3036 1482 3086 ;
1514 3037 1547 3076 x
1569 3063 1586 3087 ,
1612 3018 1730 3092 24).
1755 3005 2001 3092 Cumque
2032 3021 2133 3076 ite—

526 3133 648 3174 rnm
678 3115 1058 3172 dimittebatur
1087 3130 1117 3170 a
1145 3115 1260 3172 Deo
1286 3157 1302 3182 ,
1321 3117 1718 3172 revertebatur
1760 3126 1819 3171 ut
1867 3121 2020 3171 canis
2063 3115 2130 3171 ad

2226 2271 2308 2325 εει
2332 2270 2523 2342 impius
2549 2269 2637 2324 ubi
2658 2286 2844 2341 appar:
2857 2269 2928 2324 bit
2959 2268 3143 2338 (Prov.
3171 2285 3248 2334 xt,
3278 2268 3372 2341 51)
3392 2269 3419 2324 ?
3447 2269 3596 2341 Ergo
3613 2279 3752 2324 sunt
3789 2269 3842 2324 in

2227 2363 2388 2422 nobis
2415 2364 2688 2436 quzcdam,
2720 2365 3000 2436 inquibus
3027 2363 3360 2420 currendum
3399 2374 3505 2420 est.
3557 2364 3709 2420 Sunt
3750 2380 3843 2419 att-

2229 2469 2338 2516 tem
2389 2459 2598 2530 majora
2629 2475 2751 2530 qua:
2802 2475 2831 2514 a
2877 2459 2990 2516 Deo
3036 2460 3330 2532 speranda,
3381 2469 3440 2516 et
3483 2459 3844 2532 impetranda

2229 2565 2382 2624 sunt,
2415 2565 2475 2611 ut
2499 2556 2578 2611 ait
2605 2555 2904 2627 Apostolus
2937 2575 2950 2610 :
3001 2553 3229 2611 Nescitis
3282 2554 3410 2626 quid
3455 2555 3655 2626 petatis
3690 2553 3844 2626 (Lac.

2230 2667 2324 2718 xx,
2346 2651 2466 2723 22).
2501 2649 2571 2708 Ut
2597 2660 2724 2722 puta
2751 2651 2796 2706 si
2818 2651 2940 2723 quis
2961 2649 3180 2714 dixerit,
3205 2665 3428 2720 possum
3451 2665 3583 2707 esse
3608 2662 3846 2722 martyr,

2233 2760 2460 2817 possum
2483 2761 2608 2801 esse
2633 2745 2952 2817 apostolus;
3001 2755 3057 2800 et
3083 2758 3192 2800 non
3221 2743 3377 2812 dicit,
3405 2743 3449 2799 si
3486 2743 3643 2798 Deus
3697 2741 3852 2798 Citri-

2233 2851 2350 2896 stus
2373 2840 2632 2907 voluerit,
2667 2839 2814 2909 quod
2845 2838 2914 2895 ab
2935 2856 3002 2895 eo
3029 2840 3425 2895 incrementum
3466 2835 3524 2892 id
3572 2838 3850 2902 muneris,

2233 2945 2288 2992 et
2315 2936 2506 3004 gratia:
2528 2936 2730 3007 quippe
2760 2933 3065 2999 confertur,
3091 2949 3199 2988 non
3223 2947 3361 2987 vana
3387 2931 3680 2986 hominum
3716 2947 3854 3000 prx-

2235 3026 2569 3097 sumptione,
2619 3037 2784 3096 atque
2823 3026 3091 3098 jactantia
3141 3034 3529 3095 comparatur:
3579 3023 3856 3078 tentantis

2237 3131 2322 3177 est
2345 3119 2490 3175 enim
2528 3121 2765 3177 ltontinis
2782 3122 3038 3177 voluntas
3053 3118 3384 3190 lmjusmodi,
3406 3134 3470 3174 ac
3496 3132 3854 3188 praesumen-

528 3228 688 3268 suum
746 3212 1014 3266 vomitum
1067 3209 1254 3280 (Prov.
1288 3226 1436 3277 xxw,
1466 3211 1530 3266 11
1559 3226 1574 3276 ;
1633 3209 1675 3265 II
1733 3209 1878 3264 Petr.
1934 3225 1993 3276 tt,
2015 3207 2134 3279 2:2).
2167 3220 2211 3284 ο
2245 3217 2469 3279 tis;nou
2499 3217 2818 3286 quzcreutis,
2843 3224 2897 3269 et
2918 3215 3301 3286 supplicantis,
3333 3221 3394 3268 nt
3414 3221 3626 3268 tantam
3655 3226 3857 3268 conse-

527 3303 766 3376 Ideoque
802 3304 1046 3360 omnium
1088 3301 1458 3373 Paganorum,
1507 3301 1846 3367 Judmorum,
1907 3302 2130 3357 lucreti-

531 3393 748 3463 corum,
775 3397 1120 3466 divitumque
1149 3395 1366 3463 animas,
1393 3411 1459 3451 ac
1486 3396 1828 3464 peccantium
1863 3397 2136 3466 pariterin

532 3491 899 3563 pro~peiitate
948 3490 1375 3560 contemptrices
1431 3489 1529 3547 Dei
1576 3490 1928 3562 reperiuntur
1969 3491 2138 3548 inter-

529 3585 705 3643 dum:
738 3586 860 3643 ideo
896 3584 913 3624 ί
949 3584 1187 3643 eruditio
1228 3585 1379 3642 utilis
1409 3593 1497 3642 est
1547 3584 1792 3642 humano
1842 3587 2032 3657 generi
2085 3587 2136 3641 in

2239 3308 2331 3378 qui
2357 3317 2634 3364 mereatur
2661 3309 3005 3378 dignitatem.

2273 3398 2515 3457 CXXIX.
2557 3399 2888 3458 IIAERESIS
2935 3400 3212 3458 NEGANS
3267 3397 3478 3456 DAVID
3535 3395 3822 3453 CHRISTI

2703 3496 2933 3552 PROPH
2943 3496 3131 3552 ETAM
3177 3495 3441 3554 FUISSE.

2313 3591 2452 3648 Sunt
2467 3590 2690 3663 quidam
2711 3589 2976 3660 harretici,
2990 3603 3049 3648 ut
3067 3589 3083 3630 1
3103 3589 3414 3657 Manicbzei,
3438 3599 3477 3627 ω
3495 3597 3555 3646 et
3579 3587 3855 3653 Gnostici,

1376 3720 1534 3778 COD.
1579 3719 1691 3778 MS.
1733 3719 2088 3777 SANGERM.
2131 3720 2515 3780 LECTIONES
2555 3721 2964 3780 VARIANTES.

600 3845 616 3876 ί
644 3843 849 3894 incurrit
871 3840 1080 3891 alteram

598 3909 619 3940 ³
641 3906 870 3956 omnibus
893 3901 1049 3954 effusa

599 3969 620 4002 ³
643 3969 713 4020 ita
737 3967 795 4017 ad
816 3965 965 4018 ﬁnem

2309 3838 2331 3871 ⁸
2356 3839 2600 3903 condigne
2624 3847 2676 3890 et
2701 3854 2796 3890 non

2311 3903 2330 3933 ⁸
2359 3908 2411 3952 et
2435 3902 2614 3966 Impius
2634 3918 2734 3965 quo
2755 3902 3023 3968 appellabit

1635 4047 1939 4105 FABRICII
1980 4048 2066 4104 ET
2105 4047 2462 4107 GALEARDI
2500 4049 2732 4108 ΝΟΤΑΕ.

612 4183 638 4210 ⁸
667 4172 838 4229 Unam
861 4179 1008 4241 putat
1031 4169 1521 4242 evadereijtazresin.
1551 4167 1903 4242 Arianorttm.
1937 4170 1994 4226 τὸ
2015 4169 2140 4242 ὁμο-

542 4244 736 4305 οὗσιον,
762 4251 818 4298 et
857 4240 1219 4297 aeternitatem
1249 4241 1373 4306 Etlii
1403 4242 1741 4312 negantium.
1777 4240 1994 4297 FABRIC.

614 4314 915 4394 b-Is'xct'tavi
968 4312 1252 4394 (eLExod.
1298 4329 1353 4394 tx
1380 4353 1395 4378 ,
1427 4313 1516 4379 16,
1552 4316 1844 4394 Wa;
1876 4313 2032 4370 Rom.
2066 4329 2139 4394 εκ,

547 4382 1188 4465 i7_.f5513'yt_tpo't__a’£_._yi_(!e,
1212 4385 1255 4439 si
1283 4385 1486 4465 placet,
1515 4382 1718 4465 ad'lorn
1748 4387 1862 4440 lta'c
1892 4395 2040 4465 recte
2065 4385 2148 4465 in-

551 4454 846 4527 telligenda
880 4458 940 4514 Β.
975 4454 1356 4527 Wolfgattgtim
1387 4454 1678 4513 Frattzinm
1703 4458 1754 4509 itt
1787 4458 2052 4526 praeclaro
2078 4458 2147 4514 de

548 4529 1013 4657 interlpretatione
1042 4527 1341 4591 Scriptura:
1363 4541 1550 4597 opere.
1585 4527 1804 4584 FABRIC.

624 4618 645 4642 υ
717 4604 947 4657 ndnrans
967 4599 1243 4656 tndurabo.
1264 4599 1437 4655 Exod.
1459 4615 1531 4657 tv.
1559 4601 1655 4657 2|.
1673 4602 1804 4657 D'ﬂ'ls

624 4618 733 4657 ⁸11

2245 4172 2382 4248 enim
2409 4170 2692 4248 Christiani
2730 4172 2976 4248 hominis.
3021 4173 3194 4248 inquit
3220 4173 3449 4248 Optatos
3489 4189 3527 4229 tt
3549 4218 3565 4238 ,
3594 4175 3698 4244 20,
3733 4180 3864 4248 quod

2248 4242 2434 4316 bonum
2461 4252 2536 4298 est
2552 4246 2711 4316 cette,
2741 4259 2789 4299 et
2817 4245 2869 4299 in
2891 4262 2949 4300 eo
2976 4246 3113 4316 quod
3141 4242 3281 4300 bene,
3303 4247 3526 4300 voluerit
3547 4289 3563 4309 ,
3615 4242 3863 4315 currere;

2248 4315 2338 4391 sed
2361 4315 2560 4391 homini
2585 4333 2685 4391 non
2707 4327 2784 4391 est
2806 4315 3289 4391 datumperﬁcere,
3307 4328 3363 4391 u_t
3386 4328 3502 4386 post
3521 4324 3727 4387 spatia.
3757 4339 3867 4391 qua

2251 4385 2394 4440 debet
2417 4386 2848 4462 Itomo_imptere,
2893 4385 3044 4444 restet
3090 4385 3291 4459 aliquid
3316 4385 3448 4455 Deo,
3479 4385 3568 4445 ubi
3598 4385 3864 4462 deﬁcienti

2252 4467 2537 4513 succurrat.
2574 4459 2794 4517 FABRIC.

2330 4529 2347 4567 ί
2394 4528 2633 4607 Primum
2659 4535 2899 4607 debemus
2929 4544 3104 4607 nostra
3123 4550 3336 4607 currere
3359 4534 3641 4607 voluntate.
3682 4535 3864 4607 Ipsum

734 4604 947 4682 {durans
967 4599 1243 4682 indurabo.
1264 4595 1534 4682 Exostv,
1559 4601 1822 4682 2t,‘pmn
1845 4605 1956 4668 un,
1976 4611 2030 4654 et
2048 4617 2144 4682 v_tt,
2173 4595 2228 4656 D
2253 4602 2420 4682 etiam
2435 4603 2573 4659 velle
2587 4614 2848 4675 operante
2870 4605 2923 4659 itt
2937 4605 3095 4662 nobis
3121 4604 3332 4661 Domini
3351 4608 3549 4678 gratia.
3575 4595 3786 4680 Philip.
3809 4627 3865 4675 tt,

546 4677 602 4756 ζ»,
661 4679 834 4756 MPR
853 4677 946 4756 jJts
973 4675 1073 4756 ἐγῲ
1095 4673 1382 4756 animum...
1419 4671 1742 4756 Dhilastt‘iit's
1771 4688 1839 4756 ex
1863 4675 2142 4756 memoria:

549 4742 713 4819 lapsu
733 4742 830 4816 p'ro
847 4742 1102 4819 indurabo
1114 4742 1336 4819 scripsit
1354 4744 1608 4800 indurans
1623 4742 1899 4819 indurabo.
1925 4743 2141 4819 Faentc.

621 4811 648 4894 ἒ
674 4811 833 4876 Téxt.
865 4817 1044 4894 Graec.
1076 4857 1090 4880 ,
1123 4811 1254 4894 ’ξᾼρά
1277 4811 1362 4873 οὖν
1386 4819 1446 4872 οὐ
1475 4825 1566 4874 τοῦ
1598 4817 1824 4894 θέλογτρς
1854 4858 1868 4880 ,
1911 4816 2024 4873 οὐδᾶ
2053 4824 2144 4874 τοῦ

549 4892 860 4967 τρέχοντος,
875 4888 1000 4944 ἀλλὰ
1021 4894 1111 4944 τοῦ
1134 4888 1556 4967 ingenuom,
1581 4905 1688 4967 quo
1708 4889 1901 4967 inloco
1917 4903 2149 4953 μευ-θηο-

549 4958 777 5044 ερεὲξειιιι
798 4963 958 5044 ιιξὶιυιιι
988 4975 1180 5044 trimum
1203 4958 1590 5044 Hebraicarum
1857 4965 2150 5044 Dm‘notat

551 5033 786 5090 Mericus
839 5029 1191 5102 Casaubonus
1239 5030 1472 5102 diatriba
1529 5033 1597 5087 de
1628 5029 1855 5101 'lingnis
1887 5049 1938 5102 p.
1972 5030 2064 5098 84,
2096 5041 2151 5086 et

550 5107 604 5161 in
637 5104 784 5161 notis
817 5103 883 5158 ad
915 5101 1168 5168 Optatum
1199 5101 1294 5157 lib.
1324 5117 1383 5166 tt,
1413 5117 1462 5157 c.
1491 5102 1579 5158 9.0.
1612 5102 1830 5158 FABRIC.

627 5187 651 5214 ο
683 5175 904 5231 Omnem
931 5175 1170 5228 virtutem
1217 5190 1400 5228 meam.
1437 5174 1609 5230 Exod.
1649 5190 1734 5238 tx,
1774 5174 1870 5240 16,
1901 5184 1954 5229 et
1986 5174 2146 5230 Rom.

554 5265 630 5314 lx,
660 5249 752 5310 17,
780 5245 918 5309 ὅπως
945 5244 1244 5319 ἐνδείξωμαι
1271 5247 1318 5301 ἐν
1341 5249 1425 5302 σοὶ
1458 5252 1547 5308 τὴν
1571 5247 1735 5318 ἰσχύν

555 5320 884 5376 Pltilastrius
909 5320 1217 5385 explicandt
1247 5333 1412 5373 causa
1443 5321 1710 5386 adjunxu.

631 5390 650 5428 ί
699 5391 956 5445 Eruditio.
995 5391 1098 5444 Per
1123 5389 1445 5444 afllictiones
1467 5399 1524 5444 et
1543 5391 1904 5444 calamitates.
1933 5389 2152 5445 FABRIC.

629 5471 654 5507 Β
680 5461 847 5527 LXX,
872 5460 1033 5519 Ὀταν
1062 5462 1350 5519 ἀπέκτεινεν
1377 5463 1587 5527 αὐτοὺς,
1620 5464 1828 5527 ἐζήτουν
1857 5462 2039 5526 αὐτὸν,
2070 5465 2157 5516 καὶ

553 5534 998 5610 ἓζτέστρεςζοςδηκαὶ
1032 5532 1286 5610 apameae
1315 5536 1447 5608 πρὸς
1475 5535 1626 5610 eam:
1653 5535 1806 5588 Unde
1849 5535 2156 5610 suspicetur

555 5604 760 5676 aliquis
787 5604 1456 5672 Philastriuin'scripsisse
1497 5604 1566 5658 ad
1586 5604 1898 5731 DeuntiPpro
1927 5605 1996 5659 ad
2017 5621 2155 5659 eum.

1799 5691 1955 5731 Αιηιιο

1799 5691 1955 5732 Αυκιο

632 5747 658 5788 δ
702 5745 824 5803 Non
852 5763 1146 5815 curramus,
1190 5758 1278 5803 aut
1320 5765 1426 5804 non
1477 5748 1711 5803 velimus.
1746 5747 1999 5818 Quando,
2023 5746 2161 5805 dixit

558 5839 664 5879 non
699 5835 822 5878 esse
871 5819 1168 5887 currentis,
1212 5834 1314 5876 nec
1353 5820 1588 5877 volentis
1621 5819 1778 5877 Rom.
1817 5835 1902 5890 ιχ,
1928 5820 1997 5876 16
2027 5819 2160 5877 :Est

1817 5268 1895 5301 ου.
1932 5245 2150 5301 Omnem

1791 5331 1965 5373 ABRIC.

2251 4675 2338 4739 15,
2374 4672 2590 4731 FABRIC.

2325 4747 2339 4821 ξ
2393 4746 2558 4814 Quasi
2584 4757 2763 4802 nostra
2786 4748 3090 4821 virtute.....
3119 4749 3310 4805 salvari
3337 4749 3630 4806 statuentia.
3658 4752 3870 4821 Super-

2249 4817 2368 4893 ﬂ_uit
2395 4821 2454 4874 τὸ
2485 4828 2539 4893 ut
2570 4829 2677 4875 tam
2709 4821 2760 4874 in
2793 4820 3090 4890 Ilantburg.
3122 4837 3283 4893 quam
3314 4821 3368 4877 in
3413 4822 3725 4878 Basilernsi
3748 4817 3871 4880 edi-

2253 4889 2433 4965 tione,
2478 4889 2635 4946 deest
2662 4900 2925 4965 autemet
2969 4889 3188 4965 quidem
3216 4903 3369 4948 recte
3398 4893 3452 4948 in
3482 4894 3867 4965 Lugdunensi.

2251 4960 2421 5036 Corb.
2435 4976 2598 5036 porro
2613 4962 2737 5036 cod.
2757 4960 3069 5036 lcgitrcttt‘on
3087 4963 3302 5036 Christi,
3318 4982 3472 5030 aeque
3492 4960 3654 5022 bene.
3685 4968 3867 5036 Supra

2254 5047 2375 5101 cap.
2404 5031 2526 5110 I27,
2552 5035 2742 5090 eadem
2770 5034 2938 5090 editio
2951 5035 3203 5110 Lugdun.
3233 5035 3414 5110 habet.
3436 5049 3650 5110 propter
3671 5031 3871 5110 sempi-

2254 5115 2454 5158 ternum
2481 5107 2830 5172 durationem,
2857 5113 2915 5163 et
2943 5106 3186 5162 concinit
3214 5107 3379 5163 etiam
3407 5106 3575 5165 Corb.
3604 5106 3872 5174 liberi-at

2255 5175 2423 5254 Basil.
2472 5189 2551 5254 et_
2574 5177 2868 5251 Hamburg.
2903 5178 3074 5235 editio
3108 5181 3322 5250 legunt,
3353 5192 3564 5252 prapter
3593 5184 3872 5254 sempiter-

2256 5249 2484 5302 nitatem.
2512 5248 2794 5305 Cautum.

2332 5317 2550 5405 {Servii
2596 5339 2771 5376 sumus
2810 5323 3142 5405 nequissimi.
3186 5323 3388 5391 Gram,
3427 5326 3682 5405 ἀχρεῖοί,
3741 5330 3870 5382 seni

2257 5392 2485 5463 inutiles.
2516 5392 2690 5463 Supra
2721 5409 2771 5448 c.
2805 5392 2929 5450 125.
2964 5394 3182 5451 FABRIC.

2337 5463 2353 5500 ι
2389 5461 2689 5520 Monk/nvi.
2717 5464 2819 5534 Qui
2840 5465 3114 5540 Logetnet
3141 5466 3446 5540 Prophetas
3477 5470 3866 5540 repudiabant,

2263 5544 2320 5589 ut
2348 5544 2567 5592 constat
2590 5553 2655 5591 ex
2685 5540 2975 5608 Augustini
3004 5537 3099 5593 lib.
3128 5549 3317 5594 contra
3338 5537 3737 5599 Adversa-rium
3763 5537 3871 5600 M04

2261 5607 2362 5685 sis,
2395 5618 2449 5685 et
2497 5607 3049 5685 proplietar’utngrm
3089 5611 3359 5685 λεγομένην
3397 5614 3624 5670 παλαιάν
3654 5615 3868 5674 iam

2263 5681 2491 5759 ἱστορέων
2528 5682 2856 5759 inﬁnitain-1,
2885 5681 2964 5737 ait
2988 5684 3059 5738 de
3086 5681 3399 5740 Hatt'icltmis
3427 5687 3747 5744 Alexander
3775 5691 3868 5759 Ly-

2263 5753 2495 5820 CUleilﬂ
2521 5767 2574 5820 p.
2609 5755 2695 5808 19.
2725 5753 2943 5809 FABRIC.

2337 5821 2374 5844 "
2409 5821 2474 5877 Et
2503 5821 2758 5892 Gnostici,
2781 5835 2829 5880 et
2855 5824 3152 5883 Nicolaitw.
3187 5825 3445 5887 Fortasse
3479 5829 3780 5904 legendum
3804 5830 3866 5889 Et

2065 6255 4008 6564 ,ιθ-ἠ-
