2029 3670
147 102 212 131 1275

766 104 869 133 LIBER
891 105 935 134 DE
954 105 1174 135 HIERESIBUS.

1721 107 1791 137 1274

146 161 170 189 in
185 161 314 197 prop/telis
329 161 429 190 deinde
451 162 577 191 scientiae
592 164 712 192 caelestis
728 163 896 198 fecunditas;
912 165 938 192 in
952 171 979 201 Α
991 165 1017 192 in
1033 173 1085 201 quo
1100 165 1235 201 apparuit,
1252 165 1277 193 id
1301 171 1342 193 est
1361 174 1397 193 χιι
1410 165 1469 194 dies
1489 171 1549 202 post
1572 166 1598 194 in
1622 174 1677 203 quo
1695 175 1793 203 passus

144 207 312 235 sacerdotibus
327 208 403 236 labor
414 208 504 242 fortis,
518 215 546 237 et
559 211 684 245 pertinax
697 212 868 239 concertatio
881 219 940 239 cer-

145 258 271 287 neretur;
286 254 311 281 in
327 256 452 290 apostolis
466 257 571 284 volatus
587 257 710 285 sublimis
732 258 758 285 in
777 258 897 292 coelum,
914 263 941 286 et

143 301 262 328 eminens
285 301 402 337 dignitas
427 308 639 332 monstraretur.
672 304 762 340 thue
790 305 939 332 formarum

143 351 205 374 ante
219 347 367 375 diversitas
381 349 539 382 nuntiabat,
555 350 728 379 diversarum
741 351 843 387 quippe
857 351 941 378 virtu-

143 400 196 422 tum
206 395 325 422 coelestia
340 396 436 423 merita
454 401 466 414 κ
482 396 510 424 in
528 396 632 425 Christi
647 398 793 433 praesentia
808 398 939 426 manifes-

138 447 261 469 tarentur
274 442 301 469 in
316 443 417 470 smculo
428 465 435 477 ,
449 444 483 471 ab
504 451 539 471 eo
553 444 654 479 quippe
668 452 801 473 concessa
823 445 939 473 Domino

139 488 301 517 Salvatore:
318 497 381 517 nam
405 491 432 518 in
448 491 540 519 Leone
568 500 681 526 regnum
704 491 893 525 fortitudinis,
911 493 938 520 in

142 535 227 563 Vitnlo
246 536 323 564 labor
338 538 508 571 exuberans,
535 538 560 565 in
591 538 707 566 llontine
722 540 814 574 passio
837 539 938 566 indesi-

138 589 215 616 nens,
232 582 258 609 in
273 582 370 617 Aquila
385 584 492 611 volatus
508 584 633 612 sublimis
647 585 816 622 agnoscitur,
831 590 937 613 certan-

137 628 200 655 tium
214 628 332 662 scilicet,
347 629 361 647 ι)
376 635 457 665 atque
467 630 644 664 micantium,
662 632 794 666 Apostolo
807 632 934 660 dicente:

137 674 232 702 Nostra
247 677 408 704 conversatio
421 678 428 692 ¹
444 678 470 704 in
482 678 552 705 caelis
565 677 676 713 (Philip.
699 687 738 711 ιιι,
754 679 801 714 20)
813 687 820 711 ;
834 684 860 706 et
874 688 880 704 :
893 688 936 706 ro-

134 723 234 757 piemur
240 724 267 750 in
274 725 376 757 cretum,
386 730 409 751 et
421 724 517 752 erimus
524 733 623 760 semper
629 734 687 752 cum
698 725 801 753 Christo
811 726 832 761 (l
843 725 933 753 Thess.

133 778 168 804 tv,
183 771 239 807 17).
259 772 293 798 Et
311 772 440 800 Dominus
459 773 588 807 dignaltts
609 778 651 800 cst
666 773 758 801 dicere
774 782 781 801 :
796 773 876 801 Pater
892 773 935 800 ubi

131 824 176 853 ego
191 826 247 845 sum
259 839 267 852 ,
282 819 292 834 ’
304 819 360 846 uolo
374 824 396 846 et
408 819 451 846 isti
463 820 514 846 sint
529 818 620 854 (Joan.
636 827 701 853 xvu,
717 819 777 855 25).

488 865 567 893 CXL.

164 911 186 948 [³
200 912 271 940 Sunt
286 913 560 949 quidamldubitautes
575 913 697 942 haeretici
712 914 746 942 de
755 914 799 941 die
808 914 927 950 Epipha-

128 960 234 988 uiorum
249 961 357 988 Domini
371 961 522 989 Salvatoris
534 962 577 996 qui
589 962 744 990 celebratur
759 966 853 989 octavo
867 961 928 989 idus

126 1005 284 1039 Januarias,
299 1007 419 1035 dicentes
435 1008 523 1036 solum
539 1008 660 1036 Natalem
676 1008 777 1036 debere
793 1015 840 1036 eos
856 1008 928 1035 cele-

125 1052 331 1081 brareADomini
347 1058 442 1081 octavo
455 1054 584 1082 kalendas
598 1054 751 1088 Januarias,
769 1062 821 1082 non
838 1059 926 1083 tamen

124 1099 195 1126 diem
220 1100 454 1135 Epiphaniorum,
472 1101 628 1136 ignorantes
651 1101 724 1136 quod
749 1102 799 1128 sub
825 1102 885 1137 lege
900 1106 928 1129 et

124 1148 275 1175 secundum
300 1149 425 1176 Salvator
440 1150 586 1178 carnaliter
611 1150 700 1177 omnia
718 1151 744 1177 in
760 1157 789 1177 se
805 1155 832 1177 et
849 1150 883 1177 de
896 1156 925 1176 se

123 1194 341 1227 consumntabat,
353 1199 382 1222 ut
392 1200 419 1223 et
430 1201 587 1224 nasceretur
602 1204 647 1223 vut
661 1195 715 1222 kal.
727 1196 788 1223 Jan.
804 1200 832 1223 et
844 1203 926 1230 appa-

123 1245 197 1268 reret
212 1249 250 1267 vt.
264 1241 397 1276 Apparuit
413 1241 495 1277 Magis
509 1247 569 1278 post
584 1242 728 1270 duodecim
741 1242 798 1270 dies
812 1242 837 1269 in
854 1246 923 1269 tetu-

122 1286 176 1321 plo.
192 1287 232 1315 Ne
247 1296 312 1323 ergo
339 1289 433 1316 umbra
448 1290 520 1324 quod
542 1298 637 1318 verum
663 1295 721 1318 crat
742 1294 882 1325 pareretur
898 1295 926 1318 et

121 1334 159 1361 sic
175 1342 189 1361 a
207 1335 294 1370 Magis
310 1335 483 1370 adoraretur,
499 1344 547 1372 per
562 1337 688 1364 ordinem
702 1337 801 1372 quippe
816 1344 864 1372 pro
879 1343 926 1363 tto-

121 1384 176 1408 stra
193 1381 284 1408 salute
298 1385 325 1408 et
338 1382 421 1410 attttui
437 1382 495 1409 dies
509 1383 663 1411 festivitatis
679 1383 797 1418 majores
814 1383 857 1411 isti
872 1388 926 1410 sta-

120 1427 171 1454 tuti
186 1432 268 1461 suttt,
284 1433 401 1463 quatuor
416 1429 533 1464 primum
549 1429 575 1457 itt
591 1437 644 1465 quo
661 1435 739 1457 natus
753 1434 809 1462 est;
828 1429 926 1457 deinde

992 217 1033 239 est
1049 212 1074 239 iu
1091 213 1202 246 Pascha,
1217 213 1244 240 in
1256 212 1309 240 line
1320 220 1384 241 vero
1396 213 1422 240 in
1434 220 1487 248 quo
1499 214 1622 241 ascendit
1636 213 1662 241 in
1678 214 1790 247 caelum,

991 259 1062 286 circa
1077 258 1256 287 Pentecosten
1269 259 1403 286 vincentis
1414 264 1455 287 est
1467 260 1567 295 quippe
1581 261 1790 288 consummatio:

991 304 1036 339 qui
1052 312 1116 339 ergo
1129 313 1211 332 unum
1229 306 1335 341 ignorat
1350 306 1543 340 praetermittit.
1553 306 1645 334 Potest
1655 311 1681 334 ct
1690 306 1724 335 de
1732 306 1793 334 aliis

990 352 1086 380 diebus
1099 358 1109 371 ε
1125 353 1232 380 dubitas
1247 361 1301 381 nou
1317 352 1419 381 habens
1434 353 1628 388 plenitudinem
1650 354 1787 387 veritatis,

990 398 1061 434 quod
1077 399 1224 427 secundum
1239 398 1251 417 ἀ
1266 404 1389 435 tempore
1404 406 1521 435 quatuor
1534 400 1665 436 cujusque
1678 400 1740 428 attni
1755 400 1791 428 ita

990 446 1068 473 nobis
1082 446 1189 474 diversa
1205 447 1301 482 gaudia
1317 454 1331 474 a
1347 446 1457 474 Christo
1473 447 1589 475 Domino
1604 447 1787 482 pullularunt,

990 493 1015 520 id
1031 498 1072 520 est
1087 493 1113 520 in
1128 501 1182 528 quo
1198 499 1276 521 natus
1291 499 1346 524 est.
1363 499 1423 529 post
1439 495 1464 522 in
1488 502 1541 530 quo
1557 494 1697 529 apparuit,
1711 494 1791 522 tertio

990 541 1015 567 in
1032 548 1086 574 qtto
1102 548 1199 576 passus
1212 545 1253 569 est
1267 546 1293 569 et
1309 531 1459 569 r’esttrrexit
1481 546 1509 569 et
1526 542 1600 569 visus
1620 546 1678 575 est,
1695 546 1792 576 quarto

989 588 1015 615 in
1031 595 1083 623 quo
1099 588 1222 615 ascendit
1242 589 1267 615 in
1294 589 1411 622 coelum;
1427 593 1454 616 et
1478 588 1535 615 haec
1551 596 1599 624 per
1614 597 1714 616 annttm
1730 590 1790 616 sine

989 635 1189 663 intermissione
1210 635 1379 663 celebremus
1406 637 1570 671 generaliter
1603 637 1788 669 exsultantes,

986 686 1068 716 atque
1083 683 1252 717 hmcintcgra
1269 682 1452 717 iuviolataque
1463 682 1649 711 custodientes
1666 683 1787 710 detinea-

987 738 1057 757 mtts.
1073 730 1186 763 Quidam
1202 735 1290 757 autem
1307 730 1379 757 dietn
1405 730 1620 765 Epiphaniorum
1640 730 1786 766 baptismi,

986 778 1031 805 alii
1057 777 1302 805 transformationis
1326 777 1352 804 in
1369 781 1460 805 monte
1482 785 1543 812 quae
1568 777 1638 805 tacta
1666 782 1707 805 est
1727 784 1788 805 esse

986 823 1153 859 opiuantur.]

1090 870 1180 898 CXLI.
1199 871 1242 898 DE
1258 870 1420 898 LEVlTICO
1440 869 1520 898 MOSI
1541 869 1669 898 ERROR.

1017 918 1069 945 Alii
1093 921 1156 945 sunt
1179 918 1315 950 haeretici,
1331 918 1375 953 qui
1399 917 1479 952 Legis
1503 921 1637 951 pra-cepta
1659 925 1720 951 quas
1736 925 1784 952 per

981 964 1073 991 Mosen
1102 965 1172 992 dicta
1197 969 1260 991 sunt
1285 964 1311 991 in
1338 963 1461 991 Levitico
1485 963 1586 991 Judtcis
1617 964 1780 996 carnaliter.

981 1015 1128 1045 ttostroque
1152 1011 1177 1037 in
1206 1015 1327 1045 tempore
1350 1015 1362 1028 θ
1388 1009 1548 1045 spiritaliter
1571 1009 1691 1037 revelata
1719 1014 1783 1037 sunt

981 1057 1136 1092 ignorantes
1148 1078 1154 1089 ,
1171 1056 1179 1075 ί
1197 1064 1330 1084 summam
1354 1064 1444 1084 rerum
1470 1056 1643 1084 festivitatem
1656 1061 1669 1079 ε
1684 1064 1782 1084 nume-

980 1111 1094 1138 rumque
1120 1111 1214 1132 earnm
1237 1103 1357 1131 caelestis
1383 1102 1506 1130 utilitatis
1533 1107 1708 1137 praetereunt,
1735 1110 1783 1130 ne-

980 1150 1099 1178 scientes
1122 1150 1187 1185 quid
1212 1150 1367 1181 celebrent;
1383 1154 1510 1184 putantes
1524 1148 1595 1184 quod
1611 1148 1644 1176 de
1659 1148 1784 1176 Sabbatis

980 1197 1066 1224 solum
1079 1218 1086 1229 ,
1103 1202 1130 1223 et
1154 1197 1256 1225 Pascha
1272 1201 1300 1224 et
1314 1196 1424 1232 Azytnis
1447 1196 1536 1224 Moses
1563 1197 1741 1231 przeceperit,
1756 1200 1784 1223 et

980 1252 1033 1271 non
1062 1242 1074 1261 ¹λ
1090 1243 1123 1270 de
1146 1247 1206 1270 octo
1231 1242 1420 1270 festivitatibus
1442 1249 1509 1277 quas
1533 1242 1655 1269 Ecclesia
1686 1241 1782 1269 catho-

979 1290 1030 1318 lica
1042 1289 1217 1325 cognoscitct
1231 1289 1344 1317 detinet.
1358 1288 1511 1316 Dicitenim
1532 1288 1566 1315 ita
1584 1288 1672 1315 Moses
1688 1287 1779 1323 (Levit.

979 1346 1054 1371 χχιιι,
1073 1337 1154 1364 Num.
1171 1345 1265 1370 xxvtu,
1283 1344 1357 1369 xxxx,
1373 1336 1450 1363 Deut.
1466 1335 1521 1371 xvi)
1546 1335 1701 1363 Judreorum
1727 1343 1777 1370 po-

979 1385 1043 1418 pulo
1063 1384 1179 1419 primtun
1194 1383 1227 1411 de
1238 1382 1385 1411 Neomeuia
1401 1387 1428 1410 ct
1440 1381 1576 1414 Sabbatis,
1591 1381 1711 1409 secundo
1725 1380 1732 1399 ί
1749 1380 1783 1408 de

979 1430 1084 1458 Pascha
1096 1452 1103 1464 ,
1122 1431 1202 1458 tertio
1217 1429 1251 1457 de
1272 1429 1399 1465 Azymis,
1420 1433 1518 1464 quarto
1534 1429 1541 1453 J'
1562 1428 1596 1456 de
1620 1427 1784 1463 Manipulis;

552 1508 628 1536 COD.
652 1509 705 1537 MS.
727 1509 904 1539 SANGERM.
926 1510 1118 1540 LECTIONES
1137 1511 1349 1540 VABIANTES.

151 1576 158 1591 ¹
174 1576 198 1600 in
211 1576 283 1602 caelis
294 1580 342 1602 est.
355 1577 386 1602 Et

149 1608 159 1623 ²
175 1608 230 1633 volo
242 1611 270 1633 ut
283 1612 306 1633 et
320 1609 358 1634 isti
369 1609 418 1635 sint
431 1616 528 1635 mecum

1007 1581 1068 1616 {ij
1079 1580 1178 1616 laudato
1195 1581 1250 1616 cod.
1270 1581 1399 1613 Sangenn.
1417 1579 1518 1607 additur
1531 1579 1583 1605 lucc
1595 1579 1708 1611 hwresis,
1724 1587 1779 1612 quae

976 1612 1131 1638 desideratur
1143 1614 1169 1638 in
1180 1612 1260 1638 editis.

673 1685 826 1715 FABRICII
844 1686 889 1714 ET
909 1686 1089 1716 GALEARDI
1108 1687 1223 1715 NOTAE.

155 1748 167 1762 α
186 1743 222 1779 ιιι
237 1742 335 1779 Christi
357 1744 505 1779 praesentia.
523 1744 599 1778 Apttd
625 1744 753 1771 Aretham
780 1745 804 1771 in
822 1744 927 1778 Apoca-

115 1778 211 1813 lypsin
226 1800 233 1809 ,
258 1777 384 1805 Christus
406 1779 481 1811 Leo,
496 1777 558 1814 quin
583 1780 639 1806 Rex
658 1789 663 1805 :
682 1780 752 1807 ident
776 1777 882 1806 Vitulus
898 1785 926 1806 ut

116 1813 262 1841 Sacerdos
276 1834 282 1846 ,
299 1814 340 1840 vel
366 1815 454 1848 potius
474 1813 649 1845 sacrificium,
667 1821 691 1841 et
711 1815 797 1842 hostia
817 1824 822 1841 :
840 1815 926 1842 Homo

114 1856 234 1884 propter
261 1857 310 1876 nos
332 1849 419 1876 factus
446 1856 496 1877 :et
509 1851 606 1885 Aquila
629 1851 725 1885 spiritu
749 1851 851 1878 cmlesti
874 1859 924 1878 uos

114 1885 282 1921 impertiens
301 1894 306 1911 :
321 1886 365 1912 Διά
375 1890 419 1913 τοῦ
441 1887 538 1917 λέοντος
550 1888 584 1917 ὡς
598 1887 731 1922 βατιλεύς,
747 1886 788 1914 διὰ
799 1890 843 1914 τοῦ
856 1888 924 1922 μόσ-

114 1933 172 1960 xeo
187 1923 223 1960 ᾡς
236 1922 332 1960 ἱερεὺςἶ
346 1922 439 1960 μᾷ).).ον
451 1922 477 1949 δὲ
488 1924 530 1960 καὶ
544 1923 647 1960 ἱερεῖον.
663 1925 707 1951 Διά
720 1926 767 1950 τοῦ
788 1924 922 1960 ἀνθρώπου

113 1957 148 1988 ὦς
161 1958 195 1986 δι’
206 1957 274 1994 ἡμᾶς
290 1957 439 1997 ἀνδρωθείς.
457 1959 501 1985 Διά
526 1957 571 1997 eod
585 1960 660 1997 ἀετοῦ
671 1979 678 1991 ,
693 1961 726 1989 ὡς
750 1957 865 1997 χορηνῖῥς
875 1962 921 1986 τοῦ

112 1996 243 2027 ζωοποιοῧ
270 1994 434 2029 [Ινεύματος,
461 1996 503 2022 καὶ
529 1995 571 2022 ἐπὶ
598 1995 696 2025 πάντας
729 1994 918 2056 negandive-0;.

774 2038 860 2056 ABRIC.

774 2038 860 2057 ABRIC.

150 2066 257 2101 l’Atque
271 2068 432 2094 micantium.
444 2067 578 2094 Eminenti
595 2066 823 2101 diguitate.qtt.uu
839 2073 918 2099 supra

111 2102 217 2129 Christi
234 2102 377 2136 discipulis
393 2103 534 2130 tribuerat.
554 2103 590 2129 Ita
607 2103 709 2137 optime
734 2103 805 2129 ltuuc
830 2102 917 2128 locum

112 2139 238 2166 restituit
255 2138 406 2166 Cotelerius
421 2139 454 2166 lll
468 2139 634 2165 Monument.
651 2146 710 2173 pag.
727 2137 790 2169 545,
807 2145 870 2164 cutn
892 2138 917 2165 in

113 2175 197 2202 editis
215 2179 289 2201 esset
305 2175 465 2201 mirantium.
483 2174 593 2202 FABRIC.

151 2218 161 2229 υ
182 2210 304 2237 Dubitas.
323 2210 402 2237 Forte
416 2212 544 2237 dubitare.
560 2210 670 2237 FABRIC.

147 2247 161 2266 ἀ
179 2246 320 2279 Tempore.
335 2246 406 2280 Lege
422 2251 547 2281 tempora.
566 2245 675 2273 Fanntc.

149 2291 162 2303 υ
179 2282 343 2316 Spiritaliter
356 2282 477 2308 revelata.
496 2281 637 2309 Manifesta
653 2281 772 2315 itnpleta.
791 2281 900 2309 Fanntc.

150 2321 160 2340 ί
180 2318 321 2346 Summum
335 2326 422 2344 rerum
433 2318 605 2353 festivitatem.
617 2317 663 2344 Est
674 2318 717 2352 qui
730 2317 795 2348 legit
805 2318 912 2343 dierum.

109 2355 164 2383 Sed
183 2355 266 2388 longe
283 2357 393 2387 prmstat
408 2361 502 2380 rerum.
521 2354 567 2380 Est
589 2353 661 2380 enim
685 2360 771 2379 rerum
790 2352 915 2386 festivitas

108 2392 256 2436 ἀντίῖυπιιν
274 2397 381 2421 Verum,
397 2396 428 2436 aq
445 2390 517 2436 realt:
529 2389 623 2436 gratia;
643 2388 713 2436 noviI
725 2388 893 2436 Testamenti
905 2409 912 2419 ,
929 2407 955 2436 D

112 2434 161 2436 _..A
215 2425 355 2436 r_._-:_.'.._.:
375 2434 416 2436 η...
432 2425 490 2436 ν-»ιέ
506 2426 511 2436 Ζ
548 2427 632 2436 ι-.......
660 2424 685 2436 ζμ
728 2432 774 2436 ,ιι-μ.
825 2425 911 2436 Λ..ιΞΑ.ι

108 2426 185 2461 quod
215 2425 357 2453 festivitati
374 2425 511 2452 umbratili
528 2426 644 2461 dierunL
660 2424 686 2451 in
704 2424 775 2458 Lege
788 2424 913 2461 Allosaica

108 2459 286 2498 respondero
296 2460 457 2498 Philastrius
468 2461 607 2498 Vobser_vapl.
619 2459 771 2498 VFVABRICL—
782 2459 916 2498 Summam

108 2495 201 2525 rerum
226 2497 401 2533 festivitatem.
428 2496 525 2523 thdit
545 2495 764 2528 Fabricius,Est
787 2496 832 2530 qui
856 2496 916 2531 legit

107 2542 234 2564 ntnnuu,
251 2534 295 2559 sed
307 2533 381 2568 longe
395 2537 498 2568 prwstat
515 2540 616 2559 nenuu.
631 2533 759 2565 Quaenam
774 2533 914 2565 exempla-

108 2571 152 2597 ria
171 2571 293 2597 habeant
311 2567 411 2594 dierum
434 2569 497 2596 silet
519 2568 674 2599 Fabricius;
690 2573 718 2593 at
733 2568 814 2594 anil.
829 2567 914 2595 editio

107 2604 242 2633 Sichardi
259 2603 322 2637 legit
339 2612 435 2631 rerum.
450 2604 518 2631 Cod.
531 2604 612 2631 Corb.
631 2610 738 2638 quoque
754 2609 781 2630 Ut
797 2609 822 2630 et
846 2603 915 2638 Lug-

107 2642 176 2669 dun.
197 2640 282 2667 editio
297 2641 397 2668 habent
412 2648 506 2667 rerum.
523 2639 661 2667 GALEARD.

147 2683 160 2700 ις
178 2677 204 2704 Ν
209 2684 376 2711 umerumque
390 2684 477 2702 eorum
492 2676 599 2703 cozlestis
614 2675 742 2702 utilitatis.
757 2674 808 2701 Per
824 2682 914 2702 nume-

107 2721 171 2740 rutn
190 2712 361 2739 octonarium
374 2733 380 2744 ,
398 2713 502 2739 beatam
519 2711 755 2743 resurrectionem,
772 2715 799 2737 et
812 2715 912 2737 aeterna

106 2748 235 2777 caelestis
252 2748 314 2774 vita:
329 2748 425 2782 gaudia
438 2747 562 2775 denotari
574 2746 721 2774 credebant
737 2746 771 2780 pii
789 2746 909 2778 Veteres,

107 2792 233 2820 quorum
250 2784 467 2820 Iocarlaudaruut
493 2784 568 2820 Hngo
590 2782 735 2820 Meuardus
758 2782 790 2820 ad
815 2782 914 2820 Sacra:

107 2818 280 2848 metitariutn
302 2819 424 2855 Gregorii
440 2819 473 2846 M.
491 2827 516 2854 p.
533 2819 568 2847 55
591 2827 649 2852 seq.
662 2823 690 2855 et
704 2818 856 2845 Cotelerius
880 2818 912 2845 ad

109 2855 269 2890 Epistulam
286 2853 415 2883 Barnabm
431 2853 550 2889 easz,
567 2864 592 2888 p.
609 2855 654 2881 47.
672 2853 779 2881 ΡΑιιιιιο.

145 2891 158 2909 ι·
186 2891 226 2919 De
248 2897 304 2920 octo
325 2891 503 2927 festivitatibus
531 2899 595 2926 quas
625 2890 743 2918 Ecclesia
776 2889 913 2918 catholica.

979 1745 1115 1780 Tempore
1137 1745 1276 1772 Philastrii
1299 1750 1360 1772 octo
1383 1745 1435 1772 ilhc
1452 1745 1613 1772 festivitates
1629 1749 1707 1773 erant
1724 1753 1730 1772 :
1748 1747 1778 1772 1υ

977 1780 1137 1813 Snbbntum,
1151 1780 1183 1806 2ο
1199 1781 1305 1807 Domini
1329 1780 1440 1811 Natalis,
1459 1781 1491 1808 ὅθ
1514 1781 1574 1808 dies
1596 1781 1754 1815 Epiphanim
1767 1803 1774 1813 ,

976 1816 1007 1842 4ο
1022 1815 1159 1849 Jejunium
1183 1816 1421 1850 Quadragesituat,
1436 1816 1467 1843 5‘"
1488 1820 1582 1850 qnartn
1601 1816 1727 1846 Sahbali.
1744 1818 1775 1843 6“

975 1850 1136 1883 Pnrasceve,
1150 1852 1179 1878 7°
1193 1851 1302 1878 Pascha:
1312 1852 1451 1884 iustitivas,
1461 1857 1487 1878 et
1497 1851 1528 1878 8°
1539 1852 1713 1879 Pentecostes
1727 1853 1775 1879 lae-

976 1888 1043 1913 titia.
1059 1887 1121 1914 llzcc
1137 1887 1224 1914 omnia
1239 1892 1425 1914 memorantur
1438 1888 1462 1913 in
1475 1886 1633 1914 Constilutl.
1649 1889 1773 1921 Apostol.

975 1930 1002 1953 ν,
1021 1923 1053 1949 15
1069 1930 1141 1957 seq.,
1157 1928 1184 1950 et
1198 1924 1267 1957 apud
1285 1923 1394 1950 Hieron.
1411 1923 1525 1957 epistola
1541 1922 1654 1955 2.59,:td
1670 1923 1771 1950 Cmsar.

973 1958 1259 1994 dequntuorjt-juniis.
1275 1959 1353 1985 inira.
1364 1967 1390 1986 c.
1404 1958 1466 1985 149.
1478 1960 1485 1992 (
1497 1959 1535 1985 De
1546 1965 1608 1985 octo
1626 1959 1702 1985 festis
1716 1968 1775 1993 tuta:

974 1994 1024 2021 ltoc
1039 1995 1099 2021 loco
1115 2000 1256 2022 enumerat
1273 1994 1428 2025 Fabricius,
1445 1999 1544 2021 ca‘tera
1559 1995 1665 2028 vulgata
1681 1999 1708 2022 et
1722 1996 1770 2023 ob-

972 2031 1013 2056 vizt
1033 2039 1038 2056 :
1055 2031 1088 2057 de
1101 2035 1197 2066 quarta
1214 2030 1317 2057 sabbati
1341 2030 1423 2057 adisis
1436 2029 1701 2064 Coustitut.,Apost.
1720 2040 1755 2058 vn
1767 2053 1773 2063 ,

971 2065 1016 2099 25,
1034 2066 1126 2100 ibique
1144 2065 1308 2093 Cotelerium
1333 2074 1358 2100 p.
1374 2066 1438 2097 509.
1461 2065 1560 2101 quibus
1585 2067 1685 2094 mittere
1712 2067 1775 2095 licet

972 2103 1139 2129 Amalarium
1165 2102 1307 2129 diaconum
1335 2109 1361 2128 Ill
1387 2102 1459 2138 Eccl.
1482 2101 1559 2128 Ol'tic.
1585 2101 1636 2133 27,
1654 2103 1774 2138 itemque

971 2137 1166 2173 Hieronymum
1190 2139 1344 2165 Comment.
1372 2138 1404 2164 ad
1429 2137 1517 2164 Galat.
1535 2138 1582 2165 lib.
1601 2146 1629 2171 tt,
1653 2146 1677 2166 c.
1702 2137 1772 2171 ὀζίιι

970 2173 1035 2200 illttd
1063 2182 1068 2199 :
1097 2173 1157 2200 Dies
1183 2174 1340 2204 observatis,
1367 2178 1432 2205 etc.,
1458 2181 1526 2204 quos
1558 2175 1661 2208 prolert
1692 2174 1770 2201 Joau.

971 2208 1072 2236 Fronto
1087 2209 1113 2236 in
1138 2211 1294 2244 praenotatis
1317 2209 1349 2236 ad
1363 2208 1448 2237 Vetus
1461 2209 1577 2237 Kalend.
1593 2209 1606 2244 §
1622 2211 1648 2241 5,
1663 2218 1689 2244 p.
1706 2211 1768 2238 154.

969 2244 1135 2279 Augustinus
1149 2253 1265 2280 quoque,
1282 2254 1325 2279 ep.
1341 2245 1375 2272 86
1391 2254 1397 2271 :
1414 2244 1568 2278 Curquarla
1581 2250 1605 2271 et
1618 2251 1690 2272 suarm
1711 2255 1768 2274 ma-

968 2281 1147 2317 xintejejuuet
1172 2281 1287 2308 Ecclesia
1310 2280 1356 2307 illa
1380 2281 1447 2306 ratio
1472 2280 1544 2317 reddi
1569 2281 1678 2314 videtur,
1701 2284 1770 2315 quod

968 2315 1129 2344 considerato
1142 2317 1282 2350 Evangelia
1298 2318 1354 2351 ipso
1370 2321 1460 2354 quarto
1476 2315 1576 2354 sabbati
1587 2337 1593 2345 .
1607 2319 1770 2354 quantrvulgo

967 2359 1086 2386 quartum
1101 2353 1192 2386 feriant
1207 2356 1313 2383 vocant,
1330 2352 1466 2387 conciliant
1480 2352 1641 2387 reperiuntur
1655 2353 1689 2379 ad
1703 2352 1770 2380 occi-

967 2388 1079 2414 dendum
1095 2389 1233 2415 Dominum
1249 2388 1337 2422 [er-isse
1350 2386 1446 2413 Jutltei.
1461 2388 1560 2414 Confer
1575 2388 1719 2416 Baroniunt
1736 2391 1768 2416 ad

969 2430 1012 2450 an.
1030 2424 1076 2454 57,
1093 2433 1119 2451 ιι.
1135 2425 1185 2451 199
1209 2431 1299 2458 seqq.,
1315 2423 1491 2454 Bevercgium
1509 2431 1536 2450 ιιι
1556 2423 1665 2451 Cudicis
1689 2432 1772 2452 cano-

970 2467 1033 2495 num
1051 2460 1194 2493 pl'lllllllViU
1219 2459 1346 2486 Ecclesim
1367 2467 1391 2485 c.
1410 2458 1453 2486 10.
1475 2458 1638 2495 CALEttno.)
1659 2460 1769 2495 Septem

969 2494 1036 2532 festa
1055 2497 1079 2521 itt
1097 2496 1206 2521 Itouiilia
1222 2495 1419 2532 Chrysostomo
1431 2495 1582 2532 supposita.
1600 2494 1661 2529 qum
1677 2494 1771 2532 incipit

967 2530 1063 2569 ςγιᾷρά
1075 2533 1120 2567 μὲν
1131 2534 1214 2569 νπᾶσα
1227 2532 1307 2569 ἐορτή
1322 2540 1327 2557 :
1346 2530 1521 2569 lO‘Nt'tl'lt’il’aS
1531 2552 1544 2569 ,Δ
1554 2531 1586 2557 20
1604 2530 1751 2566 Epiphania
1762 2555 1768 2562 .

967 2566 998 2593 5"
1015 2566 1166 2597 Haemonis.
1182 2570 1213 2594 40
1227 2566 1446 2594 Resurrectionis
1461 2588 1466 2595 .
1484 2567 1515 2594 50
1532 2567 1723 2599 Asccttsionis,
1737 2569 1769 2596 6°

967 2601 1086 2641 Spiritus
1114 2607 1241 2641 sanctos,
1270 2602 1424 2637 7υ,“Εϐδόμη
1448 2603 1770 2641 ἐορῖῄήλιτροσςδοκωμένη

966 2639 1049 2676 ᾑμέρᾳ
1058 2642 1104 2669 τὴς
1119 2640 1288 2676 ἀναστάσεως
1301 2642 1464 2676 τῶνγνεκρὼν.
1476 2638 1619 2676 Similiter
1635 2640 1660 2666 ill
1685 2638 1769 2667 Pt‘or'li

967 2673 1078 2736 llttrtitilia
1099 2677 1134 2706 εἰς
1151 2677 1184 2703 τά
1202 2675 1330 2712 γενέθλια,
1353 2673 1424 2701 Bibl.
1451 2675 1538 2701 Cr-rc.
1568 2675 1633 2708 Vlll,
1660 2684 1686 2711 p.
1703 2677 1765 2704 602.

977 2718 1075 2736 unum.

977 2718 982 2736 ι
991 2718 1075 2738 ABIHC.

1007 2745 1077 2781 ille
1103 2746 1215 2775 Pascha.
1247 2747 1295 2775 Die
1316 2755 1359 2774 xtv
1390 2747 1491 2774 tucnsis
1517 2746 1603 2810 Νἰδιιέι
1628 2748 1766 2783 (Martii).

1606 2792 1692 2810 ABlth.

1606 2792 1692 2811 ABIUC.

1005 2819 1012 2843 i
1034 2818 1072 2845 De
1087 2818 1244 2855 Mattipulis.
1260 2820 1352 2847 Mense
1368 2820 1449 2846 Sinon
1465 2818 1553 2854 (Maii)
1569 2819 1613 2846 die
1633 2822 1764 2855 quinqua-

967 2855 1072 2890 gesimo
1089 2862 1149 2891 post
1165 2856 1278 2883 Pascha.
1296 2855 1404 2883 FABRIC.

49 3235 54 3237 ‘
924 3232 955 3252 ετξ
1244 3239 1276 3261 ιι

31 3448 33 3450 .
1186 3448 1205 3455 κ
