3978 6430
1549 506 1744 631 PR
1761 506 2424 644 z’EFATIO.

423 825 709 881 Secundus
727 841 952 895 operum
989 827 1240 898 Origenis
1289 839 1468 888 tomus
1496 833 1874 903 complectitur
1900 842 2115 898 residua
2142 844 2263 914 ejus
2289 847 2342 902 in
2377 849 2652 916 Genesim,
2684 859 2734 913 in
2766 861 3030 916 Exodum-
3088 871 3138 916 in
3188 872 3491 916 Levatio...“
3546 880 3592 916 in

349 917 641 1027 Numeros,
679 917 731 970 in
761 918 1342 1027 Peuterououtiumzin
1365 922 1549 992 Josue,
1586 927 1639 980 in
1698 927 1942 1000 Judices,
1979 933 2034 988 in
2065 934 2234 1005 Ruth,
2278 939 2330 994 in
2355 941 2519 999 libros
2541 917 2770 1018 Regum,

350 1025 470 1064 mos
494 1010 817 1081 ὲξῃγητικὰ,
848 1013 934 1066 vel
989 1010 1328 1084 ὲξηγητικῶν
1377 1017 1675 1086 fragmenta
1704 1021 1919 1094 quampl

2032 1043 2123 1096 na,
2161 1033 2355 1100 partim
2405 1035 2516 1105 jam
2551 1041 2690 1110 typis
2745 1059 2968 1115 excusa,
3023 1055 3217 1120 partim
3264 1061 3494 1116 nondum
3549 1066 3603 1122 in

350 1103 528 1156 lucem
566 1102 838 1170 evulgata.
872 1104 1001 1171 Quae
1025 1104 1218 1160 Latine
1281 1117 1487 1163 tantum
1520 1123 1811 1180 supersunt
1837 1130 1903 1170 ex
1939 1117 2386 1189 interpretatione
2407 1102 2622 1196 vitulini,-
2651 1147 2714 1188 ea
2745 1137 2811 1190 ad
2845 1102 3083 1198 veterurm

350 1194 513 1221 ΒΑΛ...
551 1197 925 1221 _---......:-....-
950 1213 963 1221 .
986 1196 1173 1221 [πη-ι-..
1203 1208 1376 1221 ---.-_-_
1415 1199 1486 1221 9--
1504 1218 1580 1221 -___
1603 1218 1650 1221 __,
1671 1213 1708 1221 .,
1855 1213 1864 1221 .
1935 1208 1948 1220 ο
2023 1210 2035 1221 .
2264 1214 2295 1221 ..
2328 1216 2339 1221 -
2709 1192 2720 1208 ‘

348 1194 514 1297 ﬁdem
551 1196 1379 1305 recens'nirnus:Crtecaautem
1413 1199 1720 1301 fragmenta
1759 1213 1900 1262 unde
1934 1208 1986 1262 in
2022 1210 2164 1267 hanc
2212 1214 2503 1273 editionem
2534 1194 3605 1305 εὐαιιχξτὶιιιιιε,ερυξίῶέζᾶᾇέινᾙῶἓ

344 1286 502 1348 nitio,
530 1300 650 1355 qua:
669 1286 752 1340 vel
786 1287 850 1340 ad
887 1287 1025 1341 imas
1074 1289 1298 1358 paginas
1329 1291 1503 1358 posita
1535 1304 1643 1356 est,
1677 1294 1760 1349 vel
1813 1298 2108 1370 unicuique
2164 1301 2612 1375 Origenianorum
2669 1315 2720 1370 itt
2769 1286 3016 1392 singt‘t’lo’sr

345 1377 519 1398 ηιμ,
1226 1381 1238 1394 .
1289 1397 1293 1398 ν
1390 1382 1416 1398 ι,
1590 1396 1598 1398 -
1652 1385 1695 1398 ι.
1814 1388 1828 1398 .
2279 1397 2282 1398 ν

345 1377 522 1432 libros
563 1377 902 1488 ééqumft'o‘ilv
932 1379 1238 1436 collectioni
1272 1382 1490 1451 praefixa
1520 1396 1623 1440 est.
1652 1385 1768 1442 Non
1814 1388 1987 1444 levem
2027 1395 2157 1448 mihi
2181 1397 2483 1454 molestiam
2512 1413 2566 1457 et
2588 1404 2828 1465 laborem
2851 1377 3604 1488 Sepeiitis‘dﬁiﬁagcegggﬁ;

344 1472 631 1527 habendus
665 1474 765 1527 fuit
789 1473 1036 1577 delectus
1063 1490 1252 1530 eorum
1284 1492 1404 1547 qum
1439 1479 1489 1532 in
1519 1479 1740 1538 Catenis
1774 1483 1980 1540 Graecis
2007 1489 2106 1543 sub
2135 1493 2352 1548 nomine
2372 1492 2624 1566 Origenis
2664 1472 3134 1566 circumferuntur.

346 1574 395 1616 ta
428 1567 613 1620 omnia
667 1566 714 1619 ei
749 1566 1009 1634 ascripta,
1035 1658 1048 1669 ι
1069 1575 1180 1621 tum
1210 1583 1331 1638 quae
1357 1570 1719 1628 Combelisius
1761 1589 1792 1628 e
1833 1575 2053 1634 Catenis
2083 1596 2214 1636 mss.
2247 1583 2673 1658 Parisieusibus,
2712 1607 2824 1650 tum
2853 1615 2974 1667 qua:
3003 1566 3599 1669 Erttestus-Crai’iius-‘e

343 1657 566 1711 Catenis
602 1659 993 1728 manuscriptis
1020 1658 1342 1729 Anglicanis
1370 1664 1754 1733 exscripserat.
1793 1667 1887 1721 Illa
1917 1670 1985 1723 ab
2018 1672 2230 1729 erudito
2251 1675 2411 1734 Patre
2435 1679 2709 1740 Ludovico
2739 1691 2806 1743 de
2836 1657 3596 1774 'l‘burneminevlesuhafpe:

350 1763 442 1803 nes
471 1765 630 1818 quem
664 1760 905 1816 exstant,
947 1767 1160 1806 mecum
1202 1755 1618 1822 perhumaniter
1648 1759 2046 1816 communicata
2078 1777 2231 1831 sunt;
2265 1769 2378 1828 hac
2401 1789 2533 1829 vero
2556 1791 2585 1829 a
2617 1777 2951 1838 doctissimis
2979 1787 3171 1857 Anglis
3209 1755 3320 1844 DD.
3345 1755 3594 1850 vstigia

345 1852 396 1896 et
422 1841 643 1898 Bentleo
668 1844 842 1898 amico
865 1859 1090 1912 prorsus
1120 1847 1304 1903 animo
1326 1849 1393 1902 ad
1426 1865 1512 1904 me
1543 1853 1862 1907 transntissa
1888 1864 2037 1909 sunt.
2064 1857 2188 1913 Vidi
2230 1861 2450 1934 insuper
2483 1867 2783 1939 fragmenta
2819 1889 2938 1943 quae
2989 1841 3189 1946 passim
3237 1841 3340 1939 sub

336 1931 591 2004 Origenis
626 1935 894 1990 habentur
928 1936 980 1990 in
1021 1937 1184 1990 variis
1211 1937 1332 1993 aliis
1363 1938 1672 1993 Graecorum
1706 1941 1928 1997 Patrum
1951 1945 2193 2014 Catenis,
2227 1931 2367 2020 quas
2394 1954 2448 2008 in
2477 1931 2651 2012 lttcem
2686 1931 3338 2039 emiseruntICor-deri‘us:

337 2042 456 2090 rus,
485 2025 813 2090 Ghislerius,
838 2027 1156 2094 Coruitolus,
1192 2027 1452 2085 Patritius
1479 2030 1674 2086 Junius
1737 2043 1793 2088 et
1820 2035 1929 2090 alii.
1965 2036 2075 2092 Sed
2099 2041 2256 2096 valde
2315 2044 2520 2101 incerta
2556 2059 2641 2104 est
2675 2055 2915 2109 omnium
2969 2025 3228 2119 harumce
3262 2025 3592 2126 Cale—narqu

335 2121 491 2176 ﬁdes.
523 2120 579 2173 In
602 2121 685 2176 his
721 2122 865 2176 enim
901 2121 1117 2176 nomina
1142 2123 1492 2190 scriptorum,
1520 2140 1549 2179 e
1578 2140 1811 2194 quorum
1849 2129 2172 2198 fragmentis
2200 2135 2302 2189 illae
2327 2142 2724 2198 consarcinata:
2747 2159 2892 2212 sunt,
2931 2150 3002 2206 ita
3059 2120 3296 2226 persmpe
3503 2120 3592 2218 “se

331 2215 760 2279 confunduntur,
781 2223 839 2268 ut
865 2230 1103 2283 qtttnuna
1132 2215 1332 2269 Catena
1352 2214 1569 2285 Origeni
1607 2217 1852 2285 ascribit,
1873 2235 1933 2276 ea
1964 2223 2016 2276 in
2041 2223 2210 2279 altera
2241 2227 2486 2299 Didymo,
2505 2242 2597 2287 aut
2628 2235 2883 2303 Eusebio,
2909 2252 3002 2296 aut
3024 2214 3474 2318 'Plteodoreto,vel
3493 2214 3585 2312 alii

329 2312 561 2368 cuilibet
596 2311 881 2378 interpreti
908 2310 1552 2420 tribuatitur.'llucladde
1576 2315 1720 2384 quod
1753 2316 1840 2369 ubi
1875 2319 2114 2374 unanimi
2140 2321 2350 2378 illarum
2382 2340 2652 2384 consensu
2709 2333 2936 2403 aliquod
2966 2339 3326 2410 fragmentum
3368 2310 3586 2420 Crigeni

334 2409 616 2472 tribuitur,
643 2407 694 2460 id
728 2406 999 2460 interdum
1035 2405 1117 2459 vel
1143 2407 1209 2461 ad
1250 2406 1562 2500 Eusebium,
1583 2409 1668 2464 vel
1701 2411 1766 2465 ad
1791 2411 2218 2480 Thcodoretum,
2248 2419 2330 2473 vel
2358 2421 2425 2475 ad
2449 2423 2612 2478 alium
2637 2430 2934 2494 quemlibet
2960 2405 3282 2502 scriptorem
3314 2405 3588 2512 pertinere

332 2521 404 2560 ex
435 2505 691 2558 horumce
718 2503 937 2557 Patrum
973 2503 1134 2558 editis
1165 2506 1575 2559 commentariis
1603 2522 1708 2561 non
1741 2523 1863 2564 raro
1893 2510 2244 2580 deprehendi.
2276 2513 2638 2583 Quamobrem
2668 2522 2758 2577 illa
2787 2527 2966 2581 omnia
2990 2543 3109 2596 qua)
3146 2544 3266 2588 sunt
3298 2503 3582 2604 ejusmodi.

334 2597 656 2666 negligenda
684 2608 912 2664 prorsus
933 2603 986 2648 et
1009 2595 1313 2649 omittenda
1347 2597 1564 2663 censui;
1593 2607 1788 2654 caetera
1829 2614 1960 2656 vero
1984 2603 2341 2661 exscribenda
2375 2618 2430 2663 et
2463 2611 2590 2665 huic
2623 2615 2846 2670 editioni
2876 2595 3164 2677 inserenda
3195 2595 3463 2693 jttdicavi,
3500 2595 3585 2688 vel

339 2703 466 2756 qua:
496 2703 558 2743 ex
583 2688 787 2753 Rufini,
819 2687 1154 2758 llieronymi,
1187 2687 1531 2792 autaliorum
1565 2692 1760 2761 priscis
1801 2693 2345 2764 interpretationibus
2371 2701 2623 2772 Origenis
2644 2720 2766 2762 esse
2797 2721 3032 2778 constat,
3067 2717 3150 2771 vel
3173 2687 3292 2787 qua:
3347 2687 3574 2794 Οτίέθηῑ

331 2780 482 2836 falso
512 2782 749 2850 ascripta
780 2795 903 2836 esse
941 2781 1308 2835 demonstrari
1353 2783 1543 2851 nequit
1564 2798 1629 2838 ex
1661 2785 1888 2840 aliorum
1916 2785 2136 2844 Patrum
2168 2791 2222 2844 in
2263 2791 2575 2864 Scripturas
2597 2811 2784 2854 sacras
2812 2780 3266 2870 expositionibus.
3305 2780 3585 2880 Ejusmodi

328 2876 762 2947 fragrnentorum
797 2892 864 2932 ex
904 2875 1140 2944 Origene
1171 2880 1386 2932 concise
1411 2878 1574 2931 nimis
1605 2889 1989 2947 excerptorum
2025 2881 2359 2953 interruptus
2405 2900 2780 2955 saepenumero
2813 2903 2897 2948 est
2935 2905 3106 2954 tenor.
3158 2901 3297 2957 Hinc
3321 2875 3584 2978 pleraque

325 2975 464 3029 adeo
491 2975 726 3028 obscura
752 2983 808 3027 et
843 2973 1083 3026 involu’ta
1114 2981 1261 3040 sunt,
1300 2982 1355 3028 ut
1381 2971 1495 3028 fere
1527 2973 1736 3039 (Edipo
1766 2975 2082 3042 coniectore
2107 2977 2404 3050 indigeant.
2436 2980 2491 3035 ld
2517 2999 2702 3040 secum
2726 2987 2772 3042 si
2802 2993 2926 3058 quis
2960 2993 3104 3049 serio
3127 3005 3180 3050 et
3212 2971 3440 3055 candide
3463 2971 3584 3071 per-

326 3069 601 3136 pendet-it,
628 3066 953 3129 faciliorem,
991 3068 1065 3120 uti
1097 3081 1280 3136 spero,
1311 3070 1524 3149 veniam
1550 3068 1835 3134 concedet,
1861 3071 1905 3125 si
1940 3071 2008 3125 iis
2042 3073 2094 3124 in
2123 3071 2378 3128 Latinum
2406 3090 2709 3134 sermonem
2736 3087 3018 3142 vertendis
3047 3104 3143 3158 per
3172 3066 3580 3154 festinationem

321 3163 470 3216 forte
497 3175 589 3218 aut
640 3162 1049 3232 incogitantiam
1095 3161 1294 3215 alicubi
1342 3162 1476 3231 lapsi
1525 3177 1734 3218 sumus.
1780 3163 1987 3220 Practer
2034 3171 2464 3226 commentarios
2501 3181 2558 3227 et
2589 3174 2840 3233 homilias
2869 3197 3004 3250 quas
3029 3184 3081 3238 in
3121 3185 3368 3244 Psalmos
3399 3192 3574 3246 edidit

318 3252 613 3322 Origenes,
649 3254 906 3308 brevibus
931 3252 1093 3306 etiam
1125 3253 1347 3308 scholiis
1395 3252 1721 3307 Psalterium
1777 3255 2084 3312 illustravit.
2133 3257 2256 3314 ll:ec
2313 3260 2501 3318 Graece
2544 3282 2702 3322 manu
2748 3270 2946 3338 scripta
2981 3277 3212 3333 credidit
3259 3280 3581 3340 Guillelmus

317 3346 543 3400 Cavens
572 3347 866 3399 etiamnum
898 3353 1114 3399 exstare
1173 3345 1226 3398 in
1296 3343 1628 3398 bibliotheca
1685 3343 2090 3402 Vindohonensi
2157 3351 2347 3405 codice
2396 3354 2561 3410 theol.
2610 3361 2687 3411 ex'
2729 3359 3085 3428 dispositione
3134 3366 3411 3426 Lambecii
3463 3389 3576 3439 xvi,

318 3435 558 3492 Nesselii
602 3453 776 3504 cccxt,
807 3441 892 3492 ubi
947 3453 1142 3493 revera
1185 3439 1412 3508 singulis
1448 3440 1696 3494 versibus
1738 3455 1766 3492 a
1811 3442 2001 3508 psalmi
2035 3459 2112 3508 ιχ,
2144 3444 2234 3510 10,
2260 3462 2428 3516 usque
2459 3451 2525 3504 ad
2573 3451 2734 3506 linem
2794 3455 3043 3512 Psalterii
3108 3462 3392 3530 subjuncta
3448 3435 3574 3522 sunt

314 3531 554 3596 scholia,
598 3547 719 3600 qua:
752 3533 802 3585 in
836 3531 942 3585 line
968 3532 1172 3586 codicis
1199 3530 1416 3598 Origcni
1458 3531 1790 3595 tribuuntur,
1817 3543 1872 3586 et
1931 3536 2185 3589 dicuntur
2237 3541 2586 3608 protopsaltae
2644 3545 2902 3603 Ecclesia;
2962 3550 3240 3619 cujusdam
3298 3557 3578 3618 Cretensis

316 3639 486 3678 manu
519 3624 809 3690 descripta.
844 3624 1058 3678 Illorum
1090 3625 1254 3680 hodie
1283 3638 1448 3692 penes
1479 3640 1563 3679 mc
1586 3635 1667 3679 est
1698 3629 2092 3696 apographum,
2116 3644 2144 3682 a
2178 3631 2480 3687 clarissimo
2503 3635 2927 3710 doctissimoque
2965 3644 3184 3700 domino
3216 3647 3574 3708 Barteinstein

316 3715 414 3784 qui
447 3730 589 3768 nunc
616 3715 880 3770 Cesareze
915 3716 1184 3784 maiestati
1217 3725 1302 3770 est
1329 3733 1358 3770 a
1392 3717 1657 3783 consiliis,
1714 3719 1768 3772 in
1813 3734 1961 3774 meos
1995 3736 2124 3776 usus
2159 3723 2529 3793 descriptum;
2570 3739 2734 3782 totum
2791 3745 2921 3786 vero
2980 3751 3116 3805 opus
3172 3738 3298 3793 illud
3349 3743 3569 3813 Origcni

313 3811 660 3878 suppositum
718 3823 840 3864 esse
895 3808 980 3863 vel
1016 3811 1142 3866 inde
1177 3811 1313 3866 satis
1343 3811 1532 3881 liquet,
1567 3814 1710 3881 quod
1732 3814 1822 3869 tibi
1870 3815 1935 3868 de
1965 3816 2128 3870 Maria
2162 3816 2406 3888 Virgine,
2453 3821 2538 3874 vel
2570 3822 2657 3876 ubi
2699 3824 2766 3878 de
2797 3825 2957 3882 Patre
2997 3841 3052 3883 et
3102 3831 3239 3887 Filio
3270 3843 3323 3887 et
3366 3808 3569 3904 Spiritu

316 3910 510 3954 sancto
539 3914 724 3956 sermo
753 3911 861 3967 εει,
897 3902 990 3957 illa
1013 3902 1217 3958 diserte
1243 3903 1541 3971 appellatur
1568 3903 1840 3970 θεοτόκος,
1869 3906 1887 3958 l

1999 3921 2040 3960 IS
2093 3916 2272 3961 autem
2313 3909 2458 3964 Patri
2485 3913 2767 3982 ὀμοούσιος
2813 3919 3135 3984 praedicatur
3180 3938 3194 3976 :
3245 3938 3363 3992 quae
3408 3902 3570 3983 voces

317 3990 647 4060 scriptorem
677 4008 783 4047 non
811 3991 983 4048 solum
1023 3995 1230 4065 synodo
1266 3993 1504 4059 Nicaena,
1544 3995 1635 4048 sed
1661 4003 1716 4048 et
1743 3997 1976 4050 concilio
2001 3995 2274 4066 Ephesino
2305 4003 2662 4058 recentiorem
2691 4017 2942 4077 arguunt.
2983 4011 3063 4064 Ah
3091 4012 3175 4068 his
3204 3990 3368 4083 igitur
3403 4020 3571 4074 eden-

320 4083 408 4136 dis
430 4084 649 4140 scholiis
692 4086 1080 4140 abstinendum
1106 4101 1227 4141 esse
1264 4088 1414 4141 duxi.
1441 4087 1553 4141 Nec
1582 4087 1744 4140 aliam
1774 4098 1974 4142 sortem
2009 4091 2332 4145 habuissent
2366 4103 2474 4149 tres
2506 4096 2631 4150 item
2666 4097 2800 4153 falso
2828 4103 3046 4171 ascripti
3085 4105 3406 4162 Adamantio
3443 4110 3568 4165 libri

317 4175 374 4225 in
397 4173 518 4239 Job,
553 4191 688 4245 quos
723 4177 790 4231 ad
820 4177 1026 4232 calcem
1049 4177 1206 4246 hujus
1239 4177 1365 4230 torni
1396 4177 1580 4246 rejeci,
1612 4193 1860 4246 quosque
1887 4194 2210 4249 suppressos
2254 4186 2602 4250 maluissem,
2643 4189 2688 4242 si
2732 4189 2784 4243 in
2822 4191 3158 4249 Genebrardi
3187 4197 3426 4254 editione
3466 4203 3570 4256 sub

317 4268 571 4336 Origenis
604 4268 823 4322 nomine
855 4283 956 4322 non
987 4267 1493 4325 circumferrentur.
1522 4269 1664 4323 Idem
1701 4268 2104 4336 estojudiciutn
2139 4276 2205 4330 de
2233 4277 2445 4346 prolixo
2483 4278 2655 4332 altero
2688 4280 2739 4334 in
2801 4291 2969 4337 totum
3019 4285 3214 4344 librum
3269 4289 3370 4345 Job
3413 4308 3565 4348 com-

312 4361 604 4424 mentario,
634 4362 726 4429 qui
764 4363 951 4431 utique
981 4362 1033 4413 in
1064 4363 1249 4416 eadem
1277 4361 1612 4418 Genebrardi
1647 4362 1885 4417 editione
1915 4365 2016 4417 sub
2037 4370 2301 4425 cmentito
2329 4367 2580 4439 Orige'nis
2626 4374 2843 4429 nomine
2896 4377 3069 4432 tribus
3124 4379 3283 4433 modo
3319 4382 3481 4437 dictis
3512 4386 3564 4438 in

303 4453 420 4510 Job
449 4456 596 4510 libris
623 4454 819 4510 Latine
853 4463 1062 4509 tantum
1087 4454 1407 4524 subjunctus
1434 4465 1608 4510 estex
1640 4457 2094 4526 interpretatione
2121 4460 2387 4516 Joachimi
2421 4461 2682 4519 Pcrionii.
2710 4464 2888 4534 Ipsum
2920 4469 3135 4536 quidem
3179 4472 3230 4524 in
3265 4473 3372 4527 line
3405 4475 3568 4545 hujus

307 4550 453 4603 torni
491 4550 577 4618 qui
601 4549 934 4616 jamjustam
965 4547 1018 4602 in
1045 4548 1239 4604 molem
1266 4556 1606 4611 excreverat,
1631 4549 1796 4604 edere
1836 4567 1945 4606 non
1983 4550 2161 4620 licuit,
2195 4556 2290 4606 sed
2315 4554 2440 4623 quia
2470 4571 2824 4626 suppressum
2854 4574 2997 4628 aegre
3048 4561 3257 4617 ferrent
3314 4565 3562 4634 plurimi,

305 4643 379 4696 ad
408 4643 551 4696 tertii
584 4643 714 4695 totni
737 4643 941 4696 calcent
969 4642 1109 4710 typis
1133 4656 1367 4696 excusus
1394 4640 1580 4696 Graece
1607 4651 1660 4696 et
1692 4641 1888 4698 Latine
1922 4644 2228 4712 reperietur
2267 4644 2364 4721 (α).

381 4733 510 4789 Haec
533 4735 600 4787 de
626 4736 905 4802 operibus,
930 4750 1049 4803 quae
1071 4736 1308 4790 secundo
1341 4736 1440 4789 hoc
1463 4735 1739 4789 volumine
1769 4737 2142 4800 continentur,
2178 4738 2365 4804 paucis
2391 4739 2668 4806 praelatus,
2707 4757 2852 4798 nunc
2899 4758 3077 4812 operae
3126 4746 3359 4815 pretium
3390 4745 3560 4800 factu-

299 4845 432 4883 rum
472 4843 558 4882 tne
586 4839 736 4897 puto,
763 4829 806 4882 si
842 4829 1068 4896 vestigia
1121 4843 1374 4896 premens
1433 4827 1733 4883 doctissimi
1769 4831 2028 4901 anonymi
2056 4831 2144 4898 qtti
2175 4830 2397 4886 Lutetim
2430 4832 2758 4889 Parisiorum
2792 4852 2932 4891 anno
2957 4837 3115 4903 1727,
3139 4842 3276 4908 apud
3301 4838 3559 4896 Jacobuu

297 4923 565 4988 Vincent,
598 4921 809 4977 Gallice
838 4936 868 4975 a
900 4937 958 4975 se
983 4929 1038 4974 et
1067 4919 1280 4974 erudite
1318 4921 1691 4987 conscriptum
1727 4934 1793 4973 ex
1821 4920 2066 4974 doctrina
2099 4921 2323 4974 Patrum
2360 4922 2426 4974 de
2477 4936 2636 4976 sensu
2684 4923 2910 4978 litterali
2942 4935 2994 4980 et
3022 4928 3086 4981 de
3135 4943 3294 4983 sensu
3331 4931 3560 5000 mystico

295 5017 609 5082 Scripturae
647 5029 810 5068 sacrtc
842 5022 1132 5066 tractatum
1164 5010 1482 5080 publicavit,
1521 5015 1743 5065 brevem
1772 5013 1948 5080 primo
1979 5013 2265 5066 exhibeam
2315 5013 2458 5069 illius
2485 5027 2838 5085 conspectum
2870 5022 3106 5076 methodi
3143 5039 3304 5092 quam
3340 5025 3405 5076 ad
3477 5025 3557 5078 in.

296 5110 691 5178 tcrpretandas
723 5108 1030 5174 Scripturas
1057 5103 1159 5160 sibi
1184 5105 1458 5174 propriam
1510 5103 1641 5160 fecit
1671 5103 1933 5176 Origenes
1954 5145 1969 5170 ,
1994 5106 2192 5161 deinde
2228 5107 2375 5162 illam
2407 5109 2745 5166 enucleatius
2780 5113 3064 5182 explicem,
3106 5125 3160 5169 et
3190 5116 3406 5170 disertis
3436 5115 3554 5183 ejus

285 5203 641 5262 testimoniis
667 5202 1036 5271 comprobem.

757 5317 1070 5396 SynOpsis
1106 5313 1513 5393 Origenianaa
1551 5312 1834 5376 methodi
1871 5313 1947 5374 ad
1982 5312 2454 5391 Seripturarum
2491 5318 3112 5397 interpretationem.

380 5450 458 5502 Ea
487 5449 820 5518 potissimum
847 5446 1194 5514 sequentibus
1224 5445 1371 5499 hisce
1394 5443 1694 5498 ennntiatis
1721 5443 2058 5496 continetur.
2093 5443 2144 5495 l°
2176 5441 2397 5514 Triplex
2433 5454 2516 5499 est
2543 5444 2846 5516 Scriptum
2878 5465 3089 5514 sensus,
3124 5447 3391 5509 litteralis,
3437 5463 3550 5501 rno-

280 5543 466 5609 ralis,
489 5553 540 5596 et
571 5542 829 5614 mysticus
861 5554 955 5594 seu
984 5537 1323 5607 allegoricus.
1355 5537 1412 5590 2°
1444 5537 1535 5590 Est
1566 5536 1653 5590 tibi
1687 5535 1836 5590 solus
1875 5534 2162 5600 litteralis;
2195 5544 2280 5588 est
2324 5534 2412 5587 ubi
2444 5537 2592 5592 solus
2639 5539 2863 5594 moralis
2937 5539 3018 5593 vel
3050 5539 3198 5594 solus
3252 5538 3548 5610 mysticus;

376 5661 462 5734 (α)
492 5658 764 5714 Otuissutn
789 5666 870 5709 est
897 5666 1096 5709 tamen.
1133 5653 1258 5710 Vide
1286 5655 1664 5710 Pt'tefaliOnetn
1703 5655 1763 5709 Ι).
1802 5658 1871 5712 De
1900 5653 1949 5710 la
1979 5654 2093 5710 lluc
2125 5654 2190 5707 ad
2227 5663 2357 5708 tom.
2397 5653 2481 5706 IV.

679 5750 945 5810 I’nnot.
981 5751 1100 5808 Cu.
1153 5748 1285 5808 ΧΗ.

3200 5750 3230 5799 1
