3978 6574
487 343 549 397 ΙΙ
1674 343 2042 400 ΡΒᾸΞΕΑΊΊΟ

2133 346 2172 398 o
2215 345 2376 403 Ton.
2419 347 2484 403 ιι.
3655 361 3704 416 η

485 459 721 530 denique
757 468 837 515 est
867 459 954 514 tibi
991 455 1243 512 litteralis
1271 452 1431 509 simul
1467 465 1519 510 et
1559 459 1820 529 mysticus
1852 472 2046 511 sensus
2081 457 2256 510 locum
2315 459 2537 512 habent.
2568 458 2632 512 5°
2657 457 2714 515 Si
2751 460 3048 528 generatim
3124 479 3213 520 res
3245 477 3538 536 spectetur,
3562 472 3616 524 ait
3644 473 3706 524 in.

483 549 821 606 stitutionem
855 560 912 606 et
934 549 1352 604 aediﬁcationem
1382 548 1708 618 simplicium
1741 549 1941 604 suﬁicit
1981 549 2230 604 litteralis
2263 566 2474 603 sensus.
2504 550 2561 603 4ο
2594 551 2747 620 Saepe
2782 562 2962 610 tamen
2993 557 3174 612 littera
3207 559 3258 613 in
3295 575 3353 614 se
3395 561 3553 615 habet
3578 564 3704 624 idsi.

483 641 743 706 absurda,
783 655 967 697 secum
1001 641 1323 710 pugnantia,
1361 641 1741 712 impossibilia,
1772 651 1826 696 et
1855 651 2052 697 czetera
2081 639 2417 708 huiusmodi,
2457 641 2598 696 unde
2630 644 2738 697 nati
2769 657 2893 699 sunt
2923 662 3144 704 errores
3177 655 3559 720 propemodum
3604 653 3707 709 inﬁ-

485 732 696 794 niti.;'1°
728 731 985 804 Mysticus
1012 745 1105 786 seu
1139 731 1468 802 allegoricus
1499 746 1693 788 sensus
1716 734 2045 788 auctoritate
2071 733 2204 788 Novi
2227 730 2582 786 ‘Tcstamenti
2609 735 2826 800 nititur,
2862 748 3052 807 estque
3098 743 3319 796 omnino
3366 748 3699 809 necessarius,

481 834 541 878 ut
567 824 632 878 ab
660 823 989 879 adversariis
1019 831 1133 879 tuta
1165 834 1386 880 maneat
1414 826 1614 880 veritas
1635 825 2065 894 Scripturarum,
2098 833 2153 879 et
2182 825 2308 894 ipsa:
2342 827 2448 879 Deo
2477 826 2650 895 digna:
2673 828 2996 886 elﬁciantur.
3031 831 3095 886 6°
3128 834 3507 891 Dillicillimum
3531 848 3620 899 est.
3652 853 3705 892 ne

481 919 657 974 dicam
693 915 1044 984 impossibile,
1075 918 1330 988 mystieos
1359 917 1571 986 assequi
1622 931 1814 970 sensus
1844 930 1982 984 quos
2032 916 2082 970 in
2113 929 2170 970 se
2218 915 2601 985 complectitur
2637 918 2946 989 Scriptura.
2995 924 3053 977 7°
3084 925 3155 979 lis
3182 937 3359 983 tamen
3389 931 3706 997 assequendis

476 1010 783 1064 conducere
811 1021 1012 1077 queant
1050 1011 1248 1078 regula:
1279 1019 1567 1078 sequentes
1599 1024 1612 1060 :
1648 1007 1888 1061 Primum
1928 1009 1972 1060 si
2001 1008 2397 1062 cmremonialis
2427 1009 2514 1064 lex
2549 1011 2685 1066 adeo
2728 1022 2837 1067 tota
2870 1015 3055 1086 ﬁguris
3085 1019 3244 1086 plena
3293 1024 3636 1088 existimetur,
3657 1034 3705 1078 ut

479 1101 686 1172 singula
711 1102 1114 1172 Scripturarum
1145 1102 1257 1156 loca
1283 1117 1402 1170 qua!
1429 1103 1496 1154 ad
1532 1101 1677 1154 illam
1715 1100 2048 1164 referuntur,
2096 1113 2184 1165 ea,
2242 1114 2311 1154 ne
2365 1116 2471 1156 uno
2504 1103 2720 1171 quidem
2775 1119 3027 1177 excepto,
3090 1127 3193 1165 non
3250 1113 3574 1181 litteraliler,
3627 1116 3706 1172 sed

480 1195 707 1266 mystice
745 1204 950 1249 tantum
977 1196 1349 1264 accipiantur;
1386 1193 1583 1248 deinde
1615 1194 1658 1247 si
1694 1192 2004 1260 ubicunque
2039 1206 2220 1245 sermo
2253 1202 2336 1246 est
2366 1193 2432 1248 de
2483 1194 2808 1264 Jerusalem,
2838 1201 2902 1254 de
2951 1202 3207 1272 Egypto,
3243 1205 3532 1276 Babylone,
3584 1208 3706 1280 Tyro

476 1288 705 1367 aliisque
733 1289 962 1344 terrenis
997 1287 1150 1349 locis,
1175 1298 1341 1340 totum
1374 1287 1425 1339 id
1458 1285 1728 1340 referatur
1757 1284 1820 1337 ad
1843 1283 2095 1357 caelestia
2125 1283 2240 1339 loca
2269 1325 2282 1350 ,
2311 1299 2432 1353 quae
2459 1286 2764 1342 animarum
2799 1290 2909 1343 sint
2949 1291 3288 1358 habitacula;
3321 1311 3386 1349 ac
3431 1300 3632 1353 demum
3666 1303 3705 1356 si

473 1382 537 1435 ad
561 1381 847 1452 mysticum
887 1394 1106 1434 sensum
1157 1379 1500 1448 confugiatur
1565 1387 1620 1433 et
1687 1378 1970 1431 deseratur
2029 1377 2231 1446 littera,
2264 1379 2477 1448 quoties
2501 1379 2654 1442 falsa,
2682 1381 2884 1438 inutilis
2907 1399 2970 1439 ac
3003 1385 3109 1439 Deo
3136 1388 3351 1456 indigna
3379 1391 3486 1444 visa
3547 1393 3702 1447 fuerit.

474 1473 585 1529 Hoc
614 1483 694 1528 est
726 1472 1036 1543 Origeuiani
1076 1472 1139 1526 de
1171 1470 1579 1541 interpretanda
1625 1470 1912 1539 Scriptura
1981 1484 2136 1523 sacra
2186 1473 2503 1540 systematis
2556 1475 2958 1544 compendium.
2997 1477 3147 1531 Nune
3207 1482 3548 1539 enucleatius
3596 1485 3704 1541 illud

469 1578 555 1624 est
581 1566 961 1638 explicandum
998 1576 1052 1620 et
1081 1565 1301 1620 disertis
1327 1563 1636 1618 Adamantii
1672 1563 2014 1617 testimoniis
2043 1564 2419 1621 astruendum.

1239 1683 1431 1737 Alme.
1467 1681 1504 1735 Ι.
1530 1695 1595 1734 sx
1636 1694 1861 1735 ORIGENE
1898 1695 2127 1734 TRIPLEX
2166 1695 2264 1735 usr
2309 1697 2713 1740 somnumnon
2754 1701 2963 1743 sensus.

547 1819 564 1851 ι
599 1801 856 1854 Sanctam
884 1795 1228 1867 Scripturam
1264 1796 1462 1865 (inquit
1493 1795 1679 1850 homil.
1705 1794 1737 1848 5
1768 1795 1816 1848 in
1851 1793 2102 1860 Levitic.,
2139 1811 2288 1851 num.
2321 1797 2372 1868 1)
2399 1801 2727 1856 credendum
2771 1813 2853 1857 est
2883 1819 2949 1857 ex
3001 1803 3302 1861 visibilibus
3333 1816 3389 1864 et
3441 1807 3706 1866 invisibili-

465 1890 570 1946 bus
603 1901 880 1958 constare,
914 1889 1077 1945 veluti
1109 1905 1176 1943 ex
1207 1904 1436 1956 corpore
1465 1889 1724 1957 quodam,
1753 1887 1946 1942 litterae
1979 1888 2190 1943 scilicet
2220 1905 2339 1958 qua:
2367 1893 2617 1959 videtur;
2647 1906 2699 1949 et
2727 1898 2930 1959 anima,
2987 1913 3182 1952 sensus
3213 1901 3300 1969 qui
3357 1903 3494 1955 intra
3551 1903 3731 1972 ipsam’

465 1985 919 2055 deprehenditur;
949 1992 1004 2038 et
1035 1984 1254 2053 spiritu,
1280 1982 1578 2036 secundum
1608 1981 1658 2034 id
1687 1981 1829 2050 quod
1853 1980 2018 2035 etiam
2059 1983 2305 2051 quaedam
2339 1984 2391 2036 iu
2416 1999 2475 2040 se
2505 1987 2750 2040 coelestia
2782 1996 2980 2050 teneat,
3023 1999 3080 2043 ut
3112 1993 3399 2057 Apostolus
3422 1994 3567 2058 dicit,
3591 1995 3703 2063 quia

464 2075 754 2141 exemplari
776 2085 824 2129 et
852 2076 1051 2130 umbra:
1071 2073 1370 2128 deserviunt
1397 2072 1748 2128 caelestium‘.
1782 2091 1801 2122 ι
1853 2070 1950 2126 Hic
1972 2087 2173 2142 corpus
2205 2082 2257 2128 et
2289 2075 2469 2128 anima
2509 2092 2673 2130 unum
2705 2082 3060 2149 eumdemque
3085 2096 3326 2146 sensum,
3363 2100 3550 2153 nempe
3577 2087 3706 2140 litte-

466 2170 660 2234 ralem,
704 2170 1009 2240 designant.
1046 2167 1172 2223 Sola
1209 2167 1352 2224 enim
1385 2183 1478 2236 per
1508 2182 1567 2222 se
1589 2167 1771 2220 littera
1803 2171 1870 2220 ab
1895 2181 1957 2220 eo
1985 2181 2143 2234 quem
2184 2169 2444 2228 continet.
2478 2185 2639 2225 sensu
2669 2172 2878 2226 divulsa
2908 2186 2962 2227 et
2994 2175 3293 2240 abstracta,
3335 2178 3478 2230 aliud
3511 2179 3704 2248 signiﬁ-

465 2278 593 2317 care
624 2261 834 2330 nequit,
874 2274 1034 2328 quam
1067 2273 1229 2314 voces
1259 2267 1314 2312 et
1368 2258 1555 2322 verba,
1583 2257 1728 2311 nulla
1793 2255 2256 2324 signiﬁcationum
2310 2272 2445 2326 quas
2493 2260 2572 2312 eis
2621 2260 2809 2314 tribuit
2841 2278 2988 2324 usus,
3037 2264 3221 2316 habita
3289 2269 3516 2321 ratione.
3582 2270 3704 2324 lliue

464 2357 628 2425 igitur
657 2355 834 2426 colligi
863 2364 1044 2426 posset
1084 2355 1350 2423 duplicem
1386 2364 1593 2409 tantum
1629 2355 1697 2408 ab
1753 2352 1988 2422 Origene
2017 2369 2232 2410 sensum
2268 2355 2504 2418 admitti,
2539 2355 2830 2409 litteralem
2866 2367 2920 2410 et
2967 2359 3256 2430 mysticum
3279 2362 3429 2420 ,nisi
3486 2379 3544 2416 se
3599 2363 3705 2432 ipse

463 2449 588 2505 aliis
621 2448 673 2504 in
710 2447 847 2504 locis
873 2447 1238 2503 emendasset.
1277 2443 1442 2498 Paulo
1487 2443 1715 2498 inferius
1753 2443 1993 2510 ejusdem
2025 2445 2260 2499 humilia:
2289 2460 2436 2498 num.
2468 2446 2501 2498 5
2525 2446 2603 2500 sic
2627 2445 2868 2516 loquitur
2929 2467 2942 2503 :
3001 2470 3019 2500 ι
3063 2451 3350 2520 Triplicem
3404 2455 3457 2508 in
3519 2455 3705 2507 divinis

462 2544 763 2616 Scripturis
796 2543 1165 2613 intelligentiae
1195 2555 1337 2608 smpe
1364 2538 1602 2592 diximus
1627 2539 1864 2602 modum,
1902 2540 2246 2602 historicum,
2280 2539 2538 2594 moralem
2583 2551 2641 2596 et
2697 2545 2982 2613 mysticum
3013 2560 3028 2600 :
3065 2549 3207 2602 unde
3241 2560 3293 2602 ct
3320 2565 3514 2618 corpus
3544 2552 3707 2604 inesse

460 2640 532 2703 ei,
566 2649 620 2694 et
653 2639 916 2702 animam,
952 2647 1007 2691 et
1029 2636 1276 2704 spiritum
1307 2633 1692 2688 intelleximus.
1737 2652 1754 2684 ι
1789 2633 1889 2688 Ubi
1920 2633 2069 2688 vides
2102 2648 2332 2702 corpore
2361 2645 2414 2686 et
2442 2634 2624 2688 anima
2663 2651 2768 2690 non
2821 2653 2983 2690 unum
3015 2641 3395 2704 eamdemque,
3426 2642 3499 2694 uti
3528 2656 3706 2709 supra,

461 2732 556 2786 sed
585 2730 859 2800 duplicem
883 2739 936 2784 et
959 2744 988 2783 a
1022 2743 1080 2784 se
1108 2728 1339 2782 invicem
1371 2726 1595 2780 omnino
1622 2726 1916 2780 discretum
1949 2740 2187 2786 sensum,
2222 2739 2414 2794 nempe
2450 2725 2742 2780 litteralem
2767 2739 2819 2781 et
2849 2731 3130 2794 moralem,
3185 2732 3479 2800 designari.
3530 2731 3708 2800 Neque

453 2825 623 2879 aliam
657 2824 980 2878 divisionem
1015 2832 1240 2877 secutus
1266 2830 1350 2874 est
1379 2818 1472 2873 lib.
1516 2831 1567 2869 tv
1597 2816 1676 2871 De
1706 2818 2003 2886 principiis,
2045 2833 2165 2887 pag.
2196 2816 2316 2880 l68,
2351 2817 2438 2870 ubi
2461 2816 2537 2871 ait
2571 2834 2584 2870 :
2617 2834 2636 2869 ‹
2669 2817 2958 2874 Trifariam
3000 2822 3160 2890 igitur
3192 2824 3563 2878 describenda:
3585 2832 3709 2878 sunt

447 2916 515 2970 in
537 2924 720 2970 mente
750 2922 1065 2970 sanctarum
1111 2912 1418 2966 litterarum
1452 2909 1736 2962 sententiae
1768 2927 1781 2963 :
1815 2919 1871 2962 ut
1907 2908 2210 2976 simplicior
2237 2907 2456 2976 quidem
2483 2908 2549 2961 ab
2596 2908 2708 2977 ipsa
2737 2911 2901 2965 veluti
2933 2927 3097 2966 carne
3123 2914 3444 2982 Scriptum,
3473 2930 3578 2984 quo
3609 2933 3699 2972 no-

453 3008 605 3063 mine
643 3006 860 3060 obvium
889 3002 1008 3072 ejus
1033 3015 1255 3057 sensum
1287 2998 1650 3068 appellamus;
1675 2997 1768 3066 qui
1795 3013 1919 3052 vero
1954 2997 2291 3064 aliquantum
2335 2999 2662 3063 ascenderit,
2697 2999 2765 3053 ab
2800 2999 2910 3062 ipsa
2935 3003 3334 3069 quodammodo
3363 3005 3542 3060 anima
3563 3007 3702 3076 ejus;

454 3101 740 3167 perlectus
765 3105 1018 3150 autem...
1052 3107 1080 3147 a
1113 3092 1228 3162 lege
1251 3088 1482 3159 spiritali
1510 3089 1804 3142 aediﬁcetur
1835 3089 2079 3141 umbram
2116 3089 2352 3144 habente
2382 3090 2686 3145 futurorum
2716 3090 3004 3144 bonorum.
3037 3091 3102 3146 Ut
3127 3097 3271 3148 enim
3308 3095 3466 3150 homo
3501 3108 3714 3152 constat

459 3205 709 3260 corpore,
739 3188 920 3244 anima
951 3195 1007 3240 et
1028 3185 1242 3255 spiritu,
1277 3184 1346 3237 ita
1370 3193 1424 3236 et
1447 3182 1730 3250 Scriptura
1766 3195 1888 3248 quze
1916 3181 2099 3234 divina
2127 3180 2532 3250 dispensatione
2563 3183 2615 3237 in
2659 3183 2937 3238 hominum
2959 3183 3186 3238 salutem
3215 3185 3337 3238 data
3361 3196 3463 3240 est.
3507 3207 3523 3238 ι
3574 3187 3714 3258 Lege

447 3286 700 3354 .insuper,
731 3285 778 3337 si
810 3288 984 3347 vacat,
1021 3293 1144 3348 qua:
1176 3286 1360 3347 postea
1397 3275 1599 3331 ibidem
1630 3274 1900 3328 habentur
1929 3289 2078 3328 num.
2113 3274 2181 3328 12
2211 3284 2266 3329 et
2298 3274 2384 3330 15.

1020 3423 1218 3477 Aeria.
1249 3420 1310 3475 ll.
1348 3433 1576 3475 rntpLsx
1619 3432 1739 3474 ISTE
1780 3431 1970 3473 sensus
2007 3431 2109 3472 non
2148 3432 2342 3481 umque
2382 3432 2788 3473 scmnunanun
2830 3434 3153 3474 nsrsntrun.

534 3565 553 3598 ι
581 3542 1078 3612 ριιωιὶθιη.(ἰηιιυὶι
1109 3539 1207 3593 lib.
1235 3555 1289 3593 tv
1322 3536 1396 3591 De
1430 3537 1728 3607 principiis,
1762 3551 1911 3589 num.
1942 3533 2028 3605 {2)
2057 3533 2105 3588 Si

2133 3535 2352 3604 ripturaa
2387 3535 2634 3603 quaedam
2656 3543 2800 3600 sunt,
2831 3550 2949 3604 quae
2974 3535 3104 3589 nihil
3138 3536 3335 3590 habent
3361 3551 3703 3604 corporeum.

459 3639 655 3695 alicubi
689 3637 806 3693 sola
838 3636 999 3691 veluti
1031 3635 1213 3688 anima
1249 3641 1304 3686 et
1329 3633 1556 3701 spiritus
1599 3628 1928 3700 quaerendus
1962 3637 2066 3682 est.
2101 3645 2119 3676 ι
2167 3625 2398 3681 Humilia
2437 3638 2622 3682 autem
2649 3631 2931 3683 undecima
2963 3632 3016 3684 in
3048 3629 3333 3697 Numeros,
3368 3634 3457 3687 ubi
3500 3634 3565 3689 de
3600 3635 3719 3704 lege

457 3734 637 3802 agi.ur
657 3746 776 3800 qua:
805 3728 1076 3798 primitias
1102 3725 1284 3781 oﬂ'erri
1321 3724 1591 3796 praecipit,
1622 3723 1828 3778 clarius
1858 3731 2094 3777 mentem
2118 3736 2272 3775 suam
2304 3722 2478 3789 aperit
2523 3723 2606 3776 his
2639 3723 2821 3777 verbis
2857 3739 2870 3775 :
2913 3741 2932 3773 ι
2976 3723 3126 3777 Ilanc
3154 3738 3284 3794 ergo
3318 3725 3486 3795 legem
3523 3728 3719 3782 obser—

456 3823 573 3877 vari
609 3822 771 3876 etiam
797 3820 1094 3875 secundum
1123 3819 1361 3872 litteram
1388 3817 1527 3871 sicut
1553 3824 1608 3869 et
1643 3814 1747 3867 alia
1780 3813 2045 3868 nonnulla
2079 3813 2450 3865 necessarium
2483 3823 2633 3880 puto.
2689 3813 2832 3867 Sunt
2875 3817 3022 3869 enim
3052 3815 3330 3884 aliquanta
3364 3817 3498 3886 legis
3552 3835 3712 3872 mau-

449 3915 602 3979 data,
626 3927 744 3982 quae
771 3913 936 3965 etiam
967 3909 1105 3964 Novi
1137 3908 1470 3964 Testamenti
1505 3904 1758 3974 discipuli
1791 3905 2097 3959 necessaria
2132 3903 2519 3957 observatione
2543 3907 2881 3960 custodiunt.
2931 3907 3014 3970 Et,
3067 3907 3110 3962 si
3150 3910 3386 3976 videtur,
3447 3913 3597 3980 prius
3650 3914 3721 3965 de

453 4009 522 4063 iis
554 4006 687 4078 ipsis
719 4019 840 4073 qua:
863 4005 915 4058 iu
941 4003 1058 4074 lege
1081 4001 1300 4072 quidem
1331 3999 1560 4069 scripta,
1595 3999 1689 4053 sed
1720 4005 1899 4050 tamen
1939 3998 1991 4050 in
2025 3994 2331 4060 Evangeliis
2355 3995 2696 4051 observanda
2734 4008 2899 4062 sunt,
2935 4013 3117 4056 sermo
3143 4014 3456 4071 moveatur;
3506 4015 3558 4058 et
3589 4019 3719 4058 cum

457 4101 571 4153 hare
620 4095 915 4168 patuerint,
945 4105 1072 4148 tunc
1096 4093 1209 4163 jam
1241 4092 1370 4161 quid
1395 4091 1448 4145 in
1471 4091 1552 4145 eis
1600 4089 1764 4144 etiam
1815 4088 2136 4157 spiritaliter
2159 4087 2348 4140 sentiri
2383 4088 2598 4153 debeat,
2635 4091 3017 4158 requiremus;
3046 4103 3171 4148 sunt
3200 4096 3344 4149 enim
3371 4095 3461 4164 qui
3517 4099 3594 4149 ita
3633 4096 3724 4150 di-

443 4196 600 4254 cant,
626 4187 751 4257 quia
785 4185 830 4239 si
867 4183 1076 4253 aliquid
1119 4181 1340 4238 omnino
1360 4181 1768 4238 observandum
1792 4188 1878 4235 est
1898 4179 2193 4234 secundum
2221 4180 2482 4242 litteram,
2511 4195 2610 4233 cur
2656 4195 2762 4236 non
2810 4193 2864 4237 et
2899 4195 3091 4239 cuncta
3121 4189 3450 4242 serventur?
3478 4186 3534 4242 Si
3587 4202 3726 4244 vero

453 4283 520 4336 ad
553 4277 855 4350 spiritalem
885 4274 1307 4346 intelligentiam
1341 4287 1462 4344 quae
1486 4272 1569 4328 lex
1596 4273 1862 4339 continet,
1889 4271 2176 4328 referenda
2209 4285 2354 4337 sunt,
2405 4273 2546 4326 nihil
2581 4275 2801 4328 omnino
2855 4279 3152 4331 secundum
3185 4279 3442 4344 litteram,
3467 4281 3564 4334 sed
3603 4281 3724 4348 sp-i-

456 4372 690 4427 ritaliter
719 4370 920 4426 debent
952 4369 1207 4424 universa
1239 4367 1499 4422 discerni.
1534 4365 1643 4421 Nos
1671 4381 1803 4422 vero
1840 4367 2126 4435 utriusque
2149 4367 2474 4423 assertionis
2504 4367 2847 4423 insolentiam
2883 4378 3274 4440 temperantes,
3300 4373 3476 4442 qualis
3527 4375 3729 4443 regula

455 4469 508 4519 iu
543 4463 918 4535 hujuscemodi
954 4462 1090 4534 legis
1120 4461 1465 4518 sermonibus
1493 4459 1832 4517 observanda
1869 4460 1964 4524 sit,
1995 4476 2061 4515 ex
2102 4465 2433 4516 auctoritate
2455 4461 2764 4516 divinarum
2809 4461 3217 4533 Scripturarum
3254 4463 3501 4534 proferre
3540 4473 3734 4518 tenta-

448 4561 651 4615 bimus.
701 4576 722 4610 ι
755 4556 849 4612 llla
879 4567 1060 4611 autem
1106 4569 1268 4624 quam
1309 4552 1542 4622 prol‘ert,
1573 4551 1760 4622 regula
1816 4553 2068 4622 sequenti
2133 4555 2483 4609 distinetione
2517 4553 2761 4607 nititur:
2819 4553 3166 4626 Quaecunque
3224 4556 3381 4626 legis,
3430 4556 3733 4628 praecepti,

455 4647 778 4713 testimonii,
809 4644 1073 4710 mandati,
1101 4644 1354 4716 iustitiae,
1381 4642 1598 4713 judicii,
1621 4652 1754 4706 etc.,
1787 4643 2013 4698 uocibus
2040 4646 2447 4713 exprimuntur,
2472 4658 2533 4697 ea
2558 4645 2738 4698 omnia
2770 4660 2876 4699 non
2900 4657 3028 4701 sunt
3055 4647 3196 4701 inter
3229 4663 3290 4703 se
3310 4649 3734 4704 confundenda.

456 4745 608 4800 Licet
629 4742 773 4796 enim
805 4738 1286 4795 indiscriminatim
1317 4737 1541 4792 nomine
1572 4735 1712 4805 legis
1744 4735 2138 4806 signiﬁcentur,
2168 4736 2310 4792 aliud
2344 4747 2523 4794 tamen
2553 4749 2635 4793 est
2670 4738 2778 4805 lex,
2811 4741 2956 4796 aliud
2988 4742 3322 4808 mandatum,
3342 4753 3446 4801 etc.
3479 4745 3736 4811 Aposto-

454 4840 544 4891 lus
579 4835 797 4903 quidem
839 4832 1009 4902 legem
1031 4830 1280 4885 umbram
1303 4843 1425 4883 esse
1450 4829 1606 4882 docet
1637 4827 1944 4882 futurorum
1980 4826 2243 4882 bonormn
2263 4831 2309 4893 ',
2337 4841 2392 4884 at
2421 4843 2524 4884 non
2555 4831 2683 4885 item
2720 4832 3054 4902 mandatum,
3087 4844 3197 4891 et‘c.
3254 4835 3392 4892 Hinc
3446 4836 3741 4906 Origenes

453 4928 614 4981 inl‘crt
637 4924 899 4996 quidquid
933 4925 1069 4993 legis
1101 4918 1685 4978 nomiueinMosaicis
1738 4919 1892 4973 libris
1918 4920 2262 4990 exprimitur,
2304 4919 2356 4974 id
2413 4930 2582 4976 totum
2631 4937 2863 4984 ιιιντςειι,·-ι
3124 4928 3398 4993 esu-WA
3453 4945 3497 4976 ι,ι
3555 4946 3580 4974 ,ι

449 5036 607 5075 secus
636 5035 764 5074 vero
797 5019 1059 5089 quidquid
1092 5016 1355 5079 mandati,
1386 5013 1706 5078 testimonii,
1760 5011 2248 5084 justiti-.e,judicii,
2289 5022 2420 5078 etc.,
2476 5014 2701 5069 vocibus
2737 5016 2844 5066 σιτ».ρῖ
2897 5055 2900 5058 .
2935 5045 2940 5052 ι
3019 5049 3055 5066 ..
3121 5041 3136 5067 ι
3181 5020 3219 5062 εξ
3245 5041 3282 5064 -_~.

452 5112 859 5180 (inquiteadem
894 5108 1162 5180 humilia),
1193 5124 1314 5178 quae
1347 5123 1691 5178 nequaquam
1737 5114 2040 5162 secundum
2088 5106 2325 5160 litteram
2377 5108 2720 5162 observanda
2761 5137 2770 5151 -
2851 5133 2856 5140 ι
3169 5133 3260 5158 μαι
3291 5121 3333 5146 ἰ

451 5209 630 5262 uuiuia
673 5208 785 5262 fere
836 5208 972 5277 apud
1008 5206 1246 5276 Moysen:
1270 5205 1369 5260 sub
1425 5204 1559 5276 legis
1613 5203 1769 5258 titulo
1817 5203 2110 5273 designari.
2165 5201 2284 5256 Jam
2319 5217 2453 5258 vero
2500 5203 2544 5255 si
2605 5202 2655 5255 in
2693 5218 2739 5256 θ‹
2812 5263 2824 5270 ,
2989 5209 2992 5218 ·

450 5306 772 5358 adulterium
804 5305 990 5373 facies,
1017 5321 1119 5359 non
1146 5303 1408 5372 fut-aberis
1430 5303 1473 5366 ³,
1504 5309 1559 5356 et
1583 5300 1792 5369 reliqua
1826 5298 2160 5368 hujusmodi,
2189 5312 2293 5352 non
2324 5297 2568 5352 invenies
2596 5298 2848 5366 quoniam
2883 5296 3016 5366 legis
3049 5299 3259 5354 titulum
3304 5301 3356 5354 in
3392 5303 3458 5356 iis
3485 5305 3730 5372 prsenti-

448 5400 600 5462 serit,
634 5399 726 5453 sed
775 5398 946 5467 magis
994 5397 1112 5451 haec
1155 5395 1406 5448 matidata
1441 5395 1712 5456 videntur,
1745 5402 1798 5447 et
1823 5392 1942 5447 ideo
1977 5406 2085 5444 non
2120 5391 2433 5445 exiuanitur
2458 5390 2598 5459 apud
2635 5388 2924 5457 discipulos
2949 5389 3224 5460 Evangelii
3271 5393 3537 5463 scriptura
3581 5399 3735 5454 ista,

450 5491 543 5543 sed
586 5489 935 5559 adimpletur,
963 5488 1110 5556 quia,
1140 5496 1198 5540 ut
1222 5487 1355 5550 dixi,
1386 5501 1493 5538 non
1538 5484 1877 5547 inlaudatum,
1916 5482 2011 5535 sed
2039 5481 2122 5534 lex
2155 5480 2358 5534 dicitur
2409 5480 2609 5535 habere
2641 5479 2884 5534 umbram
2933 5481 3237 5538 futurorum
3301 5487 3592 5542 bonorum.
3657 5491 3741 5547 Ει

453 5583 571 5635 ideo
602 5583 712 5635 hare
744 5581 899 5636 nobis
928 5579 1223 5634 secundum
1255 5578 1491 5632 litteram
1524 5575 1878 5631 custodienda
1905 5583 2056 5628 sunt.
2085 5572 2222 5639 Quid
2254 5588 2389 5644 opus
2418 5583 2500 5629 est
2530 5574 2584 5628 in
2618 5572 2702 5628 his
2730 5571 3039 5642 allegoriam
3071 5589 3335 5645 quaerere,
3398 5597 3520 5634 cum
3575 5587 3739 5638 atati“

525 5761 545 5790 ³
585 5760 747 5816 llebr.
786 5779 902 5833 riu,
937 5762 990 5818 5.
1067 5764 1086 5794 ²
1117 5753 1287 5815 Ιιοὶιτζ
1330 5775 1383 5824 x,
1424 5760 1474 5816 l.
1553 5756 1771 5831 ’_Exod.
1803 5773 1893 5826 xx,
1931 5757 1996 5812 l5
2046 5772 2198 5830 seqq.
