3978 6448
338 274 401 329 13
471 307 474 310 ‹
1583 268 1909 325 PR/EFATI

2014 270 2082 325 tl)
2117 269 2282 327 TOM.
2321 271 2385 326 ll.
3518 277 3585 331 14

335 388 452 442 ﬂeet
474 384 636 440 etiam
669 381 886 436 littera?
913 377 1268 435 Ostendimus
1304 391 1435 447 ergo
1467 380 1713 446 quaedam
1746 393 1868 434 esse
1898 394 2017 449 qua:
2045 379 2268 435 omnino
2310 396 2417 434 non
2483 391 2610 436 sunt
2663 383 2927 439 servanda
2985 387 3282 440 secundum
3344 387 3584 442 litteram

335 485 482 552 legis,
506 491 558 536 et
585 497 707 536 esse
743 480 986 549 quamam
1017 492 1134 544 quze
1161 475 1416 544 allegoria
1451 477 1663 544 penitus
1715 477 2003 530 immutare
2031 490 2138 529 non
2187 475 2367 540 debet,
2398 477 2492 530 sed
2523 478 2747 534 omnino
2801 480 2874 534 ita
2931 487 2989 534 ut
3039 479 3338 548 Scriptura:
3397 483 3463 537 dc
3519 484 3588 538 iis

331 579 630 642 cominent,
665 573 1006 630 observanda
1033 580 1178 625 sunt.
1220 570 1372 625 Nunc
1408 570 1644 640 requiro,
1687 572 1730 624 si
1786 580 1910 624 sunt
1946 569 2127 639 aliqua
2161 587 2282 640 qua:
2312 581 2366 629 et
2406 575 2702 628 secundum
2745 575 2978 631 litteram
3027 577 3244 645 quidem
3280 588 3425 632 stare
3459 594 3586 650 pos.

332 678 474 732 sunt,
508 666 817 720 necessario
845 675 1020 717 tamen
1055 664 1108 716 in
1140 663 1224 718 eis
1251 662 1507 732 allegoria
1551 663 1901 732 requirenda.
1935 683 1952 715 ι
1986 664 2325 734 Argumenta
2366 674 2448 720 est
2477 665 2524 720 ei
2557 674 2665 719 tmn
2695 666 2825 721 illud
2857 669 2997 736 quod
3030 671 3095 724 de
3128 672 3471 725 matrimonio
3504 673 3590 728 di-

330 779 468 824 ctum
501 778 662 833 est,et
687 767 752 819 ad
782 765 965 820 Jesum
993 775 1155 832 atque
1183 761 1482 817 Ecclesiam
1514 763 1580 816 ab
1615 763 1875 831 Apostolo
1898 763 2154 828 refertur,
2194 773 2306 818 tum
2341 764 2566 818 historia
2599 764 2786 819 lsmael
2814 775 2867 820 et
2910 767 3078 832 lsaac,
3128 768 3273 836 Agar
3298 778 3350 822 et
3409 769 3582 835 Sarac,

331 877 446 930 quae
475 861 765 930 allegorice
798 860 864 913 ab
886 861 1076 914 eodem
1104 857 1362 929 Apostolo
1391 861 1687 928 exponitur
1717 878 1728 912 :
1760 870 1873 913 tum
1920 860 2101 914 subdit
2136 877 2150 912 ε
2197 877 2215 909 ι
2253 859 2627 926 Ostendimus,
2659 869 2717 914 ut
2753 863 2969 930 opinor,
3015 865 3344 920 auctoritate
3388 865 3586 920 divina:

332 957 642 1024 St-ripturre,
675 971 742 1009 ex
771 955 838 1009 iis
867 969 984 1023 qua:
1023 955 1074 1007 in
1107 955 1450 1025 lege‘scripta
1489 965 1640 1019 sunt,
1665 955 1841 1024 aliqua
1876 955 2094 1022 penitus
2119 955 2440 1025 refugienda
2467 971 2609 1021 esse,
2636 967 2690 1011 et
2717 957 2976 1020 cavenda,
3011 975 3078 1014 ne
3109 962 3403 1015 sccmrdum
3436 961 3583 1018 litte-

330 1063 438 1098 ram
469 1046 535 1098 ab
566 1045 841 1114 Evangelii
875 1045 1154 1114 discipulis
1189 1023 1584 1111 observentur;
1613 1047 1859 1113 quaedam
1887 1060 2014 1100 vero
2053 1046 2365 1100 omnimode
2392 1057 2447 1100 ιιι
2487 1047 2685 1116 scripta
2735 1056 2863 1102 sunt
2901 1049 3186 1104 obtinenda
3220 1067 3234 1118 ;
3264 1053 3365 1108 alia
3405 1066 3585 1108 autem

330 1139 524 1194 habere
549 1139 767 1207 quidem
799 1140 1094 1192 secundum
1132 1138 1374 1193 litteram
1403 1139 1689 1192 veritatem
1720 1139 1828 1202 sui,
1864 1139 2105 1203 recipere
2135 1149 2313 1194 tamen
2351 1141 2555 1193 utiliter
2598 1151 2652 1196 et
2703 1143 3013 1196 necessario
3037 1143 3200 1197 etiam
3227 1145 3582 1216 allegoricum

325 1246 559 1286 sensum.
602 1231 716 1284 Erit
749 1244 880 1297 ergo
907 1230 1018 1299 jatn
1041 1230 1298 1299 sapientis
1322 1229 1514 1284 scriba:
1544 1237 1598 1282 et
1626 1230 1804 1284 edocti
1833 1230 1898 1283 de
1935 1245 2100 1298 regno
2132 1231 2243 1296 Dei,
2283 1233 2372 1298 qui
2415 1231 2553 1285 sciat
2602 1233 2668 1286 de
2719 1235 2990 1288 thesauris
3032 1233 3114 1288 his
3146 1237 3392 1304 proferre
3445 1257 3582 1294 nova

325 1335 377 1378 et
406 1333 588 1376 vetera
610 1365 624 1388 ,
652 1322 792 1374 scire
809 1322 1078 1388 quomodo
1113 1323 1165 1375 in
1205 1336 1533 1390 unoquoque
1570 1322 1691 1376 loco
1725 1321 2024 1390 Scriptura:
2052 1335 2145 1375 aut
2169 1322 2389 1390 abjiciat
2420 1324 2633 1392 penitus
2661 1326 2998 1378 occidentem
3032 1325 3288 1393 litteram,
3327 1341 3416 1385 aut
3441 1348 3575 1387 cou-

323 1413 830 1470 ﬁrmetomnimode
859 1422 917 1467 ut
957 1415 1255 1475 utilem,ac
1320 1415 1683 1469 necessariam
1719 1415 1910 1484 probet
1934 1415 2128 1469 litterae
2167 1416 2504 1481 doetrinam;
2546 1426 2658 1481 aut,
2701 1430 2960 1481 manente
2985 1419 3238 1484 historia,
3275 1435 3581 1491 opportune

323 1516 376 1560 et
403 1507 660 1559 decenter
691 1505 998 1561 introducat
1038 1507 1201 1561 etiam
1235 1508 1527 1578 mysticum
1563 1522 1841 1562 sensum.»
1879 1507 1944 1562 Et
1979 1510 2170 1578 paucis
2201 1510 2540 1578 interjcctis:
2574 1530 2590 1561 ι
2624 1510 2791 1580 Igitur
2819 1527 2883 1566 ex
2916 1513 2999 1566 his
3056 1529 3174 1582 quae
3235 1517 3578 1583 protulimus,

321 1601 522 1672 paucis,
552 1602 595 1654 si
622 1602 713 1668 qui
757 1609 882 1656 sunt
927 1603 1156 1658 studiosi
1194 1603 1246 1657 in
1276 1603 1574 1673 Scripturis
1596 1603 1813 1667 divinis,
1857 1604 2112 1673 perfacile
2143 1605 2394 1669 colligere
2422 1613 2672 1673 poterunt
2696 1605 2861 1660 etiam
2908 1614 3233 1662 cmterorum
3267 1609 3580 1664 distinctio-

321 1713 431 1752 nes.
469 1697 699 1766 Sapiens
725 1698 869 1752 enim
897 1698 942 1752 si
979 1699 1186 1763 audiat,
1215 1699 1416 1768 inquit,
1455 1701 1702 1766 verbum,
1731 1715 1836 1755 non
1872 1701 2046 1754 solum
2077 1700 2338 1766 laudabit,
2365 1703 2462 1755 sed
2494 1711 2547 1754 et
2581 1701 2798 1770 adjiciet
2829 1701 2896 1756 ad
2933 1700 3083 1755 illud.
3126 1701 3264 1767 Quid
3309 1702 3527 1770 adjiciet
3557 1702 3584 1758 ἲ

324 1794 391 1848 Ut
415 1796 665 1850 discutiat
691 1804 745 1850 et
770 1796 1045 1850 discernat
1071 1797 1123 1851 in
1147 1796 1378 1866 singulis
1408 1797 1711 1866 quibusque
1737 1796 1992 1865 capitulis
2025 1796 2186 1866 legis,
2217 1796 2306 1850 ubi
2394 1796 2647 1866 fugienda
2680 1798 2750 1850 sit
2788 1796 2919 1867 legis
2960 1796 3138 1851 littera
3167 1836 3181 1860 ,
3229 1799 3316 1851 ubi
3372 1771 3577 1868 ample:

332 1889 546 1955 ctenda,
575 1891 668 1943 ubi
709 1877 870 1944 etiam
907 1891 1147 1944 narratio
1180 1891 1422 1946 historiae
1451 1907 1573 1946 cum
1618 1892 1845 1962 mystica
1887 1893 2224 1960 expositione
2255 1893 2561 1946 conveniat.
2601 1891 2850 1947 Christus
2889 1893 3033 1946 enim
3071 1907 3171 1945 nos
3225 1893 3452 1946 redemit
3511 1894 3581 1948 de

319 1978 600 2034 maledicto
623 1979 778 2050 legis,
809 1997 914 2036 non
953 1997 1052 2037 nos
1081 1982 1316 2036 redemit
1354 1983 1420 2036 de
1445 1983 1733 2037 maledicto
1767 1982 2026 2047 mandati,
2073 1998 2171 2036 nec
2201 1986 2266 2038 de
2297 1983 2580 2038 maledicto
2609 1984 2924 2049 testimonii,
2965 1999 3064 2038 nec
3090 1985 3154 2039 de
3178 1986 3463 2038 maledicto
3491 1985 3581 2055 ju-

321 2071 593 2134 diciorum.
622 2073 714 2126 sed
747 2074 814 2128 de
849 2074 1140 2128 maledicto
1179 2074 1346 2142 legis;
1379 2074 1430 2128 id
1452 2083 1557 2140 est,
1590 2089 1656 2128 ne
1683 2074 1913 2144 subjecti
1939 2089 2185 2128 essemus
2215 2075 2617 2130 circumcisioni
2651 2076 2856 2137 carnis,
2893 2091 2992 2130 nec
3031 2076 3397 2129 observntioni
3437 2077 3576 2131 Sab-

327 2163 589 2229 batorum,
619 2167 848 2236 aliisque
876 2168 1061 2221 hormn
1086 2168 1379 2235 similibus,
1407 2185 1526 2238 quae
1556 2185 1662 2224 non
1696 2170 1748 2223 in
1785 2169 2075 2233 mandatis,
2112 2171 2204 2223 sed
2232 2170 2284 2224 in
2319 2171 2441 2238 lege
2466 2171 2722 2226 discenda
2753 2181 2883 2224 sunt
2916 2151 3242 2226 contineri.»
3281 2173 3356 2226 Ex
3384 2174 3574 2226 horum

321 2259 695 2327 principiorum
730 2262 869 2315 serie
897 2261 1179 2331 Origenes,
1205 2263 1421 2331 quando
1455 2273 1776 2317 accuratum
1801 2263 1866 2316 de
1909 2263 2141 2331 mystico
2183 2278 2344 2318 sensu
2374 2264 2572 2318 habere
2615 2264 2726 2316 vult
2756 2279 3089 2327 sermonem,
3138 2264 3362 2317 vocibus
3405 2265 3576 2317 utitur

316 2351 462 2404 valde
487 2355 774 2415 restrictis,
802 2363 857 2406 ut
885 2370 1006 2407 cum
1037 2355 1259 2408 homilia
1298 2355 1486 2423 quinta
1527 2355 1577 2408 in
1606 2353 1908 2409 Leviticum
1949 2354 2024 2408 ait
2050 2353 2389 2422 Scripturam
2427 2373 2445 2406 ι
2492 2355 2737 2424 quaedam
2768 2356 2819 2408 in
2861 2370 2923 2409 se
2949 2355 3193 2410 cmlcstia
3229 2356 3568 2419 continere,»

315 2450 370 2496 et
391 2442 482 2501 lib.
510 2459 563 2499 tv
581 2445 657 2497 De
684 2447 974 2516 principiis,
1013 2464 1031 2497 ι
1067 2447 1502 2515 dispensationes
1529 2447 1791 2516 quasdam
1824 2444 2079 2513 mystiras
2108 2445 2334 2499 indicari
2367 2461 2462 2513 per
2495 2445 2862 2514 Seripturas.»

1009 2562 1201 2618 Αιιτιο.
1243 2561 1330 2616 lll.
1365 2576 1431 2616 ne
1456 2577 1750 2616 urturue
1790 2577 1860 2615 ετ
1893 2575 2245 2614 Ριιιεετλιιτιει
2282 2574 2472 2616 sensus
2510 2577 2580 2614 υτ

1284 2561 1330 2616 ,1.
1365 2576 1431 2616 DE
1456 2577 1750 2616 UTILITATE
1790 2577 1860 2615 ET
1893 2575 2245 2614 PBESTANTIA
2282 2574 2472 2616 SENSUS
2510 2575 2855 2617 LITTEBALIS.

381 2674 460 2730 Ex
499 2676 731 2747 Origene
761 2678 852 2733 lib.
880 2693 932 2732 tv
959 2677 1032 2732 De
1059 2678 1352 2748 principiis,
1386 2691 1536 2731 nmn.
1572 2677 1662 2741 l2,
1691 2675 1981 2731 lilteralem
2017 2689 2248 2738 sensum,
2279 2692 2297 2726 ι
2335 2676 2500 2730 etiam
2529 2690 2624 2745 per
2649 2690 2708 2731 se
2738 2675 2924 2731 utilem
2950 2690 3070 2731 esse
3119 2692 3298 2746 posse,
3334 2685 3569 2733 testatur

309 2781 494 2823 eorum
526 2771 808 2825 multitudo
839 2773 929 2841 qui
967 2771 1198 2842 ingenue
1235 2780 1290 2826 et
1310 2769 1633 2840 simpliciter
1659 2768 2035 2823 crediderunt.
2077 2785 2095 2819 ι
2142 2765 2346 2821 Ibidem
2375 2767 2474 2821 sub
2502 2765 2663 2820 finem
2696 2782 2846 2822 num.
2886 2767 2972 2830 14,
3004 2777 3293 2838 postquam
3325 2765 3570 2836 singula-

311 2861 402 2914 tim
433 2865 712 2918 enarravit
744 2866 796 2920 in
828 2880 937 2935 quo
979 2865 1230 2922 litteralis
1262 2880 1456 2920 sensus
1495 2865 1782 2930 consistat,
1807 2863 1884 2919 sic
1908 2862 2188 2917 concludit
2215 2879 2229 2915 :
2262 2881 2280 2914 ι
2309 2861 2364 2915 ld
2392 2862 2536 2916 enim
2556 2863 2887 2932 propositum
2917 2862 3035 2927 fuit,
3064 2873 3120 2916 ut
3146 2867 3320 2932 ipsum
3348 2878 3570 2933 quoque

309 2955 672 3022 spiritualium
706 2958 1108 3021 indumentum,
1144 2959 1196 3012 id
1229 2967 1331 3021 est,
1359 2958 1500 3028 quod
1535 2958 1585 3010 in
1621 2956 1922 3027 Scripturis
1952 2968 2278 3023 corporeum
2313 2962 2418 3014 est,
2459 2955 2511 3006 in
2546 2955 2730 3008 multis
2764 2971 2865 3009 non
2893 2955 2962 3009 sit
2995 2956 3202 3017 inutile,
3239 2957 3331 3011 sed
3367 2957 3568 3012 multos

308 3050 499 3117 possit,
535 3060 797 3118 quantmn
831 3067 1060 3120 capaces
1087 3061 1235 3114 sunt,
1261 3052 1514 3106 meliores
1562 3050 1799 3103 etlicere.
1840 3067 1858 3098 ι
1895 3047 2094 3100 Eodem
2135 3045 2251 3100 fere
2291 3047 2451 3099 modo
2481 3045 2639 3098 diluit
2662 3046 2802 3100 Celsi
2833 3046 3132 3101 calumnias
3158 3046 3253 3101 lib.
3287 3062 3339 3100 tv
3370 3058 3566 3104 contra

309 3142 675 3210 impudentem
739 3143 886 3196 illum
947 3144 1311 3212 Epicureum,
1350 3141 1591 3197 num.49
1637 3161 1650 3195 :
1689 3160 1706 3192 ι
1745 3139 1899 3206 Quod
1951 3139 1996 3194 si
2049 3137 2291 3207 legisset,
2337 3138 2532 3206 inquit,
2591 3148 2802 3192 nostras
2869 3153 3026 3207 aequo
3085 3139 3266 3194 animo
3321 3139 3569 3209 Scriptu-

307 3249 414 3296 ras,
446 3251 548 3288 non
584 3236 810 3290 dixisset
841 3238 1024 3306 utique
1051 3253 1138 3291 eas
1168 3254 1271 3290 non
1296 3252 1447 3302 posse
1480 3235 1794 3304 allegoriam
1841 3233 1974 3302 pati.
2033 3231 2219 3300 Neque
2249 3231 2392 3284 enim
2427 3245 2494 3284 ex
2524 3229 2746 3283 historia
2780 3230 2915 3299 ipsa,
2947 3231 3040 3285 sed
3075 3247 3141 3284 ex
3178 3232 3480 3300 prophetiis
3512 3233 3566 3288 in

303 3327 497 3394 quibus
522 3326 759 3382 historia:
795 3336 1105 3391 narrantur,
1129 3342 1462 3396 cognoscere
1492 3335 1574 3380 est
1606 3340 1728 3394 quae
1759 3326 1867 3379 sint
1897 3323 2156 3386 biStorize,
2201 3338 2322 3392 quae
2348 3336 2414 3376 eo
2446 3321 2551 3375 fine
2583 3321 2798 3390 scripta:
2822 3331 2946 3374 sunt
3004 3331 3057 3376 ιιι
3083 3322 3356 3392 allegoriis
3383 3324 3563 3392 expli-

303 3429 560 3474 carentur
595 3440 608 3475 :
639 3423 780 3489 quod
807 3423 1211 3490 sapientissime
1246 3423 1522 3491 provisum
1553 3427 1657 3483 est,
1709 3427 1766 3471 ut
1818 3425 1872 3471 et
1923 3416 2153 3485 simplici
2192 3413 2429 3469 tidelimn
2463 3414 2642 3483 vulgo,
2671 3421 2724 3467 et
2755 3414 2822 3468 iis
2851 3415 3041 3481 paucis
3074 3415 3567 3486 convenirent,qui

301 3529 390 3570 res
426 3516 589 3569 altius
613 3523 666 3570 et
702 3518 999 3584 prudenter
1027 3514 1265 3566 scrutari
1299 3511 1517 3573 vellent,
1548 3519 1643 3563 attt
1679 3516 1962 3578 possent.»
1995 3508 2058 3560 Et
2088 3505 2224 3560 labro
2259 3507 2452 3573 primo,
2490 3521 2638 3557 num.
2674 3503 2733 3557 28
2769 3522 2782 3558 :
2819 3505 2998 3574 «‘Agc,
3044 3505 3220 3570 Celse,
3274 3508 3458 3575 profer
3507 3507 3564 3562 in

301 3609 535 3662 medimn
563 3607 706 3672 Lini,
743 3606 946 3670 Illusrei,
973 3604 1174 3672 Orphei
1211 3612 1484 3672 poemata,
1516 3611 1571 3656 et
1604 3602 1928 3672 Pherecydis
1982 3599 2282 3653 historiam.
2315 3598 2580 3664 Compara
2620 3597 2733 3649 lucc
2767 3597 2968 3664 scripta
3029 3612 3151 3651 cum
3186 3598 3386 3668 Moysis
3423 3601 3563 3669 legi-

298 3703 421 3767 bus,
462 3701 679 3754 illorum
703 3700 961 3755 historias
996 3713 1118 3752 cmn
1147 3697 1263 3766 ejus
1293 3697 1562 3761 historiis,
1596 3694 1834 3750 morales
1861 3693 2075 3746 illorum
2125 3690 2344 3760 regulas
2380 3705 2502 3744 cum
2548 3688 2664 3756 ejus
2696 3689 2909 3758 legibus
2940 3699 2994 3744 et
3020 3692 3324 3758 praeceptis.
3357 3691 3559 3746 Consi-

297 3795 430 3850 dera
458 3803 577 3848 utra
605 3794 715 3848 sola
743 3794 971 3848 lectione
995 3793 1271 3846 auditores
1305 3805 1332 3842 a
1371 3789 1520 3843 vitiis
1552 3800 1811 3848 avocare,
1839 3793 1959 3838 utra
1979 3785 2031 3837 in
2057 3797 2281 3852 pravum
2311 3782 2568 3836 indurare
2606 3781 2775 3850 magis
2803 3781 3042 3834 Valeant.
3069 3781 3132 3835 Et
3162 3782 3350 3837 animo
3380 3792 3558 3839 tecum

295 3886 474 3956 cogita
519 3894 641 3940 tuos
672 3884 792 3937 illos
823 3885 1114 3952 scriptores
1147 3880 1346 3933 nullam
1379 3893 1516 3948 pene
1558 3877 1866 3943 vulgarium
1909 3875 2172 3928 lectorum
2231 3870 2487 3926 habuisse
2538 3872 2830 3934 rationem,
2878 3871 2969 3923 sed
3009 3885 3165 3925 suam
3211 3872 3276 3925 iis
3321 3872 3452 3926 solis
3506 3885 3567 3927 ut

300 3993 463 4032 vocas
493 3977 883 4047 philosophiam
919 3975 1227 4044 scripsisse,
1257 3973 1348 4042 qui
1385 3969 1704 4040 tropologiis
1736 3967 1884 4020 illam
1929 3963 2319 4035 allegoriisque
2361 3964 2708 4032 interpretari
2753 3965 2975 4016 scirent.
3007 3964 3077 4016 At
3131 3963 3346 4034 Moyses
3420 3965 3569 4021 haud

296 4087 458 4128 secus
485 4087 550 4126 ac
579 4081 838 4126 strenuus
865 4079 1073 4134 orator,
1110 4068 1200 4138 qui
1235 4067 1471 4136 aliquam
1503 4063 1722 4118 dicendi
1758 4061 1990 4130 figuram
2025 4060 2320 4112 meditatus
2356 4057 2562 4111 nullum
2602 4057 2825 4112 verbum
2861 4057 3068 4125 profert
3094 4058 3243 4126 quod
3286 4059 3558 4128 duplicem

297 4180 520 4220 sensum
552 4166 752 4219 habere
790 4180 893 4218 non
927 4163 1117 4232 possit,
1163 4162 1213 4215 in
1245 4159 1358 4214 suis
1385 4157 1626 4225 quinque
1652 4154 1805 4208 libris
1839 4153 2086 4207 eamdem
2121 4149 2434 4205 observavit
2459 4149 2698 4219 regulam
2729 4187 2744 4212 ,
2793 4149 2863 4202 ita
2901 4162 2960 4201 ιιι
2999 4163 3171 4217 neque
3231 4150 3569 4205 multitudini

294 4257 608 4314 Judzeorum
630 4259 722 4329 qui
755 4257 870 4325 ejus
901 4257 1111 4326 legibus
1142 4253 1495 4323 regebantur,
1527 4247 1741 4302 dederit
1775 4247 1827 4299 in
1866 4245 2106 4300 moribtts
2133 4243 2394 4313 peccandi
2446 4241 2659 4308 locum;
2702 4255 2876 4310 neque
2909 4241 3287 4311 sagaeioribus
3333 4240 3560 4296 lectori-

296 4356 399 4410 bus
428 4355 520 4423 qui
560 4356 665 4407 rari
693 4361 840 4418 sunt,
879 4347 1312 4418 legislatorisquc
1342 4343 1682 4396 voluntatem
1713 4341 1969 4408 indagare
1997 4337 2328 4402 volentibus,
2362 4336 2554 4391 altiora
2584 4334 2966 4404 perscrutandi
2999 4334 3223 4387 materia
3259 4333 3509 4388 defuerit.
3539 4353 3556 4382 ι

296 4450 361 4503 Ει
390 4451 586 4502 iterum
623 4447 718 4500 lib.
751 4459 822 4509 tv,
859 4458 1009 4496 unm.
1035 4441 1104 4496 50
1137 4458 1152 4494 :
1190 4457 1208 4490 ι
1237 4435 1599 4507 lneptissima,
1634 4434 1833 4501 inquit,
1866 4432 1974 4484 imo
2006 4430 2184 4500 p0tius
2243 4429 2405 4497 impia
2435 4443 2554 4497 quae
2593 4427 2763 4482 Graeci
2815 4425 3036 4479 fabulati
3072 4435 3218 4480 sunt.
3246 4425 3439 4479 Nostra
3467 4441 3567 4477 au-

298 4553 407 4597 tent
434 4544 595 4596 etiam
625 4539 1015 4608 simpliciorum
1041 4532 1374 4588 multitudini
1413 4537 1541 4584 sunt
1579 4525 1988 4582 accommodata
2028 4541 2042 4577 :
2083 4523 2181 4577 sed
2213 4521 2374 4588 hujus
2414 4521 2594 4589 captui
2622 4535 2678 4573 se
2725 4527 3093 4586 attemperare
3143 4531 3248 4571 non
3304 4524 3567 4570 curarunt

294 4637 612 4692 Graztzarum
655 4631 965 4685 fabularum
991 4635 1264 4683 auctores.
1302 4623 1456 4680 Unde
1485 4639 1590 4677 non
1624 4622 1901 4676 immerito
1933 4634 2081 4675 esua
2116 4619 2391 4690 republica
2432 4616 2585 4671 Plato
2636 4614 2852 4668 fabulas
2894 4611 3158 4681 ejusmodi
3210 4621 3264 4665 et
3310 4618 3558 4680 poemata

295 4729 647 4785 exterminat.
691 4743 710 4776 ι

606 4849 796 4900 Αιιτια.
839 4841 926 4899 lV.
957 4856 1035 4896 ne
1075 4857 1271 4908 FALSIS,
1313 4855 1566 4896 assumus
1605 4855 1781 4905 noue
1824 4849 2240 4894 turosstmunus
2274 4848 2393 4897 oua:
2431 4849 2480 4886 IN
2524 4847 2582 4885 se
2621 4845 2890 4885 conrmsr
2933 4842 3245 4883 SCRIPTURA.

375 4964 487 5020 lloc
520 4975 604 5018 est
630 4964 877 5033 Origenis
907 4963 1229 5033 principium
1263 4964 1502 5015 omnium
1536 4961 1770 5014 maxime
1800 4958 2148 5028 stupendum,
2180 4955 2438 5024 quodque
2493 4951 2748 5018 majorem
2805 4963 2990 5003 secum
3043 4946 3334 5014 perniciem
3375 4942 3561 4997 affert.

298 5057 478 5124 Ipsum
512 5056 943 5110 indiscriminate
975 5057 1040 5108 ad
1067 5069 1283 5109 onmem
1313 5055 1675 5120 Scripturam,
1699 5053 1801 5105 hoc
1834 5049 2029 5113 est,ad
2065 5057 2360 5115 utrumque
2395 5043 2806 5098 Testamentum
2826 5047 2878 5093 ct
2911 5037 2977 5091 ad
3006 5034 3246 5104 singulas
3279 5035 3564 5102 utriusque

297 5153 637 5207 Testamenti
664 5161 869 5222 partes,
904 5152 972 5205 ad
999 5151 1168 5220 leges,
1191 5152 1258 5204 ad
1297 5159 1590 5219 praecepta.
1623 5148 1687 5200 ad
1719 5145 2067 5200 narrationes
2097 5142 2413 5205 historicas,
2453 5147 2509 5193 et
2558 5137 2625 5191 ad
2662 5137 2807 5205 ipsas
2837 5149 3006 5203 usque
3037 5131 3351 5202 prophetias
3374 5140 3562 5183 exten-

293 5248 400 5300 dit.
438 5244 703 5311 Quoniam
749 5259 878 5298 vero
923 5242 1187 5313 prolixam
1224 5240 1459 5311 postulat
1504 5237 1768 5293 articulus
1808 5237 1911 5292 iste
1965 5235 2427 5304 disquisitionem,
2478 5230 2532 5284 in
2590 5230 2772 5300 plures
2808 5227 2959 5282 illum
2985 5223 3353 5295 paragraphos
3405 5237 3557 5279 seca-

3575 5324 3593 5345 λ

292 5342 497 5394 bimus.

292 5453 324 5518 ᾗ
369 5453 406 5504 l.
443 5453 524 5504 Ex
555 5451 780 5522 Origene
817 5450 1096 5518 Scriptura
1119 5462 1273 5501 sacra
1306 5454 1414 5522 tam
1449 5441 1587 5522 N_ov_t
1621 5413 2365 5522 quam.VeterislTestamemi
2391 5436 2681 5522 secundum
2709 5432 2987 5489 litteralem
3034 5444 3242 5486 sensum
3275 5424 3554 5494 intellecta,

1284 5514 1449 5567 multa
1489 5508 1641 5566 habet
1668 5513 1830 5582 falsa,
1856 5511 2086 5564 absurda
2116 5520 2158 5562 et
2187 5508 2555 5577 impossibilia.

365 5633 712 5691 Paradoxum
743 5633 873 5688 illml
907 5634 1062 5688 nobis
1097 5630 1350 5700 proponit
1379 5628 1517 5683 libro
1547 5642 1599 5680 tv
1638 5626 1709 5679 De
1741 5624 2032 5692 principiis,
2076 5638 2222 5675 num.
2261 5622 2327 5675 15
2355 5632 2410 5676 et
2440 5621 2528 5688 16,
2558 5622 2640 5676 his
2671 5620 2853 5676 verbis
2893 5638 2906 5672 :
2947 5639 2964 5670 ι
3011 5616 3273 5685 Quoniam
3310 5614 3352 5670 si
3413 5611 3548 5681 legis

288 5736 506 5788 utilitas
543 5743 597 5788 et
625 5733 882 5786 varietate
917 5731 1195 5785 oblectans
1235 5725 1473 5782 historiae
1505 5723 1678 5779 series
1708 5714 1910 5790 ubique
1941 5734 1999 5776 se
2040 5719 2316 5789 proderet,
2347 5733 2449 5773 non
2485 5718 2669 5786 utique
2705 5715 3124 5772 credidissemus
3187 5711 3329 5765 aliud
3395 5706 3558 5778 quid-
