3978 6576
381 343 451 397 15
1669 341 1952 402 ΡῐὶεΕῘΤΛἸ

2083 348 2172 402 AD
2211 345 2372 403 TOM.
2416 345 2481 403 ll.
3599 355 3654 406 tt

380 459 504 509 dam
544 465 742 526 praeter
782 455 835 510 id
874 454 1019 526 quod
1042 455 1262 510 obvium
1298 464 1404 522 est,
1437 457 1488 511 in
1519 455 1828 527 Scripturis
1858 458 2091 529 intelligi
2121 474 2302 528 posse;
2341 459 2550 513 idcirco
2583 457 2676 511 Dei
2704 454 2938 511 Verbum
2965 458 3017 511 in
3067 458 3185 526 lege
3221 473 3284 513 ac
3316 458 3543 514 historia
3574 471 3659 513 tn-

381 548 596 617 lerponi
637 549 856 604 curavit
894 549 1220 605 oﬁ‘endicula
1251 560 1307 606 et
1347 551 1708 619 impossibilia
1737 555 2016 622 quaedam,
2060 569 2126 606 ne
2156 552 2401 607 dictione
2426 552 2560 606 nihil
2583 561 2781 619 praeter
2811 549 3125 626 illecebram
3159 549 3394 606 habente
3421 552 3655 618 deliniti,

375 653 432 697 et
457 643 592 697 nihil
622 644 730 699 Duo
768 644 994 713 dignum
1014 645 1384 710 addiscentes,
1419 647 1639 702 tandem
1679 661 1707 700 a
1735 647 2008 716 dogmatis
2034 646 2376 711 recedamus,
2419 656 2513 699 aut
2563 644 2718 698 nudae
2777 643 2975 699 litterae
3034 642 3250 714 penitus
3293 644 3654 710 adluerentes,

373 737 517 792 nihil
544 739 780 793 divinius
809 740 1198 810 percipiamus.
1235 739 1367 795 Illud
1402 750 1668 812 prarterea
1692 741 1978 796 sciendum
2007 752 2091 797 est
2129 761 2142 796 :
2173 741 2307 797 Cum
2341 757 2407 796 eo
2442 741 2715 813 praecipue
2744 751 2953 809 spectet
2985 739 3076 794 Dei
3117 740 3354 795 Verbum
3386 750 3446 795 ιιι
3496 741 3657 795 intel-

385 827 624 898 ligentia:
646 833 912 904 spiritalis
939 836 1388 904 consequentiam
1413 835 1685 890 custodiat
1721 835 1773 888 in
1811 835 1972 889 rebus
1999 836 2169 906 gestis
2197 845 2252 888 et
2283 835 2540 905 gerendis
2570 873 2585 896 ,
2625 835 2718 886 ubi
2750 835 3048 888 secundum
3080 833 3363 888 historiam
3395 834 3658 903 quapiam

381 925 589 981 invenit
619 943 739 998 quae
764 929 980 983 arcanis
1011 929 1128 982 istis
1149 929 1552 983 accommodari
1581 939 1824 997 possent,
1855 928 1964 982 illis
1994 944 2125 982 usus
2162 938 2269 991 est,
2308 927 2492 981 multis
2520 927 2802 983 occultans
2827 928 3215 982 abstrusiorem
3249 943 3470 983 sensum
3503 944 3518 991 ;
3573 926 3658 984 ubi

379 1033 508 1071 vero
543 1018 898 1087 explananda:
927 1019 1000 1074 illi
1038 1019 1366 1089 spiritalium
1393 1020 1720 1074 connexioni
1755 1036 1860 1074 non
1893 1020 2252 1074 conveniebat
2282 1029 2554 1073 certarum
2593 1020 2953 1088 quarumdam
2981 1034 3158 1074 rerum
3203 1021 3453 1086 historia,
3489 1024 3656 1079 inter-

375 1109 548 1164 seruit
578 1109 863 1179 Scriptura
899 1110 1142 1164 historiae.
1168 1109 1312 1180 quod
1346 1112 1548 1166 factum
1585 1127 1689 1165 non
1717 1119 1859 1175 erat,
1887 1112 1994 1167 into
2032 1111 2322 1181 aliquando
2347 1113 2488 1180 quod
2525 1111 2640 1164 ﬁeri
2683 1126 2786 1165 non
2816 1121 3065 1181 poterat;
3101 1113 3429 1184 quandoque
3479 1128 3656 1172 autem

375 1201 520 1270 quod
548 1210 762 1269 poterat
788 1201 1008 1271 quidem
1041 1201 1180 1264 lieri,
1209 1201 1302 1255 sed
1350 1209 1527 1254 tamen
1562 1200 1760 1254 factum
1802 1216 1906 1254 non
1940 1211 2044 1255 est.
2076 1201 2290 1255 Accidit
2321 1203 2486 1255 etiam
2518 1201 2819 1268 interdum,
2875 1212 2934 1256 ut
2972 1218 3162 1270 pauca
3216 1204 3522 1270 interiectae
3549 1210 3657 1264 sint

375 1299 646 1353 dictiones
677 1299 918 1363 veritati,
952 1297 995 1350 si
1031 1297 1098 1350 ad
1131 1312 1329 1367 corpus
1364 1306 1593 1366 spectes,
1634 1314 1738 1351 non
1771 1307 2177 1352 consentaneae.
2210 1300 2305 1353 Est
2335 1298 2424 1351 ubi
2463 1297 2644 1351 ntultze
2679 1297 2990 1366 hujusmodi
3017 1308 3164 1353 sunt.
3196 1299 3340 1354 Idem
3370 1301 3656 1374 ferejudi-

373 1390 517 1444 cium
551 1391 617 1442 de
647 1390 763 1460 lege
792 1388 1078 1444 ferendum
1109 1397 1210 1454 est,
1246 1389 1335 1442 ubi
1373 1403 1515 1460 saepe
1542 1389 1819 1459 quidpiam
1859 1389 2128 1458 reperitur
2161 1405 2258 1459 per
2296 1405 2355 1444 se
2391 1390 2524 1444 utile
2547 1400 2598 1444 et
2624 1390 2962 1460 temporibus
2989 1389 3125 1461 legis
3154 1394 3524 1462 conveniens;
3555 1397 3658 1452 ali-

374 1484 594 1545 quando
623 1493 804 1537 auteut
837 1481 982 1536 nulla
1019 1491 1244 1552 apparet
1267 1483 1496 1538 utilitas.
1539 1483 1680 1550 Quin
1705 1495 1761 1538 et
1802 1483 2076 1538 interdum
2111 1470 2505 1554 praecipiuntur
2538 1484 2920 1554 impossibilia,
2947 1496 3001 1540 et
3037 1485 3086 1540 id
3133 1487 3357 1556 quidem
3384 1503 3450 1544 eo
3472 1494 3655 1546 cousi-

376 1576 475 1642 lio,
508 1579 676 1646 utqui
699 1579 1012 1648 sagaciores
1042 1590 1096 1632 et
1127 1578 1179 1632 in
1210 1593 1390 1632 rerum
1418 1579 1776 1648 inquisitione
1803 1581 2046 1634 acriores
2071 1590 2220 1646 sunt,
2263 1596 2386 1636 sese
2419 1597 2598 1635 rerum
2641 1583 2969 1652 scriptarum
3001 1584 3428 1639 considerationi
3496 1598 3657 1658 atque

372 1669 778 1739 investigationi
820 1671 1041 1736 dantes,
1094 1670 1193 1724 sibi
1229 1671 1464 1726 maxime
1494 1675 1874 1738 persuadeant,
1907 1673 2128 1743 dignum
2166 1675 2273 1728 Deo
2317 1674 2371 1728 in
2407 1674 2514 1729 illis
2539 1675 2702 1730 rebus
2726 1689 2944 1728 sensum
2992 1676 3164 1746 qumri
3212 1689 3486 1746 oportere.
3540 1680 3653 1737 Non

375 1762 552 1816 solum
588 1773 769 1817 autem
802 1763 869 1818 de
913 1763 978 1818 iis
1004 1779 1124 1831 quae
1158 1765 1447 1818 adventum
1473 1763 1674 1820 Christi
1709 1775 2125 1833 praecesserunt,
2149 1765 2265 1820 haec
2288 1765 2525 1835 Spiritus
2554 1776 2776 1820 sanctus
2803 1766 3138 1834 procuravit,
3170 1769 3263 1823 sed
3300 1778 3484 1840 utpote
3516 1773 3654 1828 idem

373 1857 537 1912 unius
564 1855 920 1926 ejusdemque
969 1857 1057 1912 Dei
1093 1859 1352 1928 Spiritus,
1380 1859 1519 1912 idem
1557 1858 1609 1911 in
1636 1857 1945 1928 Evangeliis
1975 1869 2028 1912 et
2063 1859 2436 1927 apostolorum
2468 1861 2688 1928 scriptis
2714 1859 2843 1913 fecit
2871 1873 2886 1912 :
2915 1875 3040 1914 cum
3089 1875 3188 1915 nec
3234 1861 3322 1915 illa
3354 1866 3653 1919 secundum

371 1952 712 2024 corporalem
743 1968 961 2008 sensum
985 1955 1207 2008 otuuino
1246 1955 1516 2008 sinceram
1550 1953 1784 2008 habeant
1817 1955 2100 2008 historiam
2131 1969 2320 2008 eorum
2369 1970 2490 2024 qua:
2532 1945 2787 2042 centena
2830 1963 2980 2018 sunt,
3008 1963 3065 2009 et
3127 1964 3304 2010 tamen
3357 1955 3500 2010 facta
3551 1973 3652 2012 non

375 2053 538 2106 sunt;
575 2057 674 2097 nec
725 2041 874 2112 leges
907 2052 960 2096 et
991 2052 1257 2112 praecepta
1288 2042 1527 2097 habeant
1568 2043 1766 2097 rationi
1811 2055 2208 2098 consentanea.
2258 2063 2276 2097 ι
2316 2043 2483 2098 Suam
2539 2045 2736 2099 deinde
2779 2048 3106 2099 sententiam
3152 2056 3401 2100 astruere
3463 2048 3655 2102 nititur

376 2139 564 2195 multis
595 2141 893 2210 Scriptura?
933 2141 1064 2195 locis
1087 2155 1208 2210 quae
1232 2147 1417 2208 postea
1447 2137 1685 2191 examini
1723 2149 1913 2194 nostro
1965 2138 2341 2206 subjicientur.
2380 2139 2632 2207 Ejusdem
2671 2141 2790 2195 libri
2849 2157 2999 2194 num.
3062 2143 3095 2197 8
3140 2151 3195 2197 et
3242 2143 3298 2209 9,
3353 2153 3638 2213 postquam

372 2229 712 2287 fundamenti
751 2233 869 2287 loro
898 2233 1038 2286 hanc
1067 2248 1187 2302 quat
1210 2241 1362 2285 extra
1401 2231 1829 2286 controversiam
1858 2242 1966 2296 est,
2004 2232 2287 2286 veritatem
2323 2235 2529 2303 posuit,
2560 2248 2627 2288 ex
2666 2234 3007 2302 ignoratione
3037 2240 3134 2290 viae
3156 2251 3262 2302 qua
3293 2237 3651 2291 insistendum
3697 2265 3700 2268 -

373 2325 438 2378 sit
475 2336 532 2378 ιιι
557 2328 622 2379 ad
660 2324 1066 2394 Scripturarum
1102 2325 1524 2394 intelligentiam
1555 2327 1931 2395 perveniatur,
1973 2337 2131 2383 natos
2153 2341 2274 2381 esse
2298 2342 2517 2380 errores
2544 2326 2809 2392 infinitos,
2864 2328 2916 2381 in
2954 2329 3262 2395 exemplum
3309 2329 3524 2383 adducit
3554 2328 3654 2384 Ju-

369 2419 540 2484 daeos,
568 2420 880 2486 haereticos,
911 2420 1313 2490 nonnullosque
1346 2421 1427 2475 sui
1464 2422 1725 2490 temporis
1748 2421 2110 2486 Christianos,
2144 2433 2201 2478 ιιι
2230 2423 2280 2476 iu
2307 2422 2528 2476 litterali
2569 2423 2979 2490 Scripturarum
3006 2408 3462 2495 interpretatione
3491 2427 3650 2480 sitam

359 2527 496 2571 esse
537 2517 732 2585 probet
757 2516 946 2570 falsam
975 2517 1137 2572 istam
1163 2517 1307 2570 viam
1334 2532 1456 2585 qua:
1486 2519 1552 2568 ad
1586 2517 1943 2585 prmcipitium
1995 2519 2163 2572 ducit.
2195 2537 2213 2569 ι
2257 2517 2384 2571 Duri
2416 2517 2602 2581 corde,
2634 2517 2832 2586 inquit,
2867 2527 2921 2572 et
2951 2517 3134 2574 idiota:
3185 2518 3275 2587 qui
3308 2533 3338 2573 e
3365 2519 3650 2573 circumci-

372 2609 527 2664 sione
555 2608 1287 2677 sunt,prophetiarumqtue
1335 2607 1400 2661 de
1457 2604 1675 2660 Christo
1707 2606 2007 2670 loquuntur
2058 2610 2349 2662 dictionem
2409 2607 2562 2676 sequi
2609 2623 2667 2662 se
2730 2608 3132 2675 existimantes,
3192 2611 3247 2664 in
3313 2609 3652 2666 SaIVatorem

359 2712 620 2757 nostrum
662 2717 768 2756 non
793 2700 1183 2765 crediderunt;
1215 2711 1267 2756 et
1300 2715 1426 2755 cum
1456 2700 1701 2755 sensibili
1740 2701 1899 2754 modo
1923 2715 2028 2755 non
2061 2701 2547 2770 cernerentipsum
2583 2701 2910 2771 praedicasse
2957 2703 3192 2771 captivis
3248 2705 3652 2774 remissionem,

371 2810 548 2865 neque
574 2794 879 2849 aediﬁcasse
913 2809 1060 2857 eam,
1088 2807 1252 2862 quam
1278 2807 1405 2846 vere
1436 2793 1669 2848 credunt
1698 2807 1823 2847 esse
1875 2791 2152 2846 civitatem
2183 2792 2301 2858 Dei,
2336 2807 2514 2860 neque
2562 2793 2964 2849 exterminasse
3001 2809 3195 2848 currus
3252 2793 3536 2864 Ephraim,
3593 2805 3650 2850 et

370 2904 571 2958 equum
593 2888 661 2942 de
683 2885 1012 2950 Jerusalem,
1045 2899 1219 2954 neque
1243 2885 1499 2954 butyrum
1525 2893 1575 2938 et
1606 2883 1710 2938 mel
1733 2883 2066 2948 comedisse,
2105 2898 2279 2951 neque
2311 2883 2630 2952 priusquam
2675 2893 2868 2938 nosset
2930 2895 3025 2938 aut
3070 2884 3297 2955 eligeret
3349 2886 3513 2950 mala,
3543 2884 3654 2940 ele-

357 2981 516 3049 ‘gisse
541 2981 741 3035 bonum
768 2995 784 3044 ;
826 2978 931 3033 rati
962 2979 1194 3048 insuper
1225 2991 1348 3030 esse
1374 2992 1402 3030 a
1436 2977 1717 3046 pmphetis
1753 2975 2070 3045 praedictum
2110 2975 2226 3029 fore
2261 2985 2318 3028 ut
2351 2975 2509 3043 lupus
2539 2975 2742 3028 animal
2774 2976 3085 3044 quadrupes
3123 2992 3245 3030 cum
3276 2993 3415 3046 agno
3459 2992 3649 3046 pasce-

363 3083 541 3140 retur,
577 3074 776 3143 pardus
804 3088 929 3127 cum
967 3071 1133 3126 haedo
1159 3070 1564 3134 stabularetur;
1598 3067 1814 3131 vitulus,
1847 3078 2038 3122 taurus
2069 3075 2123 3120 et
2170 3066 2254 3120 leo
2294 3065 2456 3121 simul
2491 3077 2852 3134 pascerentur
2872 3075 2928 3120 et
2952 3082 2982 3121 a
3009 3069 3241 3138 puerulo
3270 3069 3648 3136 ducerentur;

372 3165 468 3222 bos
500 3175 554 3220 et
579 3181 738 3220 ursus
763 3182 868 3219 una
900 3164 1160 3235 pabulum
1191 3169 1492 3225 sumerent,
1521 3176 1708 3216 eorum
1739 3159 1984 3230 parvulis
2011 3160 2172 3214 simul
2204 3160 2497 3227 educatis;
2533 3160 2618 3214 leo
2642 3174 2861 3229 quoque
2893 3170 2951 3214 ut
3002 3161 3101 3215 bos
3128 3161 3280 3230 palea
3308 3173 3644 3230 vesceretur;

373 3259 507 3312 nihil
541 3259 732 3312 borum
769 3257 823 3312 in
851 3258 970 3326 cjus
1001 3272 1162 3327 quem
1191 3254 1467 3310 Christum
1493 3255 1790 3318 credimus,
1824 3253 2059 3308 adventu
2107 3253 2442 3308 sensibiliter
2469 3262 2756 3308 cernentes
2781 3253 3005 3317 factum,
3059 3254 3348 3310 Dominmn
3402 3268 3650 3311 nostrum

364 3351 558 3408 Iesum
583 3360 792 3404 tantum
822 3350 974 3404 abest
1009 3358 1067 3402 ut
1091 3348 1422 3418 receperint,
1461 3356 1521 3401 ut
1555 3347 1732 3414 potius
1755 3359 1880 3400 eum
1915 3353 2172 3414 tanquam
2213 3361 2334 3400 sese
2383 3357 2577 3400 contra
2640 3346 2726 3414 jus
2787 3345 3068 3400 Christum
3123 3351 3466 3416 praulicaret,
3502 3354 3652 3405 cruci

369 3445 664 3502 alﬁxeriut.
700 3443 951 3498 limretici
981 3450 1161 3498 autem
1195 3440 1438 3510 legentes
1479 3456 1494 3494 :
1536 3439 1681 3509 Ignis
1709 3438 1914 3492 exarsit
1933 3453 1997 3491 ea:
2027 3439 2110 3490 ira
2140 3438 2322 3503 ntea‘;
2353 3449 2446 3493 et:
2483 3439 2592 3508 Ego
2647 3439 2790 3494 Deus
2838 3443 3117 3496 wnmlator
3175 3444 3397 3498 reddens
3439 3461 3654 3515 peccata

371 3547 583 3609 patrum
613 3536 668 3589 in
699 3533 840 3604 filios
866 3534 920 3586 in
950 3533 1164 3586 tertiam
1192 3542 1240 3586 et
1266 3541 1513 3602 quartam
1549 3529 1942 3599 generationem
1963 3529 2016 3593 ';
2056 3539 2113 3582 et
2147 3549 2159 3582 :
2210 3527 2433 3583 Paenitet
2467 3546 2547 3583 me
2579 3532 2794 3586 immisse
2830 3532 2969 3587 Saul
3003 3536 3053 3585 in
3093 3549 3261 3603 regem
3282 3535 3333 3599 ⁶;
3363 3546 3418 3590 et
3459 3557 3473 3592 :
3539 3539 3654 3609 Ego

371 3633 636 3688 Dominus
665 3629 866 3699 faciens
893 3643 1075 3696 pacem
1103 3637 1150 3680 et
1172 3640 1358 3679 creans
1385 3623 1530 3678 mala
1554 3625 1608 3687 ’ς
1635 3633 1689 3676 et
1718 3621 1826 3676 alio
1850 3621 1970 3676 loco
1995 3637 2015 3676 :
2047 3621 2168 3675 Non
2186 3632 2260 3675 est
2289 3622 2487 3674 malum
2507 3623 2560 3676 in
2590 3623 2797 3678 civitate
2822 3627 2962 3695 quod
2994 3643 3096 3679 non
3119 3627 3297 3694 fecerit
3330 3629 3584 3686 Dominus
3608 3638 3653 3700 υς

365 3737 426 3782 et
463 3725 591 3779 illud
622 3724 848 3792 insuper
880 3735 894 3773 :
927 3718 1321 3774 Descenderam
1346 3718 1488 3771 mala
1518 3734 1550 3770 a
1583 3715 1814 3770 Domino
1847 3719 1903 3769 in
1930 3727 2110 3784 portas
2138 3711 2512 3768 Jerusalem”:
2544 3725 2636 3770 et:
2669 3716 2905 3782 Spiritus
2939 3718 3110 3772 malus
3145 3737 3176 3772 a
3212 3719 3320 3773 Deo
3348 3724 3650 3791 suﬂ'ocabat

369 3817 504 3874 Saul
526 3819 607 3884 ¹⁰;
636 3826 691 3872 et
721 3818 807 3871 bis
837 3813 1038 3868 similia
1065 3813 1458 3882 propemodum
1493 3809 1728 3874 inﬁnita,
1761 3823 1962 3878 negare
1992 3809 2208 3878 quidem
2237 3822 2332 3889 eas
2375 3821 2496 3862 esse
2541 3807 2636 3897 Dei
2678 3808 2998 3879 Scripturas
3031 3827 3137 3864 non
3187 3813 3304 3865 ausi
3350 3824 3501 3878 sunt,
3554 3816 3650 3869 sed

371 3909 518 3964 illius
541 3924 702 3978 quem
734 3906 905 3962 «ἰαιιωί
939 3904 1146 3967 colunt,
1172 3900 1451 3956 Creatoris
1492 3912 1587 3954 eas
1618 3913 1740 3953 esse
1772 3898 1896 3959 rati,
1931 3897 2089 3966 quasi
2137 3896 2492 3964 imperfectus
2522 3896 2622 3952 nec
2653 3903 2828 3953 bonus
2856 3909 3001 3954 esset
3054 3899 3144 3952 ille
3191 3901 3465 3963 conditor,
3501 3904 3653 3956 arm-

371 4002 500 4058 trati
536 4008 662 4056 sunt
683 3998 972 4052 advenisse
1003 3994 1350 4050 Salvatorem
1379 3990 1470 4061 qui
1502 3987 1890 4060 perfectioretu
1922 3988 2280 4044 anuuntiaret
2317 3986 2508 4053 Deum,
2537 4004 2700 4058 quem
2733 3990 2922 4045 dicunt
2948 4008 3055 4046 non
3098 4007 3220 4047 esse
3250 3995 3437 4046 tnundi
3492 3996 3652 4062 opili-

367 4111 514 4158 cem,
543 4093 594 4147 in
621 4091 802 4145 varias
828 4105 890 4144 ea
925 4088 992 4142 de
1036 4101 1095 4142 re
1128 4084 1336 4153 abrepti
1375 4081 1712 4146 sententias;
1739 4089 1794 4136 et
1820 4089 2108 4150 postquam
2139 4097 2168 4135 a
2209 4081 2469 4137 Crtatore
2508 4081 2600 4150 qui
2631 4083 3034 4153 est‘ingeuitus
3069 4084 3216 4138 solus
3242 4084 3402 4148 Deus,
3436 4086 3652 4140 defece-

373 4195 527 4250 runt,
561 4183 832 4256 ﬁgmentis
859 4181 1224 4242 adhaeserunt,
1253 4174 1580 4246 excogitatis
1603 4173 1814 4229 lictitiis
1853 4172 2254 4244 hypothesibus
2282 4172 2580 4228 secundum
2615 4187 2753 4242 quas
2800 4174 2944 4228 taeta
2989 4189 3110 4229 esse
3141 4185 3336 4245 putant
3388 4176 3649 4239 visibilia,

368 4290 430 4337 et
455 4280 560 4335 alia
595 4277 848 4349 quaedam
881 4272 1203 4336 invisibilia,
1237 4285 1360 4342 quae
1380 4269 1568 4324 animo
1589 4267 1692 4323 sibi
1720 4267 2020 4322 ﬁnxerunt.
2046 4266 2358 4334 Quinetiam
2383 4265 2744 4334 simpliciores
2777 4267 3041 4328 nonnulli,
3081 4273 3174 4338 qui
3210 4284 3268 4323 se
3304 4269 3372 4324 de
3403 4269 3648 4324 Ecclesia

369 4389 497 4431 esse
521 4374 847 4444 gloriantur,
866 4369 1124 4424 Creatore
1158 4367 1377 4436 quidem
1410 4362 1619 4418 nullum
1658 4362 1921 4432 majorem
1955 4363 2296 4427 existimant,
2324 4375 2511 4414 sanam
2547 4359 2649 4413 hac
2675 4360 2726 4412 in
2771 4375 2830 4413 re
2872 4361 3107 4430 amplexi
3159 4364 3516 4427 sententiam;
3550 4378 3648 4416 ve-

375 4482 498 4521 rum
531 4480 594 4521 ea
631 4463 698 4519 de
731 4465 850 4533 ipso
875 4461 1240 4530 suspicantur,
1276 4470 1396 4526 quae
1435 4470 1503 4510 ne
1540 4455 1607 4508 de
1629 4453 1854 4509 homine
1885 4453 2107 4522 quidem
2133 4453 2514 4507 crudelissimo
2538 4460 2593 4506 et
2632 4451 2992 4520 injustissimo
3017 4453 3270 4521 cogitare
3304 4453 3388 4507 fas
3439 4454 3529 4508 sit.
3577 4453 3650 4507 lis

369 4574 554 4617 autem
587 4559 843 4614 omnibus
867 4555 1011 4610 nulla
1052 4553 1315 4608 falsarum
1358 4549 1698 4620 opinionum,
1727 4549 1875 4603 nulla
1909 4547 2207 4618 impietatis
2254 4556 2312 4601 et
2356 4547 2678 4601 stolidorum
2710 4547 2775 4600 de
2822 4549 2929 4600 Deo
2982 4561 3293 4602 sermonum
3340 4564 3501 4602 causa
3528 4565 3650 4604 esse

371 4655 478 4710 alia
526 4654 768 4717 videtur,
805 4665 969 4721 quam
1021 4648 1310 4717 Scriptura
1355 4661 1462 4700 non
1517 4644 1818 4699 secundum
1878 4643 2180 4714 spiritalem
2226 4657 2445 4696 sensum
2509 4641 2810 4706 intellecta,
2856 4643 2951 4697 sed
3001 4643 3296 4698 secundum
3355 4645 3648 4698 litteralem

372 4759 614 4819 accepta.

377 4867 404 4938 §
451 4864 511 4918 ll.
553 4861 637 4916 Ea;
666 4859 894 4938 Origene
923 4860 977 4912 in
1009 4855 1385 4938 ﬂosqicalege
1431 4853 1600 4938 multa
1631 4862 1751 4938 sunt
1792 4869 1912 4938 qua;
1963 4851 2178 4934 litterali
2221 4861 2621 4938 sensunaccepta
2677 4851 2885 4938 nullam
2930 4852 3119 4938 habent
3170 4854 3380 4938 seriem,
3443 4853 3651 4936 nullam

443 4921 898 5002 consequentiam,
927 4930 1018 4985 sed
1047 4928 1225 4997 potius
1249 4921 1596 4993 impossibilia
1627 4930 1772 4990 sunt,
1806 4921 2002 4976 rationi
2051 4922 2344 4986 contraria,
2377 4921 2484 4974 Deo
2516 4924 2754 4991 indzgno,
2789 4934 2835 4976 et
2868 4922 3065 4992 legibus
3116 4939 3257 4976 mere
3287 4927 3531 4977 humanis
3561 4926 3650 4978 in-

443 5004 662 5072 feriora.

446 5124 573 5181 Lib.
607 5139 682 5178 vn
711 5131 902 5176 contra
929 5118 1164 5181 Celsum,
1197 5132 1350 5171 num.
1378 5115 1451 5169 20
1483 5123 1539 5170 et
1572 5114 1666 5183 21,
1701 5115 1930 5184 objectis
1975 5113 2046 5169 ab
2098 5113 2204 5169 hoc
2250 5111 2519 5183 Epicureo
2550 5121 2744 5167 contra
2802 5110 2973 5180 legem
3008 5108 3296 5164 Mosaicam
3330 5124 3435 5163 non
3490 5107 3656 5164 aliter

375 5217 697 5288 respondet,
723 5229 888 5284 quam
918 5210 1206 5281 repudiato
1237 5207 1458 5262 litterali
1487 5221 1677 5261 sensu.
1741 5227 1760 5259 ι
1787 5207 1918 5262 Dico
1948 5207 2135 5276 igitur,
2175 5206 2372 5275 inquit,
2406 5204 2576 5274 legem
2604 5204 2869 5274 duplicem
2902 5218 3042 5269 esse,
3080 5202 3304 5256 alteram
3336 5203 3651 5261 litteralcm.

379 5308 722 5382 spiritualem
761 5304 1018 5366 alteram,
1069 5310 1127 5354 ut
1161 5299 1275 5370 jam
1322 5307 1455 5350 ante
1487 5310 1588 5350 nos
1619 5297 1839 5366 quidam
1875 5297 2201 5352 docuerunt.
2266 5295 2577 5350 Litteralem
2619 5309 2723 5348 non
2780 5304 2886 5348 tam
2926 5310 3027 5350 nos
3073 5309 3234 5366 quam
3272 5294 3412 5348 Deus
3444 5293 3559 5361 ipse
3594 5293 3649 5345 in

373 5420 485 5461 uno
515 5418 546 5460 e
575 5398 862 5474 prophetis
907 5397 1138 5465 loquens
1180 5401 1344 5446 vocat
1385 5390 1598 5468 judicia
1648 5408 1751 5445 non
1797 5391 1958 5452 bona,
2007 5397 2266 5458 pracepta
2298 5404 2401 5442 non
2435 5393 2566 5441 bona
2591 5388 2668 5454 ¹¹;
2704 5389 3007 5456 spiritualis
3045 5403 3173 5442 vero
3220 5387 3362 5456 apud
3395 5385 3650 5438 eumdem

371 5495 701 5565 prophetam
735 5487 1039 5559 appellatur
1069 5498 1097 5537 a
1127 5481 1239 5535 Deo
1261 5480 1470 5550 judicia
1501 5481 1656 5545 bona,
1685 5486 1946 5550 pratcepta
1970 5477 2104 5531 bona
2133 5479 2195 5530 δ’.
2229 5476 2390 5534 Certe
2414 5478 2676 5546 propheta
2709 5481 2896 5532 eodem
2921 5479 2972 5530 in
2999 5478 3116 5532 loco
3144 5493 3326 5531 secum
3351 5476 3650 5548 pugnantia

372 5601 485 5643 non
521 5586 674 5642 dicit.
711 5586 894 5655 Atque
923 5583 1089 5637 etiam
1123 5582 1196 5635 illi
1235 5579 1438 5634 Paulus
1471 5581 1738 5633 consonat
1771 5571 1900 5626 dum
1930 5570 2010 5625 ait
2039 5570 2291 5635 litteram,
2327 5586 2448 5640 qua:
2481 5571 2622 5625 idem
2653 5579 2733 5624 est
2761 5585 2826 5623 ac
2859 5583 3051 5623 sensus
3076 5569 3348 5634 litteralis,
3381 5569 3652 5632 occidere;

449 5787 470 5819 ⁸
519 5785 724 5842 Jerem.
761 5803 850 5853 xv,
889 5785 975 5842 ii.
1053 5785 1073 5815 ⁵
1121 5781 1291 5836 Exod.
1347 5795 1437 5843 xx,
1479 5779 1534 5832 5.
1610 5778 1650 5853 τ’-
1753 5775 2026 5853 Βρεκξν,
2062 5775 2148 5831 il.
2227 5776 2245 5806 ⁷
2279 5775 2380 5830 lsa.
2417 5789 2537 5841 xcv,
2575 5772 2623 5826 7.
2704 5775 2724 5804 ⁸
2765 5776 2950 5828 Amos.
2985 5788 3068 5838 tu,
3100 5771 3170 5827 6..
3233 5773 3253 5803 ο
3285 5771 3444 5826 Μει-ιι.
3479 5785 3520 5834 ι,
3553 5767 3647 5822 l2.

382 5858 462 5912 "l
501 5859 628 5927 lleg.
665 5845 937 5925 xvut,'lU.
1017 5857 1057 5889 “
1085 5856 1284 5909 Ezctb.
1321 5865 1410 5917 xx,
1440 5855 1525 5904 es.
1611 5849 1650 5879 ”
1689 5849 1847 5911 ΙιιὶιΙ.⁷
1884 5845 1974 5898 2|.
