3978 6504
321 487 394 546 Π
1586 482 1958 541 PREEFATIO
1998 480 2088 535 AD
2124 478 2287 535 TONI.
2332 476 2393 531 ll.
3512 469 3587 521 18'

321 617 376 662 et
402 608 669 676 spiritum,
698 609 789 674 qui
818 609 957 662 idem
988 607 1260 677 signiﬁcat
1285 621 1346 661 ac
1381 620 1573 660 sensus
1598 603 1920 673 spiritualis,
1962 600 2223 666 ririﬁcarc
2251 596 2314 649 η.
2358 591 2508 660 Apud
2546 588 2767 644 Paulum
2798 586 2962 654 igitur
2995 584 3238 639 invenire
3266 592 3348 677 est
3381 582 3574 677 similia

320 700 389 755 iis
419 673 541 769 qua:
565 673 724 767 apud
746 673 1061 768 prophetam
1094 700 1367 753 contraria
1414 698 1516 752 sibi
1552 712 1670 750 esse
1707 694 1871 749 videri
1908 702 2143 762 possent.
2208 688 2341 741 Nam
2377 682 2829 753 quemadmodum
2862 676 3108 731 Ezechiel
3137 677 3289 739 dicit,
3338 676 3427 769 hic
3458 673 3579 739 qui-

320 795 444 847 dem
481 810 496 846 :
530 792 662 845 Dedi
690 794 765 846 eis
787 794 998 861 judicia
1030 808 1133 845 non
1174 792 1309 845 bona
1341 801 1391 844 et
1414 800 1673 855 prtecepta
1710 803 1813 840 non
1842 788 1974 839 bona
2002 788 2055 840 in
2080 786 2267 853 quibus
2311 799 2411 833 non
2454 780 2615 832 vivent
2643 775 2719 837 ¹¹⁵ς
2757 774 2865 827 illic
2897 789 3022 825 vero
3060 791 3072 827 :
3112 770 3241 822 Dedi
3282 770 3355 821 eis
3375 766 3577 836 judicia

320 888 454 938 bona
480 894 528 938 et
569 894 829 953 prrecepta
865 890 998 938 bona
1042 887 1095 938 in
1128 885 1315 954 quibus
1339 886 1507 938 vivent
1537 883 1578 915 ⁸⁵
1608 898 1621 941 :
1662 882 1740 935 sic
1777 880 1978 933 l'aulus
2011 880 2098 932 ubi
2136 878 2306 947 legem
2342 873 2632 929 litteralem
2662 870 2971 937 deprimere
3000 866 3131 927 vult,
3163 864 3238 917 ait
3272 882 3284 917 :
3315 862 3373 916 Si
3407 871 3579 913 autem

318 980 640 1032 ministratio
670 980 855 1031 mortis
890 979 1080 1031 litteris
1108 979 1407 1047 deformata
1437 978 1489 1029 in
1542 976 1826 1043 lapidibus,
1860 975 1960 1043 fuit
1993 974 2047 1026 in
2082 973 2276 1042 gloria,
2310 972 2386 1023 ita
2423 980 2476 1021 ut
2511 984 2613 1020 non
2641 975 2845 1035 possent
2881 963 3148 1015 intendere
3177 960 3275 1027 ﬁlii
3306 957 3475 1010 Israel
3525 956 3581 1005 in

319 1071 514 1136 [aciem
550 1070 748 1140 Moysis
779 1083 991 1139 propter
1016 1072 1242 1140 gloriam
1286 1070 1458 1123 vultus
1489 1068 1603 1137 ejus
1629 1083 1745 1135 qua:
1776 1080 2101 1127 evacuatur;
2148 1063 2408 1133 quomodo
2440 1076 2541 1113 non
2576 1058 2744 1125 magis
2777 1055 3096 1108 ministratio
3139 1052 3355 1116 spiritus
3398 1047 3577 1140 erit-iu

316 1162 488 1230 gloria
518 1164 604 1217 ’δῖ
646 1138 762 1220 'Ubi
811 1138 995 1218 autem
1019 1138 1331 1217 admiratur
1361 1171 1414 1215 et
1459 1161 1726 1231 approbat
1759 1160 1956 1228 legem,
1992 1160 2135 1212 illam
2178 1154 2517 1226 spiritualcm
2554 1159 2711 1204 vocat
2757 1167 2769 1203 :
2807 1147 3032 1207 Scimus,
3084 1142 3282 1211 inquit,
3330 1141 3457 1210 quia
3497 1138 3581 1190 lea:

314 1254 616 1320 spiritualis
663 1270 736 1308 est
762 1257 824 1310 ".
866 1256 1013 1308 Illam
1050 1255 1215 1309 etiam
1281 1255 1551 1323 approbat
1591 1254 1691 1307 hoc
1728 1253 1847 1306 lico
1894 1270 1907 1306 :
1955 1248 2141 1319 Itaque
2168 1249 2252 1301 (ea:
2285 1246 2497 1317 quidem
2541 1252 2746 1302 sancta,
2787 1252 2833 1293 et
2882 1238 3190 1292 mandatum
3226 1244 3488 1295 sanctum,
3534 1240 3582 1282 ct

309 1345 546 1414 justum,
596 1359 644 1400 et
679 1350 869 1402 bonum
895 1348 959 1400 ¹⁸.
1006 1346 1157 1401 Nunc
1197 1347 1241 1400 si
1278 1346 1443 1399 verba
1497 1346 1628 1414 legis
1653 1344 1817 1414 justis
1852 1342 2073 1395 divitias
2121 1339 2462 1409 pollicentur,
2491 1334 2680 1390 Celsus
2706 1333 3043 1386 occidentem
3073 1328 3308 1381 litteram
3342 1334 3584 1387 secutus,

318 1442 388 1495 de
418 1442 578 1495 caecis
617 1441 770 1496 hisce
802 1441 1006 1495 divitiis
1034 1439 1450 1508 promissionem
1486 1437 1753 1506 intelligat
1789 1453 1801 1490 :
1852 1449 1949 1488 nos
1982 1434 2128 1487 illam
2163 1430 2433 1502 pertinere
2469 1428 2697 1482 dicimus
2740 1424 2805 1477 ad
2842 1423 2961 1477 illas
2994 1420 3213 1475 divitias
3244 1433 3362 1487 qum
3397 1419 3588 1471 oculos

318 1536 519 1589 tuentis
545 1545 769 1596 acuunt,
815 1542 871 1588 et
920 1533 1118 1602 quibus
1146 1532 1295 1586 dives
1330 1531 1390 1583 Iit
1434 1531 1633 1600 aliquis
1660 1530 1713 1583 in
1743 1527 1883 1581 omni
1916 1529 2067 1581 verbo
2099 1536 2144 1579 et
2176 1526 2230 1577 in
2269 1524 2409 1576 omni
2446 1522 2665 1575 scientia
2693 1520 2753 1571 '9.
2783 1538 2799 1569 ι
2845 1517 2952 1571 Nec
2988 1517 3164 1569 minus
3200 1523 3383 1583 aperte
3410 1511 3589 1567 homi-

316 1628 389 1682 lia
424 1631 481 1683 ll
521 1630 576 1683 in
613 1628 856 1682 Exodqu
888 1643 1041 1681 suam
1077 1642 1138 1680 ea
1182 1628 1247 1681 de
1278 1642 1335 1681 re
1370 1636 1606 1679 mentem
1638 1625 1883 1677 declarat
1916 1623 2001 1676 his
2029 1620 2213 1675 verbis
2249 1637 2264 1672 :
2313 1638 2330 1669 ι
2358 1618 2413 1671 Si
2448 1618 2567 1685 quis
2598 1626 2679 1667 est
2720 1613 2811 1682 qui
2858 1613 3038 1681 legens
3071 1609 3307 1679 Moysem
3343 1622 3584 1660 murmu-

319 1734 405 1776 rat
434 1723 696 1775 adversus
717 1735 861 1783 eum,
887 1728 941 1773 et
969 1719 1215 1788 displicet
1239 1718 1284 1771 ei
1310 1718 1391 1771 lex
1424 1732 1543 1786 qum
1569 1716 1863 1770 secundum
1891 1715 2126 1767 litteram
2166 1714 2367 1781 scripta
2394 1720 2498 1773 est,
2525 1708 2665 1776 quod
2695 1708 2745 1759 iu
2776 1705 2957 1757 multis
2984 1718 3089 1756 non
3122 1702 3337 1754 videtur
3366 1715 3588 1754 servare

321 1811 794 1880 consequentiam,
844 1812 1083 1864 ostendit
1119 1812 1165 1863 ei
1211 1809 1421 1880 Moyses
1450 1819 1679 1877 petram,
1732 1822 1851 1875 qua:
1881 1817 1965 1860 est
1997 1805 2269 1867 Christus,
2322 1813 2372 1857 et
2412 1800 2631 1855 adducit
2659 1813 2784 1852 eum
2816 1798 2881 1849 ad
2918 1797 3111 1865 ipsam.
3152 1805 3207 1846 ut
3256 1794 3379 1846 inde
3435 1794 3587 1846 bibat

318 1914 379 1959 et
415 1903 625 1958 reﬁciat
655 1902 801 1955 sitim
847 1916 1022 1954 suam.
1054 1920 1072 1951 ι
1131 1899 1329 1954 Verum
1364 1916 1492 1954 ecce
1538 1917 1601 1955 ex
1638 1898 1861 1955 humilia
1892 1898 2123 1966 septima
2166 1897 2217 1949 in
2250 1894 2545 1949 Leviticum
2575 1892 2801 1944 alterum
2848 1892 3023 1942 locum
3056 1888 3209 1957 longe
3247 1887 3469 1954 majoris
3496 1903 3588 1939 att-

317 1999 536 2052 dacite:
577 2014 595 2047 ι
621 1996 678 2050 Si
727 1996 1082 2057 assideamus,
1131 1995 1324 2062 inquit,
1363 1995 1578 2058 litterae,
1628 2006 1681 2047 et
1711 1992 2008 2047 secundum
2044 1993 2147 2045 hoc
2197 1990 2278 2044 vel
2316 1989 2458 2056 quod
2488 1985 2708 2048 inda-is,
2763 1984 2847 2037 vel
2884 1986 2932 2036 id
2964 1982 3105 2051 quod
3157 1982 3316 2050 vulgo
3354 1981 3587 2041 videtur,

314 2092 656 2158 accipiamus
684 2104 806 2159 quae
834 2090 884 2142 in
919 2088 1031 2158 lege
1060 2089 1267 2157 scripta
1298 2099 1449 2154 sunt,
1480 2088 1747 2141 erubesco
1776 2087 1962 2140 dicere
1990 2097 2046 2138 et
2074 2083 2324 2138 conﬁteri
2358 2082 2483 2150 quia
2525 2080 2659 2133 tales
2690 2080 2835 2147 leges
2863 2076 3076 2130 de-lcrit
3111 2075 3269 2127 Deus.
3318 2071 3591 2127 Videbun—

317 2196 409 2238 tur
440 2185 585 2239 enim
611 2184 784 2252 magis
813 2183 1089 2249 elegantes
1112 2188 1165 2235 et
1196 2181 1556 2236 rationabiles
1584 2182 1863 2236 hominum
1893 2178 2060 2248 leges,
2091 2175 2239 2228 verbi
2272 2178 2466 2244 gratia,
2506 2172 2587 2226 vel
2614 2170 3001 2230 Romanorum,
3034 2167 3115 2220 vel
3147 2163 3588 2229 Atheniensium,

314 2278 400 2331 vel
435 2275 996 2337 Lacedmmuuiorum.
1030 2293 1047 2324 ι

572 2390 599 2461 §
648 2389 735 2443 lll.
787 2388 989 2443 Eadem
1019 2387 1276 2457 principia
1301 2384 1370 2437 ad
1403 2383 1634 2452 plurima
1666 2378 1868 2434 Veteris
1902 2376 2218 2432 Testantenti
2247 2388 2506 2446 prtrcepta
2539 2379 2602 2430 ab
2636 2378 2860 2449 Origene
2884 2380 3370 2437 accommodantur.

394 2502 628 2557 llomilia
668 2511 862 2571 quarta
896 2502 951 2556 in
983 2511 1151 2570 caput
1177 2509 1390 2555 sextum
1418 2497 1646 2552 Levitiei
1677 2494 1958 2564 explicans
1996 2495 2100 2548 ista
2136 2493 2302 2547 verba
2337 2510 2350 2545 :
2385 2492 2693 2563 Quicunque
2737 2496 2963 2563 tetigerit
3010 2496 3369 2565 sanctiﬁcata,
3404 2506 3453 2549 et
3481 2496 3593 2564 ipse

315 2595 766 2661 sanctiﬁcabitur,
818 2595 895 2647 ait
930 2612 943 2646 :
984 2612 1002 2644 ι
1030 2592 1381 2648 Redeundum
1416 2598 1501 2643 est
1533 2589 1691 2643 nobis
1723 2590 1789 2642 ad
1823 2587 2197 2656 expositiones
2232 2585 2575 2652 evangelicas
2610 2595 2778 2655 atque
2815 2588 3166 2656 apostolicos,
3217 2600 3273 2641 ut
3304 2586 3389 2641 lex
3421 2588 3593 2655 possit

318 2688 581 2756 intelligi.
648 2685 758 2740 Nisi
799 2687 943 2740 enim
974 2685 1223 2739 velamen
1258 2682 1548 2736 abstulerit
1602 2680 1955 2748 Evangelium
2004 2677 2071 2733 de
2123 2676 2262 2731 faeie
2295 2677 2489 2747 Moysi,
2523 2693 2629 2731 non
2665 2688 2842 2747 potest
2893 2680 3063 2733 videri
3099 2680 3279 2733 vultus
3322 2678 3459 2748 ejus,
3493 2694 3591 2734 nec

317 2795 521 2834 sensus
550 2778 668 2849 ejus
700 2777 951 2848 intelligi.
1014 2776 1153 2830 Vide
1185 2790 1319 2842 ergo
1362 2776 1631 2843 quomodo
1662 2775 1713 2827 in
1742 2771 1985 2825 Ecclesia
2020 2770 2386 2839 apostolorum
2416 2771 2664 2840 discipuli
2699 2773 2893 2825 adsunt
2927 2774 3012 2827 his
3045 2790 3165 2843 qua:
3197 2775 3405 2845 Moyses
3439 2775 3587 2829 scri-

316 2871 451 2940 psit,
488 2882 544 2925 et
566 2870 870 2925 defendunt
894 2885 956 2924 ea
988 2870 1131 2937 quod
1156 2876 1211 2922 et
1241 2867 1637 2922 rationabiliter
1663 2866 1873 2937 impleri
1904 2874 2129 2935 queant,
2168 2874 2223 2919 et
2252 2863 2653 2920 rationabiliter
2683 2868 2885 2936 scripta
2921 2868 3066 2934 sint;
3112 2866 3423 2922 Judteorum
3456 2854 3588 2920 vero

320 2963 579 3016 doctores
620 2972 675 3015 et
726 2959 1089 3030 impossibilia
1125 2961 1239 3014 haec
1269 2970 1325 3014 et
1354 2958 1776 3025 irrationabilia,
1809 2968 2103 3027 sequentes
2136 2956 2397 3021 litteram,
2433 2956 2661 3013 faciunt.
2692 2979 2712 3013 ι
2760 2959 3003 3015 Ulterius
3029 2960 3207 3015 adhuc
3231 2959 3590 3031 progreditur

322 3050 548 3104 homilia
574 3051 862 3120 sequenti:
893 3067 912 3099 ι
937 3049 1062 3104 “(BC
1085 3051 1287 3111 omnia,
1320 3051 1521 3119 inquit,
1546 3051 1649 3103 nisi
1678 3050 1785 3103 alio
1814 3064 1980 3104 sensu
2009 3046 2344 3118 accipiamus
2370 3064 2531 3118 quam
2564 3050 2760 3106 littera:
2786 3061 2987 3120 textus,
3022 3053 3164 3107 sicut
3186 3052 3300 3122 jam
3327 3051 3589 3111 diximus,

320 3154 450 3192 cum
488 3140 541 3193 in
574 3140 817 3195 Ecclesia
854 3142 1173 3205 recitantur,
1229 3142 1570 3197 obstaculum
1610 3143 1782 3214 magis
1830 3154 1886 3198 et
1937 3142 2345 3197 subversionem
2375 3143 2700 3198 Christiana:
2752 3144 3019 3213 religioni,
3077 3159 3240 3213 quam
3318 3143 3589 3196 rationem

316 3232 851 3302 aediﬁcationemque
904 3233 1266 3302 praestabunt.
1298 3254 1316 3287 ι
1376 3234 1508 3288 ltem
1543 3233 1635 3289 lib.
1663 3250 1712 3287 tv
1748 3232 1823 3287 De
1851 3232 2151 3302 principiis,
2200 3248 2352 3290 num.
2383 3233 2471 3298 l7,
2504 3232 2608 3287 alia
2644 3233 2780 3303 legis
2818 3244 3083 3303 praecepta
3133 3233 3324 3297 refert,
3373 3248 3493 3302 qua:
3523 3232 3592 3284 tul

316 3325 571 3381 litteram
603 3336 758 3398 putat
788 3327 873 3382 vel
906 3343 1012 3383 non
1044 3328 1263 3394 debere,
1312 3330 1399 3385 vel
1448 3347 1553 3383 non
1586 3345 1747 3399 posse
1798 3329 2029 3384 servari.
2095 3347 2113 3379 ι
2138 3326 2194 3381 Si
2229 3328 2293 3381 ad
2331 3328 2497 3398 leges,
2548 3328 2737 3398 inquit,
2768 3329 2932 3382 etiam
2970 3327 3237 3382 Mosaicas
3283 3328 3593 3391 veniamus,

317 3423 602 3495 plurimae,
634 3424 677 3477 si
708 3425 771 3477 ad
803 3425 1040 3479 litteram
1069 3426 1422 3482 observanda:
1452 3433 1603 3487 sunt,
1636 3427 1975 3490 absurdum;
2028 3424 2150 3479 alia:
2181 3423 2513 3491 impossibile
2546 3424 2884 3493 praecipiunt.
2938 3424 3247 3478 Absurdqu
3285 3430 3371 3477 est
3405 3422 3589 3474 vultu-

317 3530 453 3569 rum
492 3531 642 3568 esum
673 3517 971 3586 prohiberi,
1009 3534 1133 3572 cum
1164 3532 1322 3572 nemo
1355 3531 1423 3571 ne
1454 3526 1699 3570 extrema
1727 3516 1941 3585 quidem
1972 3526 2199 3584 urgente
2234 3516 2376 3570 laute
2407 3531 2476 3570 eo
2500 3515 2695 3570 adduci
2730 3516 2987 3584 potuerit,
3023 3526 3080 3569 ut
3110 3516 3176 3569 ad
3210 3515 3353 3568 istud
3386 3512 3592 3567 animal

316 3609 668 3680 confugeret.
732 3612 868 3669 Octo
897 3615 1105 3669 dierum
1141 3612 1380 3668 infantes
1410 3626 1518 3665 non
1552 3609 1872 3664 circumcisi
1903 3610 2261 3663 exterminari
2292 3625 2321 3662 e
2354 3623 2554 3681 genere
2581 3624 2678 3663 suo
2703 3609 2984 3678 jubentur,
3014 3624 3137 3663 cum
3171 3610 3350 3680 potius
3384 3610 3427 3664 si
3460 3609 3591 3678 quil

320 3701 394 3754 de
425 3703 508 3756 bis
543 3704 609 3757 ad
642 3704 882 3760 litteram
928 3707 1217 3762 servandis
1270 3705 1627 3759 sanciendum
1664 3714 1804 3765 erat,
1841 3705 2061 3773 principi
2117 3712 2398 3773 oporteret
2430 3712 2488 3756 ut
2533 3718 2720 3757 eorum
2760 3713 3016 3771 parentes
3046 3702 3130 3757 vel
3156 3718 3346 3757 eorum
3387 3703 3588 3757 altores

319 3797 795 3855 interﬁcerentur.
832 3801 987 3855 Nunc
1021 3810 1201 3855 autem
1257 3799 1332 3853 ait
1364 3798 1649 3867 Scriptura
1683 3813 1697 3850 ;
1732 3795 1917 3850 Omnis
1960 3812 2072 3850 mas
2116 3797 2517 3850 incircumcisus
2548 3796 2639 3866 qui
2672 3812 2774 3848 non
2805 3794 3211 3849 circunteitletur
3258 3805 3441 3850 octavo
3478 3797 3587 3861 die,

317 3895 507 3959 peribit
556 3895 619 3947 de
672 3895 865 3963 populo
918 3893 1101 3949 suo".
1145 3892 1298 3958 Quod
1331 3892 1379 3945 si
1432 3889 1785 3960 impossibilia
1829 3905 1951 3958 qua:
1982 3889 2097 3958 lege
2128 3891 2542 3960 praecipiuntur,
2595 3889 2758 3943 vultis
2787 3904 3037 3954 noscere,
3083 3890 3589 3949 animadvertamus

322 3985 705 4055 tragelaphum
736 4000 802 4039 ex
832 3984 901 4040 iis
930 3999 1051 4039 esse
1082 3982 1452 4037 animantibus
1478 3995 1597 4049 qua:
1625 3980 1929 4036 consistere
1966 3980 2019 4034 in
2054 3994 2233 4033 rerum
2264 3989 2455 4034 natura
2508 3995 2614 4034 non
2672 3987 2900 4048 possunt
2937 3998 2951 4033 :
2987 3996 3146 4050 quem
3189 3991 3367 4037 tamen
3406 3993 3463 4038 ut
3490 4000 3587 4054 pu-

319 4092 448 4132 rum
471 4077 625 4145 jubet
650 4093 748 4132 nos
780 4078 992 4148 Moyses
1020 4077 1239 4133 oﬁ'crre.
1282 4076 1555 4147 Gryphem
1595 4091 1871 4146 nunquam
1923 4076 2170 4130 auditum
2199 4084 2285 4131 est
2316 4078 2382 4131 ab
2414 4076 2631 4131 homine
2660 4085 2879 4146 captum
2915 4090 3037 4130 esse
3069 4093 3083 4130 :
3120 4093 3281 4146 quem
3312 4079 3587 4136 nihilomi-

324 4182 435 4221 nus
470 4170 556 4223 edi
590 4178 740 4224 vetat
774 4168 1071 4239 legislator.
1118 4169 1227 4225 Sed
1261 4177 1317 4224 et
1350 4166 1848 4222 celebratissimum
1889 4165 2186 4221 Sabbatum
2217 4168 2265 4220 ei
2301 4167 2394 4237 qui
2430 4176 2689 4221 accurate
2719 4168 3073 4237 perpenderit
3104 4168 3219 4223 ba:c
3250 4170 3410 4224 verba
3440 4187 3454 4225 :
3487 4168 3591 4226 Se-

318 4260 514 4313 debitis
549 4262 692 4314 domi
719 4271 903 4315 vestra:
928 4261 1141 4331 singuli,
1175 4276 1322 4314 nemo
1357 4268 1581 4315 vestrum
1604 4270 1753 4311 exeat
1782 4275 1808 4311 e
1838 4256 1953 4311 loco
1986 4275 2085 4312 suo
2118 4259 2206 4312 die
2231 4259 2452 4328 septima
2476 4258 2545 4324 “,
2578 4258 2849 4313 videbitur
2894 4274 3002 4314 non
3039 4274 3201 4329 posse
3237 4260 3305 4315 ad
3342 4260 3591 4317 litteram

321 4350 630 4417 observari,
659 4367 785 4406 cum
819 4353 1024 4407 nullum
1053 4352 1255 4406 animal
1283 4366 1379 4421 per
1410 4359 1577 4404 totam
1610 4350 1751 4403 diem
1784 4351 2069 4405 immotum
2095 4352 2288 4405 sedere
2322 4361 2506 4420 queat.
2531 4369 2549 4401 ι

316 4461 355 4537 §
399 4464 489 4521 ιν.
531 4464 615 4519 Ea:
650 4468 891 4538 Origenis
926 4479 1092 4522 mente
1125 4469 1180 4521 in
1223 4466 1399 4540 Veteri
1424 4466 1753 4540 Testamento
1783 4467 2028 4535 qutedam
2064 4476 2133 4540 ut
2172 4475 2317 4537 gesta
2348 4479 2660 4540 narrantur,
2704 4482 2821 4536 quae
2851 4474 3026 4521 tamen
3058 4483 3325 4537 nunquam
3353 4469 3588 4540 contige-

590 4549 745 4603 runt;
774 4540 882 4592 alia
912 4556 1029 4609 qua:
1055 4550 1208 4608 prout
1239 4539 1564 4605 referuntur,
1590 4538 1729 4605 falsa
1753 4549 1904 4600 sunt,
1928 4554 1990 4591 ac
2020 4539 2241 4607 proinde
2271 4538 2490 4591 litterati
2534 4553 2687 4591 sensu
2717 4552 2821 4590 non
2859 4546 2978 4590 sunt
3012 4540 3337 4605 accipienda.

394 4652 731 4721 Argumcuto
774 4655 1005 4724 primum
1039 4656 1144 4709 erit
1179 4655 1231 4708 id
1279 4655 1422 4723 quod
1456 4652 1677 4707 homilia
1710 4661 1867 4706 sexta
1922 4652 1979 4706 in
2012 4652 2266 4707 Genesim
2306 4654 2370 4706 de
2404 4653 2629 4707 historia
2662 4650 2811 4706 Sane
2857 4663 2911 4706 et
2939 4653 3258 4710 Abimelech
3281 4657 3587 4712 adnotavit.

319 4760 349 4796 ς
374 4742 509 4810 Quae
554 4744 729 4809 nobis,
762 4746 964 4814 inquit,
995 4746 1282 4799 tediﬁcatio
1309 4747 1413 4798 erit
1448 4743 1773 4812 legentibus,
1826 4744 2101 4799 Abraham
2136 4753 2343 4796 tantmn
2374 4743 2768 4813 patriarcham,
2798 4759 2904 4797 non
2939 4743 3113 4798 solum
3149 4751 3434 4801 mentitum
3466 4762 3591 4805 esse

316 4835 646 4892 Abimelecb
676 4838 811 4906 regi,
844 4838 935 4891 sed
971 4847 1026 4891 et
1057 4838 1369 4906 pudicitiam
1402 4838 1653 4907 conjugis
1682 4837 2027 4906 prodidisse?
2067 4836 2203 4903 Quid
2238 4854 2334 4892 nos
2366 4838 2599 4891 aediﬁcat
2636 4839 2771 4893 tanti
2811 4840 3133 4909 patriarcha:
3162 4858 3319 4907 uxor,
3355 4844 3398 4897 si
3429 4854 3587 4915 pute-

316 4942 416 4986 tur
446 4934 1001 4987 coutaminationihus
1034 4933 1278 5002 exposita
1316 4947 1413 5001 per
1438 4933 1848 4986 couniventiam
1884 4933 2232 4987 maritalem?
2286 4932 2410 4987 llaec
2439 4931 2609 4987 Judzei
2642 4945 2855 5004 putent,
2904 4944 2959 4989 et
2984 4936 3029 4990 si
3065 4935 3159 5003 qui
3194 4953 3316 4991 cum
3349 4939 3430 4993 eis
3459 4951 3588 4995 sunt

314 5024 524 5080 littera:
557 5027 738 5091 amici,
778 5043 882 5081 non
935 5028 1181 5096 spiritus.
1214 5048 1231 5080 ι
1267 5027 1561 5082 llistoriam
1600 5026 1860 5083 Rebecca:
1886 5044 2051 5097 quam
2101 5030 2265 5082 refert
2292 5029 2513 5083 homilia
2549 5029 2616 5083 10
2666 5032 2717 5082 in
2755 5031 3007 5085 emudem
3055 5030 3335 5087 Geneseos
3362 5034 3584 5100 librum,

315 5118 433 5173 hac
462 5121 526 5174 ad
562 5120 840 5175 auditores
866 5122 1296 5192 interrogatione
1328 5122 1603 5176 concludit
1638 5137 1651 5175 :
1691 5141 1706 5174 ι
1736 5122 1859 5177 Hice
1894 5123 2103 5177 fabulas
2133 5123 2337 5192 putatis
2368 5138 2511 5187 esse,
2565 5134 2619 5177 et
2647 5125 2906 5178 historias
2939 5141 3165 5181 narrare
3199 5130 3250 5181 in
3288 5128 3584 5197 Scripturis

315 5211 593 5279 Spiritum
626 5212 917 5266 sanctmu?
949 5249 963 5264 .
989 5249 1005 5265 .
1039 5250 1053 5265 .
1116 5211 1269 5281 Saepe
1293 5213 1405 5281 jam
1434 5212 1542 5266 dixi
1576 5211 1719 5282 quod
1754 5212 1809 5265 in
1840 5212 1927 5267 his
1962 5228 2068 5265 nou
2100 5214 2339 5267 historiae
2373 5225 2687 5277 narrantur,
2721 5215 2814 5268 sed
2851 5216 3109 5285 mysteria
3142 5226 3530 5272 contexuntur.
3557 5237 3575 5269 ι

314 5305 565 5370 ldipsum
601 5305 935 5371 paradoxum
986 5305 1229 5358 obtrudit
1259 5304 1479 5359 homilia
1519 5306 1691 5373 prima
1724 5306 1776 5359 in
1810 5306 2054 5360 Exodum
2084 5321 2097 5357 :
2138 5323 2156 5355 ι
2184 5304 2298 5358 Νοιι
2346 5307 2522 5368 nobis,
2580 5307 2777 5374 inquit,
2812 5305 2926 5359 haec
2957 5308 3023 5360 ad
3058 5307 3340 5363 historiam
3374 5310 3578 5378 scripta

314 5405 479 5457 sunt,
507 5412 683 5465 neque
710 5400 1007 5465 putandum
1039 5409 1121 5452 est
1146 5399 1315 5452 libros
1360 5400 1574 5453 divinos
1607 5398 1987 5470 [Egyptiorum
2041 5408 2192 5468 gesta
2221 5414 2465 5453 narrare.
2517 5398 2623 5452 Sed
2660 5415 2780 5467 qute
2815 5400 3016 5468 scripta
3052 5411 3199 5464 sunt,
3237 5400 3303 5453 ad
3338 5412 3576 5455 nostram

313 5489 637 5543 doctrinam
684 5491 882 5559 scripta
912 5501 1058 5545 sunt.
1087 5509 1105 5541 ι
1174 5492 1237 5545 Et
1268 5492 1487 5544 homilia
1522 5495 1570 5544 iu
1604 5494 1854 5546 emudem
1904 5491 2104 5545 librum
2144 5492 2403 5553 secunda,
2449 5490 2535 5544 ubi
2567 5494 2631 5545 de
2660 5489 2933 5561 .Egyptiis
2982 5492 3370 5546 obstetricibus
3402 5507 3581 5547 sermo

314 5592 409 5635 est
446 5595 463 5635 :
505 5600 523 5632 ι
554 5582 634 5647 Si,
668 5584 862 5651 inquit,
893 5584 1191 5637 secundum
1228 5582 1470 5638 historia:
1502 5583 1875 5638 narrationem
1904 5582 2246 5651 suscipienda
2275 5591 2458 5638 essent
2485 5598 2605 5653 (iure
2631 5583 2839 5650 scripta
2875 5594 3028 5645 sunt,
3061 5584 3277 5637 videtur
3307 5584 3409 5638 hoc
3440 5586 3583 5653 quod

312 5675 463 5729 dicit
496 5675 800 5744 Scriptura,
850 5677 974 5744 quia
1012 5691 1117 5729 nou
1165 5676 1415 5729 fecerunt
1461 5675 1789 5731 obstetrices
1829 5675 2128 5732 secundum
2162 5675 2305 5745 quod
2352 5686 2688 5745 princeperat
2734 5676 2815 5731 eis
2864 5690 2959 5731 rex
2987 5672 3228 5745 Egypti,
3277 5688 3422 5731 stare
3469 5692 3578 5731 non

397 5828 521 5905 ξιιι
549 5832 797 5905 Οοιγιιι.
845 5834 915 5905 6η
987 5835 1031 5867 ¹⁵
1066 5835 1259 5891 Ezeeh.
1297 5852 1388 5900 xx,
1441 5836 1534 5888 ‘25.
1613 5837 1653 5867 ¹¹⁵
1685 5836 1818 5890 Ibid.
1871 5838 1963 5892 9.1.
2063 5839 2103 5870 '°
2143 5837 2180 5891 ll
2212 5838 2339 5893 Cor.
2368 5853 2453 5905 tu,
2492 5838 2544 5901 Ἰ,
2579 5838 2633 5893 8.
2710 5838 2750 5867 ¹⁷
2781 5837 2935 5890 Rom.
2962 5852 3039 5901 ιιι,
3076 5836 3163 5894 l5.
3240 5836 3461 5903 “lbid.,
3490 5838 3577 5894 l3.

322 5902 369 5935 ι’
405 5900 426 5954 ι
455 5901 580 5959 Cor.
614 5918 652 5969 ι,
683 5903 735 5958 5.
814 5905 859 5936 ὀ
893 5904 1029 5959 Gen.
1070 5921 1202 5971 svu,
1244 5905 1329 5960 14.
1406 5908 1448 5937 ²¹
1480 5905 1651 5962 Exod.
1686 5922 1799 5971 xvi,
1828 5908 1919 5963 29.
