3978 6568
454 539 526 602 19
1700 543 2070 599 PR/EFATIO
2109 545 2199 598 AD
2239 546 2398 601 TOM.
2441 546 2504 601 ll.
3631 546 3696 601 20

449 672 629 729 posse.
662 677 679 709 ι
726 658 790 713 Et
822 667 1104 730 postquam
1137 660 1316 730 inepta
1348 676 1574 730 prorsus
1601 676 1665 715 ac
1693 660 1830 714 futili
1862 659 2163 715 subtilitate
2195 663 2245 715 id
2270 663 2498 731 probare
2524 672 2751 718 conatus
2775 673 2876 728 est,
2911 663 2990 717 sic
3020 663 3190 720 infert
3227 680 3240 718 :
3279 680 3298 716 ε
3324 662 3450 718 Haec
3482 661 3692 716 interim

451 760 676 818 propter
702 765 796 804 eos
831 752 919 819 qui
951 751 1111 807 amici
1145 762 1270 807 sunt
1305 754 1518 817 littera3,
1555 762 1609 808 et
1640 768 1744 807 non
1778 763 1967 821 putant
1999 753 2170 823 legem
2207 754 2505 823 spiritalem
2535 771 2676 820 esse,
2707 766 2760 810 et
2785 756 3107 826 spiritaliter
3130 754 3551 823 intelligendam.
3595 753 3695 807 Sed

447 857 544 895 nos
578 844 671 913 qui
699 845 876 898 omnia
910 861 1030 915 qua:
1055 848 1256 916 scripta
1285 859 1433 913 sunt,
1473 863 1577 902 non
1611 863 1710 918 pro
1741 847 2148 901 narrationibus
2173 847 2582 914 antiquitatum,
2615 849 2708 903 sed
2733 864 2830 917 pro
2858 849 3147 918 disciplina
3173 857 3225 902 et
3256 846 3486 900 utilitate
3516 854 3694 898 nostra

445 933 736 990 didicimus
761 937 982 1006 scripta,
1017 939 1129 993 haec
1166 955 1283 1008 qum
1309 941 1579 1009 leguntur,
1616 940 1777 995 etiam
1813 953 1955 992 nunc
1983 932 2097 992 ﬁeri
2134 939 2186 992 in
2226 940 2326 994 hoc
2356 941 2581 1003 mundo,
2611 942 2702 1008 qui
2733 939 3002 1010 Aigyptus
3031 939 3325 1010 ﬁguraliter
3350 938 3570 1000 dicitur,
3604 937 3693 991 sed

447 1024 498 1076 iu
533 1041 858 1096 unoquoque
889 1041 1130 1084 nostrum
1161 1033 1616 1101 deprehendimus
1641 1069 1656 1086 .
1685 1071 1699 1084 .
1728 1069 1743 1085 .
1786 1029 1900 1082 lloc
1930 1028 1973 1082 si
2008 1029 2079 1082 ita
2112 1031 2431 1100 accipiatur,
2470 1045 2526 1084 ut
2577 1032 2836 1100 scriptum
2867 1043 2968 1096 est,
3003 1046 3108 1084 non
3143 1030 3313 1084 solum
3344 1029 3477 1083 nihil
3508 1041 3694 1082 conse-

441 1121 701 1187 quentiae,
740 1124 834 1177 sed
868 1135 922 1178 et
955 1127 1232 1179 inanitatis
1267 1127 1466 1179 habere
1501 1125 1792 1194 plurimum
1842 1122 2138 1177 videbitur.
2165 1143 2182 1175 ι
2237 1124 2409 1176 Aliam
2451 1123 2713 1190 triumphi
2751 1125 3030 1177 materiam
3083 1122 3350 1191 reperisse
3393 1135 3451 1174 se
3492 1121 3695 1188 putavit

443 1209 496 1262 in
530 1219 719 1266 octavo
753 1222 806 1269 et
855 1230 999 1271 nono
1046 1216 1210 1271 Josuc
1244 1217 1538 1285 capitibus,
1572 1216 1663 1270 ubi
1700 1215 1861 1271 Josue
1891 1218 2094 1271 dicitur
2127 1231 2192 1269 ex
2223 1230 2484 1283 expresso
2515 1215 2604 1268 Dei
2641 1224 2694 1270 et
2734 1214 2930 1286 Moysis
2965 1217 3221 1270 mandato
3255 1216 3521 1284 integrum
3557 1212 3692 1265 Den-

439 1304 802 1359 teronomium
856 1307 908 1361 in
941 1309 1210 1378 lapidibus
1242 1310 1604 1378 inscripsisse.
1673 1329 1690 1361 ι
1715 1309 1996 1375 Quomodo
2027 1310 2224 1381 (inquit
2257 1309 2478 1364 homilia
2513 1308 2546 1363 9
2599 1309 2651 1363 in
2685 1307 2870 1379 Josue)
2919 1309 3154 1378 potuerit
3191 1319 3296 1362 tam
3344 1320 3598 1376 magnum
3631 1302 3692 1356 Ii-

436 1395 600 1448 brum
631 1397 713 1451 vel
747 1399 1148 1466 assistentibus,
1201 1403 1282 1457 vel
1332 1403 1782 1473 permanentibus
1819 1405 1890 1460 ibi
1924 1405 2048 1460 ﬁliis
2081 1405 2242 1460 Israel
2279 1405 2616 1471 describere,
2651 1407 2720 1460 ita
2777 1416 2835 1460 ut
2878 1420 2986 1459 non
3034 1403 3376 1459 discederent
3416 1413 3692 1469 usquequo

437 1489 710 1556 scriptura
745 1502 823 1548 tot
855 1509 1106 1550 versuum
1147 1496 1432 1553 ﬁniretur?
1469 1498 1568 1553 Vel
1600 1501 1767 1556 etiam
1802 1507 2079 1571 quomodo
2113 1504 2394 1572 potuerint
2427 1503 2630 1574 lapides
2661 1502 2848 1556 altaris
2887 1501 3030 1556 ferre
3068 1509 3175 1554 tam
3211 1499 3389 1570 magni
3420 1497 3540 1550 libri
3573 1511 3697 1548 con.

437 1580 775 1637 tlnentiam?
830 1586 1024 1640 Dicant
1069 1589 1202 1644 mihi
1251 1591 1338 1646 isti
1370 1603 1672 1650 assertores
1704 1594 1897 1649 litterae
1933 1594 2126 1660 Judaei,
2179 1596 2270 1664 qui
2305 1596 2556 1665 spiritum
2591 1595 2724 1665 legis
2765 1596 3037 1665 ignorant,
3091 1595 3360 1664 quomodo
3393 1591 3442 1644 iu
3481 1590 3581 1643 hoc
3611 1588 3694 1644 hi-

434 1673 623 1728 storiae
649 1678 851 1733 veritas
879 1680 1304 1740 demonstratur.
1331 1704 1351 1737 ι
1388 1687 1506 1741 Alia
1531 1689 1800 1757 ejusmodi
1830 1691 2075 1758 exempla
2106 1689 2311 1760 profert
2345 1690 2438 1745 lib.
2467 1706 2518 1744 tv
2547 1690 2620 1743 De
2647 1691 2942 1760 principiis,
2975 1705 3125 1746 num.
3165 1689 3230 1742 16
3263 1712 3274 1744 ;
3314 1706 3330 1737 ι
3357 1687 3487 1753 Quis
3509 1685 3692 1756 igitur,

433 1766 632 1836 inquit,
663 1785 814 1826 sanae
849 1777 1045 1832 mentis
1071 1779 1467 1836 exiStimavet-it
1502 1784 1737 1853 primam
1767 1794 1822 1840 et
1853 1786 2147 1841 secundam
2183 1795 2234 1839 et
2265 1787 2483 1839 tertiam
2515 1786 2690 1851 diem,
2715 1797 2768 1840 et
2799 1799 3107 1854 vesperam,
3137 1791 3191 1836 et
3223 1795 3381 1836 mane
3407 1780 3526 1833 sine
3555 1779 3691 1844 sole,
3766 1790 3770 1796 '

433 1857 586 1925 luna,
611 1873 667 1917 et
693 1863 893 1932 stellis,
929 1876 982 1922 et
1012 1883 1133 1923 eam
1166 1886 1287 1940 qua:
1323 1872 1482 1927 veluti
1515 1877 1688 1944 prima
1720 1885 1862 1940 erat,
1890 1877 2032 1932 diem
2066 1877 2188 1932 sine
2218 1876 2359 1932 crelo
2391 1875 2598 1931 fuisse?
2634 1877 2764 1943 Quis
2789 1877 2926 1932 adeo
2974 1875 3225 1937 stolidus,
3254 1885 3310 1927 ut
3340 1883 3491 1943 putet
3521 1871 3690 1925 Deum

431 1967 584 2008 more
606 1955 843 2012 hominis
872 1961 1123 2026 agricolae
1143 1963 1416 2032 plautasse
1447 1968 1663 2022 hortum
1716 1971 1767 2023 in
1798 1969 1946 2025 Eden
2001 1969 2066 2022 ad
2093 1969 2382 2033 orientem,
2419 1969 2508 2023 ubi
2545 1969 2747 2040 lignum
2778 1969 2899 2021 vita:
2927 1966 3167 2036 posuerit
3199 1966 3343 2035 quod
3374 1963 3474 2018 sub
3505 1961 3693 2018 oculos

431 2055 489 2100 et
535 2063 728 2103 sensus
759 2053 1003 2117 caderet,
1037 2065 1096 2108 ut
1127 2058 1217 2126 qui
1249 2060 1530 2128 corporeis
1561 2061 1818 2118 dentibus
1867 2063 2102 2117 fructum
2149 2071 2448 2133 gustasset,
2481 2063 2646 2115 vitam
2681 2061 2806 2115 inde
2838 2060 3128 2128 reciperet,
3160 2065 3215 2112 et
3249 2070 3438 2110 rursus
3482 2053 3612 2108 boni
3639 2060 3696 2105 et

431 2138 560 2192 mali
593 2143 866 2214 particeps
893 2147 1072 2210 ﬁeret,
1123 2152 1214 2218 qui
1262 2150 1495 2206 fructum
1527 2168 1593 2208 ex
1627 2154 1731 2210 hac
1770 2155 1969 2210 arbm-e
1996 2155 2312 2224 decerptum
2345 2153 2714 2208 comedisset'
2761 2152 2828 2206 Et
2857 2168 2977 2206 cum
3007 2151 3147 2205 Deus
3182 2148 3408 2202 meridie
3436 2148 3487 2200 in
3529 2158 3692 2216 para-

427 2229 547 2285 diso
579 2234 860 2290 ambulare
906 2237 1125 2305 dicitur,
1170 2253 1228 2297 et
1255 2242 1427 2296 Adam
1460 2245 1560 2299 sub
1603 2247 1802 2302 arbore
1835 2248 2175 2312 delitescere,
2212 2247 2481 2302 neminem
2520 2246 2758 2300 arbitror
2785 2245 3035 2300 dubitare
3083 2244 3168 2299 his
3199 2244 3428 2312 ﬁgurate
3459 2254 3560 2311 per
3587 2253 3689 2308 ap-

426 2332 709 2388 parentem
742 2323 1051 2396 historiam,
1081 2345 1200 2399 qua:
1233 2342 1408 2387 tamen
1438 2335 1796 2405 corporaliter
1829 2353 1934 2392 non
1963 2338 2281 2406 contigerit,
2313 2336 2560 2406 quatdam
2597 2337 2825 2392 indicari
2860 2337 3138 2408 mysteria.
3189 2336 3324 2390 Cain
3353 2345 3567 2402 quoque
3602 2344 3690 2386 re—

427 2411 628 2466 cedens
655 2429 684 2467 a
745 2431 1038 2489 conspectu
1077 2423 1192 2487 Dei,
1251 2426 1540 2482 manifeSIe
1588 2429 1909 2496 prudentem
1961 2429 2220 2484 lectorem
2252 2439 2431 2482 movet
2487 2438 2544 2482 ut
2574 2429 2816 2498 requirat
2849 2429 2979 2499 quid
3024 2427 3191 2483 facies
3221 2426 3316 2481 Dei
3369 2425 3461 2489 sit,
3494 2434 3549 2479 et
3581 2438 3692 2495 quo

424 2521 586 2562 sensu
620 2511 743 2580 quis
776 2515 927 2569 exire
978 2518 1145 2584 possit
1190 2519 1258 2573 ab
1287 2535 1370 2574 ea.
1440 2522 1544 2576 Sed
1580 2522 1711 2592 quid
1751 2523 1944 2577 attinet
1975 2525 2128 2592 plura
2164 2523 2368 2588 dicere,
2422 2539 2545 2577 cum
2581 2523 2863 2576 innumera
2908 2521 3174 2591 ejusmodi
3229 2520 3432 2590 scripta
3462 2518 3688 2590 quidem

423 2612 546 2654 esse
575 2611 830 2674 tanquam
868 2621 1019 2679 gesta
1050 2611 1280 2678 fuerint;
1317 2630 1421 2668 non
1451 2625 1599 2687 gesta
1649 2632 1776 2671 vero
1803 2627 1866 2670 ut
1901 2617 2077 2672 littera
2110 2625 2289 2681 sonat,
2337 2616 2536 2680 uuivis,
2571 2617 2732 2670 modo
2767 2632 2872 2671 non
2907 2616 3064 2686 plane
3090 2614 3258 2685 stipes
3287 2612 3380 2681 sit,
3427 2611 3690 2681 colligere

421 2699 616 2766 possit.
638 2716 658 2750 ι

421 2835 454 2908 §
509 2835 686 2915 V.__In_
715 2839 889 2895 littera
934 2853 982 2896 et
1011 2844 1249 2898 historiis
1292 2845 1605 2914 evangelici:
1633 2846 1870 2899 admittit
1901 2846 2150 2915 Origenes
2189 2842 2485 2907 mendacia,
2509 2851 2556 2894 et
2586 2843 2634 2915 ei
2672 2841 2984 2896 videbantur
3015 2842 3348 2911 evangelista:
3378 2842 3520 2913 facta
3547 2858 3692 2915 non-

493 2909 641 3031 null‘a
669 2910 783 2964 loco
827 2930 933 2967 non
961 2932 1059 2968 suo
1094 2932 1338 2969 narrasse
1371 2909 1841 2986 et'iitterpolasse;
1876 2909 2187 2970 alia'autem
2221 2924 2274 2967 ut
2303 2925 2446 2984 gesta
2476 2911 2735 2979 retulisse,
2770 2928 2890 2981 qua:
2926 2923 3100 2966 tanien
3149 2909 3414 2982 nunquam
3451 2914 3696 2983 contige-

493 2993 592 3032 ruu
624 3015 642 3032 .

500 3109 519 3142 ι
546 3089 626 3144 Ad
662 3089 1110 3161 approbationem
1149 3092 1340 3148 borum
1379 3092 1583 3163 (inquit
1631 3091 1819 3147 homil.
1845 3091 1878 3146 6
1915 3091 1966 3145 in
2002 3090 2218 3161 Isaiam)
2253 3102 2309 3147 et
2352 3093 2580 3148 alterius
2626 3093 2815 3163 scripti
2864 3093 2933 3148 de
2971 3092 3262 3164 Evangelia
3314 3095 3691 3150 testimonium

419 3180 785 3252 proferemus,
820 3185 961 3253 quod
989 3184 1145 3254 juxta
1176 3199 1273 3241 eos
1321 3187 1412 3256 qui
1466 3195 1674 3240 tantum
1711 3185 1949 3238 litteram
1993 3197 2320 3253 sequuntur,
2358 3187 2699 3241 mendacium
2733 3195 2836 3242 est.
2893 3185 3032 3240 Dicit
3061 3185 3316 3240 Salvator
3339 3194 3394 3240 et
3423 3185 3693 3239 Dominus

421 3288 611 3335 noster
639 3281 703 3332 ad
733 3279 1028 3349 discipulos
1063 3279 1113 3333 itt
1152 3279 1444 3350 Evangelia
1474 3278 1778 3335 secundum
1815 3279 2086 3335 Joannem
2117 3297 2132 3334 :
2160 3281 2223 3335 Si
2272 3280 2630 3346 credideritis,
2662 3297 2764 3333 non
2795 3281 2964 3334 solun:
2985 3296 3102 3351 qua:
3132 3295 3223 3349 ego
3255 3278 3419 3348 facio,
3447 3277 3692 3347 facietis,

421 3372 512 3425 sed
539 3381 586 3425 et
618 3372 824 3444 majora
870 3374 1056 3426 horum
1089 3371 1297 3440 facietis
1318 3375 1384 3428 ".
1427 3372 1718 3427 Videamus
1747 3387 1878 3443 ergo
1913 3373 1957 3427 si
2005 3372 2210 3442 majora
2243 3373 2423 3442 aliqua
2453 3373 2686 3428 fecerint
2717 3373 2990 3442 discipuli.
3026 3373 3164 3438 Quid
3200 3373 3372 3440 majus
3400 3379 3484 3424 est
3515 3384 3690 3438 quam

420 3475 694 3519 mortuum
726 3466 1028 3521 suscitare?
1054 3464 1206 3533 Quis,
1238 3480 1342 3519 non
1374 3466 1496 3520 dico
1526 3474 1791 3530 nostrum,
1830 3466 1923 3520 sed
1959 3466 2355 3534 apostolorum,
2394 3473 2666 3520 mortumu
2703 3465 3028 3518 suscitavit?
3075 3464 3263 3518 Refert
3295 3463 3520 3518 historia
3551 3463 3690 3532 quia

419 3554 620 3611 Paulus
649 3556 951 3632 Eutychum
989 3558 1336 3612 resuscitavit
1375 3572 1403 3611 a
1437 3560 1688 3624 mortuis,
1727 3553 1781 3614 εἰ
1815 3557 2012 3613 Petrus
2047 3557 2323 3622 'l‘abitam,
2370 3573 2491 3626 qua:
2527 3557 2924 3626 interpretatur
2970 3559 3192 3612 Dorcas.
3253 3559 3361 3612 Ista
3413 3565 3595 3610 autem
3632 3568 3694 3614 et

420 3648 523 3704 alia
553 3649 864 3720 lmjusmodi
897 3651 1127 3706 inveniri
1156 3661 1405 3721 possunt.
1451 3650 1553 3707 Ubi
1588 3661 1713 3706 sunt
1745 3653 1990 3723 majora?
2039 3650 2144 3707 Sed
2175 3661 2230 3706 et
2267 3667 2440 3708 caecos
2477 3651 2730 3705 Salvator
2769 3650 2895 3706 fecit
2928 3665 3150 3706 rursum
3181 3650 3387 3714 videre,
3424 3657 3500 3713 et,
3534 3650 3690 3718 quod

419 3746 596 3814 majus
629 3757 734 3812 est,
766 3763 860 3804 eos
895 3748 984 3816 qui
1020 3748 1098 3802 sic
1130 3748 1242 3802 nati
1279 3749 1518 3803 fuerunt.
1577 3749 1884 3804 Exhibeant
1919 3764 2056 3817 quos
2086 3762 2262 3802 cmcos
2293 3750 2360 3802 ab
2388 3759 2546 3802 utero
2575 3748 2824 3800 manibus
2865 3746 3232 3816 apostolorum
3267 3753 3488 3800 curatos
3514 3758 3689 3813 aspe-

420 3839 622 3894 xerint.
664 3839 731 3894 Et
765 3840 869 3894 alia
906 3840 1118 3894 inﬁnita
1157 3847 1336 3907 potest
1363 3840 1430 3894 de
1464 3840 1761 3908 Evangelio
1789 3840 2035 3894 invenire
2070 3841 2161 3908 qui
2191 3840 2404 3908 quaerit,
2453 3837 2578 3907 quia
2610 3853 2785 3906 neque
2813 3837 3039 3907 apostoli
3069 3837 3152 3892 his
3184 3838 3388 3907 majora
3426 3836 3691 3899 fecerint,

416 3943 596 3997 neque
627 3945 813 3984 eorum
845 3944 1211 3984 successores.
1256 3928 1455 3983 Verum
1488 3943 1667 3983 sermo
1696 3929 1991 3998 Scriptura:
2019 3930 2132 3984 tale
2165 3931 2422 4000 quiddam
2457 3929 2668 3983 locutus
2691 3938 2774 3983 est
2805 3946 2819 3982 :
2853 3928 2945 3982 llis
2978 3944 3098 3998 quae
3131 3943 3231 3998 ego
3262 3929 3388 3994 feci,
3419 3942 3696 3995 corpora-

415 4021 560 4076 .ihus
597 4035 689 4075 vos
723 4019 925 4087 majora
976 4018 1213 4073 facietis.
1271 4019 1379 4089 Ego
1409 4019 1510 4073 feci
1563 4033 1848 4088 resurgere
1881 4033 1950 4073 ex
1983 4020 2209 4074 mortuis
2238 4019 2620 4089 corporaliter,
2677 4033 2772 4072 vos
2806 4032 3090 4088 resurgere
3119 4017 3328 4073 facietis
3354 4033 3421 4072 ex
3448 4020 3695 4075 mortuis

415 4110 752 4182 spiritaliter.
797 4109 908 4180 Ego
943 4111 1102 4164 caecis
1135 4110 1391 4164 sensibile
1436 4110 1537 4164 hoc
1599 4109 1779 4164 lumen
1833 4109 2002 4163 iufudi
2040 4126 2177 4167 :vos
2203 4109 2498 4179 spiritalem
2529 4109 2703 4164 lucem
2752 4124 2859 4163 non
2887 4110 3194 4164 videntibus
3224 4110 3444 4165 dabitis.
3491 4109 3693 4183 Usque

417 4209 486 4262 ad
520 4206 662 4262 hanc
689 4214 870 4261 autem
905 4206 1047 4261 diem
1084 4207 1198 4260 haec
1235 4204 1439 4271 majora
1488 4204 1642 4273 signa
1673 4203 2050 4274 corporalibus
2083 4220 2204 4275 qua:
2233 4205 2362 4259 fecit
2387 4203 2567 4269 Jesus,
2613 4219 2714 4274 ego
2745 4204 2901 4258 video
2933 4204 3048 4258 ﬁeri
3081 4218 3177 4273 per
3207 4204 3556 4260 fidelissimos
3597 4208 3696 4262 di-

415 4299 655 4369 scipulos
684 4299 835 4355 Jesu.
860 4319 878 4352 ι
949 4299 1119 4355 Tomo
1154 4300 1440 4354 undecimo
1475 4300 1526 4354 in
1557 4299 1821 4356 Joannem
1885 4300 2097 4355 dubitat
2137 4315 2205 4354 an
2256 4315 2444 4354 revera
2477 4299 2726 4354 Christus
2773 4299 3073 4354 vendentes
3107 4315 3137 4354 e
3172 4299 3372 4370 templo
3408 4301 3692 4371 ejecerit:

421 4410 442 4446 ι
465 4391 521 4448 Si
552 4400 753 4457 tamen,
784 4391 980 4460 inquit,
1014 4393 1127 4446 haec
1153 4392 1379 4446 historia
1413 4393 1662 4464 contigit.
1686 4411 1705 4445 ι
1743 4392 2030 4447 Dubitandi
2065 4407 2254 4447 ansam
2291 4392 2415 4446 inde
2446 4393 2631 4457 sumit,
2662 4395 2806 4460 quod
2835 4394 2979 4462 apud
3009 4391 3146 4447 alios
3171 4402 3283 4447 tres
3313 4395 3700 4460 evangelistas

415 4489 719 4558 ingressum
751 4485 875 4540 Jesu
916 4485 1118 4540 Christi
1151 4485 1201 4540 in
1230 4483 1527 4540 Jerusalem
1580 4487 1694 4541 haec
1728 4486 1959 4542 historia
1995 4486 2254 4555 excipiat,
2288 4502 2317 4538 a
2353 4485 2562 4540 Joanne
2589 4500 2718 4540 vero
2766 4485 3127 4553 conjungatur
3161 4486 3399 4554 ejusdem
3431 4487 3623 4540 itineri
3665 4505 3700 4544 ο

413 4581 634 4638 Galiltea
672 4582 726 4636 in
757 4579 1056 4636 Jerusalem
1093 4590 1213 4650 post
1255 4581 1576 4635 miraculum
1613 4583 1664 4635 in
1700 4583 1904 4651 nuptiis
1954 4589 2250 4652 patratum.
2310 4581 2366 4635 lu
2399 4581 2650 4635 confesso
2686 4596 2826 4635 nunc
2856 4589 2938 4634 est
2983 4582 3121 4648 apud
3155 4594 3344 4633 omnes
3377 4580 3458 4633 bis
3489 4596 3518 4633 ιι
3549 4579 3699 4636 Jesu

415 4677 718 4730 vendentes
747 4689 778 4730 e
831 4673 1032 4744 templo
1072 4674 1277 4743 cjectos
1329 4675 1518 4741 fuisse,
1576 4677 1650 4730 uti
1687 4677 1855 4746 liquet
1888 4691 1955 4732 ex
1986 4677 2168 4732 verbis
2199 4677 2663 4745 evangelistarmu
2713 4677 2857 4729 inter
2884 4689 2943 4729 se
2991 4673 3222 4729 collatis.
3274 4674 3451 4727 Aliter
3486 4681 3694 4730 tamen

417 4767 586 4820 sentit
613 4767 901 4837 Origenes,
937 4782 1034 4821 nec
1066 4769 1180 4822 ﬁeri
1215 4783 1373 4836 posse
1399 4770 1700 4832 existimat,
1730 4778 1790 4821 ut
1821 4769 2308 4823 contradictionem
2342 4768 2611 4835 ejusmodi
2641 4769 2908 4837 quispiam
2943 4777 3242 4832 removeat,
3295 4767 3534 4836 quandiu
3601 4769 3702 4822 hi-

415 4858 622 4912 storico
655 4859 837 4913 sensui
873 4861 1194 4916 adhaerebit.
1250 4859 1417 4930 Negat
1448 4863 1541 4916 ιιι).
1572 4877 1620 4915 tv
1655 4861 1730 4915 De
1759 4863 2060 4932 principiis,
2106 4878 2255 4916 num.
2283 4862 2371 4925 16,
2418 4860 2695 4916 Christum
2726 4878 2754 4914 a
2793 4861 3010 4916 diabolo
3046 4861 3368 4914 translatum
3407 4859 3586 4914 fuisse
3639 4862 3699 4913 in

413 4947 692 5004 excelsum
743 4962 1002 5015 montem,
1059 4952 1202 5006 unde
1252 4968 1358 5006 uno
1389 4962 1661 5006 momento
1705 4955 1890 5008 omnia
1917 4954 2068 5010 orbis
2115 4963 2387 5009 terrarum
2421 4969 2585 5022 regna
2619 4955 2719 5008 sub
2747 4954 2933 5008 oculos
2968 4953 3084 5023 ejus
3120 4953 3437 5022 sultjecerit.
3479 4970 3496 5002 ι
3531 4952 3701 5007 Sex-

412 5049 570 5093 centa
598 5039 729 5106 alia,
765 5041 960 5112 inquit,
996 5044 1082 5098 bis
1113 5043 1309 5098 similia
1343 5044 1392 5097 in
1424 5044 1731 5117 Evangeliis
1758 5050 2050 5102 observare
2076 5047 2204 5102 licet
2235 5046 2497 5100 attentius
2529 5046 2728 5115 legenti
2767 5063 2780 5099 :
2818 5045 2959 5099 unde
2989 5044 3204 5113 colliget
3229 5046 3294 5099 iis
3320 5059 3440 5112 qua:
3473 5059 3703 5097 secun-

415 5135 544 5188 dum
590 5133 826 5190 litteram
860 5147 1010 5209 gesta
1065 5146 1213 5202 sunt,
1245 5139 1351 5192 alia
1392 5150 1602 5194 attexta
1653 5155 1774 5196 esse
1805 5157 1922 5210 qum
1973 5157 2080 5198 non
2127 5143 2490 5212 contigerunt.
2520 5159 2537 5192 ι
2596 5139 2791 5194 Durius
2833 5140 3013 5193 adhuc
3052 5139 3292 5208 loquitur
3322 5147 3376 5194 et
3408 5137 3698 5204 majorem

416 5222 696 5294 paradoxo
727 5241 824 5281 suo
857 5229 1268 5298 amplitudinem
1305 5228 1496 5284 tribuit
1548 5242 1676 5286 tom.
1712 5247 1741 5284 χ
1775 5233 1825 5285 in
1863 5231 2047 5298 Joan.,
2100 5249 2248 5287 num.
2275 5233 2331 5298 2,
2390 5232 2477 5286 ubi
2513 5233 2580 5286 de
2613 5245 2825 5285 recessu
2861 5230 2986 5285 Jesu
3035 5232 3087 5284 in
3117 5231 3391 5286 Galilaeam
3424 5233 3544 5286 hzcc
3579 5236 3700 5287 ad-

416 5323 606 5371 notat:
639 5333 656 5366 ι
686 5316 954 5374 Harumce
985 5334 1166 5374 rerum
1198 5321 1484 5376 veritatem
1513 5322 1674 5376 sitam
1725 5339 1846 5379 esse
1878 5339 2104 5380 necesse
2133 5333 2219 5378 est
2253 5325 2307 5378 in
2337 5339 2495 5380 sensu
2528 5321 2756 5392 spiritali
2783 5339 2798 5388 ;
2850 5333 2942 5376 aut
2970 5323 3014 5376 si
3047 5323 3387 5378 dissonantia
3419 5339 3524 5376 nou
3564 5325 3698 5378 sol-

413 5408 576 5474 vitur,
629 5411 990 5465 recedendum
1041 5421 1125 5466 est
1170 5429 1196 5466 a
1236 5414 1339 5468 lide
1383 5413 1821 5485 Evangeliorum,
1863 5429 2119 5488 tanquam
2156 5434 2276 5489 quae
2308 5433 2434 5473 vere
2470 5433 2574 5472 non
2623 5418 2731 5471 sint
2758 5417 2956 5484 scripta
3005 5431 3102 5484 per
3146 5414 3429 5484 Spiritum,
3489 5433 3702 5487 neque

411 5502 521 5555 sint
553 5500 845 5569 diviniora,
874 5520 1048 5574 neque
1075 5508 1282 5576 optimo
1314 5509 1506 5564 ordine
1538 5521 1924 5566 commentata.
1990 5512 2233 5584 Utroque
2259 5513 2406 5568 enim
2441 5511 2598 5565 modo
2641 5510 2839 5564 dicitur
2869 5508 3153 5576 Scriptura
3190 5508 3438 5563 ordinata
3473 5507 3698 5567 fuisse.

411 5594 511 5658 Qui
546 5595 690 5649 enim
743 5597 1014 5666 recipiunt
1059 5611 1297 5670 quatuor
1328 5602 1641 5674 Evangelia,
1694 5621 1793 5661 uec
1824 5608 2146 5662 existimant
2194 5614 2544 5676 apparentem
2577 5605 2980 5659 dissonantiam
3007 5618 3251 5674 auagoge
3278 5603 3524 5668 dissolvi,
3571 5605 3706 5658 sol-

412 5697 544 5740 vant
578 5688 864 5757 praedictas
895 5708 923 5745 a
960 5693 1116 5748 nobis
1147 5694 1512 5753 dubitationes
1557 5699 1623 5752 de
1673 5700 2035 5771 quadraginta
2085 5698 2278 5754 diebus
2314 5697 2654 5762 tentationis,
2688 5695 2780 5765 qui
2813 5695 3038 5749 minime
3066 5690 3261 5749 'locum
3309 5695 3511 5750 habere
3547 5711 3707 5764 pus-

412 5786 541 5831 sunt
575 5781 714 5848 apud
740 5778 1024 5841 Joannem.
1086 5785 1299 5854 Dicant,
1338 5791 1556 5860 quando
1600 5791 1765 5847 fuerit
1794 5791 1952 5854 Jesus
1985 5791 2315 5867 Capharnai.
2355 5789 2489 5846 Nam
2520 5790 2564 5845 si
2606 5798 2727 5864 post
2758 5802 2852 5844 sex
2885 5803 2912 5842 a
2947 5787 3216 5861 baptismo
3242 5803 3341 5844 suo
3388 5787 3533 5853 dies,
3575 5787 3704 5848 fuit

476 5955 526 5993 ⁸²
555 5956 710 6015 Juau.
753 5978 860 6028 tttv,
898 5965 981 6020 l2.
