3978 6504
382 461 446 516 at
1682 422 2056 501 ranarum
2094 441 2187 497 AD
2221 439 2384 496 TOM.
2414 438 2480 496 ll.
3572 431 3650 488 ea

387 576 718 648 C-apharnai,
749 590 873 632 cum
922 580 1074 631 sexta
1102 573 1190 627 die
1219 571 1418 626 factum
1453 570 1523 626 sit
1573 569 1625 624 in
1654 569 1859 638 nuptiis
1893 568 1945 620 in
1975 566 2121 622 Cana
2148 563 2380 619 Galilaite
2431 559 2770 619 miraculum.
2809 558 3152 629 perspicuum
3187 565 3291 622 est,
3322 570 3496 626 neque
3523 564 3644 609 ten-

391 680 561 728 tatum
593 671 785 733 fuisse,
819 683 995 739 neque
1043 667 1096 720 in
1131 663 1358 718 Nazaris
1390 662 1580 726 fuisse,
1616 676 1794 730 neque
1827 659 2093 715 Joannem
2127 655 2384 711 traditum
2417 653 2602 709 fuisse.
2627 671 2646 705 ι
2705 653 2764 706 Ει
2797 652 2954 720 paulo
2983 662 3106 722 post
3134 670 3146 705 :
3180 670 3198 704 ι
3222 649 3376 718 Quod
3405 649 3450 705 si
3476 649 3646 703 inter-

385 765 704 836 rogantibus
734 762 887 817 nobis
911 760 1128 830 quando
1159 759 1392 828 primum
1425 755 1524 810 fuit
1557 756 1608 810 in
1641 755 1962 824 Capharnao
1990 751 2264 813 Christus,
2298 749 2390 817 qui
2427 748 2713 803 lectionem
2745 744 2984 800 Matthaei
3037 745 3488 814 reliquorumque
3514 741 3653 797 duo-

385 835 508 915 ruin
564 865 890 927 sequuntur,
929 854 1135 919 dicent,
1183 860 1305 922 post
1343 850 1721 912 tentationem,
1769 847 1987 916 quando
2043 846 2232 902 relicta
2272 844 2540 900 Nazareth
2593 841 2866 913 profectus
2917 839 3183 894 habitavit
3213 838 3268 892 in
3302 835 3651 906 Capharnao,

387 967 510 1019 qua:
540 961 624 1006 est
672 950 864 1004 civitas
895 947 1167 1003 maritima
1196 962 1210 1011 ;
1259 944 1528 1014 quomodo
1577 939 1742 995 simul
1767 953 1955 994 verum
2005 953 2128 994 esse
2174 938 2360 992 dicent
2392 945 2446 990 et
2474 936 2602 990 illud
2633 935 2774 1004 quod
2809 937 2948 1004 apud
2981 932 3292 988 Matthreum
3325 939 3381 984 et
3409 928 3652 984 Marcum

386 1044 598 1104 dictum
630 1051 732 1112 est,
767 1042 952 1099 Jesum
982 1041 1276 1098 secessisse
1307 1041 1360 1093 in
1393 1036 1696 1098 Galilaeam,
1728 1045 1983 1104 tanquam
2024 1033 2116 1103 qui
2146 1031 2390 1086 audisset
2419 1029 2683 1086 Joannem
2720 1029 2978 1084 traditum
3011 1028 3207 1092 fuisse;
3239 1036 3290 1081 et
3320 1025 3473 1089 illud,
3508 1023 3653 1092 quod

386 1145 625 1214 positum
662 1148 746 1195 est
797 1139 941 1209 apud
990 1134 1282 1197 Joannem,
1334 1131 1574 1186 nondum
1627 1129 1798 1184 fuisse
1833 1127 2135 1195 Baptistatn
2171 1126 2480 1194 conjectum
2513 1125 2565 1178 in
2613 1139 2914 1192 carcerem,
2947 1122 3041 1178 sed
3071 1121 3352 1190 baptizare
3387 1120 3439 1173 in
3472 1116 3654 1172 [Enen

385 1211 536 1307 iuxta
564 1231 773 1288 Salim?
821 1229 873 1283 id
903 1226 1045 1298 quod
1078 1225 1300 1295 ponitttr
1330 1232 1452 1292 post
1482 1219 1826 1274 mansionem
1859 1218 2071 1273 Domini
2111 1218 2164 1272 in
2198 1217 2547 1287 Capharnao.
2595 1225 2648 1272 et
2671 1225 2792 1282 post
2820 1229 3109 1270 ascensum
3141 1211 3208 1266 ad
3237 1211 3656 1284 Jerosolymam»

392 1331 631 1398 indeque
665 1327 730 1381 ad
759 1323 998 1378 Judazam
1030 1320 1374 1381 descensum,
1429 1322 1484 1367 et
1514 1323 1636 1384 post
1669 1313 1870 1368 multas
1901 1312 2039 1366 alias
2072 1312 2190 1381 ejus
2219 1312 2484 1367 actiones.
2512 1309 2718 1366 oPorro
2735 1308 3109 1381 Evangelistas
3135 1307 3238 1363 hac
3270 1306 3382 1362 sola
3423 1321 3660 1363 excusa-

390 1429 542 1482 tione
571 1423 825 1492 dignatur
860 1417 1059 1472 ibidem
1086 1418 1337 1474 num.4:t
1366 1410 1480 1466 Non
1512 1409 1851 1480 reprehendo
1879 1416 2062 1464 autem
2093 1409 2241 1478 ipsos
2282 1407 2466 1476 aliquo
2497 1414 2656 1476 pacto
2685 1405 3089 1476 transposuisse
3121 1403 3189 1458 ad
3220 1402 3508 1457 utilitatem
3541 1414 3662 1473 my-

388 1519 544 1575 sticae
570 1508 1032 1571 considerationis
1075 1507 1268 1562 barum
1315 1519 1522 1566 rerum,
1571 1501 1646 1566 id,
1695 1501 1839 1570 quod
1869 1501 2154 1570 (quantum
2179 1501 2374 1556 attinet
2401 1501 2468 1554 ad
2513 1499 2820 1563 historiam)
2850 1499 2954 1556 alio
2980 1499 3138 1556 modo
3175 1500 3380 1553 factum
3441 1497 3658 1564 fuerat;
3724 1514 3729 1519 λ

390 1613 464 1666 ita
488 1608 712 1677 utquod
739 1621 846 1659 uno
871 1604 992 1658 loco
1015 1601 1218 1656 factum
1244 1599 1445 1662 fuerat,
1479 1606 1740 1666 tanquam
1775 1596 1828 1650 in
1853 1595 1960 1650 alio
1986 1606 2199 1666 gestum
2232 1596 2326 1662 sit,
2365 1605 2686 1661 narrarent;
2718 1605 2773 1650 et
2803 1596 2944 1666 quod
2972 1611 3079 1651 uno
3111 1604 3377 1664 tempore,
3407 1605 3663 1663 tanquam

391 1707 448 1762 in
477 1705 621 1771 alio;
656 1713 712 1757 et
746 1699 875 1756 illud
907 1698 1052 1768 quod
1083 1709 1190 1750 uno
1217 1694 1376 1748 modo
1413 1691 1823 1762 pronuntiatum
1847 1689 2046 1758 fuerat,
2071 1707 2194 1747 cum
2224 1691 2457 1761 quadam
2486 1692 2808 1746 alteratione
2832 1692 3120 1746 referrent.
3147 1691 3490 1762 Propositum
3519 1691 3664 1748 enim

396 1802 504 1858 illis
520 1810 639 1856 erat
663 1813 790 1851 vera
811 1809 1036 1850 narrare
1055 1802 1110 1847 et
1134 1789 1494 1860 spiritualiter
1509 1796 1564 1842 et
1598 1786 1988 1856 corporaliter,
2011 1787 2102 1842 ubi
2129 1787 2351 1854 liceret;
2385 1787 2475 1842 ubi
2501 1795 2681 1841 autem
2704 1803 2812 1842 non
2843 1787 3190 1858 contingebat
3214 1799 3526 1857 utrumque.
3551 1802 3664 1842 rem

397 1892 654 1961 praeferre
683 1888 1013 1959 spiritualem
1037 1882 1113 1938 rei
1134 1896 1426 1950 corporeae,
1446 1886 1656 1936 servata
1679 1891 1821 1944 saepe
1843 1875 2071 1930 veritate
2094 1875 2355 1944 spirituali
2377 1876 2430 1930 in
2456 1879 2718 1946 corporali
2745 1880 2825 1950 (ut
2849 1880 3041 1950 aliquis
3069 1882 3292 1955 diceret)
3318 1884 3654 1942 mendacio.)

1467 1979 1493 2050 §
1531 1979 1617 2033 Vl.
1659 1980 1734 2033 De
1768 1980 2041 2048 praeceptis
2079 1978 2215 2033 Novi
2254 1980 2567 2034 Testamcnti

459 2073 581 2128 Lib.
607 2083 658 2129 tv
694 2073 770 2128 De
805 2070 1102 2140 principiis,
1134 2086 1289 2130 num.
1319 2072 1411 2138 l8,
1457 2074 1792 2144 probaturus
1817 2071 2027 2142 aliquot
2054 2087 2178 2129 esse
2208 2073 2342 2128 Novi
2372 2075 2710 2131 Testamenti
2759 2085 3020 2147 praecepta
3049 2089 3077 2128 a
3106 2074 3303 2144 quibus
3328 2075 3505 2129 omnis
3535 2090 3661 2129 sen-

385 2183 481 2223 sus
511 2166 806 2221 historicus
839 2166 910 2218 ita
946 2164 1278 2230 excluditur,
1305 2176 1361 2220 ut
1391 2168 1502 2222 sola
1540 2168 1593 2222 in
1633 2167 1740 2220 illis
1773 2166 2135 2238 intelligentia
2170 2168 2434 2238 spiritalis
2465 2171 2758 2239 quaerenda
2794 2171 2889 2234 sit,
2943 2170 3022 2225 sic
3052 2169 3309 2224 disserit:
3343 2167 3498 2222 tJatn
3533 2183 3662 2223 vero

383 2264 430 2318 si
469 2265 534 2316 ad
567 2260 912 2329 Evangelium
949 2258 1233 2314 veniamus
1267 2269 1318 2313 et
1349 2261 1549 2313 similia
1585 2262 1953 2332 requiramus,
1983 2265 2112 2332 quid
2147 2280 2176 2317 a
2218 2264 2432 2320 ratione
2467 2266 2636 2336 magis
2673 2266 2933 2330 alienum,
2976 2281 3140 2334 quam
3172 2265 3356 2319 istud:
3384 2262 3663 2319 Neminem

381 2371 477 2423 per
524 2354 660 2406 viam
695 2352 1056 2406 salutat-eritis
1080 2351 1150 2415 “,
1180 2352 1322 2422 quod
1353 2352 1609 2422 apostolis
1638 2356 1963 2425 praecepisse
1991 2355 2336 2413 Salvatorem
2386 2359 2748 2428 simpliciores
2778 2359 3132 2414 existimant?
3180 2358 3241 2412 Et
3281 2373 3406 2412 cum
3440 2359 3663 2412 dextera

387 2451 608 2504 maxilla
647 2449 856 2518 percuti
893 2449 1113 2513 dicitur,
1149 2464 1236 2504 res
1261 2459 1348 2504 est
1376 2465 1403 2501 a
1443 2450 1729 2505 verisimili
1765 2467 1990 2521 prorsus
2019 2453 2344 2520 abhorrens,
2379 2471 2500 2509 eum
2533 2456 2712 2509 omnis
2743 2455 2833 2524 qui
2863 2455 3124 2525 percutit,
3160 2454 3260 2508 nisi
3299 2463 3487 2508 natura
3519 2469 3668 2507 man-

385 2560 484 2599 cus
517 2543 708 2605 fuerit,
747 2543 970 2597 dextera
1008 2558 1167 2596 manu
1206 2543 1491 2598 sinistram
1527 2545 1796 2598 maxillam
1841 2545 2021 2603 feriat.
2070 2546 2254 2616 Neque
2280 2559 2459 2617 potest
2489 2564 2553 2603 ex
2587 2549 2882 2618 Evangelio
2912 2547 3115 2617 percipi
3143 2561 3252 2616 quo
3277 2555 3437 2616 pacto
3475 2547 3666 2601 dexter

383 2640 578 2695 oculus
604 2637 890 2693 offensioni
921 2639 1010 2692 sit.
1075 2639 1144 2694 Ut
1179 2641 1323 2694 enim
1355 2641 1719 2696 concedamus
1753 2657 1915 2712 posse
1943 2644 2254 2712 quempiam
2284 2645 2522 2700 videndo
2570 2645 2954 2707 scandalizari,
2991 2659 3088 2698 cur
3131 2658 3253 2698 cum
3283 2644 3388 2697 duo
3414 2641 3554 2696 oculi
3585 2644 3667 2694 vi-

384 2733 570 2796 deant,
603 2736 810 2787 crimen
847 2733 898 2786 in
946 2733 1196 2787 dextrum
1244 2733 1679 2790 transferendum
1710 2737 1833 2792 est?
1869 2737 2001 2804 Quis
2027 2740 2193 2794 etiam
2229 2741 2548 2810 sibimetipsi
2594 2739 2838 2795 infensus
2869 2739 3012 2808 quod
3040 2739 3242 2793 viderit
3283 2737 3568 2792 mulierem
3597 2735 3666 2791 ad

384 2829 882 2897 concupiscendum
915 2845 1058 2893 eam,
1093 2845 1315 2885 causam
1353 2846 1610 2902 regereris
1637 2833 1690 2886 in
1719 2849 1884 2887 unmn
1915 2834 2170 2890 dextrum
2201 2837 2438 2902 oculum,
2473 2837 2670 2891 merito
2700 2836 2843 2892 hunc
2867 2837 3042 2905 ipsum
3068 2833 3369 2903 abiecerit?
3396 2833 3664 2888 Praeterea

382 2923 678 2990 Apostolus
714 2925 960 2992 praecipit
1007 2925 1195 2980 dicens
1245 2945 1258 2978 :
1294 2928 1650 2981 Circumcisus
1678 2928 1872 2999 aliquis
1904 2939 2122 2984 vocatus
2147 2931 2270 2985 est?
2315 2948 2421 2984 non
2454 2933 2684 2985 adducat
2715 2931 3035 3000 praeputium
3060 2930 3128 2984 “.
3170 2929 3410 2984 Primum
3437 2927 3670 2999 quilibet

384 3013 504 3070 haec
539 3017 637 3071 abs
669 3032 726 3070 re
755 3028 1064 3088 praeterque
1093 3019 1433 3088 propositum
1464 3021 1650 3076 dicere
1678 3021 1998 3091 Apostolum
2027 3024 2251 3080 videbit.
2315 3023 2450 3078 Nam
2485 3023 2758 3094 quomodo
2785 3025 2852 3079 de
2882 3024 3085 3092 nuptiis
3115 3032 3164 3077 et
3194 3022 3445 3077 castitate
3475 3017 3671 3089 μηροῖσ-

386 3112 543 3178 piens
574 3127 679 3166 non
729 3114 978 3168 videatur
1013 3115 1126 3168 haec
1163 3125 1368 3169 temere
1421 3116 1850 3184 interposuisse?
1888 3118 2094 3174 Deinde
2125 3119 2248 3189 quis
2284 3135 2516 3190 peccare
2548 3119 2698 3173 illum
2731 3120 2954 3185 dixerit,
3007 3119 3098 3188 qui
3129 3117 3364 3171 vitandae
3391 3113 3668 3170 obscoeni-

385 3211 519 3262 tatis
547 3222 905 3282 causa,qiiam
943 3205 1137 3275 vulgus
1167 3207 1576 3262 circumcisioni
1625 3209 1811 3265 inesse
1842 3219 2018 3279 putat,
2060 3226 2343 3276 revocare,
2376 3211 2421 3266 si
2453 3211 2567 3266 fleri
2597 3220 2800 3280 potest.
2836 3211 3157 3281 praeputium
3193 3217 3424 3266 conatus
3456 3207 3661 3263 fuerit?

385 3302 516 3356 llaec
565 3302 747 3355 omnia
796 3314 824 3351 a
856 3299 1015 3354 nobis
1065 3299 1207 3354 dicta
1242 3307 1393 3363 sunt,
1451 3307 1509 3353 ut
1557 3301 1913 3356 ostendamus
1963 3317 2066 3356 non
2101 3317 2164 3358 ea
2197 3304 2309 3358 sola
2360 3317 2482 3372 qua:
2508 3303 2686 3357 littera
2727 3303 2968 3368 exhibet,
3021 3302 3358 3371 propositum
3396 3298 3566 3355 fuisse
3613 3301 3665 3356 el

387 3411 514 3464 qua:
544 3411 727 3450 sacras
753 3394 908 3448 nobis
957 3394 1166 3448 litteras
1211 3393 1381 3457 dedit,
1415 3392 1612 3447 divinas
1639 3395 1826 3448 virtuti
1860 3395 2176 3466 explicare:
2221 3397 2424 3469 quippe
2469 3412 2588 3468 quae
2628 3397 2897 3452 interdum
2955 3395 3249 3450 secundum
3283 3393 3521 3447 litteram
3566 3393 3669 3446 mi~

386 3492 543 3545 nime
595 3505 717 3544 vera
749 3490 880 3552 sint,
920 3489 1016 3544 sed
1067 3498 1122 3541 et
1151 3488 1387 3543 absurda
1424 3497 1481 3541 et
1512 3487 1910 3556 impossibilia;
1949 3501 2061 3546 tum
2112 3502 2318 3548 atlexta
2351 3509 2473 3550 esse
2499 3491 2756 3550 nonnulla
2802 3507 2983 3547 rerum
3023 3502 3298 3562 gestarum
3331 3489 3580 3545 historia:
3612 3496 3668 3542 et

383 3580 458 3634 iis
494 3579 702 3648 legibus
730 3594 848 3647 qua:
880 3578 1176 3633 secundum
1214 3577 1452 3630 litteram
1489 3577 1640 3630 utilia
1679 3580 2022 3648 praecipiunt.
2059 3602 2076 3633 ι

387 3697 416 3768 §
452 3697 558 3751 VII.
602 3697 884 3750 Duriorem
929 3697 1066 3768 hanc
1099 3696 1395 3768 doctrinam
1427 3695 1707 3768 paululum
1736 3696 1961 3768 emollit,
1988 3713 2163 3768 seque
2203 3696 2453 3768 adversus
2497 3712 2585 3749 eos
2617 3695 2853 3768 defendit
2886 3695 2977 3768 qui
3006 3694 3196 3768 ipsum
3241 3689 3566 3768 pessumdati
3605 3689 3667 3768 in

461 3768 754 3835 Scripturis
791 3783 970 3819 sensus
1019 3767 1260 3819 litterulis
1289 3759 1510 3820 crimine
1569 3767 1912 3820 accusabant.
1949 3759 2193 3821 'Sett'sum
2226 3765 2501 3820 litteralem
2537 3768 2592 3818 in
2630 3759 2862 3819 maxima
2897 3759 3190 3827 Scriptura!
3217 3759 3364 3830 parte
3406 3759 3664 3823 admittit,

459 3841 549 3891 sed
591 3839 782 3905 ubique
812 3838 960 3890 illum
997 3853 1102 3890 non
1127 3837 1382 3903 agnoscit.

464 3973 482 4006 ι
510 3955 586 4010 Ne
613 3956 740 4024 quis
772 3969 899 4008 vero
929 3953 1132 4022 (inquit
1163 3952 1263 4007 lib.
1294 3969 1347 4006 tv
1377 3951 1452 4006 De
1475 3953 1774 4022 principiis,
1815 3966 1964 4004 num.
1998 3951 2087 4022 l9)
2124 3964 2223 4004 nos
2257 3951 2566 4019 suspicetur
2597 3949 2648 4002 in
2699 3948 2957 4003 omnibus
3009 3949 3062 4004 id
3094 3949 3300 4015 dicere,
3346 3949 3546 4004 nullam
3578 3951 3665 4006 bi-

381 4051 616 4107 storiam
653 4050 970 4118 contigisse,
1006 4050 1259 4118 quoniam
1289 4047 1470 4116 aliqua
1511 4065 1616 4101 non
1649 4048 1912 4118 contigit,
1977 4056 2030 4100 et
2060 4045 2262 4099 nullam
2293 4044 2465 4114 legem
2495 4045 2561 4099 ad
2608 4045 2846 4099 litteram
2879 4059 3000 4099 esse
3026 4045 3378 4111 servandam,
3408 4047 3664 4115 quoniam

382 4145 570 4213 aliqua
596 4142 896 4198 secundum
945 4142 1184 4196 litteram
1217 4149 1312 4193 aut
1341 4142 1578 4195 absurda
1633 4151 1728 4194 aut
1764 4139 2124 4208 impossibilia
2156 4138 2434 4207 pratcipit;
2492 4137 2572 4192 vel
2606 4152 2726 4206 quae
2755 4138 2820 4192 de
2849 4137 3135 4192 Salvatore
3166 4138 3368 4209 scripta
3399 4148 3552 4206 sunt,
3579 4153 3668 4194 se-

380 4238 626 4294 cundum
674 4237 963 4292 litteralem
992 4250 1216 4290 sensum
1265 4252 1371 4290 non
1407 4251 1526 4291 esse
1557 4251 1718 4290 vera:
1766 4245 1862 4288 aut
1897 4234 2098 4287 nullam
2135 4233 2306 4302 ipsius
2336 4233 2506 4300 legem
2540 4241 2595 4286 et
2627 4241 2954 4300 prteceptum
2983 4232 3192 4286 servari
3224 4241 3500 4302 oportere,
3528 4233 3665 4287 dici-

381 4347 508 4387 mus
559 4330 848 4385 manifeste
887 4330 939 4382 in
969 4329 1290 4399 quibusdam
1324 4331 1562 4383 historia:
1599 4329 1884 4382 veritatem
1919 4328 2077 4381 nobis
2104 4341 2368 4396 apparere
2412 4343 2424 4379 :
2465 4324 2615 4378 verbi
2654 4324 2852 4394 gratia,
2883 4323 3182 4388 Abraham,
3225 4323 3378 4378 Isaac
3407 4333 3462 4379 et
3492 4323 3668 4382 Jacob

382 4439 510 4477 cum
544 4439 652 4476 una
683 4439 777 4476 sua
809 4437 1249 4490 unumquemque
1280 4436 1452 4475 uxore
1483 4423 1537 4474 in
1569 4421 1768 4489 duplici
1802 4419 2056 4488 spelunca
2093 4417 2334 4486 sepultos
2362 4432 2486 4472 esse
2537 4417 2588 4468 iu
2627 4416 2900 4481 llebrom;
2937 4415 3156 4470 Sichem
3184 4413 3423 4483 Joscpho
3457 4417 3510 4470 in
3540 4431 3669 4486 por-

383 4518 588 4571 tionem
621 4532 742 4571 esse
773 4518 1126 4579 attributam;
1164 4515 1462 4571 Jerusalem
1504 4515 1850 4584 metropolim
1885 4529 2006 4569 esse
2036 4512 2256 4576 Judzeae,
2287 4513 2338 4568 in
2383 4529 2486 4581 qua
2521 4527 2550 4564 a
2580 4511 2872 4566 Salomone
2917 4511 3241 4566 aedificatum
3275 4512 3379 4566 fuit
3408 4514 3666 4583 templum

379 4611 504 4676 Dei,
547 4623 602 4665 et
651 4612 754 4666 alia
812 4623 1092 4666 sexcenta.
1153 4610 1320 4665 Multo
1365 4612 1510 4666 enim
1560 4613 1708 4679 plura
1763 4619 1890 4664 sunt
1940 4611 2236 4663 secundum
2291 4609 2576 4664 historiam
2613 4623 2766 4672 vera,
2805 4623 2968 4675 quam
3007 4623 3129 4676 qua:
3165 4622 3312 4662 mere
3357 4609 3664 4678 spiritualia

380 4709 495 4763 illis
527 4718 736 4763 altexta
771 4717 921 4762 sunt.
974 4709 1206 4762 Rursum
1257 4707 1379 4776 quis
1421 4707 1638 4760 inficias
1689 4707 1812 4759 icrit
1847 4705 2160 4759 mandatum
2211 4704 2314 4758 hoc
2356 4719 2369 4756 :
2419 4702 2639 4758 Honora
2677 4712 2874 4768 patrem
2907 4710 3054 4754 tuum
3086 4711 3134 4756 et
3162 4711 3380 4757 matrem
3406 4713 3575 4768 tuam,
3604 4715 3662 4758 ut

378 4805 510 4858 bene
546 4805 614 4858 sit
643 4806 734 4857 tibi
759 4805 830 4868 ³⁸,
859 4806 1023 4858 etiam
1055 4805 1171 4856 sine
1199 4803 1391 4857 altiore
1424 4802 1777 4870 intelligentia
1807 4801 1940 4855 utile
1967 4816 2086 4855 esse
2114 4815 2178 4854 ac
2215 4799 2563 4865 servandum,
2604 4799 2842 4853 maxime
2867 4812 2989 4851 cum
3020 4797 3221 4853 Paulus
3250 4797 3444 4852 iisdem
3475 4798 3660 4852 verbis

376 4900 512 4953 illud
549 4899 992 4953 commendarit?
1031 4898 1169 4965 Quid
1199 4899 1396 4952 attinet
1427 4899 1615 4952 dicere
1644 4899 1709 4952 de
1739 4899 1952 4952 steteris
1979 4910 1994 4948 :
2025 4894 2148 4952 Non
2177 4895 2538 4958 ntazcltttberis,
2583 4910 2686 4947 non
2717 4893 2944 4958 occides,
2981 4909 3084 4948 non
3113 4891 3316 4961 furtum
3347 4891 3532 4960 facies,
3563 4907 3667 4946 non

374 4996 521 5048 dices
560 4995 756 5062 falsum
791 4995 1145 5048 testimonium
1177 4994 1263 5047 3“?
1309 4995 1520 5048 Rursus
1552 4995 1605 5048 in
1641 4992 1929 5063 Evangelio
1958 4993 2211 5046 mandata
2243 4991 2490 5056 quaedam
2527 4991 2732 5058 scripta
2763 4998 2913 5050 sunt,
2942 4988 3009 5042 de
3041 4986 3240 5056 quibus
3268 5001 3374 5040 non
3403 4985 3664 5054 quaeritur

373 5095 564 5149 sintne
612 5093 678 5146 ad
713 5093 946 5146 litteram
996 5094 1266 5146 servanda
1311 5107 1485 5146 necne
1526 5109 1540 5144 :
1585 5090 1886 5160 cuiusmodi
1927 5089 2055 5142 illud
2087 5098 2172 5142 est
2200 5107 2211 5142 :
2240 5084 2352 5156 Ego
2401 5086 2522 5140 dico
2558 5086 2722 5149 vobis,
2768 5085 3068 5153 quicunque
3097 5083 3266 5136 iratus
3302 5080 3464 5152 fuerit
3507 5081 3667 5148 fratri

373 5204 482 5244 suo
505 5190 574 5254 ⁸⁷,
607 5197 663 5242 et
691 5205 815 5258 quae
847 5197 1172 5256 sequuntur.
1216 5189 1282 5242 Et
1309 5208 1321 5242 :
1348 5186 1463 5258 Ego
1508 5188 1625 5242 dico
1655 5187 1797 5241 vobis
1829 5202 1935 5240 non
1959 5185 2148 5255 jurare
2176 5183 2387 5239 omnino
2412 5181 2480 5236 ³⁸.
2537 5180 2603 5236 Ει
2645 5179 3060 5234 custodiendum
3097 5186 3180 5231 est
3215 5176 3350 5230 illud
3378 5161 3663 5244 Apostoli:

373 5287 649 5354 Corripite
677 5287 959 5356 inquietos,
1001 5287 1353 5342 consolamini
1385 5285 1772 5354 pusillanimes,
1801 5285 2051 5352 suscipite
2078 5280 2344 5350 inﬁrmos,
2371 5280 2630 5347 patientes
2659 5285 2822 5331 estote
2867 5277 2936 5328 ad
2985 5289 3164 5329 omnes
3188 5274 3265 5338 ὀς
3311 5269 3525 5326 tametsi
3569 5268 3664 5340 qui

373 5395 472 5435 res
503 5379 669 5433 altius
705 5390 1041 5444 scrutantur,
1070 5394 1400 5449 componere
1430 5379 1641 5447 possint
1675 5377 2020 5436 altitudinem
2049 5373 2331 5444 sapientize
2364 5373 2455 5427 Dei
2507 5386 2627 5424 cum
2661 5368 2885 5422 litterali
2930 5367 3312 5422 mandatorum
3343 5376 3528 5418 sensu.
3559 5359 3665 5414 Ve-

371 5486 689 5532 rumtamen
722 5477 813 5547 qui
845 5476 1105 5530 attentius
1134 5475 1348 5545 legerit,
1401 5476 1456 5530 in
1491 5474 1765 5530 nonnullis
1794 5472 2052 5542 ambiget,
2089 5485 2188 5525 nec
2218 5469 2336 5525 sine
2368 5467 2537 5524 multo
2568 5466 2823 5522 examine
2850 5461 3209 5534 pronuntiare
3246 5455 3451 5526 poterit
3482 5464 3665 5508 utrum

375 5571 502 5625 lucc
533 5585 654 5639 qua:
688 5579 909 5640 putatur
936 5571 1188 5634 historia,
1225 5572 1521 5626 secundum
1551 5570 1788 5625 litteram
1821 5568 2089 5625 acciderit
2116 5581 2309 5630 necne,
2343 5574 2398 5620 et
2446 5564 2679 5634 huiusne
2715 5561 2849 5630 legis
2876 5558 3048 5615 verba
3101 5552 3366 5611 servanda
3416 5552 3551 5614 sint,
3594 5561 3666 5603 an

372 5676 565 5716 secus.
607 5662 974 5730 Quamobrem
1008 5679 1233 5720 necesse
1263 5674 1347 5720 est
1391 5675 1450 5720 ut
1475 5675 1766 5720 accuratus
1802 5663 1972 5720 lector
2000 5670 2224 5721 servato
2251 5661 2357 5717 hoc
2384 5658 2695 5714 Salvatoris
2726 5662 3026 5728 praecepto,
3063 5647 3382 5706 scrutamini
3422 5644 3667 5713 Scripta:

457 5805 650 5863 "Luc.
690 5825 746 5872 χ,
781 5809 835 5863 4.
914 5811 962 5842 ’δ
1000 5808 1022 5863 l
1053 5811 1180 5868 Cor.
1215 5827 1311 5877 vn,
1349 5813 1434 5870 18.
1470 5814 1516 5845 ’³
1612 5813 1785 5869 Exod.
1825 5828 1916 5880 xx,
1952 5812 2020 5866 12

2164 5814 2170 5840 λ
2207 5808 2367 5876 lbid.,
2407 5806 2474 5862 i3
2499 5817 2553 5863 et
2579 5820 2732 5875 seqq.
2831 5801 2877 5834 "
2923 5798 3117 5855 Matth.
3155 5810 3212 5865 v,
3247 5793 3348 5869 22.
3423 5791 3470 5826 ⁸⁸
3502 5788 3664 5859 lbid.,

377 5878 478 5934 ω.
553 5881 596 5910 ¹⁹
649 5880 664 5933 l
719 5879 913 5936 Thess.
949 5898 1002 5948 ν,
1043 5883 1130 5938 Η.
