3978 6512
377 424 453 477 es
1661 428 2030 486 PRAEFATIO
2074 411 2169 484 ,111
2203 430 2366 488 1011.
2402 433 2468 489 11.
3563 445 3632 500 si

381 559 468 596 ras
494 544 560 604 ³ο,
593 541 935 610 quamlonam
962 556 1147 596 verum
1180 541 1250 596 sit
1279 543 1420 611 qttod
1451 541 1629 598 littera
1663 554 1840 608 sonat,
1874 547 2217 612 quandOuam
2251 548 2321 601 sit
2350 547 2706 617 impossibile,
2745 550 3030 620 diligenter
3057 554 3328 622 exploret,
3378 565 3429 610 et
3461 573 3525 612 ex
3555 563 3630 612 si-

381 635 589 689 milium
622 649 811 688 vocum
865 635 1272 704 comparatione
1320 633 1572 688 dilfusum
1606 636 1807 703 ubique
1841 653 1936 704 per
1967 635 2284 706 Scripturas
2331 657 2548 694 sensum
2585 641 2700 710 ejus
2747 643 2890 712 quod
2945 647 3239 699 secundum
3284 647 3515 702 litteram
3549 663 3631 708 est

384 730 738 799 impossibile,
786 746 883 799 pro
917 730 1122 784 viribus
1155 731 1458 800 investiget.
1487 750 1505 783 1
1549 730 1684 784 lluic
1736 733 1810 784 rei
1848 732 2164 800 aptissimus
2203 735 2422 802 insuper
2459 747 2543 790 est
2579 737 2728 792 locus
2777 739 2918 794 alter
2962 756 3026 794 ex
3062 742 3280 796 homilia
3316 746 3540 812 septima
3579 749 3632 802 in

379 825 659 891 Genesim,
703 825 793 880 ubi
828 835 1113 893 postquam
1147 823 1298 880 Isaac
1344 835 1400 880 et
1431 825 1626 880 lsmacl
1661 827 1946 880 historiam
1981 828 2190 892 retulit,
2236 830 2412 896 seipse
2439 830 2519 884 sic
2551 831 2889 902 interrogat:
2919 851 2938 885 1
2964 835 3100 901 Quid
3135 837 3300 905 ergo?
3345 839 3490 891 Isaac
3527 857 3633 894 non

379 927 465 970 est
497 917 790 972 secundum
827 932 1047 972 carnem
1081 918 1271 972 natus?
1305 917 1422 973 Non
1449 934 1570 973 eum
1598 920 1805 988 peperit
1837 920 2006 974 Sara?
2038 920 2154 974 Non
2186 933 2271 974 est
2303 923 2704 979 circumcisus?
2746 925 2856 981 lloc
2887 928 3060 996 ipsum
3090 931 3232 996 quod
3260 929 3479 984 ludebat
3506 947 3630 984 cum

379 1007 593 1072 lsmael,
649 1023 753 1062 non
787 1009 840 1062 in
867 1024 1034 1062 carne
1065 1007 1326 1062 ludebat?
1377 1006 1488 1063 Hoc
1523 1019 1608 1064 est
1636 1011 1780 1064 enim
1831 1011 1975 1078 quod
2009 1013 2259 1066 mirabile
2286 1022 2368 1067 est
2401 1015 2453 1068 in
2487 1016 2728 1084 ApOStoli
2777 1033 2963 1082 sensu,
3010 1020 3155 1087 quod
3200 1021 3266 1074 de
3298 1023 3492 1089 quibus
3525 1040 3630 1076 111111

377 1112 557 1172 potest
582 1102 822 1158 dubitari
851 1103 978 1171 quin
1009 1106 1304 1158 secundum
1341 1119 1561 1159 carnem
1595 1117 1741 1175 gesta
1776 1106 1906 1170 sint,
1955 1107 2072 1160 hate
2120 1107 2213 1163 ille
2263 1109 2396 1163 dicit
2428 1125 2546 1165 esse
2583 1111 2893 1181 allegorica,
2932 1123 2988 1168 ut
3021 1130 3122 1170 nos
3168 1118 3292 1185 quid
3327 1116 3634 1172 faciendum

377 1195 453 1252 sit
486 1197 536 1249 in
576 1198 791 1251 caeteris
823 1197 1158 1262 noverimus,
1190 1197 1325 1251 etin
1355 1198 1439 1251 his
1473 1199 1704 1252 maxime
1737 1198 1788 1251 in
1823 1198 2021 1266 quibus
2051 1200 2184 1255 nihil
2224 1201 2404 1256 divina
2440 1202 2556 1272 lege
2601 1206 2818 1274 dignum
2855 1207 3113 1262 historica
3152 1208 3366 1263 videtur
3397 1208 3638 1266 indicare

382 1302 645 1344 llal'l‘illlO.
669 1308 687 1340 ι

380 1408 572 1460 Anne.
606 1405 665 1458 ν.
710 1422 968 1462 nvsrtcus
997 1423 1188 1462 sensus
1230 1423 1451 1461 NITITUR
1485 1421 1868 1462 auc'romn'rs
1899 1421 1951 1460 Nt

2063 1422 2425 1473 TESTAMENTI,
2473 1425 2678 1472 ESTQUE
2711 1426 2907 1465 0111⁸11Νο
2936 1428 3309 1479 Νεοεεελιιιυς,
3344 1431 3416 1472 υτ
3440 1431 3504 1470 ΑΒ
3535 1433 3634 1472 Πυ-

823 1497 825 1499 ’
864 1494 1047 1534 STIBUS
1076 1494 1218 1533 TUTA
1247 1494 1461 1532 NANEAT
1505 1491 1733 1531 VEBITAS
1763 1492 2195 1542 SCRIPTURARUH,
2231 1496 2299 1534 ΕΤ
2333 1495 2460 1534 IPSE
2490 1495 2590 1534 Ι)Εο
2623 1497 2796 1536 υισκιε
2823 1497 3162 1538 11Ε111111Ντυ11.

450 1601 507 1654 111
541 1602 640 1656 hoc
675 1601 907 1656 articulo
938 1616 1042 1654 non
1089 1601 1313 1654 multum
1344 1601 1540 1668 diuque
1570 1601 1921 1664 immorabor,
1952 1600 2152 1670 quippe
2181 1600 2272 1668 qui
2325 1601 2582 1669 patientia
2617 1601 2833 1656 lectoris
2863 1604 3137 1667 abuterer,
3187 1604 3231 1656 si
3262 1606 3329 1657 ad
3367 1619 3620 1673 compro-

382 1695 616 1749 bandum
648 1696 903 1765 mysticos
929 1710 1122 1750 sensus
1157 1697 1210 1749 in
1246 1693 1524 1764 Scriptura
1555 1709 1714 1749 sacra
1740 1696 2012 1748 admissos
2037 1694 2207 1749 fuisse
2231 1695 2299 1749 ab
2340 1694 2592 1766 Origene,
2617 1696 2782 1750 multa
2829 1697 2946 1765 ejus
2986 1712 3337 1767 congererem
3381 1701 3631 1753 testimo-

381 1788 492 1842 nia.
541 1789 670 1855 Qua:
716 1790 862 1844 enim
903 1791 1166 1845 hactenus
1199 1791 1408 1860 prolata
1441 1799 1588 1854 sunt,
1644 1789 1732 1842 illa
1773 1789 1978 1844 nullum
2016 1805 2077 1844 ea
2121 1792 2188 1844 de
2224 1805 2283 1844 re
2316 1791 2594 1845 dubitandi
2649 1791 2824 1845 locum
2872 1793 3203 1863 relinquunt,
3255 1796 3636 1864 neminemque

382 1880 529 1939 latet.
562 1898 666 1936 non
706 1884 826 1938 ideo
858 1886 1179 1953 reprehendi
1213 1886 1519 1954 Origencm,
1551 1885 1692 1954 quod
1723 1885 1924 1954 ingenii
1958 1886 2181 1940 solertia
2243 1887 2503 1953 caruerit,
2539 1903 2643 1956 qua
2685 1889 2959 1957 mysticos,
3018 1903 3153 1957 quos
3179 1904 3366 1944 revera
3399 1890 3639 1957 comple-

383 1977 549 2029 ctitur
577 1976 878 2046 Scriptura,
911 1993 1104 2032 sensus
1135 1978 1508 2047 investigaret,
1557 1977 1650 2030 sed
1676 1979 1818 2046 quod
1842 1991 1902 2030 ea
1937 1978 1989 2031 in
2027 1991 2086 2030 re
2123 1977 2349 2030 nimium
2388 1979 2604 2046 ingenio
2637 1994 2735 2032 suo
2776 1979 3082 2043 indulserit,
3119 1989 3172 2034 et
3202 1989 3385 2049 spreto
3415 1980 3642 2035 litterali

383 2085 544 2126 censu
585 2072 869 2142 allegorias
897 2075 1178 2144 quzesierit
1227 2074 1359 2128 locis
1390 2074 1776 2143 propemodum
1810 2073 2110 2127 innumeris
2155 2088 2183 2126 a
2235 2075 2430 2140 quibus
2460 2087 2680 2142 prorstts
2711 2074 2901 2128 alienze
2936 2086 3080 2129 sunt.
3141 2076 3254 2129 Duo
3295 2086 3503 2130 tantum
3534 2075 3638 2130 ob-

383 2169 721 2221 servabimus
754 2185 873 2238 quae
905 2169 1125 2224 maximi
1166 2177 1293 2224 sunt
1342 2170 1603 2224 momenti
1653 2185 1668 2223 :
1715 2169 1770 2222 1°
1802 2168 2058 2241 Mysticos
2089 2182 2281 2222 sensus
2314 2170 2639 2222 auctoritate
2685 2169 2818 2223 Novi
2849 2169 3182 2224 'l’estamenti
3213 2171 3393 2231 inniti,
3442 2171 3639 2237 probat

385 2269 495 2312 tum
531 2263 818 2316 traditione
847 2262 1121 2328 Ecclesiae,
1181 2273 1292 2318 tum
1324 2263 1556 2334 ipsomet
1597 2263 2006 2332 Scripturarum
2040 2263 2306 2327 consilio;
2363 2262 2419 2315 2°
2442 2271 2632 2316 contra
2669 2261 2912 2315 inﬁdeles
2945 2262 3288 2317 demonstrat
3332 2261 3644 2330 allegoricis

382 2355 636 2408 sensibus
663 2355 978 2422 Scripturas
1015 2364 1231 2410 nostras
1261 2372 1364 2409 non
1401 2370 1725 2425 repugnare.
1770 2355 1927 2420 Quod
1961 2355 2004 2408 si
2039 2355 2182 2409 inter
2216 2355 2380 2408 citata
2417 2355 2483 2408 ab
2517 2354 2633 2422 ipso
2675 2353 2971 2422 Scriptura:
3005 2353 3313 2408 testimonia
3347 2354 3416 2407 ad
3452 2364 3641 2406 aucto-

383 2448 600 2499 ritatem
635 2446 878 2516 mysticis
903 2447 1154 2500 sensibus
1200 2447 1623 2508 conciliandam,
1679 2445 1942 2501 nonnulla
1993 2455 2120 2499 sunt
2151 2461 2270 2515 qua:
2307 2461 2498 2514 parum
2553 2447 2620 2498 ad
2666 2459 2779 2498 rem
2829 2443 3054 2510 faciunt,
3085 2460 3150 2498 eo
3182 2444 3373 2498 saltem
3427 2445 3644 2499 nomine

387 2534 686 2592 laudandus
715 2548 819 2599 est.
849 2539 989 2607 quod
1013 2537 1296 2591 discrtiora
1323 2549 1376 2593 et
1405 2537 1600 2607 quibus
1631 2539 1854 2607 quiestio
1887 2537 2047 2607 plane
2075 2538 2254 2593 decisa
2287 2538 2378 2601 sit,
2418 2552 2523 2591 non
2559 2537 2822 2601 omiserit,
2841 2535 3143 2605 cujusmodi
3178 2535 3371 2595 suntzl
3399 2536 3526 2591 Cor.
3557 2553 3638 2603 111,

381 2631 450 2692 9;
483 2631 730 2698 1Cor.'x,
761 2634 779 2686 1
820 2641 873 2687 et
903 2647 1093 2702 seqq.;
1126 2633 1302 2688 Galat.
1337 2650 1412 2699 tv,
1446 2634 1506 2688 2|
1541 2643 1594 2688 et
1624 2649 1812 2703 seqq.;
1849 2633 2045 2703 Ephes.
2071 2649 2122 2698 v,
2145 2632 2206 2687 51
2237 2649 2252 2697 ;
2286 2631 2496 2686 Coloss.
2523 2648 2583 2696 n,
2606 2630 2814 2699 16,17;
2847 2631 3012 2685 llebr.
3041 2649 3156 2696 Vlll,
3181 2631 3246 2698 5;
3287 2632 3412 2686 item
3439 2645 3560 2699 cap.
3582 2645 3638 2694 x,

386 2727 440 2788 1,
472 2737 525 2780 et
553 2742 671 2796 cap.
702 2744 778 2791 ix,
808 2728 829 2780 1
866 2737 920 2782 et
946 2743 1096 2798 seqq.
1143 2727 1273 2783 Vide
1298 2727 1394 2782 lib.
1419 2743 1470 2781 Iv
1501 2727 1578 2781 De
1605 2727 1904 2796 principiis,
1940 2742 2088 2781 num.
2117 2725 2184 2778 12
2208 2726 2376 2790 et15,
2407 2735 2462 2783 et
2491 2726 2588 2780 lib.
2611 2741 2664 2779 tv
2697 2735 2881 2780 contra
2914 2725 3142 2779 Celsum.

455 2820 861 2887 Scripturarum
899 2824 1207 2878 auctoritati
1239 2823 1627 2878 auctoritatem
1675 2821 2068 2876 ecclesiastica:
2103 2822 2414 2876 traditionis
2455 2820 2725 2891 adjungit,
2757 2830 2810 2874 et
2857 2829 3140 2888 postquam
3173 2816 3270 2873 lib.
3296 2832 3349 2870 tv
3384 2815 3461 2870 De
3487 2815 3638 2886 prin-

383 2918 559 2985 cipiis.
597 2934 722 2972 num
745 2919 801 2986 8,
833 2922 1240 2975 demonstrasse
1274 2919 1376 2974 sibi
1410 2918 1558 2974 visus
1588 2917 1984 2973 estlitteralem
2033 2929 2252 2971 sensum
2303 2916 2636 2971 inlinitorum
2674 2931 2924 2970 errorum
2964 2929 3183 2969 causam
3214 2913 3514 2975 exstitisse,
3551 2912 3633 2966 sic

388 3009 630 3080 loquitur
658 3027 808 3066 num.
833 3012 867 3068 9
892 3029 906 3066 :
936 3029 954 3063 1
982 3011 1323 3083 Quapropter
1352 3013 1418 3068 iis
1442 3012 1532 3082 qui
1560 3027 1882 3082 persuasum
1915 3011 2115 3066 habent
2159 3023 2348 3066 sacros
2377 3009 2541 3065 libros
2569 3024 2674 3064 non
2714 3007 2995 3064 hominum
3030 3021 3150 3062 esse
3184 3003 3635 3070 commentarios,

386 3107 480 3163 sed
512 3111 682 3163 sancti
722 3107 958 3178 Spiritus
991 3109 1195 3176 alliam,
1252 3111 1532 3166 voluntate
1566 3111 1660 3165 Dei
1697 3111 1942 3180 parentis
1969 3110 2348 3164 universorum
2384 3123 2480 3178 per
2509 3105 2694 3162 Jesum
2727 3106 3007 3160 Christum
3055 3107 3292 3172 scriptos
3343 3117 3463 3156 esse
3489 3109 3543 3155 et
3569 3101 3638 3154 ad

385 3217 487 3258 nos
511 3205 845 3272 pervenisse,
877 3219 982 3274 qua
1016 3206 1096 3259 via
1128 3206 1180 3260 in
1211 3212 1396 3260 eorum
1427 3206 1658 3262 lectione
1693 3205 2050 3260 insistendum
2081 3218 2205 3260 esse
2234 3204 2390 3259 nobis
2418 3204 2686 3268 videatur,
2741 3201 2983 3256 indicare
3029 3197 3375 3261 conabimur,
3421 3203 3638 3249 servata

387 3297 628 3353 caelestis
673 3302 968 3354 secundum
1016 3301 1417 3356 successionem
1467 3301 1834 3370 apostolorum
1884 3299 2142 3356 Ecclesia:
2174 3297 2300 3354 Jesu
2335 3298 2542 3354 Christi
2593 3296 2803 3365 regula.
2862 3295 2928 3348 Et
2967 3308 3084 3349 esse
3130 3291 3345 3361 quidem
3380 3288 3643 3360 mysticas

385 3395 644 3459 quasdam
692 3395 1123 3464 dispensationes
1157 3411 1290 3466 quas
1335 3397 1535 3451 divinae
1573 3397 1875 3466 Scriptura:
1909 3397 2168 3459 indicant,
2221 3397 2385 3450 etiam
2417 3394 2776 3464 simpliciores
2815 3392 3049 3446 fidelium
3096 3388 3357 3451 credunt;
3394 3398 3642 3454 quaenam

386 3503 519 3544 vero
549 3490 632 3546 hae
660 3492 791 3556 sint,
842 3492 1052 3546 cordati
1079 3501 1133 3546 et
1158 3493 1390 3548 modesti
1428 3494 1641 3548 nescire
1670 3509 1728 3548 se
1760 3493 2020 3548 fatentur.
2051 3511 2070 3544 1
2133 3491 2278 3547 Nihil
2313 3492 2398 3547 his
2432 3491 2615 3546 verbis
2643 3489 2976 3545 accuratius.
3033 3482 3300 3540 Generale
3330 3479 3456 3534 illud
3489 3477 3640 3547 prin-

386 3583 612 3652 cipium,
658 3589 800 3655 quod
831 3589 1096 3657 mysticos
1120 3588 1172 3642 in
1206 3588 1390 3643 Veteri
1416 3587 1768 3644 Testamento
1797 3603 1996 3643 sensus
2025 3589 2200 3657 ponit,
2252 3586 2564 3656 apostolicae
2597 3585 2858 3639 doctrinae
2886 3595 3011 3651 pars
3041 3590 3123 3632 est
3154 3587 3208 3630 et
3237 3575 3440 3629 veritas
3463 3581 3636 3636 certa,

385 3693 513 3749 quas
541 3680 847 3736 miniSterio
892 3691 1170 3750 pastorum
1223 3683 1290 3736 ad
1322 3697 1422 3737 nos
1457 3698 1630 3752 usque
1664 3685 1935 3754 pervenit.
1995 3682 2101 3738 Sed
2132 3682 2358 3750 quinam
2387 3689 2516 3736 sunt
2558 3678 2870 3747 singulatim
2903 3689 3096 3729 sensus
3124 3672 3198 3726 illi
3234 3667 3488 3741 mystici?
3521 3665 3638 3733 Qua

387 3773 475 3828 via
513 3774 592 3830 illi
637 3791 774 3844 quos
805 3777 1042 3846 Spiritus
1073 3788 1295 3833 sanctus
1326 3779 1430 3834 sibi
1475 3779 1784 3850 proposuit,
1837 3777 2227 3832 discernuntur
2276 3777 2345 3829 ab
2390 3775 2458 3829 iis
2487 3788 2622 3842 quos
2654 3772 2769 3826 sola
2810 3769 2978 3841 gignit
3023 3764 3354 3836 imaginandi
3403 3760 3524 3815 vis?
3583 3758 3641 3811 Id

386 3884 616 3939 prorsus
646 3881 732 3926 est
776 3883 928 3926 extra
958 3873 1158 3929 limites
1189 3875 1516 3940 traditionis,
1551 3885 1606 3930 et
1637 3874 1879 3929 laborem
1909 3881 2061 3927 creat
2106 3871 2190 3925 vel
2224 3871 2356 3933 ipsis
2385 3867 2732 3940 peritioribus
2763 3862 3208 3934 insuperabilem,
3258 3866 3318 3912 ut
3367 3858 3482 3925 ipse
3511 3852 3640 3908 Oriv

389 3979 555 4033 genes
582 3965 804 4021 fatetur.
841 3967 978 4024 lline
1013 3983 1238 4038 perraro
1283 3971 1350 4026 ad
1395 3969 1694 4040 Scriptura:
1725 3969 2138 4038 lraditionisque
2169 3966 2549 4021 auctoritatem
2581 3962 2832 4028 recurrit,
2871 3961 3032 4029 idque
3059 3967 3294 4019 tantum,
3325 3967 3447 4008 cum
3479 3963 3649 4017 gene-

389 4060 550 4113 ratim
595 4076 792 4117 sensus
836 4062 1112 4133 allegorici
1147 4069 1350 4120 veritas
1393 4075 1478 4120 est
1507 4065 1908 4120 constituenda.
1971 4061 2202 4130 Quando
2236 4071 2416 4116 autem
2452 4061 2518 4114 ad
2567 4057 2924 4126 Singularium
2969 4055 3208 4108 locorum
3243 4047 3644 4104 discussionetn

390 4151 560 4218 venit,
613 4153 872 4208 continuo
901 4155 1104 4223 profert
1129 4155 1281 4221 illud,
1341 4155 1397 4209 in
1427 4169 1534 4226 quo
1565 4163 1846 4225 tantopere
1873 4153 1978 4208 sibi
2010 4151 2336 4221 cumplacet,
2388 4165 2420 4204 e
2456 4149 2654 4202 litterae
2682 4145 3013 4200 falsitatibus
3041 4152 3094 4196 et
3121 4134 3648 4195 contradictionibus

391 4245 614 4300 ductum
662 4257 1063 4316 argumentum.
1112 4249 1210 4304 Ubi
1246 4250 1414 4305 semel
1449 4249 1660 4304 tantilla
1708 4249 1886 4304 oritur
1935 4245 2242 4312 difﬁcultas,
2294 4245 2554 4300 continuo
2608 4241 2898 4296 litteralem
2952 4251 3173 4292 sensmn
3222 4233 3450 4297 deserit,
3508 4228 3646 4283 etin

392 4338 664 4406 allegoria:
691 4341 897 4410 campis
922 4353 1205 4413 evagatur,
1234 4345 1310 4398 uti
1341 4353 1487 4413 patet
1513 4360 1544 4400 e
1575 4345 1904 4400 testimoniis
1931 4342 2166 4398 articulo
2190 4352 2385 4412 quarto
2417 4339 2616 4396 allatis.
2660 4336 2788 4392 Haec
2825 4344 2932 4400 est,
2963 4341 3022 4388 ut
3053 4333 3128 4387 ita
3155 4331 3356 4394 dicam,
3391 4323 3643 4395 Origenis

395 4432 720 4487 translatitia
749 4435 942 4502 clavis,
991 4438 1235 4506 tantique
1283 4438 1410 4492 fecit
1449 4454 1604 4493 suum
1658 4438 1788 4492 illud
1825 4438 2184 4508 paradoxum,
2219 4446 2278 4488 ut
2308 4433 2377 4488 ad
2423 4432 2551 4486 illud
2582 4431 2696 4488 fere
2743 4442 2961 4482 omnem
2988 4423 3322 4480 elucidandte
3347 4418 3649 4487 Scriptura:

391 4536 564 4581 artem
604 4539 842 4586 revocet.
881 4531 1017 4587 llinc
1051 4543 1130 4588 tot
1164 4533 1274 4587 fere
1318 4534 1372 4587 in
1400 4531 1570 4598 Novo,
1602 4543 1732 4600 quot
1776 4533 1828 4586 in
1871 4532 2048 4587 Veteri
2091 4532 2467 4590 Testamento,
2505 4526 2763 4594 mysticos
2793 4537 2990 4577 sensus
3023 4518 3278 4587 ponebat.
3341 4513 3478 4580 Quis
3515 4508 3643 4562 inli-

389 4621 506 4676 cias
535 4621 656 4678 ierit
688 4624 802 4679 suis
848 4640 1062 4694 quoque
1093 4624 1504 4682 difﬁcultatibus
1533 4625 1800 4695 implicari
1831 4624 2037 4678 Novum
2068 4619 2519 4677 Testamentum?
2560 4617 2755 4671 Multas
2788 4620 2842 4669 in
2899 4628 2964 4668 co
2993 4612 3193 4682 reperit
3221 4607 3506 4676 Origenes,
3537 4603 3650 4695 ill'O

389 4712 576 4779 plures
603 4729 766 4784 quam
801 4716 938 4772 alius
970 4693 1221 4787 quilibet,
1257 4717 1495 4786 reperire
1528 4693 1733 4771 debuit.
1802 4713 1908 4770 Sed
1941 4714 2168 4770 dolenda
2204 4727 2431 4782 prorsus
2469 4725 2587 4766 sors
2623 4709 2834 4763 illormn
2883 4706 3125 4760 locorum
3157 4708 3264 4763 est,
3291 4711 3427 4766 quos
3464 4697 3528 4746 ad
3561 4693 3651 4744 lit-

394 4817 563 4864 teram
599 4811 865 4878 probabili
896 4812 1162 4867 solutione
1200 4813 1546 4882 interpretari
1597 4827 1702 4866 non
1731 4820 1944 4880 poterat
1981 4827 1994 4864 :
2039 4825 2161 4863 nam
2191 4807 2478 4863 confestim
2509 4806 2676 4860 solito
2721 4819 2841 4858 sese
2878 4799 3110 4854 includit
3138 4788 3560 4866 pr0pngnaculo.
3591 4793 3651 4840 εί

391 4905 676 4972 repudiato
705 4906 923 4961 litterali
956 4922 1118 4962 sensu
1155 4909 1503 4963 arbitr-ariam
1537 4908 1696 4962 nobis
1725 4916 1780 4961 et
1813 4921 1956 4974 saepe
1984 4903 2407 4959 insulsissimam
2444 4900 2761 4970 allegoriam
2792 4894 3056 4950 obtrudit.
3403 4978 3415 4984 _
3507 4977 3518 4984 _
3603 4973 3614 4984 .

460 4996 760 5054 Plurimum
790 5013 969 5057 tamen
1006 5003 1054 5058 ei
1087 5005 1188 5058 hoc
1219 5004 1438 5058 nomine
1477 5004 1727 5067 debetur,
1757 5003 1901 5070 quod
1934 5000 2342 5069 Scripturarum
2373 5007 2686 5052 nostrarmn
2717 4991 3007 5062 allegorias
3035 5005 3064 5041 a
3095 4984 3238 5042 Celsi
3277 4977 3650 5036 insultationi-

392 5093 492 5156 bus
528 5094 840 5150 vindicarit.
887 5097 1088 5151 Contra
1119 5098 1406 5152 historiam
1436 5097 1636 5170 Moysis
1663 5096 2042 5152 deblaterabat
2071 5095 2369 5163 Epicureus
2400 5093 2510 5156 ille,
2545 5105 2644 5144 nec
2677 5088 2787 5158 pati
2818 5092 3032 5154 poterat
3077 5091 3136 5134 ut
3166 5076 3460 5173 allegorice

393 5199 636 5254 neretur,
668 5199 724 5245 et
753 5191 892 5246 alius
916 5207 1076 5261 quam
1109 5193 1358 5248 litteralis
1389 5193 1440 5247 in
1468 5161 1543 5248 ear
1563 5207 1757 5248 sensus
1786 5161 2143 5262 quaereretur.
2184 5190 2329 5244 Idem
2359 5189 2424 5242 de
2457 5185 2684 5254 reliquis
2721 5179 3025 5249 Scripturis
3063 5171 3378 5230 eiftttiebat:
3405 5165 3500 5221 sed
3528 5161 3652 5217 vide

391 5296 497 5351 quo
529 5293 691 5353 pacto
718 5286 1034 5340 confutetur
1061 5285 1129 5340 ab
1160 5285 1392 5356 Origene
1429 5287 1568 5342 libro
1593 5295 1777 5340 contra
1813 5284 2024 5340 Celsum
2051 5293 2267 5354 quarto,
2299 5296 2447 5336 num.
2472 5279 2566 5346 48,
2590 5278 2660 5333 49
2685 5285 2740 5332 et
2762 5275 2853 5342 50,
2881 5282 2936 5328 et
2964 5271 3057 5326 lib.
3080 5285 3122 5333 l,
3158 5285 3212 5324 n.
3245 5265 3334 5320 18.

493 5399 686 5458 ARTIC.
711 5398 802 5455 Vl.
845 5417 1269 5468 ntrrtcntunuu,
1300 5419 1366 5458 ne
1393 5418 1556 5459 ptent
1582 5418 1931 5462 IMPOSSIBILB.
1964 5418 2062 5456 nvs

1988 5417 2240 5466 IYSTICOS,
2272 5414 2404 5464 QUOS
2434 5411 2728 5453 SCRIPTUBA
2759 5405 3172 5451 COMPLECTITUR
3198 5399 3386 5442 SENSUS
3409 5395 3559 5436 INVE-

1903 5488 2150 5529 ενι-11111111.

467 5582 592 5637 Haec
624 5587 826 5642 veritas
854 5586 1110 5660 Origenis
1164 5589 1404 5643 animum
1448 5588 1605 5644 valde
1655 5588 1872 5645 videtur
1920 5587 2188 5645 affecisse.
2235 5587 2343 5642 tEt
2377 5600 2501 5642 esse
2529 5583 2742 5655 quidem
2793 5578 2992 5652 (inquit
3019 5576 3113 5631 lib.
3138 5589 3191 5629 tv
3230 5573 3306 5627 De
3351 5571 3646 5641 principiis,

394 5688 546 5728 1111111.
572 5673 627 5744 9)
668 5677 924 5744 mysticas
973 5678 1238 5747 quasdam
1269 5679 1703 5748 dispensationes
1750 5694 1886 5750 quas
1918 5680 2116 5735 divinae
2146 5678 2442 5748 Scriptura:
2491 5675 2754 5736 indicant,
2813 5672 2977 5727 etiam
3015 5666 3379 5736 simpliciores
3408 5662 3646 5718 ﬁdelium

396 5768 626 5822 credunt
652 5787 666 5832 ;
695 5783 944 5838 quamam
978 5787 1107 5829 vero
1134 5773 1241 5829 illae
1273 5774 1402 5842 sint,
1433 5775 1648 5834 cordati
1687 5783 1743 5833 et
1771 5776 2007 5833 modesti
2034 5775 2245 5833 nescire
2277 5789 2336 5832 se
2366 5772 2626 5829 fatentur.
2672 5769 2851 5840 Quare
2879 5767 2924 5823 si
2959 5764 3082 5837 quis
3108 5762 3414 5820 sciscitetur
3435 5760 3501 5816 de
3525 5773 3651 5815 con-

539 5907 582 5940 ”
612 5905 764 5963 Joan.
801 5926 851 5976 γ,
883 5909 974 5964 '59.
