3978 6540
229 504 305 559 es
1511 475 1882 557 meum
1917 503 2005 555 AD
2048 503 2210 557 T031.
2257 504 2319 557 ιι.
3427 507 3498 565 26

230 636 423 692 gressu
473 619 570 673 Lot
615 634 736 674 cum
790 619 1022 682 ﬁliabus,
1055 620 1121 673 de
1174 619 1385 674 duabus
1415 622 1677 674 uxoribus
1726 622 2024 685 Abraham,
2075 623 2139 674 de
2173 623 2385 674 duabus
2415 619 2697 676 sororibus
2740 639 2858 691 qum
2886 632 3181 691 nupserunt
3212 620 3398 688 lat-ob,
3426 625 3495 678 de

230 718 446 772 duabus
478 716 694 771 ancillis
722 732 846 786 qua:
900 731 964 768 ex
996 715 1112 784 ipso
1160 727 1513 783 pepererunt,
1544 716 1678 768 nihil
1713 715 1858 768 aliud
1893 717 2294 783 respondebunt
2341 730 2501 783 quam
2533 722 2786 784 mysteria
2821 718 2935 771 haec
2974 733 3096 772 esse
3133 734 3161 770 a
3197 718 3350 772 nobis
3382 734 3492 772 non

230 814 528 868 intellecta.
591 813 697 864 Sed
745 822 801 866 et
849 810 1179 864 tabernaculi
1216 809 1477 864 fabricam
1528 825 1649 863 cum
1700 811 1904 879 legunt,
1939 814 2224 864 credentes
2255 827 2377 878 qua?
2426 810 2624 878 scripta
2655 817 2781 863 situt
2811 827 2929 864 esse
2963 811 3181 879 figuras,
3242 822 3492 880 quaerunt

227 923 353 977 qua:
388 908 598 976 possint
628 907 693 958 ad
724 905 963 973 singulas
997 891 1328 959 tabernaculi
1365 915 1546 974 partes
1582 906 2010 960 accommodare.
2054 905 2236 973 Neque
2267 920 2396 958 vero
2435 905 2487 958 in
2521 921 2586 958 eo
2619 907 2760 972 quod
2797 906 3028 958 credunt
3058 907 3130 959 rei
3168 906 3398 972 alicujus
3433 907 3493 959 li-

231 1019 420 1070 gnratn
468 1017 592 1056 esse
624 1001 1056 1062 tabernaculum,
1111 1001 1392 1064 falluntur,
1429 1002 1521 1055 sed
1554 1018 1676 1055 cum
1711 1002 1974 1056 rationem
2008 1002 2151 1055 illius
2187 1001 2338 1068 cujus
2373 1012 2531 1072 typus
2561 1013 2642 1055 est
2695 1002 3125 1066 tabernaculum,
3160 1014 3325 1056 certa:
3373 1006 3488 1055 cui-

231 1101 374 1168 piam
407 1098 509 1163 rei,
540 1109 700 1167 prout
731 1098 972 1165 postulat
1007 1095 1303 1166 Scriptura:
1331 1097 1585 1168 dignitas,
1614 1109 1800 1166 aptare
1837 1097 2046 1161 volunt,
2077 1098 2362 1166 aliquando
2389 1100 2684 1162 aberrant,
2729 1111 2784 1152 et
2809 1114 3026 1151 onmem
3052 1101 3269 1166 quidem
3301 1114 3493 1152 narra-

233 1195 436 1248 tionem
468 1207 588 1261 qua
635 1190 718 1244 vel
748 1191 957 1259 nuptias
1004 1200 1250 1259 spectare
1280 1191 1513 1255 videtur,
1559 1191 1640 1244 vel
1671 1191 1960 1245 liberorum
1992 1191 2448 1260 procreationem,
2482 1191 2564 1244 vel
2595 1191 2754 1258 bella,
2806 1203 2897 1244 aut
2945 1191 3077 1242 alias
3105 1191 3375 1258 quaslibet
3408 1191 3490 1242 hi-

229 1286 432 1340 storias
461 1301 581 1354 qua:
611 1285 770 1353 vulgo
796 1283 1138 1336 circumferri
1170 1293 1415 1353 possunt,
1446 1285 1640 1354 ﬁguras
1672 1299 1791 1336 esse
1837 1283 2149 1350 declarant;
2194 1285 2287 1338 sed
2323 1300 2553 1352 quarum
2600 1300 2783 1338 rerum
2819 1285 3001 1351 ﬁgurae
3038 1282 3169 1345 sint,
3219 1282 3490 1333 interdum

230 1389 459 1448 propter
491 1377 738 1431 habitum
781 1392 886 1429 non
939 1375 1078 1428 bene
1112 1377 1495 1444 compositmn,
1547 1374 1836 1441 aliquando
1885 1385 2106 1442 propter
2159 1375 2544 1437 temeritatem,
2594 1377 2922 1442 quandoque
2960 1376 3124 1427 etiam
3160 1373 3300 1440 quod
3331 1385 3490 1435 supra

232 1471 459 1525 modum
493 1467 806 1524 hominibus
831 1467 1049 1521 diﬂicile
1072 1467 1142 1520 sit
1175 1478 1265 1521 res
1291 1467 1548 1531 ejusmodi
1579 1467 1885 1534 explorare,
1913 1466 2306 1534 quantumlibet
2338 1467 2458 1532 quis
2486 1467 2820 1519 exercitatus
2847 1478 2899 1519 et
2933 1464 3216 1532 perspicax
3249 1461 3342 1524 sit,
3383 1476 3488 1512 non

229 1563 304 1616 ita
358 1562 643 1615 evidenter
675 1565 918 1627 apparet,
954 1574 1054 1613 nec
1085 1541 1420 1627 singulorum
1466 1558 1601 1611 ratio
1634 1557 1814 1609 alferri
1849 1565 2042 1625 potest.
2072 1576 2089 1607 ι
2129 1555 2384 1610 Eamdent
2419 1572 2614 1611 sensus
2661 1557 2920 1626 mysticos
2953 1551 3314 1619 investigandi
3346 1546 3489 1601 dini-

227 1655 487 1708 cultatem
521 1653 838 1722 prephetiis,
869 1653 1194 1720 Evangeliis,
1229 1654 1480 1707 omnibus
1515 1653 1745 1722 denique
1776 1649 1906 1704 Novi
1941 1649 2275 1706 'l‘cstameuti
2305 1651 2610 1720 Seripturis
2641 1654 2820 1706 inesse
2853 1650 3052 1704 asserit
3080 1647 3322 1714 ejusdem
3355 1643 3478 1698 libri

229 1761 388 1799 num.
415 1743 500 1799 -I0.
544 1742 658 1798 lmo
688 1744 827 1796 infra
857 1760 1004 1796 num.
1033 1743 1100 1796 26
1127 1742 1400 1796 afﬁrmare
1425 1759 1528 1797 non
1566 1743 1781 1796 dubitat
1811 1743 2090 1796 minimam
2131 1743 2510 1812 mysticorum,
2541 1758 2680 1811 quos
2707 1743 2989 1811 Scriptura
3023 1741 3205 1804 habet,
3233 1753 3489 1794 sensuum

227 1847 443 1905 partem
474 1836 687 1905 ipsimet
717 1835 882 1889 Paulo
913 1846 1248 1903 compertam
1281 1835 1467 1890 fuisse.
1529 1855 1547 1887 ι
1575 1833 1629 1888 Si
1659 1836 1801 1903 quis,
1835 1835 2031 1903 inquit,
2079 1837 2327 1891 curiosus
2359 1837 2798 1903 explanationem
2840 1835 3176 1902 singulorum
3219 1832 3486 1900 requirat,

228 1929 416 1981 veniat
465 1936 518 1979 et
547 1925 825 1979 nobiscum
875 1926 1078 1994 pariter
1111 1925 1296 1978 audiat
1365 1927 1636 1993 quomodo
1685 1924 1886 1977 Paulus
1929 1923 2204 1990 apostolus
2257 1939 2351 1992 per
2386 1925 2650 1993 Spiritum
2679 1935 2925 1978 sanetum
2974 1925 3064 1993 qui
3116 1932 3492 1993 perscrutalur

233 2021 400 2072 etiam
434 2017 697 2085 profunda
733 2016 849 2084 Dei,
905 2017 1246 2070 altitudinem
1279 2015 1473 2068 divinae
1503 2016 1784 2085 sapientiae
1831 2030 1894 2068 ac
1929 2014 2172 2068 scientia:
2206 2025 2479 2080 scrutatis,
2532 2030 2633 2069 nec
2683 2026 2860 2070 tamen
2892 2017 2957 2068 ad
3006 2015 3188 2076 tinctu,
3220 2022 3293 2077 et,
3326 2024 3385 2064 ut
3417 2014 3486 2066 ita

224 2110 484 2172 dixerim,
517 2110 581 2162 ad
615 2110 858 2163 intimam
889 2108 1253 2176 cognitionem
1284 2105 1585 2177 praevalens
1616 2107 1924 2175 pervenire,
1969 2106 2348 2175 desperatione
2383 2107 2458 2160 rei
2494 2117 2548 2161 et
2573 2119 2792 2176 stupore
2821 2109 3018 2160 clamat
3043 2116 3098 2159 et
3133 2107 3307 2160 dicit:
3333 2101 3378 2157 0
3409 2102 3490 2156 al-

225 2203 398 2255 titudo
435 2203 743 2255 divitiarum
789 2199 1059 2267 sapientia:
1093 2206 1142 2252 et
1180 2199 1412 2252 scientire
1446 2197 1540 2250 Dei
1566 2197 1629 2250 ³¹.
1691 2196 1754 2250 Ει
1783 2199 1924 2265 quod
1952 2197 2335 2264 desperatione
2387 2197 2641 2265 perfectae
2680 2200 3181 2268 comprehensionis
3211 2199 3316 2252 hoc
3364 2212 3489 2265 pro-

225 2292 582 2354 nuntiaverit,
622 2289 745 2343 audi
778 2292 950 2359 ipsum
979 2291 1245 2343 dicentem
1288 2305 1299 2341 :
1343 2287 1514 2353 Quam
1542 2287 1905 2340 inscrulabilia
1937 2297 2059 2340 sunt
2087 2288 2298 2356 judicia
2328 2287 2444 2354 Dei,
2475 2299 2520 2340 et
2545 2302 2702 2357 quam
2735 2291 3115 2360 investigabiles
3147 2290 3246 2344 via:
3273 2289 3389 2358 ejus
3416 2289 3483 2343 ".

227 2382 346 2436 Non
382 2383 529 2436 enim
574 2382 727 2449 dicit,
770 2380 982 2435 difﬁcile
1009 2397 1164 2450 posse
1213 2382 1448 2435 scrutari
1475 2378 1679 2447 judicia
1716 2380 1831 2444 Dei,
1863 2383 1954 2434 sed
1989 2382 2212 2434 omnino
2244 2396 2347 2434 non
2383 2395 2576 2451 posse;
2625 2398 2722 2435 nec
2754 2383 2892 2436 dixit
2923 2383 3138 2437 dilIieile
3173 2382 3483 2450 investigari

224 2491 391 2546 posse
428 2478 547 2530 vias
570 2477 726 2542 ejus,
769 2477 864 2530 sed
897 2491 1000 2528 non
1032 2491 1189 2544 posse
1235 2473 1575 2543 investigari.
1614 2475 2107 2543 Quantumcunque
2133 2475 2276 2527 enim
2312 2474 2438 2543 quis
2477 2475 2529 2529 in
2568 2476 2862 2528 scrutando
2886 2482 3275 2544 promoveatet
3305 2473 3486 2526 studio

228 2571 525 2625 intentiore
574 2579 914 2638 promoveat,
958 2569 1130 2637 gratia
1165 2583 1380 2636 quoque
1424 2567 1515 2621 Dei
1550 2567 1787 2636 adjutus,
1826 2581 2097 2636 sensuque
2126 2567 2481 2629 illuminatus,
2511 2568 2578 2619 ad
2603 2567 2899 2635 perfectum
2934 2567 3092 2618 linem
3131 2581 3323 2619 eorum
3362 2579 3485 2632 qua:

226 2662 602 2730 requiruntur,
649 2660 933 2728 pervenire
969 2674 1072 2712 non
1108 2660 1328 2726 poterit,
1362 2673 1458 2712 nec
1488 2657 1666 2711 omnis
1694 2673 1846 2712 mens
1872 2673 1994 2727 qua:
2026 2667 2208 2711 creata
2243 2667 2346 2723 est,
2390 2659 2646 2726 possibile
2676 2657 2839 2712 habet
2866 2658 2972 2712 ullo
3005 2672 3203 2726 genere
3230 2672 3484 2726 compre-

225 2755 487 2815 hendere,
527 2755 619 2806 sed
645 2763 699 2806 ut
733 2750 998 2804 invenerit
1037 2753 1281 2818 qnmdam
1324 2763 1390 2802 ex
1419 2749 1506 2803 his
1529 2763 1649 2816 quae
1672 2757 2010 2816 quaeruntur,
2047 2749 2240 2803 iterum
2269 2752 2412 2804 videt
2441 2752 2543 2803 alia
2578 2766 2697 2818 qua:
2728 2750 3018 2819 quaerenda
3051 2760 3198 2804 sunt.
3240 2749 3395 2814 Quod
3428 2758 3483 2802 et

224 2846 271 2898 si
299 2845 366 2897 ad
398 2845 510 2913 ipsa
549 2842 892 2912 pervenerit,
925 2841 1095 2894 multo
1127 2842 1321 2894 iterum
1352 2843 1504 2911 plura
1532 2857 1600 2896 ex
1633 2841 1738 2894 illis
1769 2856 1889 2908 qua:
1921 2842 2088 2908 quaeri
2114 2841 2371 2906 debeant,
2404 2843 2731 2911 pervidebit.
2763 2863 2782 2896 ι
2821 2842 3224 2898 Commentario
3248 2843 3300 2896 in
3341 2841 3484 2911 psal-

223 2951 374 2989 trium
403 2936 662 3004 primum,
697 2949 819 3003 pag.
847 2932 953 2987 526
976 2943 1029 2988 et
1064 2932 1192 2996 527,
1219 2933 1604 2986 documentum
1637 2931 1737 2986 sibi
1767 2931 1836 2985 ab
1869 2930 2094 2986 llebraao
2125 2933 2383 2986 traditum
2420 2933 2586 2988 refert
2611 2943 2666 2988 et
2713 2934 2782 2988 ita
2815 2934 3010 3003 probat
3038 2943 3095 2986 ut
3126 2949 3232 2988 non
3261 2933 3482 2987 aliunde

222 3029 398 3096 magis
429 3027 629 3096 liqueat
657 3027 785 3094 quid
810 3027 874 3080 de
905 3027 1186 3094 Scriptura
1226 3041 1380 3079 sacra
1427 3026 1658 3094 ipsemet
1691 3040 1786 3080 seu

1912 3039 1920 3076 ι
1949 3046 1959 3079 ;
1991 3043 2009 3075 ι
2040 3025 2551 3091 Prazclarissimum,
2583 3027 2777 3096 inquit,
2807 3027 3192 3082 documentum
3230 3029 3389 3082 nobis
3413 3029 3483 3083 ab

223 3121 452 3176 IlcbrtBo
481 3121 546 3175 de
573 3120 721 3174 omni
759 3121 1036 3190 Scriptura
1091 3119 1353 3172 traditum
1385 3133 1754 3188 proponemus
1800 3135 1815 3173 :
1859 3118 2076 3174 dicebat
2120 3120 2266 3172 enim
2315 3119 2402 3174 ille
2443 3120 2677 3174 similem
2706 3135 2824 3175 esse
2856 3119 3194 3189 Scripturam
3220 3119 3484 3175 divinitus

223 3216 464 3270 amatam
497 3226 719 3286 propter
748 3215 1137 3270 obscuritatem
1170 3229 1290 3283 qua:
1320 3213 1372 3266 in
1401 3229 1462 3268 ea
1491 3223 1598 3278 est,
1635 3213 1822 3267 multis
1852 3214 2140 3268 domiciliis
2171 3229 2280 3269 uno
2326 3214 2559 3268 aedilicio
2593 3214 2904 3284 conclusis;
2934 3215 3226 3283 unicuique
3258 3213 3484 3268 domici-

217 3312 291 3363 lio
325 3309 642 3378 appositam
694 3308 890 3362 clavim
945 3322 1054 3360 non
1089 3307 1188 3375 ipsi
1221 3305 1659 3370 convenientem,
1696 3307 1883 3374 sicque
1912 3305 2206 3373 dissipatas
2251 3321 2372 3360 esse
2404 3307 2587 3360 claves
2635 3321 2732 3374 per
2765 3307 3064 3372 domicilia,
3104 3321 3208 3358 non
3263 3319 3482 3372 respon-

216 3403 420 3454 dentes
471 3399 714 3468 singnlas
747 3399 812 3453 iis
845 3399 1134 3453 domiciliis
1167 3399 1364 3468 quibus
1399 3399 1659 3467 apposita:
1688 3408 1814 3453 sunt
1860 3418 1874 3454 :
1916 3415 2052 3467 opus
2087 3414 2216 3453 vero
2252 3399 2409 3469 longe
2442 3399 2819 3454 difﬁcillimum
2851 3413 2972 3454 esse
3007 3399 3248 3453 invenire
3275 3397 3480 3459 claves,

214 3503 268 3548 et
298 3507 402 3546 eas
455 3492 608 3546 cellis
653 3500 856 3561 aptare,
905 3507 1042 3560 quas
1068 3491 1284 3560 aperire
1318 3499 1580 3558 possunt:
1607 3492 1786 3560 itaque
1811 3493 1973 3546 etiam
2008 3491 2319 3560 Scripturas
2350 3491 2632 3546 abstrusas
2688 3493 2904 3560 quidem
2942 3491 3065 3546 illas
3095 3489 3342 3558 intelligi,
3375 3503 3480 3541 non

215 3585 440 3639 aliunde
468 3587 696 3652 sumptis
729 3599 892 3653 quam
926 3584 994 3637 ab
1026 3583 1158 3649 ipsis
1206 3581 1442 3636 invicem
1478 3582 1815 3650 argumentis
1849 3582 2232 3650 intelligentim,
2268 3597 2386 3649 quae
2424 3581 2475 3635 in
2510 3597 2571 3636 se
2607 3582 2810 3636 habent
2838 3581 3138 3650 dispersam
3176 3571 3481 3648 exponendi

215 3679 564 3747 rationem.»
631 3675 756 3730 llaec
791 3677 1049 3744 mysticos
1077 3675 1371 3744 Scripturae
1402 3687 1595 3730 sensus
1637 3677 1915 3729 scrutandi
1961 3675 2244 3730 (liliicultas
2305 3676 2440 3729 adeo
2494 3675 2877 3746 insuperabilis
2903 3676 3120 3746 Origeni
3171 3676 3480 3735 videbatur,

213 3783 275 3826 ut
312 3786 427 3827 sua:
473 3786 538 3825 ea
576 3771 640 3825 de
686 3786 744 3826 re
790 3769 1078 3825 sententiae
1122 3770 1347 3824 omnino
1378 3776 1796 3824 consentaneam
1834 3769 2023 3839 agendi
2053 3770 2317 3824 rationem
2369 3768 2640 3823 habuerit.
2685 3767 2944 3836 Quamvis
2975 3767 3175 3836 ubique
3223 3764 3480 3838 mysteria

214 3872 597 3928 consectetur,
649 3862 819 3917 libere
865 3872 1041 3916 tamen
1074 3875 1227 3916 suam
1263 3873 1326 3914 ea
1377 3859 1430 3914 in
1481 3875 1540 3914 re
1583 3861 1873 3915 conlitetur
1918 3860 2267 3929 imperitiam,
2303 3871 2358 3916 et
2388 3861 2434 3916 si
2473 3877 2610 3930 quos
2645 3861 2919 3915 detexisse
2946 3875 3004 3914 se
3038 3868 3190 3929 putat
3219 3860 3481 3929 mysticos

213 3970 434 4021 sensus,
473 3969 568 4008 eos
595 3969 811 4022 semper
841 3969 962 4008 cum
989 3967 1182 4023 magna
1214 3951 1380 4006 animi
1409 3953 1491 4006 sui
1525 3952 1795 4007 modestia
1828 3953 1879 4005 in
1919 3951 2092 4006 lucem
2121 3952 2348 4020 profert.
2413 3953 2643 4008 llomilia
2673 3955 2860 4021 quinta
2908 3954 2960 4005 in
2985 3951 3265 4017 Genesim,
3297 3953 3384 4005 ubi
3415 3953 3482 4005 de

216 4046 415 4116 ﬁguris
449 4059 587 4114 quas
637 4045 836 4099 veteris
865 4045 1000 4112 legis
1047 4043 1311 4099 sacrilicia
1345 4044 1721 4110 continebant,
1772 4060 2077 4099 sermonem
2129 4047 2311 4111 habet,
2364 4061 2456 4100 eas
2506 4063 2667 4115 supra
2709 4045 3123 4115 intelligentiam
3155 4059 3310 4099 suam
3358 4058 3481 4098 esse

213 4137 448 4192 candide
500 4134 724 4190 fatetur.
794 4155 812 4186 ι
839 4135 954 4190 Νοιι
992 4145 1191 4196 autem,
1229 4135 1428 4204 inquit,
1463 4135 1653 4191 dubito
1685 4137 1852 4191 multa
1886 4152 2006 4192 esse
2055 4152 2176 4206 quae
2205 4153 2302 4192 nos
2333 4138 2523 4202 latent,
2557 4149 2611 4192 et
2642 4155 2862 4193 sensum
2894 4148 3146 4192 nostrum
3195 4147 3476 4206 superant.

212 4231 336 4287 Non
372 4232 520 4287 enim
571 4247 758 4287 smnus
793 4230 936 4284 illius
971 4229 1148 4283 meriti
1197 4237 1258 4282 ut
1291 4229 1562 4298 possimus
1592 4230 1774 4285 dicere
1812 4248 1826 4284 :
1861 4228 1973 4284 Nos
2009 4240 2185 4284 autem
2230 4248 2438 4284 sensum
2467 4231 2666 4286 Christi
2697 4232 2944 4285 habemus
2967 4231 3033 4289 ³³.
3061 4270 3110 4286 ..
3156 4231 3287 4286 Eam
3319 4247 3479 4300 quam

211 4335 365 4375 nunc
390 4321 628 4375 diximus
658 4318 790 4387 legis
821 4318 1058 4372 animam
1109 4317 1473 4386 requiramus,
1505 4330 1766 4387 quantum
1813 4320 1878 4374 ad
1908 4334 2146 4389 praesens
2177 4331 2388 4390 tempus
2423 4332 2656 4391 spectat.
2717 4321 2914 4377 Nescio
2947 4333 3128 4378 autem
3180 4324 3224 4378 si
3260 4339 3478 4394 possum

211 4413 384 4465 etiam
413 4411 480 4466 ad
508 4411 760 4479 spiritum
791 4407 909 4475 ejus
942 4410 1240 4464 ascendere
1268 4412 1320 4463 in
1352 4410 1436 4464 his
1474 4425 1592 4478 qua:
1629 4411 1696 4464 de
1728 4410 2012 4467 sacriﬁciis
2059 4413 2193 4467 lecta
2227 4423 2374 4468 sunt.
2409 4432 2428 4464 ι
2474 4413 2728 4482 Majoretn
2764 4414 2943 4469 adhuc
2989 4431 3102 4484 prae
3130 4431 3188 4471 se
3217 4417 3324 4471 fert
3360 4417 3480 4470 ani-

210 4505 290 4557 mi
327 4501 652 4557 modestiam
690 4502 911 4557 bomilia
943 4501 1226 4555 undecima
1274 4502 1328 4555 in
1385 4500 1676 4566 Numeros,
1714 4503 1802 4556 ubi
1840 4503 1916 4556 ait
1960 4520 1975 4557 :
2033 4523 2052 4556 ι
2079 4503 2142 4558 Ει
2176 4505 2222 4559 si
2269 4521 2512 4560 mererer
2541 4520 2641 4574 ego
2672 4507 2828 4561 hodie
2871 4523 3126 4577 magnum
3157 4508 3392 4578 aliquem
3425 4516 3479 4560 et

211 4610 432 4650 summo
462 4595 718 4666 pontifice
746 4595 968 4662 dignum
1005 4609 1226 4648 sensum
1259 4593 1525 4663 proferre,
1579 4594 1649 4651 ita
1681 4603 1740 4648 ut
1765 4611 1831 4648 ex
1864 4596 1929 4651 iis
1960 4598 2212 4652 omnibus
2237 4613 2358 4667 quae
2402 4598 2680 4667 loquimur
2709 4606 2764 4651 et
2794 4599 3071 4664 docemus,
3101 4609 3248 4654 esset
3279 4598 3479 4667 aliquid

207 4694 492 4761 egregium
527 4689 668 4759 quod
723 4705 937 4744 summo
968 4688 1241 4742 sacerdoti
1277 4688 1491 4757 placere
1536 4689 1774 4750 deberet,
1825 4700 2038 4758 poterat
2069 4691 2300 4747 fortasse
2333 4693 2446 4746 fieri
2499 4703 2558 4746 ut
2588 4693 2810 4763 angelus
2843 4695 2934 4761 qui
2967 4706 3165 4762 prmest
3201 4694 3478 4760 Ecclesiae,

207 4801 275 4840 ex
305 4783 566 4837 omnibus
590 4783 754 4838 dictis
781 4780 984 4836 nostris
1012 4780 1239 4848 eligeret
1269 4780 1494 4848 aliquid,
1531 4789 1584 4832 et
1616 4781 1734 4834 loco
1766 4782 2131 4850 primitiarutn
2176 4783 2402 4838 Domino
2435 4783 2500 4837 de
2534 4783 2710 4852 agello
2737 4786 2918 4837 cordis
2953 4786 3058 4837 mei
3091 4783 3334 4841 oﬂ'erret.
3371 4787 3479 4840 Sed

204 4896 311 4951 ego
349 4893 434 4933 me
467 4878 581 4932 scio
612 4892 719 4932 non
758 4877 979 4938 mereri,
1013 4889 1111 4927 nec
1143 4875 1394 4928 conscius
1421 4889 1538 4928 smn
1585 4875 1739 4939 mihi,
1786 4877 1928 4944 quod
1969 4877 2103 4931 talis
2141 4893 2334 4933 sensus
2367 4881 2676 4935 inveniatur
2707 4879 2761 4930 in
2820 4894 2904 4931 me
2945 4893 3105 4934 ouem
3139 4881 3361 4949 dignum
3391 4881 3481 4950 ju-

203 4974 357 5027 dicet
390 4970 613 5039 angelus
647 4969 739 5038 qui
772 4984 870 5022 nos
902 4966 1124 5033 excolit,
1176 4965 1374 5019 olierre
1426 4981 1526 5034 pro
1560 4967 1816 5036 primitiis
1849 4966 1930 5019 vel
1965 4982 2064 5036 pro
2113 4970 2492 5040 primogenitis
2525 4975 2773 5028 Domino.
2815 4977 2993 5043 Atque
3028 4974 3233 5026 utinam
3279 4971 3386 5026 tale
3410 4973 3481 5026 sit

199 5065 358 5135 quod
394 5062 670 5132 loquimur
714 5070 770 5115 et
811 5061 1090 5122 docemus,
1123 5068 1179 5111 ut
1206 5072 1313 5112 non
1347 5073 1444 5126 pro
1473 5058 1650 5111 verbis
1681 5058 1879 5112 nostris
1909 5060 2263 5114 condemnari
2298 5078 2625 5122 mereamur.
2688 5064 2971 5120 Suliiceret
3015 5064 3175 5118 nobis
3210 5063 3324 5116 haec
3356 5079 3480 5130 gra-

201 5159 304 5211 tia.
339 5175 360 5208 ι
399 5155 672 5211 Praeterea
704 5155 931 5224 insignis
956 5167 1020 5207 ea
1055 5154 1120 5207 de
1147 5167 1204 5206 re
1233 5151 1383 5206 locus
1406 5161 1586 5206 exstat
1621 5152 1838 5206 bomilia
1875 5153 2048 5221 prima
2082 5155 2133 5208 in
2167 5155 2412 5211 Exodutu
2447 5181 2457 5214 :
2490 5179 2508 5212 ι
2537 5159 2595 5214 Si
2632 5160 2789 5224 mihi,
2818 5161 3014 5230 inquit,
3053 5159 3314 5212 Dominus
3346 5171 3481 5211 con-

202 5250 410 5304 cedere
462 5248 785 5318 dignaretur
817 5245 1082 5316 spiritalis
1121 5244 1468 5314 agricultura:
1511 5244 1880 5312 disciplinam,
1920 5245 1962 5300 si
2003 5247 2257 5314 peritiam
2293 5249 2505 5305 colendi
2559 5253 2702 5305 ruris
2733 5252 2984 5316 donaret,
3023 5267 3162 5304 unus
3207 5263 3386 5304 sermo
3411 5261 3478 5302 ex

203 5343 293 5397 his
322 5359 447 5412 qua:
493 5346 720 5399 recitata
752 5351 903 5407 sunt,
938 5343 990 5395 in
1029 5350 1235 5394 tantum
1267 5350 1449 5410 posset
1480 5340 1637 5410 longe
1663 5339 1879 5408 lateque
1905 5340 2149 5410 diﬂ'undi,
2197 5344 2240 5398 si
2278 5334 2454 5401 tamen
2486 5359 2540 5402 et
2579 5348 2886 5401 auditorum
2939 5345 3215 5414 capacitas
3250 5343 3474 5405 sineret,

200 5451 261 5492 ut
293 5439 389 5492 vix
427 5437 583 5490 nobis
637 5435 706 5490 ad
735 5435 1118 5502 explicandum
1149 5434 1425 5488 suiliceret
1472 5433 1610 5487 dies.
1672 5430 2028 5489 Tentabimus
2078 5445 2260 5490 tamen
2293 5452 2390 5505 pro
2435 5439 2646 5494 viribus
2700 5440 2902 5495 nostris
2955 5437 3136 5505 aliqua
3185 5435 3474 5498 disserere,

200 5528 428 5582 etiamsi
484 5541 662 5597 neque
713 5528 871 5582 nobis
902 5528 1159 5581 universa
1193 5525 1488 5596 explicare,
1539 5539 1715 5592 neque
1763 5525 1919 5581 vobis
1967 5537 2162 5582 cuncta
2213 5532 2405 5586 audire
2446 5533 2700 5602 possibile
2747 5531 3025 5601 est;quia
3065 5539 3120 5584 et
3164 5528 3266 5583 hoc
3299 5527 3475 5598 ipsum

199 5635 536 5690 agnoscere,
571 5619 714 5689 quod
749 5635 915 5688 supra
950 5620 1098 5674 vires
1124 5627 1344 5673 nostras
1369 5617 1438 5672 sit
1474 5620 1672 5672 horum
1712 5618 1960 5684 scientia,
1991 5636 2098 5674 non
2130 5636 2315 5689 parvae
2346 5623 2588 5679 arbitror
2615 5640 2735 5680 esse
2761 5625 2992 5694 peritiae.
3023 5641 3042 5674 ι

316 5740 515 5795 Asrtc.
538 5739 648 5795 VII.
688 5757 824 5797 rues
855 5757 1117 5797 paorom'r
1146 5755 1383 5796 uacuus
1410 5756 1600 5803 oursos
1628 5757 1968 5798 uvs'rtconuu
2001 5761 2238 5801 seusuun
2263 5763 2676 5805 INTELLIGENTIA
2713 5764 2952 5804 l-‘ACILIUS
2987 5760 3366 5802 courans'run.

275 5832 466 5886 Prima
507 5835 694 5904 regula
743 5851 863 5905 qua:
899 5835 1172 5905 prmcipue
1219 5836 1272 5889 in
1305 5834 1557 5888 Mosaicis
1593 5834 1746 5890 libris
1796 5835 1975 5892 locum
2015 5839 2196 5908 habet,
2242 5841 2507 5910 ejusmodi
2543 5853 2628 5898 est
2677 5861 2688 5896 :
2739 5841 3057 5912 «Quidquid
3104 5841 3157 5897 in
3192 5839 3474 5912 Scriptura

275 5969 320 6000 "
359 5968 516 6025 Rom.
561 5972 757 6039 $1,153.
841 5973 884 6005 ³³
915 5972 1048 6028 ibid.
1128 5972 1172 6005 ⁸³
1223 5973 1396 6029 lCor.
1445 5990 1502 6042 ll,
1549 5975 1629 6030 ili.
