3978 6532
551 463 623 518 27
1839 459 2122 517 ΡΒᾹΞῈἋῚ

2250 461 2342 516 AD
2380 460 2542 518 TOM.
2583 459 2645 514 ιι.
3741 467 3803 521 εδ

561 588 820 654 mandati,
877 587 1154 656 praecepti,
1188 585 1510 650 testimonii,
1553 584 1800 655 justitite,
1834 585 2050 656 judicii,
2100 596 2234 652 etc.,
2280 586 2504 641 vocibus
2539 581 2891 654 exprimitur,
2946 578 2998 634 id
3051 577 3119 632 ad
3161 577 3400 633 litteram
3448 579 3800 652 accipiendum

557 688 660 741 est,
698 694 794 732 nec
829 678 1108 749 allegoriis
1161 678 1403 748 indiget;
1445 677 1713 748 quidquid
1762 692 1894 732 vero
1928 677 2150 733 nomine
2193 679 2326 749 legis
2360 678 2696 743 declaratur,
2747 675 2800 730 id
2839 671 3126 742 allegorice
3173 671 3617 740 explicandum.»
3681 675 3747 731 Ea
3778 695 3805 734 θ

555 773 724 827 verbo
774 773 839 828 ad
887 773 1112 827 verbum
1141 782 1399 842 excerpta
1431 783 1612 826 estex
1664 772 1889 826 ltomilia
1924 773 2212 828 undecima
2265 774 2316 828 in
2347 773 2631 837 Numeros,
2682 771 2839 841 cujus
2878 769 3252 824 testimonium
3288 783 3450 836 supra
3501 772 3804 835 adduximus

557 867 792 923 articulo
824 870 1091 926 secundo.
1133 867 1305 939 Hujus
1346 882 1510 936 porro
1545 868 1739 936 regula:
1770 882 1967 921 sensus
1997 877 2102 932 est,
2138 869 2574 923 cazremonialem
2608 869 2778 935 legem
2810 874 2978 920 totam
3017 880 3137 920 esse
3165 865 3354 934 ﬁguris
3393 864 3629 935 plenam,
3661 885 3806 928 secus

554 974 685 1014 vero
719 959 891 1029 legem
940 960 1245 1025 moralem;
1276 959 1475 1014 deinde
1524 959 1735 1029 singula
1772 958 2069 1028 Scriptura:
2111 960 2228 1015 loca
2265 977 2386 1030 qua:
2417 962 2483 1015 ad
2518 958 2954 1014 cmrentonialem
3001 959 3174 1030 legem
3224 974 3441 1029 quoquo
3471 961 3630 1015 modo
3677 963 3806 1021 refe-

551 1059 768 1114 runtur,
800 1067 889 1116 ea,
935 1067 1003 1106 ne
1035 1067 1142 1105 uno
1175 1051 1393 1120 quidem
1429 1060 1677 1119 excepto,
1710 1066 1817 1104 non
1863 1051 2176 1118 litteralem,
2206 1053 2299 1106 sed
2334 1053 2552 1107 unicum
2593 1051 2882 1122 mysticum
2915 1065 3133 1106 sensum
3173 1051 3404 1106 habere.
3466 1051 3618 1108 Hanc
3663 1071 3808 1125 regu-

554 1143 662 1198 lam
701 1145 883 1199 ﬁrmat
916 1145 1214 1215 Scriptura:
1247 1157 1421 1199 sacra:
1456 1143 1588 1199 locis
1618 1160 1740 1214 quae
1772 1145 2204 1199 caeremonialem
2237 1145 2407 1212 legem
2441 1144 2641 1215 ﬁguras
2673 1144 2948 1208 habuisse,
2980 1160 3080 1200 nec
3115 1146 3350 1216 amplius
3381 1161 3443 1201 ea
3482 1145 3809 1205 Christianos

549 1236 778 1307 obligari
809 1238 1026 1293 docent.
1073 1235 1227 1293 Unde
1259 1236 1463 1305 colligit
1494 1245 1604 1290 tota
1650 1237 1750 1291 hac
1783 1236 1900 1305 lege
1934 1236 2138 1306 ﬁguras
2169 1237 2443 1301 exhiberi,
2492 1236 2751 1306 omnique
2797 1251 2916 1290 eam
2950 1251 3092 1291 nunc
3138 1252 3333 1293 carere
3369 1253 3532 1293 sensu
3581 1237 3809 1309 litterali,

551 1330 1003 1400 quandoquidem
1036 1345 1099 1385 ea
1129 1329 1242 1398 jam
1295 1329 1457 1385 soluti
1493 1338 1624 1384 sunt
1651 1328 1974 1385 Christiani.
2024 1329 2081 1384 ld
2123 1346 2293 1401 genus
2325 1331 2640 1401 systematis
2669 1330 2782 1399 jam
2823 1332 3183 1402 introspicere
3217 1333 3366 1388 licuit
3399 1332 3621 1387 bomilia
3662 1350 3811 1404 supra

551 1421 724 1478 citata
761 1423 814 1476 in
863 1424 1154 1488 Numeros,
1213 1423 1306 1479 sed
1357 1423 1570 1492 plenius
1617 1422 1976 1476 conﬁrmatur
2020 1424 2379 1492 sequentibus
2435 1423 2786 1480 testimoniis.
2849 1424 3081 1478 llomilia
3133 1424 3367 1494 septima
3416 1424 3469 1478 itt
3502 1421 3813 1489 Leviticum,

551 1514 782 1580 numJ,
835 1515 925 1570 ubi
957 1515 1023 1569 de
1058 1516 1386 1570 mundorum
1421 1527 1474 1570 et
1522 1516 1925 1569 immttndorum
1959 1515 2275 1572 discrimine
2320 1519 2522 1587 agitur,
2552 1517 2633 1571 sic
2664 1518 2908 1586 loquitur
2957 1535 2970 1570 :
3023 1535 3041 1568 ι
3069 1516 3175 1572 Sed
3208 1516 3273 1570 ad
3301 1517 3417 1571 haec
3449 1516 3814 1585 investiganda

554 1603 862 1676 Scriptura:
891 1608 1224 1662 testimoniis
1259 1607 1583 1678 indigemus,
1617 1623 1683 1660 ne
1713 1607 1835 1674 quis
1872 1615 2021 1675 putet
2054 1607 2264 1677 (amant
2300 1611 2441 1663 enim
2479 1609 2728 1664 homines
2756 1623 3025 1664 exacuere
3056 1608 3269 1677 linguas
3299 1623 3428 1663 suas
3456 1617 3518 1660 ut
3545 1605 3814 1676 gladium),

549 1699 763 1768 nequis
793 1709 960 1769 putet,
992 1701 1230 1770 inquam,
1272 1704 1415 1771 quod
1452 1717 1551 1771 ego
1583 1703 1686 1754 vim
1717 1701 1912 1754 faciam
1949 1700 2250 1772 Scripturis
2280 1701 2504 1765 divinis,
2530 1711 2586 1753 ut
2624 1716 2688 1755 ea
2719 1716 2840 1770 quae
2873 1701 2942 1757 de
2970 1702 3320 1764 animalibus,
3355 1700 3814 1767 quadrupedibus,

549 1791 633 1845 vel
667 1793 834 1847 etiam
889 1795 1103 1861 avibus,
1140 1805 1230 1849 aut
1267 1796 1511 1864 piscibus
1562 1795 1778 1848 mundis
1809 1795 1922 1849 sive
1956 1794 2248 1847 immundis
2281 1794 2333 1846 in
2377 1794 2493 1861 lege
2520 1794 2850 1858 referuntur,
2885 1795 2952 1849 ad
3006 1795 3256 1849 homines
3290 1794 3528 1861 traham,
3566 1801 3622 1847 et
3644 1791 3708 1846 de
3729 1793 3818 1846 ho-

549 1882 791 1939 minibus
823 1884 939 1939 lucc
965 1885 1107 1940 dicta
1139 1902 1260 1941 esse
1293 1886 1626 1953 couﬁngam.
1687 1885 1964 1940 Fortassis
1991 1885 2136 1940 enim
2163 1887 2308 1939 dicat
2355 1887 2476 1954 quis
2507 1887 2818 1940 auditorum
2856 1904 2870 1940 :
2896 1886 3008 1942 Cur
3030 1888 3138 1942 vim
3165 1886 3302 1942 facis
3329 1886 3667 1956 Scriptum?
3695 1885 3815 1939 Ani-

547 1979 713 2034 utalia
769 1983 1047 2047 dicuntur,
1081 1982 1336 2036 animalia
1385 1981 1782 2052 intelligantur.
1825 1981 1905 2036 Ne
1950 1998 2081 2053 ergo
2109 1982 2309 2051 aliquis
2351 1983 2470 2036 hare
2505 1983 2793 2052 depravari
2841 1984 3080 2039 lmmano
3111 1984 3297 2039 credat
3328 1984 3574 2054 ingenio,
3608 1993 3818 2052 aposto-

548 2070 651 2128 lica
685 2073 738 2127 in
786 2074 867 2128 eis
916 2074 1212 2128 auctoritas
1241 2073 1514 2127 evocanda
1549 2083 1632 2127 est
1664 2113 1678 2127 .
1701 2114 1716 2128 .
1743 2111 1758 2127 .
1779 2111 1798 2128 .
1840 2073 2041 2128 Paulus
2072 2074 2260 2142 utique
2293 2089 2567 2143 nunquam
2602 2074 2830 2130 auderet
2863 2074 3163 2143 spiritalem
3199 2086 3383 2143 potqu
3434 2084 3493 2128 et
3526 2074 3819 2144 spiritalem

547 2174 728 2215 escam
759 2161 1050 2231 appellare,
1088 2161 1188 2215 nisi
1223 2163 1366 2216 hunc
1399 2176 1522 2216 esse
1569 2177 1791 2217 sensum
1821 2162 2146 2232 legislatoris
2198 2179 2297 2231 per
2329 2163 2584 2218 traditam
2612 2165 2712 2220 sibi
2751 2166 3052 2220 verissima:
3078 2165 3342 2221 doctrince
3369 2166 3659 2221 scientiam
3692 2168 3821 2223 didi-

545 2255 726 2308 cisset.
769 2253 920 2308 Unde
961 2263 1015 2309 et
1043 2254 1171 2309 illud
1205 2256 1355 2310 addit
1388 2265 1647 2326 tanquam
1687 2255 1970 2312 conﬁdens
2020 2265 2073 2310 et
2109 2265 2290 2310 certus
2324 2257 2391 2311 de
2419 2257 2668 2311 ciborum
2697 2259 2907 2312 ratione
2941 2259 3268 2312 ntundorunt
3309 2267 3364 2312 et
3402 2258 3823 2330 imntundorum,

546 2347 689 2416 quod
727 2363 830 2400 non
861 2349 1159 2402 secundum
1193 2347 1453 2411 litteram,
1484 2349 1576 2403 sed
1613 2348 1939 2418 spiritaliter
1968 2350 2308 2404 observanda
2359 2351 2491 2415 sint,
2517 2360 2578 2404 et
2607 2350 2738 2404 dicit
2786 2365 2799 2402 :
2849 2349 3020 2403 Nemo
3051 2366 3175 2419 ergo
3221 2367 3312 2404 vos
3347 2352 3560 2420 judice:
3605 2352 3662 2404 in
3692 2354 3820 2416 cibo,

543 2449 636 2492 aut
675 2447 822 2507 potu,
855 2450 948 2494 aut
981 2442 1034 2495 in
1060 2453 1208 2510 parte
1247 2443 1355 2495 diei
1390 2443 1538 2507 festi,
1567 2451 1657 2493 aut
1689 2442 2000 2505 ueameniie,
2029 2451 2120 2494 aut
2158 2439 2533 2508 Sabbatorum,
2564 2459 2682 2511 qua:
2709 2452 2829 2497 sunt
2859 2445 3045 2496 umbra
3070 2443 3372 2512 futurorum
3398 2444 3464 2500 ³⁸.
3506 2444 3674 2499 Vides
3701 2460 3823 2513 ergo

543 2533 816 2598 quomodo
846 2535 960 2588 htec
1004 2536 1187 2588 omnia
1221 2550 1342 2604 qua:
1367 2537 1433 2590 de
1485 2535 1621 2589 cibis
1653 2535 1734 2588 vel
1768 2543 1896 2603 potu
1949 2534 2191 2604 loquitur
2220 2535 2456 2608 Moyses,
2509 2537 2710 2592 Paulus
2737 2537 2826 2604 qui
2878 2537 3072 2591 melius
3105 2537 3206 2590 ista
3246 2537 3540 2604 didicerat,
3576 2555 3738 2609 quam
3772 2540 3818 2592 hi

545 2625 637 2693 qui
673 2640 816 2678 nunc
843 2625 1052 2693 jactant
1079 2641 1139 2681 se
1173 2639 1293 2682 esse
1321 2629 1595 2692 doctores,
1630 2627 1815 2681 omnia
1845 2627 1958 2682 haec
1995 2628 2240 2683 umbram
2274 2629 2407 2683 dicit
2441 2645 2561 2684 esse
2591 2630 2920 2684 futurorum.
2983 2631 3050 2685 Et
3080 2631 3220 2696 ideo,
3271 2616 3412 2685 sicut
3459 2632 3728 2695 diximus,
3762 2632 3824 2687 ab

545 2717 652 2772 bac
697 2717 884 2771 umbra
917 2717 982 2770 ad
1012 2718 1296 2773 veritatem
1328 2718 1592 2774 debemus
1631 2721 1958 2776 ascendere.
2014 2720 2344 2776 Christianis
2371 2732 2426 2776 et
2472 2736 2500 2774 a
2529 2721 2863 2776 Christianis
2910 2737 3094 2777 sermo
3123 2731 3230 2784 est,
3260 2721 3459 2791 quibus
3492 2721 3823 2789 apostolico-

545 2829 666 2867 rum
693 2813 962 2867 dictorum
997 2814 1163 2866 chara
1213 2813 1374 2869 debet
1423 2829 1546 2868 esse
1577 2814 1900 2872 auctoritas.
1946 2815 2002 2870 Si
2039 2815 2161 2884 quis
2194 2830 2322 2870 vero
2353 2818 2668 2885 arrogantia
2706 2815 2950 2869 tumidus
2988 2815 3284 2884 apostolica
3336 2815 3484 2869 dicta
3517 2816 3826 2870 contemnit

541 2916 640 2959 aut
686 2906 913 2974 spernit,
953 2906 1068 2975 ipse
1101 2906 1320 2960 viderit.
1363 2905 1492 2960 Mihi
1524 2916 1701 2961 autem
1733 2909 1882 2963 sicut
1912 2907 2023 2962 Deo
2060 2917 2116 2963 et
2147 2908 2376 2963 Domino
2408 2908 2534 2964 Jesu
2567 2907 2808 2972 Christo,
2864 2908 2936 2962 ita
2981 2919 3036 2962 et
3067 2908 3326 2978 apostolis
3378 2909 3500 2978 ejus
3547 2910 3826 2963 adltmrere

542 2996 744 3052 bonum
780 3009 885 3061 νει,
923 3007 975 3051 et
1009 3014 1073 3053 ex
1106 2997 1308 3053 divinis
1346 2997 1645 3068 Scripturis
1693 3001 1991 3056 secundum
2037 3001 2279 3070 ipsorum
2316 3001 2662 3055 traditionem
2718 3000 3127 3070 intelligentiam
3167 3016 3384 3070 capere.
3414 3020 3432 3052 ι
3482 3001 3559 3052 Ex
3613 3002 3744 3066 hoc,
3777 2999 3825 3050 ni

543 3087 732 3150 fallor,
774 3088 1088 3144 testimonio
1115 3090 1283 3160 liquet
1315 3089 1579 3161 placuisse
1613 3093 1854 3162 Origeni,
1890 3102 1946 3147 ut
1979 3095 2157 3150 omnis
2182 3096 2585 3150 caeremonialis
2609 3097 2692 3149 lex
2727 3096 3024 3163 allegorice
3055 3109 3218 3146 sensu
3254 3094 3556 3162 accipiatur
3587 3111 3598 3146 :
3629 3111 3700 3147 en
3735 3093 3823 3146 tibi

544 3179 670 3245 alia,
709 3180 850 3236 unde
893 3190 1105 3236 constat
1140 3198 1205 3237 ex
1240 3183 1358 3253 ejus
1391 3187 1657 3240 sententia
1705 3186 1850 3241 onmi
1892 3203 2034 3241 nunc
2070 3203 2191 3242 eam
2251 3187 2464 3240 Iitterali
2513 3204 2638 3256 erga
2682 3188 3025 3242 Christianos
3074 3200 3234 3238 sensu
3289 3199 3498 3240 carere.
3569 3185 3724 3240 Nihil
3767 3185 3826 3236 ad

541 3285 662 3322 eam
699 3287 811 3325 rem
862 3274 1035 3344 magis
1071 3275 1359 3343 disertum,
1392 3294 1554 3348 quam
1588 3282 1730 3350 quod
1765 3282 1840 3334 ait
1889 3283 2110 3338 ltomilia
2143 3292 2294 3336 sexta
2331 3284 2382 3335 ia
2411 3281 2665 3337 Cenesim
2693 3299 2706 3334 :
2738 3298 2754 3330 ι
2788 3280 2942 3345 Quod
2970 3281 3012 3333 si
3043 3281 3275 3334 edocere
3310 3280 3391 3330 vis
3424 3281 3716 3346 quomodo
3750 3279 3826 3329 lex

541 3373 754 3418 mortua
786 3369 878 3430 sit,
907 3367 1192 3424 considera
1225 3381 1281 3426 et
1313 3371 1432 3427 vide
1461 3389 1606 3428 nunc
1640 3375 1936 3441 sacriﬁcia,
1973 3379 2061 3430 ubi
2090 3378 2287 3444 altare,
2321 3377 2409 3430 ubi
2445 3374 2725 3443 templum,
2775 3375 2863 3426 ubi
2895 3373 3326 3441 puriﬁcationes,
3362 3372 3449 3422 ubi
3502 3369 3834 3425 solemnitas

538 3455 762 3512 Pascha:
792 3477 806 3514 :
851 3477 1031 3518 nontte
1065 3474 1278 3520 mortua
1311 3474 1396 3519 est
1444 3466 1497 3520 in
1535 3466 1617 3521 bis
1649 3467 1904 3522 omnibus
1951 3468 2080 3522 lex?
2111 3471 2216 3522 Aut
2250 3470 2292 3522 si
2328 3476 2554 3536 possunt
2591 3465 2678 3519 isti
2707 3466 2869 3518 amici
2923 3477 2976 3519 et
3007 3463 3331 3518 defensores
3381 3463 3606 3525 litterae,
3649 3472 3833 3516 custo-

538 3549 690 3604 diant
739 3551 974 3608 litteram
1009 3557 1160 3627 legis.
1185 3577 1203 3608 ι
1258 3557 1327 3613 Ει
1355 3559 1576 3613 ltomilia
1624 3562 1912 3617 undecima
1946 3563 2000 3616 in
2036 3563 2278 3617 Exodum
2321 3579 2333 3613 :
2377 3579 2396 3612 ‹
2427 3560 2544 3613 Non
2575 3561 2717 3614 enim
2749 3566 2952 3628 potest,
2984 3557 3186 3624 inquit,
3225 3555 3406 3609 facere
3437 3554 3518 3607 lex
3553 3556 3709 3608 sicut
3741 3553 3834 3608 Ju-

537 3641 637 3696 (Ιωί
670 3643 878 3711 dicunt,
915 3650 1040 3716 quia
1076 3650 1384 3705 inﬁrmatur
1411 3651 1498 3704 lex
1525 3652 1576 3705 in
1607 3668 1793 3718 carne,
1822 3654 1875 3708 id
1913 3665 1997 3708 est
2026 3655 2076 3707 in
2116 3655 2319 3713 littera.
2347 3664 2400 3708 et
2430 3652 2566 3706 nihil
2597 3661 2775 3719 potest
2807 3650 3106 3704 secundum
3140 3648 3375 3702 litteram
3407 3647 3594 3701 facere
3635 3665 3653 3704 ε
3700 3646 3833 3700 nihil

535 3733 680 3787 enim
713 3737 780 3790 ad
811 3740 1113 3808 perfectum
1149 3745 1367 3797 adducit
1405 3743 1514 3799 lex.
1557 3744 1868 3798 Se'cundum
1899 3755 2080 3797 autem
2115 3745 2405 3799 consilium
2443 3742 2584 3810 quod
2619 3758 2716 3795 nos
2745 3740 3026 3795 allerimus
3054 3742 3121 3794 ad
3155 3741 3352 3809 legem,
3377 3749 3612 3810 possunt
3647 3740 3832 3792 omnia

535 3827 856 3893 apiritaliter
906 3832 1043 3886 fieri.
1086 3835 1318 3888 Possunt
1366 3844 1420 3888 et
1471 3837 1741 3891 sacriﬁcia
1779 3837 2103 3905 spiritaliter
2153 3836 2365 3903 offerri,
2402 3852 2520 3904 qua:
2552 3837 2714 3889 modo
2766 3833 3066 3888 carnaliter
3102 3849 3206 3886 non
3257 3841 3506 3902 possunt.
3551 3832 3752 3885 Potest
3783 3837 3834 3884 et

536 3917 620 3972 lex
659 3919 819 3988 lepra:
850 3925 1169 3990 spiritaliter
1202 3927 1430 3988 servari,
1462 3943 1583 3995 quae
1613 3931 1915 3982 secundum
1952 3929 2190 3983 litteram
2235 3909 2342 3982 non
2377 3939 2574 3998 potest.
2609 3929 2699 3982 Sic
2733 3943 2862 3995 ergo
2897 3926 3169 3996 quomodo
3196 3940 3292 3978 nos
3316 3925 3596 3980 sentimus
3621 3931 3679 3977 et
3707 3936 3836 3976 coo-

536 4014 716 4070 silium
746 4017 958 4082 damus,
984 4021 1164 4073 omnia
1205 4020 1334 4074 facit
1363 4020 1467 4074 lex.
1503 4022 1811 4076 Secundum
1849 4023 2085 4077 litteram
2121 4033 2303 4077 autem
2343 4040 2448 4077 non
2479 4025 2684 4087 outuia,
2713 4022 2809 4076 sed
2843 4022 3139 4075 admodum
3176 4035 3370 4090 pauca.
3401 4038 3418 4071 ι

609 4107 859 4164 Secunda
902 4111 1107 4178 regula,
1151 4111 1302 4178 cujus
1333 4113 1668 4184 praecipuum
1701 4130 1856 4168 usmn
1888 4129 2008 4168 esse
2040 4115 2152 4167 vult
2211 4115 2262 4168 in
2318 4114 2656 4184 propheticis
2702 4123 2756 4166 et
2788 4112 3069 4166 historicis
3129 4110 3308 4175 libris,
3351 4110 3453 4164 hoc
3508 4117 3834 4163 commento

535 4202 772 4257 nititur:
813 4224 832 4256 ί
890 4205 946 4258 1η
973 4207 1111 4260 coelo
1143 4207 1289 4276 regio
1323 4217 1552 4277 estquae
1579 4207 1798 4273 Iudaeae,
1830 4210 1961 4262 urbs
2012 4224 2130 4276 quae
2177 4207 2556 4280 Jerosolymae,
2595 4209 2825 4278 populus
2867 4207 2956 4274 qui
3005 4204 3230 4258 Judaico
3262 4203 3460 4273 populo
3498 4203 3830 4273 respondet.

534 4297 630 4355 Sic
655 4301 818 4354 etiam
854 4301 1095 4356 cmlcstis
1126 4303 1394 4372 {Egyptus
1430 4312 1534 4367 est,
1572 4303 1813 4359 ccelestis
1845 4303 2107 4375 Babylon,
2137 4305 2382 4358 ccelestis
2414 4303 2608 4365 Sidon,
2633 4303 2872 4357 caelestis
2900 4300 3098 4371 Tyrus,
3128 4307 3182 4351 et
3209 4299 3328 4353 alia:
3351 4298 3629 4367 ejusmodi
3666 4298 3835 4353 urbes

532 4405 590 4451 et
622 4396 760 4460 loca,
799 4411 919 4464 qua:
952 4396 1184 4450 terrenis
1224 4395 1465 4464 ejusdem
1520 4398 1758 4452 nominis
1811 4397 2127 4466 regionibus
2155 4407 2210 4450 et
2252 4398 2571 4451 civitatibus
2603 4396 2953 4464 respondent.
2991 4394 3046 4447 In
3083 4393 3234 4446 hisce
3279 4393 3615 4447 cmlestibus
3652 4395 3838 4464 regio-

531 4488 693 4543 nibus
725 4500 780 4544 et
837 4491 1060 4544 urbibus
1094 4492 1424 4547 domicilium
1465 4503 1550 4547 est
1589 4494 1920 4557 animarum,
1951 4510 2071 4563 quae
2118 4491 2427 4560 principuut
2475 4491 2740 4544 bonorum
2769 4499 2863 4541 attt
2911 4487 3178 4541 malorum
3215 4489 3442 4555 imperio
3479 4489 3831 4543 subduntttr.

531 4579 595 4634 Et
629 4581 1081 4651 quemadmodum
1118 4583 1245 4637 hinc
1273 4586 1599 4640 decedeules
1643 4586 1920 4640 hominum
1971 4585 2165 4639 anima:
2199 4585 2249 4638 in
2293 4583 2562 4648 infernum
2605 4581 2993 4646 detruduntur,
3026 4595 3086 4636 ut
3129 4583 3201 4637 ibi
3255 4581 3480 4635 meritas
3515 4597 3626 4649 pro
3675 4580 3836 4634 malis

529 4675 740 4729 actibus
771 4689 959 4744 ρωηειε
1010 4675 1314 4744 exsolvant,
1348 4678 1428 4732 sic
1484 4679 1624 4731 idem
1662 4677 1836 4733 ferme
1893 4679 1945 4733 iu
1982 4679 2236 4748 superuis
2299 4677 2430 4729 locis
2483 4677 2702 4742 accidit,
2739 4676 2828 4730 ubi
2883 4677 3154 4744 quoddam
3209 4675 3400 4728 mortis
3443 4689 3629 4742 genus
3664 4690 3837 4743 expc-

534 4771 748 4823 riuntur
779 4770 994 4830 animae,
1021 4779 1074 4822 et
1106 4779 1226 4836 post
1250 4771 1406 4825 istaut
1441 4783 1668 4826 mortem
1703 4773 1755 4826 in
1787 4781 1985 4827 terram
2020 4773 2161 4824 hanc
2191 4782 2431 4823 nostram
2457 4777 2711 4837 tauquant
2748 4770 2798 4820 itt
2835 4767 3106 4821 infernum
3138 4767 3583 4834 praecipitantur.
3635 4768 3837 4820 Potest

530 4863 697 4930 igitur
737 4862 852 4913 fieri
886 4869 943 4912 ut
979 4861 1060 4913 ha:
1085 4877 1202 4928 qua:
1255 4865 1306 4916 in
1348 4865 1500 4918 cmlis
1527 4864 1797 4929 habitant,
1854 4863 2068 4926 animat,
2102 4863 2156 4916 in
2215 4873 2372 4916 terra:
2418 4877 2614 4914 nostra:
2672 4863 2846 4912 locum
2887 4860 3006 4928 plus
3047 4861 3290 4912 minusve
3319 4859 3684 4912 commodum
3737 4875 3836 4930 pro

528 4954 949 5026 pracedcntium
983 4962 1199 5008 actuum
1230 4957 1549 5013 diversitate
1583 4959 1962 5022 amandentur,
1992 4957 2179 5024 sicque
2216 4956 2361 5010 verbi
2395 4954 2569 5025 gratia
2618 4970 2648 5008 e
2679 4953 2862 5007 Judaea
2903 4951 3110 5006 ccelesti
3147 4951 3410 5006 oriundus
3456 4951 3728 5008 Israelita
3781 4953 3835 5003 in

531 5045 810 5117 Scythiam
850 5060 1188 5118 terrestrem,
1222 5061 1276 5106 et
1303 5053 1419 5106 vice
1445 5067 1601 5106 versa
1646 5067 1710 5106 ex
1741 5050 1978 5123 Aigypto
2003 5051 2212 5106 ('(elesti
2242 5049 2531 5121 Egyptius
2557 5050 2608 5101 in
2638 5047 2878 5100 Jud:eam
2913 5056 3185 5100 terrenam
3222 5045 3517 5115 relegetur.
3563 5065 3585 5096 ι

604 5139 700 5195 His
733 5141 1071 5197 fundamenti
1104 5146 1220 5198 loco
1255 5145 1466 5211 positis,
1499 5145 1752 5198 secunda:
1778 5145 1976 5213 regulm
2002 5155 2156 5198 tenor
2185 5143 2276 5197 hic
2310 5153 2392 5194 est
2431 5161 2442 5195 :
2483 5160 2500 5192 ι
2536 5141 2809 5208 Quidquid
2857 5139 2908 5192 in
2956 5137 3239 5208 Scriptura
3292 5155 3448 5192 sacra
3491 5139 3567 5193 de
3602 5147 3837 5193 terrena

528 5231 854 5300 Jerusalem,
883 5237 947 5290 de
976 5246 1189 5293 terrena
1221 5236 1472 5309 Egypto,
1507 5237 1570 5291 de
1597 5236 1871 5307 Babylone
1913 5237 2162 5290 terrestri
2247 5246 2300 5290 et
2336 5237 2400 5287 de
2435 5235 2556 5289 aliis
2589 5232 2851 5294 eiusmodi
2904 5231 3056 5293 locis,
3099 5247 3307 5285 necnon
3357 5231 3581 5284 illorum
3630 5232 3837 5285 incolis

529 5326 752 5389 dicitur,
793 5327 844 5380 id
879 5329 944 5380 ad
997 5330 1244 5384 ctelestes
1302 5329 1554 5399 regiones
1591 5331 1862 5396 urbesque
1909 5330 2260 5396 cognomines
2295 5337 2458 5396 atque
2494 5329 2562 5380 ad
2624 5328 2836 5380 illarum
2899 5325 3104 5378 incolas
3161 5323 3502 5377 referendum
3559 5336 3676 5379 est.
3721 5326 3837 5380 lmo

527 5422 828 5492 saepissime
866 5424 932 5476 de
959 5424 1272 5479 crelcstibus
1322 5425 1405 5478 his
1453 5434 1661 5477 tantum
1695 5423 1828 5478 locis
1860 5423 2136 5493 prepheta:
2170 5423 2312 5492 loqui
2351 5423 2450 5477 sibi
2480 5429 2901 5493 promsuerunt,
2933 5435 3054 5474 cum
3097 5419 3163 5472 de
3209 5427 3424 5470 terrena
3470 5413 3834 5479 Jerusalem,

533 5519 598 5572 de
627 5527 843 5572 terrena
880 5518 1136 5589 lEgypto,
1178 5529 1268 5573 aut
1319 5521 1440 5574 aliis
1481 5521 1617 5574 locis
1652 5521 1884 5574 terrenis
1919 5532 2226 5573 sermonem
2283 5520 2487 5572 habere
2535 5518 2807 5579 videntur,
2862 5516 3027 5584 idque
3062 5514 3186 5566 inde
3217 5511 3394 5580 colligi
3448 5521 3649 5579 potest
3678 5516 3834 5583 quod

531 5609 794 5676 ejusmodi
820 5612 1121 5680 prophetia:
1152 5611 1538 5682 mysteriorum
1575 5612 1808 5680 speciem
1844 5626 1956 5679 pra:
1993 5627 2052 5666 se
2098 5610 2298 5675 ferunt,
2338 5610 2616 5678 multaque
2641 5607 2923 5663 continent
2960 5620 3081 5673 qua:
3127 5602 3192 5656 ad
3232 5603 3481 5656 homines
3528 5608 3839 5671 pertinere

531 5715 874 5770 nequaquam
901 5713 1152 5774 possunt.
1190 5723 1209 5756 ι
1251 5707 1436 5759 Exstat
1491 5705 1594 5758 hoc
1625 5705 1959 5772 paradoxum
1989 5705 2086 5762 lib.
2133 5720 2184 5758 IV
2227 5703 2304 5758 De
2350 5701 2651 5772 principiis,
2689 5715 2836 5754 nttm.
2868 5697 2959 5760 ‘20,
2990 5698 3054 5751 21
3087 5708 3141 5752 et
3170 5709 3346 5764 seqq.,
3403 5695 3664 5765 illudque
3722 5699 3837 5753 sibi

531 5801 871 5845 commentus
899 5805 983 5850 est
1004 5793 1271 5865 Origenes
1309 5803 1421 5850 tum
1449 5810 1478 5852 e
1507 5794 1826 5852 discrimine
1853 5798 1995 5866 quod
2025 5796 2180 5866 ponit
2210 5794 2409 5849 l’aulus
2446 5795 2584 5848 inter
2615 5791 2917 5846 lsraelitam
2947 5790 3244 5846 secundum
3275 5802 3495 5846 carnem
3529 5800 3595 5846 et
3643 5792 3837 5848 Israe—

600 5926 646 5960 "
671 5927 876 5985 Coloss.
931 5947 992 6000 ιι,
1045 5933 1141 5992 16.
