3978 6514
238 504 313 561 29
1437 499 1804 555 PREFATIO

1920 504 1935 551 ι
1974 501 2140 557 ΤΟΜ.
2183 502 2248 558 ll.
3421 500 3491 559 50

244 619 398 672 Iitam
450 616 748 673 secundum
804 616 1077 687 spiritum,
1127 624 1238 669 tum
1297 630 1362 671 ex
1388 630 1453 670 eo
1484 620 1626 686 quod
1663 617 1804 672 idem
1835 618 2109 685 apostolus
2139 619 2191 672 in
2222 615 2462 685 Epistola
2505 618 2570 671 ad
2619 619 2840 674 Galatas
2875 618 3006 672 dicit
3059 616 3331 672 caelestem
3365 629 3490 670 esse

238 708 562 766 Jerusalem.
601 710 679 764 Ex
711 709 869 778 hujus
898 710 1146 779 principii
1183 711 1324 765 serie
1347 712 1514 765 etiam
1548 713 1687 765 hanc
1712 712 2022 780 generalem
2071 713 2415 782 propheticos
2468 712 2870 780 historicosque
2904 712 3073 766 libros
3101 709 3491 779 interpretandi

238 805 557 860 methodum
592 806 866 875 proponit,
917 813 972 859 ut
1022 820 1213 875 nempe
1243 806 1502 875 quidquid
1531 805 1583 860 in
1606 806 1711 860 illis
1746 817 1849 872 est,
1879 807 1945 860 ad
1996 807 2169 860 honos
2216 815 2269 861 et
2306 806 2370 858 ad
2407 805 2576 861 malos
2618 807 2836 874 angelos
2904 805 3191 860 referatur.
3280 803 3492 856 Diserte

237 899 371 955 illud
401 902 561 956 docet
589 901 809 956 homilia
842 901 1124 955 undecima
1159 903 1211 956 in
1250 901 1515 957 Numeros
1545 920 1559 954 :
1605 921 1622 954 ι
1656 902 1793 956 Ριιιο
1823 903 1989 966 enim,
2023 903 2218 971 inquit,
2259 903 2383 970 quia
2425 903 2562 956 sicut
2595 902 2839 969 quaedam
2887 901 3101 952 nomina
3138 899 3222 952 vel
3251 898 3491 966 gentium

234 995 322 1048 vel
353 996 661 1064 principum
683 995 735 1048 in
757 995 1051 1065 Scripturis
1082 998 1254 1063 posita
1287 998 1548 1061 videmus,
1569 1013 1686 1066 quae
1715 999 1916 1066 absque
1942 998 2282 1051 dubitatione
2315 998 2381 1050 ad
2412 996 2584 1051 malos
2613 997 2830 1063 angelos
2857 1005 2912 1049 et
2931 997 2996 1047 ad
3019 996 3243 1047 virtutes
3276 1001 3496 1045 contra-

236 1091 351 1143 rias
379 1087 710 1152 referantur,
739 1088 878 1142 sicut
903 1088 1051 1142 verbi
1084 1089 1258 1156 gratia
1290 1088 1498 1142 Pharao
1528 1103 1619 1143 rex
1647 1088 1886 1159 IEgypti,
1916 1090 2417 1145 Nabuchodonosor
2453 1089 2802 1158 Babylonius,
2833 1097 2887 1142 et
2908 1085 3192 1155 Assyrius;
3223 1086 3293 1136 ita
3329 1085 3490 1136 etiam

237 1197 300 1236 ea
332 1197 455 1253 qua:
485 1182 550 1236 de
582 1182 788 1236 sanctis
814 1181 946 1235 viris
976 1191 1031 1236 et
1057 1192 1216 1252 gente
1245 1181 1499 1249 religiosa
1536 1183 1870 1245 scribuntur,
1895 1182 1960 1236 ad
1989 1191 2206 1236 sanctos
2244 1181 2464 1250 angelos
2499 1191 2554 1234 et
2581 1181 2647 1236 ad
2682 1181 2946 1250 benignas
2988 1179 3243 1233 debemus
3288 1174 3494 1230 referre

234 1275 543 1329 virtutes...
579 1275 633 1331 Si
664 1289 795 1344 ergo
829 1275 944 1328 haec
995 1275 1176 1330 omnia
1222 1276 1286 1328 ad
1321 1275 1830 1345 angelosquosdam
1884 1289 2090 1344 magnai
2118 1275 2343 1330 virtutis
2394 1274 2585 1330 referri
2621 1275 2765 1343 cogit
2812 1273 2950 1328 ratio
2996 1271 3262 1336 veritatis,
3316 1282 3496 1323 nonue

231 1368 431 1424 eadem
488 1368 882 1435 consequentia
936 1367 1098 1422 etiam
1131 1383 1252 1437 qum
1299 1369 1366 1423 de
1408 1368 1562 1422 bonis
1597 1367 1678 1422 vel
1721 1367 2054 1436 principibus
2091 1367 2175 1421 vel
2216 1367 2467 1438 gentibus
2499 1368 2936 1431 conscribuntur,
2993 1365 3059 1419 ad
3107 1363 3391 1425 bonarum,
3429 1369 3488 1414 ut

235 1473 408 1525 supra
438 1459 700 1523 diximus,
737 1459 997 1513 virtutum
1033 1459 1253 1530 angelos
1281 1459 1672 1528 ministrosque
1708 1459 2091 1514 referentur?»

314 1549 502 1602 Tertia
519 1549 752 1618 denique
776 1548 1030 1621 Origenis
1057 1550 1240 1622 regula
1259 1551 1522 1622 praecipit,
1545 1570 1564 1604 ι
1591 1561 1649 1606 ιιι
1665 1555 1729 1606 ad
1747 1552 2030 1624 mysticum
2050 1566 2267 1606 sensum
2287 1551 2644 1621 confugiatur,
2669 1551 3016 1607 etdeseratur
3034 1549 3236 1610 littera,
3270 1544 3487 1615 quoties

236 1641 399 1708 falsa,
431 1643 659 1708 inutilis,
692 1642 910 1714 Deoque
949 1644 1166 1716 indigna
1197 1643 1516 1714 reperietur.
1545 1664 1563 1696 ι
1602 1645 1658 1699 ld
1685 1645 1988 1700 necessario
2031 1645 2324 1714 sequiture
2349 1644 2630 1714 principiis
2670 1643 2903 1698 articulo
2928 1651 3124 1712 quarto
3148 1637 3482 1694 constitutis.

330 1759 951 1824 Animadversiones
987 1760 1051 1820 in
1093 1758 1553 1836 Origenianum
1590 1759 1669 1821 de
1706 1758 2043 1841 Scriptura;
2073 1774 2263 1818 sacrae
2292 1757 2782 1834 interpretanda}
2820 1756 3065 1816 ratione
3104 1759 3409 1832 systema.

325 1885 366 1939 1.
397 1883 635 1939 Primum
669 1898 772 1954 ego
803 1898 908 1939 non
939 1883 1152 1939 inficias
1183 1883 1338 1938 ierim
1367 1882 1586 1953 Origcni
1634 1882 1862 1936 multum
1897 1881 2105 1947 deberi,
2153 1885 2297 1952 quod
2331 1881 2631 1951 Scripturae
2681 1895 2853 1937 sacrae
2886 1880 3178 1950 allegorice
3223 1880 3491 1947 interpre-

237 1982 428 2036 tandre
464 1981 781 2036 methodum
821 1995 849 2034 a
891 1979 1036 2036 Celsi
1069 1979 1544 2036 criminationibus
1573 1980 1708 2034 adeo
1742 1978 1908 2034 solide
1939 1977 2318 2044 vindicaverit,
2349 1986 2408 2031 ut
2433 1991 2490 2032 se
2522 1977 2635 2046 ipse
2675 1976 2728 2031 in
2763 1978 2862 2031 hac
2905 1985 3060 2046 parte
3092 1972 3492 2045 quodammodo

238 2091 537 2146 superasse
565 2075 837 2130 videatur.
867 2073 1070 2130 lnvicte
1095 2075 1241 2129 enim
1270 2075 1489 2144 probat,
1518 2073 1804 2143 mysticum
1839 2088 2076 2138 sensum,
2113 2073 2156 2127 si
2192 2087 2277 2126 res
2301 2073 2598 2142 generatim
2617 2081 2910 2140 spectetur,
2939 2086 3041 2126 non
3071 2085 3190 2126 esse
3217 2083 3495 2123 commen-

241 2180 360 2223 tum
394 2169 720 2236 humanum,
747 2168 839 2223 sed
866 2170 1226 2238 ipsa‘rummet
1256 2166 1670 2235 Scripturarum
1703 2165 2034 2220 auctoritate
2066 2165 2183 2230 niti,
2206 2164 2453 2232 nihilque
2487 2179 2776 2218 commune
2811 2165 3012 2219 habere
3046 2159 3492 2226 cum.allegoriis

237 2259 585 2323 Graecorum,
613 2274 730 2328 quae.
759 2259 916 2329 longe
947 2266 1068 2328 post
1099 2269 1254 2313 natas
1276 2272 1464 2312 eorum
1489 2255 1695 2311 fabulas
1726 2256 2042 2326 excogitatae
2072 2265 2217 2318 sunt,
2249 2265 2306 2310 ut
2331 2255 2552 2309 deorum
2581 2269 2714 2323 quos
2750 2255 2953 2319 colunt,
3002 2254 3192 2309 honori
3239 2250 3492 2307 consule-

241 2363 419 2410 retur.
455 2354 659 2408 Deinde
707 2354 889 2423 magni
914 2353 1084 2406 etiam
1118 2352 1375 2421 ponderis
1400 2351 1556 2406 estin
1601 2351 1703 2406 hoc
1741 2361 1961 2406 auctore
1991 2349 2078 2404 illa
2107 2351 2403 2416 confessio,
2455 2351 2716 2420 mysticos
2743 2364 2938 2404 sensus
2972 2363 3078 2402 nou
3103 2347 3305 2417 ubique
3339 2344 3491 2398 Serio

240 2461 531 2520 pturarum
564 2450 823 2519 reperiri;
859 2447 1033 2516 major
1057 2457 1112 2503 et
1147 2448 1259 2515 illa,
1290 2447 1689 2513 difficillimum,
1718 2462 1784 2502 ne
1813 2447 2027 2502 dicatur
2052 2447 2400 2515 impossibile,
2429 2461 2523 2502 eos
2544 2461 2678 2515 quos
2715 2446 2768 2498 in
2799 2460 2856 2499 se
2889 2444 3111 2508 habent,
3141 2442 3490 2511 investigare.

243 2547 493 2614 Denique
521 2544 737 2614 plurimi
771 2545 902 2600 item
933 2545 1312 2599 aestimandum
1343 2545 1487 2615 quod
1513 2545 1647 2600 dixit
1678 2545 1743 2600 de
1784 2544 2016 2600 utilitate
2048 2552 2105 2598 et
2149 2545 2461 2614 praestantia
2498 2540 2748 2596 litteralis
2799 2551 3010 2601 sensus,
3070 2549 3178 2604 quo
3221 2534 3492 2599 integrum

240 2641 524 2711 religionis
553 2649 751 2696 nostrae
785 2640 1070 2695 aedificium
1120 2640 1410 2704 fundatur,
1457 2640 1658 2710 quique
1703 2641 1768 2694 ad
1809 2639 2217 2695 aedificationem
2267 2648 2321 2694 et
2358 2639 2738 2694 documentum
2769 2633 3008 2688 fidelium
3041 2646 3140 2702 per
3181 2643 3241 2685 se
3272 2625 3491 2683 sufﬁcit.

245 2726 415 2783 Hisce
446 2729 752 2783 enuntiatis
787 2727 899 2783 fere
928 2729 1243 2783 continetur
1275 2730 1534 2799 quidquid
1563 2729 1688 2784 boni
1720 2727 2049 2798 Origeniano
2080 2732 2220 2785 inest
2249 2729 2554 2799 systemati.

316 2819 380 2873 ll.
431 2818 540 2874 Sed
583 2820 773 2889 paucis
797 2820 948 2876 hisce
982 2823 1140 2876 bonis
1171 2821 1334 2890 longe
1381 2821 1538 2890 plura
1593 2821 1732 2876 mala
1776 2822 2009 2877 admista
2051 2832 2198 2878 sunt.
2237 2823 2317 2878 Ac
2366 2824 2596 2893 primum
2637 2823 2880 2890 quidem,
2915 2823 3030 2883 illa,
3060 2833 3220 2888 quam
3274 2813 3491 2885 plurimi

248 2927 431 2972 tamen
476 2925 690 2970 veteres
735 2923 793 2968 et
834 2915 1166 2970 recentiores
1217 2916 1448 2985 amplexi
1496 2925 1642 2980 sunt,
1674 2917 1968 2987 Scriptura:
2020 2933 2190 2972 sacrae
2233 2918 2426 2973 divisio
2470 2919 2522 2972 in
2562 2918 2826 2988 triplicem
2879 2931 3121 2977 sensum,
3175 2911 3487 2969 Iitteraletu,

245 3009 508 3064 moralem
533 3018 590 3063 et
622 3007 999 3079 allegoricum,
1033 3023 1280 3064 censurae
1305 3009 1523 3062 videtur
1551 3009 1808 3065 obnoxia.
1839 3008 2060 3065 Moralis
2086 3009 2388 3078 appelletur
2414 3009 2702 3077 cujuslibet
2735 3008 2835 3062 loci
2870 3018 3086 3069 sensus,
3111 3005 3202 3074 qui
3251 3001 3495 3056 moribus

243 3103 552 3157 formandis
583 3102 832 3168 inservit,
869 3117 965 3167 per
995 3116 1082 3156 me
1107 3101 1260 3166 licet,
1291 3103 1450 3157 modo
1496 3103 1726 3158 ulterius
1761 3119 1868 3159 non
1921 3108 2267 3173 procedatur.
2327 3105 2382 3158 Si
2419 3118 2546 3157 vero
2597 3103 2648 3156 in
2695 3099 2916 3171 speciali
2969 3097 3270 3153 collocetur
3313 3093 3494 3147 classe

248 3211 448 3251 sensus
480 3196 729 3262 moralis,
761 3206 816 3251 et
845 3211 875 3250 ιι
907 3197 1128 3251 Iitterali
1157 3199 1521 3253 constituatur
1551 3199 1775 3268 perinde
1807 3201 2058 3256 diversus
2096 3215 2162 3255 ac
2194 3199 2538 3269 allegoricus,
2575 3198 2626 3252 id
2661 3197 2808 3252 nulla
2833 3195 3006 3250 solida
3039 3194 3251 3247 ratione
3277 3191 3493 3254 nititur,

242 3300 297 3344 et
334 3291 638 3358 perniciem
677 3305 858 3345 secum
893 3293 1184 3347 maximam
1217 3294 1400 3358 trahit,
1436 3295 1510 3348 uti
1542 3294 1791 3364 exemplo
1813 3295 2196 3365 comprobatur
2225 3294 2497 3364 Origenis,
2533 3294 2624 3363 qui
2665 3302 2721 3347 ut
2749 3291 3000 3346 litteralis
3029 3303 3219 3344 sensus
3265 3284 3496 3341 difficul-

241 3395 387 3440 tates
416 3373 675 3445 eluderet,
704 3387 766 3440 ad
799 3388 1184 3443 documentum
1217 3390 1438 3460 aliquod
1471 3391 1675 3446 morale
1705 3390 2073 3460 confugiebat.
2108 3391 2189 3444 Ad
2241 3392 2528 3462 mysticum
2557 3391 2774 3458 quidem
2824 3400 3044 3441 sensum
3093 3383 3276 3437 statim
3307 3394 3497 3433 recuro~

241 3496 369 3539 rere
413 3480 712 3546 maluisset,
738 3482 832 3537 sed
863 3484 989 3552 quia
1019 3499 1123 3537 non
1151 3501 1358 3554 semper
1387 3492 1709 3540 occurrebat
1743 3486 1836 3555 qui
1880 3485 1980 3540 sibi
2013 3486 2219 3540 faceret
2268 3492 2426 3547 satis,
2468 3493 2594 3538 tunc
2632 3486 2682 3537 in
2723 3483 2904 3535 anima
2936 3479 3254 3547 Scripturze,
3305 3474 3356 3526 id
3411 3478 3497 3525 est

243 3576 441 3631 morali
481 3591 644 3632 sensu
681 3578 934 3633 haerebat.
970 3578 1422 3633 Animadvertere
1447 3581 1718 3634 debuisset
1758 3581 1991 3649 primum
2025 3579 2320 3632 moralibus
2349 3579 2504 3632 hisce
2532 3576 2892 3638 documentis,
2923 3589 3044 3626 cum
3095 3573 3307 3637 integer
3345 3580 3493 3620 sem-

244 3685 347 3740 per
378 3679 602 3723 maneat
636 3669 886 3725 litteralis
942 3685 1157 3736 sensus,
1196 3681 1351 3725 natas
1398 3686 1462 3724 ex
1516 3680 1634 3725 arte
1665 3672 1859 3725 critica
1893 3669 2239 3726 difficultates
2295 3684 2633 3738 nequaquam
2684 3667 2852 3730 solvi;
2904 3665 3097 3718 deinde
3134 3659 3354 3713 moralia
3388 3657 3494 3710 ista

247 3766 570 3819 documenta
608 3776 736 3819 tunc
764 3765 939 3820 solum
973 3765 1200 3835 alicujus
1227 3779 1347 3819 esse
1378 3766 1554 3832 pretii,
1584 3781 1704 3820 cum
1734 3775 1924 3834 sponte
1952 3781 2046 3820 sua
2089 3781 2120 3820 e
2170 3763 2392 3819 litterali
2444 3778 2606 3816 sensu
2669 3757 2967 3830 profluunt.
2993 3759 3227 3811 Tantum
3255 3756 3406 3807 abest
3437 3758 3497 3804 ut

247 3856 361 3912 hmc
393 3859 444 3912 ei
478 3858 530 3911 in
564 3868 799 3913 mentem
831 3859 1100 3921 venerint,
1133 3868 1190 3912 ut
1237 3859 1418 3928 potius
1465 3858 1518 3912 in
1579 3859 1818 3912 animum
1876 3857 2149 3912 induxerit
2196 3872 2352 3910 suum
2384 3856 2630 3924 quaedam
2677 3867 2798 3906 esse
2846 3851 3141 3917 Scripturae
3183 3847 3326 3907 loca,
3377 3857 3498 3912 qua:

247 3948 542 4004 lilteralem
577 3967 799 4006 sensum
829 3968 1054 4021 prorsus
1087 3953 1404 4014 excludant.
1442 3962 1496 4005 et
1527 3953 1743 4005 unicum
1773 3953 2033 4006 moralem
2064 3952 2351 4005 admittant
2387 3968 2400 4002 :
2433 3949 2576 4017 quod
2614 3948 2838 4001 omnino
2888 3953 3166 4013 repugnat.
3208 3942 3313 3994 Aut
3353 3940 3494 3992 enim

249 4046 468 4100 moralis
499 4047 606 4100 istc
634 4062 831 4101 sensus
863 4063 893 4100 e
924 4047 1214 4102 verborum
1249 4059 1555 4114 vocumque
1583 4046 1986 4114 significatione
2012 4047 2206 4109 oritur,
2242 4055 2297 4097 et
2325 4050 2452 4095 tunc
2496 4042 2746 4095 litleralis
2775 4049 2886 4102 est;
2917 4049 3005 4090 aut
3042 4031 3496 4105 quemadmodum

252 4138 518 4208 principio
551 4144 963 4207 consequentia,
1002 4141 1075 4195 ita
1105 4143 1373 4195 sermonis
1401 4143 1577 4196 littera
1610 4142 1726 4210 ipse
1751 4140 2083 4202 continetur,
2114 4149 2168 4194 et
2201 4151 2326 4196 tunc
2375 4139 2683 4194 necessario
2709 4137 2918 4205 integra
2960 4141 3144 4186 manet
3181 4131 3361 4182 littera
3391 4141 3497 4194 qua

254 4236 507 4297 tanquam
549 4231 664 4283 basi
699 4231 913 4296 nititur,
943 4240 998 4284 et
1028 4232 1170 4285 unde
1199 4233 1430 4286 naturali
1469 4232 1860 4302 consequentia
1890 4232 2155 4286 nascitur.

322 4319 410 4373 ΙΙΙ.
444 4322 795 4376 Paradoxum
837 4322 988 4386 illud,
1041 4338 1149 4392 quo
1184 4324 1351 4377 multa
1390 4324 1522 4378 falsa
1549 4336 1603 4380 et
1644 4341 1825 4380 secum
1863 4326 2154 4396 pugnantia
2212 4325 2265 4379 in
2319 4325 2613 4393 Scriptura:
2653 4323 2834 4376 littera
2880 4322 3054 4389 ponit,
3109 4320 3175 4372 ad
3223 4315 3502 4386 religionis

255 4421 454 4465 nostra:
481 4417 827 4467 eversionem
865 4422 1012 4468 recta
1050 4416 1222 4481 dttcit,
1249 4416 1493 4484 mihique
1521 4419 1734 4485 quoties
1766 4413 1882 4485 ejus
1923 4419 2232 4473 testimonia
2266 4419 2496 4472 articulo
2522 4428 2714 4487 quarto
2752 4417 2916 4468 citata
2966 4414 3144 4478 legere
3187 4411 3453 4478 contingit
3482 4429 3496 4472 ;

254 4503 412 4556 toties
436 4503 620 4574 legere
658 4505 847 4558 videor
873 4520 977 4559 non
1013 4507 1321 4561 testimonia
1351 4507 1584 4562 hominis
1611 4510 1703 4578 qui
1743 4510 2021 4564 ardentem
2067 4523 2282 4578 semper
2348 4509 2401 4562 in
2440 4508 2743 4576 Scripturis
2796 4504 3217 4572 interpretandis
3261 4499 3496 4554 animum

254 4593 512 4650 habuerit
565 4611 886 4666 summaque
917 4613 1131 4668 semper
1161 4615 1255 4655 eas
1291 4602 1637 4656 veneratione
1678 4605 2112 4670 pertractaverit,
2139 4605 2231 4658 sed
2275 4611 2532 4671 excerpta
2574 4601 2819 4668 quaedam
2861 4611 2890 4648 e
2924 4597 3195 4652 volumine
3240 4594 3498 4650 increduli

255 4687 559 4760 cujuspiam
585 4691 675 4758 qui
704 4678 1114 4761 Scripturarum
1140 4693 1426 4747 veritatem
1473 4694 1758 4762 multiplici
1791 4695 2126 4761 obiectorum
2161 4709 2361 4765 genere
2409 4705 2703 4748 concutere
2755 4689 3067 4743 tentaverit.
3124 4686 3290 4738 Miror
3325 4685 3498 4753 ipsum

255 4793 347 4837 aut
375 4799 481 4838 non
521 4783 859 4838 intellexisse
887 4800 1009 4837 cum
1039 4785 1302 4854 ejusmodi
1337 4785 1602 4854 principio
1627 4802 1867 4855 pugnare
1907 4803 2093 4840 earum
2127 4787 2582 4856 iuspirationem;
2620 4792 2732 4848 aut,
2760 4783 2802 4836 si
2840 4782 2891 4835 id
2931 4780 3084 4842 vidit,
3116 4788 3264 4832 tamo
3295 4779 3503 4831 incom-

257 4877 416 4932 modo
449 4877 749 4931 remedium
777 4875 954 4931 afferri
984 4877 1348 4942 existimasse,
1382 4879 1425 4930 si
1462 4877 1603 4931 Deus
1631 4878 1682 4930 in
1717 4878 1970 4931 falsitatis
2009 4878 2445 4932 communionem
2491 4875 2871 4930 adduceretur.
2927 4873 3106 4928 Semel
3156 4869 3502 4940 pessumdata

257 4979 348 5024 aut
377 4968 635 5023 falsitatis
662 4969 979 5023 insimulato
1018 4967 1241 5022 Iitterali
1289 4983 1449 5022 sensu
1482 4969 1548 5022 iis
1587 4970 1638 5022 in
1675 4970 1808 5024 locis
1838 4970 1926 5023 ubi
1975 4986 2162 5024 omnes
2204 4969 2294 5037 qui
2345 4968 2547 5036 requiri
2600 4977 2826 5035 possunt
2868 4968 3218 5022 characteres
3255 4961 3500 5016 historici

257 5058 599 5124 coalescunt,
635 5067 857 5115 corruat
889 5072 1112 5114 necesse
1151 5067 1235 5113 est
1265 5061 1674 5127 Scripturarum
1709 5063 2009 5115 auctoritas
2053 5061 2192 5130 apud
2226 5062 2482 5132 gentiles,
2523 5061 2662 5128 apud
2716 5059 3016 5123 hzcreticos,
3058 5057 3198 5127 apud
3237 5055 3506 5110 Christia-

261 5165 386 5217 nos;
442 5153 586 5221 apud
615 5151 871 5222 gentiles,
901 5151 992 5220 qui
1026 5152 1208 5221 potius
1247 5151 1367 5204 inde
1398 5152 1742 5205 occasionem
1792 5162 2006 5207 sument
2053 5152 2356 5216 rejiciendae
2400 5152 2694 5221 Scripturae
2743 5161 3001 5220 tanquam
3050 5149 3252 5218 Spiritu
3309 5156 3504 5202 sancto

262 5242 519 5311 indignae,
547 5257 710 5310 quam
740 5240 883 5297 illius
911 5241 1202 5310 allegorice
1231 5241 1654 5309 interpretanda:
1704 5245 2084 5299 necessitatem
2140 5245 2434 5314 colligent;
2470 5245 2611 5312 apud
2662 5244 2948 5298 limreticos
2976 5242 3067 5312 qui
3105 5244 3208 5297 hoc
3239 5237 3504 5311 principio

262 5334 574 5401 abutentur,
608 5343 669 5389 ut
701 5349 761 5389 se
782 5348 850 5390 ex
897 5333 964 5389 iis
992 5333 1280 5404 expediant
1326 5333 1460 5388 locis
1490 5349 1610 5403 quae
1639 5343 1825 5390 contra
1878 5351 2004 5391 suos
2035 5339 2272 5405 ipsorum
2305 5352 2521 5391 errores
2561 5347 2842 5407 pugnant;
2910 5336 3144 5403 denique
3170 5334 3311 5402 apud
3341 5329 3503 5385 Chri-

262 5431 489 5492 stianos,
521 5442 661 5498 quos
696 5427 752 5482 in
781 5427 903 5482 fidei
941 5443 1051 5482 stne
1083 5427 1469 5482 detrimentum
1501 5436 1554 5482 et
1580 5428 1630 5482 in
1659 5439 1947 5498 perpetuas
1991 5431 2158 5485 animi
2211 5431 2521 5488 anxietates
2555 5429 2628 5482 ita
2680 5431 2931 5492 adducet,
2968 5437 3024 5482 ut
3069 5425 3310 5496 legendis
3349 5422 3504 5476 Scri-

263 5521 435 5595 pturis
467 5535 690 5590 prorsus
724 5520 1040 5575 renuntiare
1063 5519 1378 5573 maluerint.
1407 5517 1509 5574 Tot
1538 5521 1811 5590 tantisque
1846 5522 2206 5577 incommodis
2237 5524 2560 5592 perterritus
2586 5537 2689 5576 non
2721 5521 3103 5589 estOrigenes.
3137 5516 3284 5572 Adeo
3316 5529 3503 5568 verum

263 5620 362 5672 est,
396 5611 570 5666 semel
605 5611 763 5667 valde
791 5621 1231 5683 praeoccupatum
1267 5612 1509 5665 animum
1545 5614 1689 5668 nulla
1729 5616 1938 5670 ratione
1969 5618 2034 5671 ab
2059 5631 2246 5671 errore
2280 5631 2377 5670 suo
2407 5615 2646 5669 revocari
2680 5630 2858 5683 posse.

333 5701 422 5758 Ν·
453 5703 609 5769 Qum!
659 5720 792 5774 pene
840 5706 1160 5762 incredibile
1191 5708 1424 5776 videtur,
1458 5709 1749 5779 Origenem
1780 5708 1937 5764 latuit
1981 5708 2271 5764 discrimen
2301 5709 2442 5777 quod
2481 5709 2717 5763 litteram
2755 5708 2898 5760 inter
2922 5712 2979 5760 et
3018 5702 3306 5756 verborum
3359 5698 3504 5751 litte-

271 5797 430 5852 ralem
471 5814 691 5854 sensum
742 5802 1054 5856 intercedit.
1091 5802 1295 5857 Littera
1329 5813 1500 5873 potest
1529 5819 1649 5860 esse
1695 5805 1858 5870 falsa,
1905 5813 1960 5860 et
2005 5814 2184 5859 tamen
2233 5804 2574 5860 verissimum
2611 5801 2710 5857 sub
2765 5798 3018 5854 falsitatis
3057 5794 3239 5864 specie
3282 5807 3502 5847 sensum

270 5895 568 5950 continere.
605 5894 659 5950 Id
706 5895 760 5949 in
791 5894 1043 5950 omnibus
1083 5895 1376 5950 enuntiatis
1404 5897 1789 5965 metaphoricis
1813 5897 2096 5967 contingit.
2126 5896 2183 5951 Si
2221 5911 2386 5964 opera
2419 5895 2613 5963 quibus
2642 5893 2827 5946 insunt
2861 5886 3125 5957 ejusmodi
3159 5882 3504 5952 metapitorae,

272 5985 582 6046 licebithoc
617 5987 832 6044 nomine
869 5985 1121 6044 falsitatis
1157 6002 1431 6057 accusare,
1475 5989 1651 6046 nullus
1681 5990 1786 6044 erit
1835 5990 1992 6058 liber,
2036 5990 2124 6060 qui
2165 5989 2489 6045 falsitatibus
2524 5995 2576 6042 et
2603 5981 3128 6040 contradictionibus
3169 5993 3359 6036 carere
3404 5972 3506 6028 dici
