3978 6576
485 490 553 550 δι
1729 493 1813 549 PR
1822 493 2056 548 zEFATl

2150 493 2229 546 AD
2269 491 2427 546 TOM.
2474 491 2534 545 ll.
3661 479 3721 548 3.3

488 612 682 684 possit,
715 629 838 669 cum
871 609 1049 668 nullus
1075 614 1148 668 sit
1177 614 1336 679 liber,
1365 617 1419 668 in
1453 631 1558 684 quo
1589 620 1960 686 metaphorica
1991 630 2180 667 vocmn
2225 613 2550 680 signiﬁcatio
2584 608 2817 676 simplici
2858 617 2911 660 et
2953 604 3174 659 litterali
3213 601 3580 672 intelligentia:
3624 615 3716 660 non

488 705 806 773 frequenter
842 705 1228 760 substituatur.
1266 706 1543 776 Scriptura
1570 725 1724 762 sacra
1764 708 1893 760 nihil
1928 709 2029 761 hac
2059 707 2111 758 in
2148 721 2204 759 re
2231 706 2412 766 habet,
2446 717 2554 771 quo
2577 719 2605 754 a
2629 699 2842 754 caeteris
2878 698 3031 751 libris
3053 707 3394 760 secernatur,
3423 709 3544 746 cum
3575 693 3719 758 Dens,

487 800 580 853 cui
611 799 856 851 homines
889 798 1085 851 docere
1117 799 1450 868 propositmn
1480 798 1600 859 fuit.
1643 815 1702 854 se
1733 799 1920 868 utique
1959 798 2024 851 ad
2072 796 2294 850 humani
2333 793 2601 848 sermonis
2629 791 2842 862 regulas
2877 786 3391 843 acconnnmlaverit.
3433 782 3575 849 Quid
3606 798 3722 853 ergo

487 889 818 942 censendum
845 889 910 942 de
932 889 1185 958 Origene,
1214 890 1330 958 qui,
1361 900 1417 943 ut
1445 890 1784 958 Scripturam
1815 904 2022 942 sacram
2050 885 2378 940 falsitatibns
2427 894 2481 937 et
2518 879 3046 936 contradictionibus
3076 889 3292 932 scatere
3325 877 3538 943 probet,
3576 873 3722 927 multa

492 985 623 1036 citat
657 983 794 1045 loca,
829 999 947 1050 qua:
972 983 1407 1052 tnetapboricum
1451 995 1506 1038 et
1533 986 1873 1039 verissimmn
1905 999 2124 1036 sensum
2165 981 2408 1035 habent?
2459 979 2687 1032 Prorsus
2714 991 2778 1030 ex
2809 975 2993 1030 animo
3035 973 3154 1040 ejus
3193 974 3467 1028 excidisse
3516 986 3726 1042 necesse

490 1086 572 1130 est
601 1077 778 1130 omnia
818 1077 1072 1131 humanae
1122 1077 1551 1130 ratiocinationis
1599 1078 1884 1146 principia,
1925 1092 2046 1129 cum
2098 1075 2292 1127 thesim
2331 1088 2449 1140 qua:
2486 1081 2593 1124 tam
2641 1071 2764 1122 mali
2803 1069 3039 1136 exetnpli
3087 1079 3189 1130 est,
3223 1078 3276 1119 et
3329 1077 3436 1118 tam
3477 1066 3727 1134 prociduo

489 1169 681 1223 nititur
706 1169 1079 1235 fundamento,
1112 1173 1491 1238 pr0pugnavit.
1524 1169 1872 1224 Marcionitas
1900 1163 2207 1221 offendebat
2253 1166 2428 1217 littera
2464 1164 2893 1232 Scripturarum,
2928 1171 3212 1232 propterea
3239 1160 3381 1227 quod
3411 1173 3625 1211 omnem
3665 1156 3725 1210 ab

487 1262 568 1316 eis
607 1264 974 1327 metaphoram
1003 1262 1380 1316 excludebant.
1421 1262 1493 1314 Ex
1539 1261 1727 1314 eodem
1759 1260 1905 1312 fonte
1940 1256 2179 1310 manavit
2228 1255 2534 1310 Judaeorum
2586 1267 2760 1314 error,
2802 1253 2894 1321 qui
2942 1251 3221 1305 Christum
3267 1250 3509 1318 recipere
3553 1248 3725 1301 nolue-

408 1347 416 1354 ’
487 1362 638 1415 runt,
661 1360 717 1404 et
756 1353 1070 1420 prophetias
1099 1354 1167 1406 ab
1193 1367 1256 1404 eo
1288 1351 1607 1420 adimpletas
1635 1351 1802 1403 fuisse
1839 1353 2228 1417 pernegabant.
2263 1346 2345 1398 Ad
2378 1344 2842 1413 grammaticalcm
2874 1343 3108 1398 litteram
3142 1344 3504 1411 accipiebant,
3531 1358 3646 1412 quae
3667 1357 3726 1399 eo

489 1449 704 1496 tantmn
737 1445 963 1498 c0nsi|io
991 1447 1189 1510 scripta
1229 1454 1378 1504 sunt,
1409 1452 1468 1495 ut
1502 1443 1872 1512 metaphoricc
1920 1440 2316 1508 intelligantur.
2355 1437 2631 1505 Ejusmodi
2677 1445 2804 1489 sunt
2865 1437 3005 1500 loca,
3033 1436 3120 1489 ubi
3173 1437 3377 1490 dicitur
3405 1437 3546 1490 Dens
3581 1421 3727 1506 plan-

488 1545 631 1590 tasse
661 1537 969 1605 paradisum
1002 1539 1053 1590 in
1102 1538 1274 1602 Edon,
1316 1547 1479 1605 atque
1509 1537 1560 1589 in
1589 1552 1652 1589 eo
1684 1537 2014 1597 andmlasse.
2063 1545 2167 1588 etc.
2205 1533 2349 1586 Idem
2384 1530 2728 1585 sentiendum
2761 1530 2828 1583 de
2858 1532 3166 1599 przeceptis.
3200 1530 3318 1584 Alia
3357 1542 3484 1585 sunt
3514 1548 3631 1601 quze
3667 1535 3727 1586 ad

488 1628 953 1696 grammaticalem
981 1629 1216 1683 litteram
1257 1645 1360 1682 non
1389 1639 1515 1683 sunt
1544 1629 1884 1696 accipienda,
1914 1629 1997 1682 vel
2038 1644 2160 1696 qua:
2197 1629 2263 1680 ad
2303 1637 2452 1680 certa
2481 1628 2726 1694 quaedam
2755 1633 3018 1693 tempora,
3052 1626 3131 1678 vel
3175 1625 3240 1678 ad
3267 1637 3447 1679 certas
3474 1626 3727 1694 quasdam

487 1733 748 1786 personas
777 1730 901 1774 sunt
924 1723 1320 1790 restringenda,
1344 1722 1645 1789 cnjnsmodi
1676 1731 1800 1772 stunt
1827 1721 1914 1773 illa
1943 1721 2009 1773 de
2043 1721 2256 1773 nemine
2289 1719 2340 1772 in
2371 1720 2452 1771 via
2481 1718 2784 1780 salutando,
2838 1718 2905 1770 de
2945 1717 3142 1769 calceis
3171 1726 3262 1770 aut
3294 1717 3501 1770 duabus
3543 1719 3730 1773 tunicis

484 1827 590 1866 non
624 1816 908 1883 habendis,
944 1819 1008 1872 de
1051 1819 1274 1871 sinistra
1325 1818 1540 1870 maxilla
1595 1817 1885 1884 praebenda
1933 1817 1980 1869 ei
2025 1817 2112 1883 qui
2151 1814 2428 1868 dexteram
2485 1814 2836 1880 percusserit,
2874 1814 2940 1865 de
2989 1812 3168 1873 oculo,
3223 1828 3408 1876 manu,
3469 1813 3602 1878 pede
3675 1818 3726 1864 et

484 1907 704 1960 caeteris
727 1909 1008 1973 membris,
1043 1911 1085 1964 si
1113 1909 1368 1963 seandalo
1405 1907 1628 1969 fuerint,
1663 1908 2007 1972 auferendis;
2041 1909 2144 1961 alia
2173 1917 2299 1963 sunt
2332 1922 2453 1974 qua:
2477 1907 2644 1960 etiam
2671 1920 2776 1958 non
2805 1905 3014 1970 stricte,
3053 1907 3148 1959 sed
3190 1916 3351 1974 prout
3384 1920 3471 1958 res
3501 1905 3729 1957 humano

486 2013 648 2052 sensu
699 2001 958 2054 mstimari
1006 2003 1164 2063 solet,
1196 2000 1544 2069 intelligenda
1593 2011 1722 2056 sunt
1771 2018 1784 2052 ε
1823 2000 2125 2068 cujusmodi
2158 2009 2239 2054 est
2271 2015 2599 2070 praeceptum
2650 2016 2717 2054 ne
2765 2001 2889 2069 quis
2930 1999 3052 2054 loco
3085 2017 3181 2053 suo
3215 2010 3498 2054 moveatur
3551 1999 3601 2051 in
3650 1999 3730 2052 die

484 2089 730 2145 Sabbati.
763 2093 819 2144 Si
866 2093 990 2160 quis
1018 2108 1083 2147 ex
1131 2095 1402 2148 similibus
1452 2094 1714 2162 exemplis
1766 2094 2018 2148 intulerit
2054 2092 2394 2162 Scripturam
2437 2111 2650 2148 sacram
2704 2109 2886 2146 secum
2934 2107 3174 2159 pugnare
3224 2109 3417 2159 resque
3467 2092 3630 2146 falsas
3678 2104 3727 2146 et

481 2179 896 2246 inexplicabiles
922 2186 1227 2249 continere,
1273 2185 1320 2237 is
1369 2183 1618 2254 profecto
1652 2185 1851 2238 misere
1879 2185 2086 2253 vulgari
2117 2185 2340 2238 humani
2375 2186 2641 2239 sermonis
2682 2200 2783 2237 ttsu
2813 2185 3078 2246 abutitur,
3129 2192 3186 2236 et
3223 2193 3410 2251 aperte
3456 2183 3728 2237 hominum

481 2276 791 2331 credulitati
822 2278 1018 2344 illodit,
1052 2282 1252 2348 quippe
1279 2296 1416 2349 quos
1447 2282 1672 2336 inducat
1699 2289 1757 2334 ιιι
1813 2280 1864 2334 id
1915 2295 2012 2349 pro
2039 2281 2114 2333 rei
2157 2279 2390 2336 falsitate
2431 2289 2666 2346 sumant,
2703 2281 2844 2348 quod
2877 2289 3081 2333 tantum
3117 2289 3200 2333 est
3229 2280 3549 2335 elocutionis
3573 2279 3716 2332 falsi-

485 2377 591 2422 tas.
625 2371 801 2439 Atque
837 2373 1042 2425 utinam
1079 2372 1302 2426 ulterius
1332 2387 1654 2442 progressus
1678 2388 1782 2426 non
1813 2373 2009 2426 fuisset
2035 2370 2300 2440 Origenes
2335 2389 2347 2424 :
2391 2372 2606 2427 facilem
2647 2386 2799 2424 mens
2821 2370 2936 2438 ejus
2979 2373 3384 2425 excusationem
3426 2372 3727 2429 habuisset.

480 2463 738 2514 damnato
758 2461 1024 2516 duntaxat
1048 2458 1139 2517 illo
1177 2479 1285 2531 quo
1331 2463 1476 2516 illam
1503 2466 1741 2533 aperuit,
1775 2465 1958 2518 modo.
2004 2463 2201 2516 Verum
2232 2477 2262 2516 e
2297 2462 2480 2516 citatis
2527 2463 2856 2516 testimoniis
2892 2463 3118 2516 nimium
3155 2463 3346 2531 liquet,
3381 2463 3636 2518 falsitatis
3669 2466 3732 2518 ab

478 2553 602 2622 ipso
663 2567 978 2609 accusatum
1013 2559 1178 2610 fuisse
1205 2574 1392 2612 verum
1429 2574 1646 2613 sensum
1693 2557 1982 2611 litteralem
2018 2556 2376 2626 plurimorum
2409 2557 2675 2622 locorum,
2731 2557 2783 2609 in
2834 2555 3032 2623 quibus
3080 2570 3271 2610 omnes
3305 2575 3446 2612 vera:
3495 2558 3732 2612 historia:

478 2643 824 2697 characteres
867 2655 921 2698 et
968 2647 1163 2701 iudicia
1207 2658 1598 2716 agnoscuntur.
1651 2646 1953 2715 cujusmodi
2001 2657 2130 2702 sunt
2197 2648 2425 2701 historia
2465 2647 2782 2711 creationis,
2811 2648 3055 2701 consitus
3106 2648 3158 2702 in
3217 2659 3360 2704 terra
3419 2649 3728 2718 paradisus,

481 2736 725 2789 historia:
752 2737 922 2800 Sane,
976 2739 1258 2804 Rebecca),
1293 2743 1643 2796 obstetricum
1689 2740 2094 2812 Egyptiarum,
2132 2741 2450 2796 tcntationis
2499 2742 2737 2805 Domini,
2771 2753 2826 2794 et
2857 2740 3054 2810 jejuuii
3097 2743 3458 2810 quadraginta
3487 2743 3724 2802 dierum.

482 2836 848 2881 mercatorum
874 2831 925 2882 in
957 2831 1158 2901 templo
1194 2847 1279 2887 res
1306 2848 1437 2886 suas
1461 2833 1838 2897 vendentium,
1869 2843 1920 2887 et
1953 2834 2071 2887 alia:
2108 2830 2376 2901 ejusmodi
2419 2833 2833 2900 quamplurima:
2861 2833 3138 2887 historica:
3184 2834 3549 2886 narrationes.
3582 2831 3724 2886 Non-

479 2920 661 2975 nullas
696 2937 796 2992 pro
829 2925 1066 2980 anilibus
1113 2924 1312 2982 fabulis
1342 2927 1566 2993 habuit;
1618 2928 1670 2980 iu
1708 2928 1831 2982 aliis
1863 2928 2000 2982 dixit
2028 2927 2171 2982 facta
2205 2943 2328 2982 esse
2369 2927 2729 2995 transposita,
2776 2941 2875 2981 nec
2925 2943 2992 2982 eo
3027 2943 3138 2996 quo
3184 2928 3517 2990 referuntur,
3574 2926 3731 2982 modo

476 3014 792 3084 contigisse.
825 3017 902 3071 Eo
929 3019 1092 3072 etiam
1127 3021 1368 3076 audacia:
1401 3023 1567 3084 venit,
1611 3032 1667 3074 ut
1703 3022 1876 3091 legem
1905 3021 2218 3084 Mosaicam,
2247 3021 2292 3075 si
2337 3020 2558 3074 litterali
2609 3035 2773 3074 sensu
2807 3021 3136 3087 accipiatur,
3171 3021 3286 3074 Deo
3345 3021 3628 3089 indignam
3673 3030 3731 3072 et

478 3103 688 3174 legibus
713 3124 858 3163 mere
876 3111 1129 3168 humanis
1167 3113 1480 3169 inferiorem
1525 3115 1924 3184 pronuntiaret,
1958 3129 2063 3170 nec
2090 3113 2250 3168 aliter
2275 3110 2576 3166 affirmaret
2606 3112 2660 3164 in
2698 3121 2816 3166 tuto
2844 3112 2972 3179 poni
3018 3126 3172 3179 posse
3214 3111 3510 3179 Scriptura:
3557 3109 3731 3178 inspi-

479 3198 774 3262 rationem.
813 3217 974 3271 quam
1035 3205 1080 3258 si
1133 3206 1345 3260 dicatur
1379 3205 1644 3275 Spiritum
1690 3217 1938 3260 sanctum
1989 3221 2054 3259 eo
2099 3204 2332 3260 consilio
2381 3204 2748 3274 corporaliter
2797 3205 3082 3256 mentitmn
3133 3218 3252 3256 esse
3301 3212 3357 3256 ut
3405 3204 3730 3270 spiritaliter

476 3303 607 3345 vera
643 3293 870 3362 diceret,
916 3298 966 3352 id
991 3309 1074 3353 est
1112 3299 1378 3355 falsitates
1410 3301 1699 3355 historicas
1727 3301 1988 3367 dictasse,
2019 3302 2120 3356 sub
2147 3316 2376 3372 quarum
2419 3299 2683 3354 velamine
2717 3300 2978 3354 veritates
3044 3299 3366 3368 allegoricas
3401 3297 3726 3353 insinuaret.

553 3381 615 3436 V.
651 3384 694 3437 E
744 3387 919 3442 tribus
969 3391 1171 3462 regulis
1218 3410 1355 3462 quas
1390 3395 1673 3462 preposuit
1705 3393 1992 3464 Origenes,
2024 3405 2081 3448 ut
2110 3397 2462 3466 mysticormn
2490 3408 2748 3449 sensuum
2783 3394 3078 3446 faciliorem
3121 3392 3372 3446 redderet
3420 3391 3726 3462 intelligen-

474 3479 636 3545 tiam,
678 3485 897 3540 tertiam
953 3491 1136 3548 statim
1182 3506 1508 3545 evanescere
1555 3493 1724 3560 liquet
1763 3507 1831 3546 ex
1890 3493 1956 3546 iis
1983 3507 2102 3560 qua:
2153 3507 2317 3560 supra
2369 3506 2398 3543 a
2441 3491 2598 3545 nobis
2637 3493 2922 3543 observata
2973 3499 3122 3544 sunt.
3168 3486 3482 3541 Falsissimo
3531 3488 3730 3556 quippe

473 3567 662 3628 innixa
697 3578 966 3647 principio
992 3583 1199 3652 regula,
1245 3584 1445 3638 nullius
1471 3586 1658 3654 utique
1691 3585 1942 3640 utilitatis
1966 3600 2085 3640 esse
2117 3595 2312 3654 potest.
2350 3585 2431 3638 Ad
2456 3593 2682 3637 crateras
2717 3585 2853 3636 duas
2889 3592 3247 3637 transeamus.
3277 3579 3477 3636 Verum
3510 3579 3726 3648 quidem

472 3674 560 3717 θοι
591 3665 664 3729 id.
706 3671 852 3738 quod
893 3673 1066 3741 prima
1103 3677 1283 3746 regula
1312 3677 1508 3740 fertur,
1541 3677 1978 3731 cmemonialem
2004 3677 2172 3745 legem
2202 3677 2407 3745 figuras
2440 3677 2725 3741 exhibere,
2766 3692 2925 3730 secus
2951 3691 3079 3729 vero
3108 3677 3277 3745 legem
3310 3675 3593 3729 moralem.
3621 3675 3727 3727 Sed

471 3757 576 3813 hoc
609 3766 1018 3830 pronuntiatmn
1051 3784 1159 3824 vnn
1187 3772 1319 3839 legis
1346 3772 1548 3828 habere
1576 3774 1785 3842 nequit,
1820 3773 1924 3826 nisi
1961 3773 2012 3826 id
2045 3784 2280 3840 ponatur
2307 3773 2473 3841 (quod
2505 3783 2684 3826 tamen
2720 3771 2940 3840 speciali
2979 3773 3448 3826 demonstratione
3498 3770 3727 3840 indiget)

477 3854 615 3908 nihil
641 3861 864 3914 omnino
891 3865 1258 3918 caeremoniali
1287 3866 1392 3935 legi
1419 3867 1600 3921 inesse
1627 3866 1771 3935 quod
1801 3865 1988 3936 tignris
2011 3876 2222 3919 careat.
2258 3866 2333 3919 Ita
2375 3867 2590 3934 quidem
2630 3865 2799 3920 sensit
2844 3866 3126 3934 Origenes,
3169 3866 3262 3920 sed
3305 3881 3403 3920 nec
3444 3865 3576 3933 ipse,
3628 3879 3728 3919 nec

471 3949 611 4005 alius
645 3965 764 4022 post
799 3957 973 4023 ipsum
1008 3959 1270 4027 ejusmodi
1305 3963 1574 4032 principio
1603 3963 1899 4017 astruendo
1929 3980 2028 4032 par
2057 3962 2178 4018 fuit.
2219 3964 2290 4018 Ea
2317 3979 2438 4033 quae
2479 3964 2742 4035 Origenes
2789 3965 2998 4034 profert
3039 3965 3339 4034 Scriptura:
3387 3964 3721 4028 testimonia,

471 4041 731 4098 evincunt
756 4047 973 4114 quidem
1000 4066 1122 4105 esse
1147 4053 1405 4108 nonnulla
1435 4055 1826 4110 ca:remonialis
1859 4055 1991 4124 legis
2031 4056 2147 4110 loca
2171 4071 2289 4124 qua:
2313 4057 2669 4122 allegoricum
2715 4072 2932 4111 sensum
2971 4059 3268 4126 patiantur,
3293 4057 3386 4111 sed
3436 4055 3568 4110 nihil
3610 4070 3727 4108 am-

471 4131 616 4201 plius
643 4134 768 4191 inde
800 4141 1106 4198 coniicitur.
1141 4145 1501 4202 Validissimis
1548 4148 1851 4202 rationibus
1879 4164 2017 4218 opus
2057 4158 2140 4203 est
2179 4159 2239 4202 ut
2279 4149 2508 4204 ulterius
2537 4166 2704 4220 quam
2757 4150 2986 4220 apostoli
3026 4149 3296 4220 progressi
3334 4159 3484 4213 sunt,
3529 4161 3723 4216 proce-

473 4225 667 4295 datur;
695 4243 752 4286 at
780 4235 971 4290 validae
1001 4240 1117 4290 istae
1142 4240 1382 4296 rationes
1409 4241 1676 4297 hactenus
1702 4244 1754 4298 in
1786 4243 1959 4298 lucem
1992 4259 2098 4298 non
2129 4244 2466 4312 prodierunt,
2506 4261 2604 4300 nec
2634 4260 2758 4313 spes
2783 4255 2869 4298 est
2914 4261 3154 4314 unquam
3198 4245 3529 4314 proditurus.
3563 4243 3724 4297 Certe

470 4319 788 4391 quicunque
813 4326 1056 4397 singulas
1086 4329 1316 4386 Levitici
1348 4344 1441 4387 aut
1465 4333 1635 4388 Exodi
1662 4345 1843 4404 partes
1873 4337 2121 4405 neglecto
2153 4336 2377 4389 litterali
2408 4351 2571 4390 sensu
2604 4335 2894 4404 allegorice
2926 4338 3191 4390 duntaxat
3231 4336 3506 4404 explicare
3547 4343 3726 4388 tenta-

471 4425 622 4477 runt,
655 4417 822 4472 risum
876 4425 1130 4480 omnibus
1173 4442 1318 4482 nunc
1369 4439 1588 4484 movent
1633 4430 1745 4485 suis
1795 4431 2114 4500 plerumque
2167 4431 2386 4486 insulsis
2435 4431 2732 4498 allegoriis,
2771 4432 2971 4495 quibus
3009 4429 3418 4499 Scripturarum
3463 4427 3724 4497 majestas

469 4504 802 4574 deprimitur
827 4523 881 4568 et
913 4519 1294 4574 conculcatur.

544 4598 696 4654 Alius
724 4619 882 4658 error
911 4617 992 4661 est
1021 4612 1249 4666 credere
1275 4619 1708 4673 caaremonialem
1739 4618 1933 4690 legem,
1966 4630 2252 4690 postquam
2283 4621 2543 4687 abrogata
2577 4629 2661 4675 est
2689 4630 2744 4674 et
2774 4620 3054 4674 observari
3086 4619 3269 4684 desiit,
3303 4617 3526 4672 litterali
3556 4632 3720 4672 sensu

472 4700 688 4758 οπετε.
723 4699 806 4752 νει
833 4702 1024 4756 saltem
1057 4707 1274 4764 litterali
1301 4727 1461 4766 sensu
1492 4730 1598 4769 non
1627 4715 1861 4784 amplius
1889 4730 2010 4770 esse
2043 4716 2527 4784 interpretamlam.
2564 4716 2656 4769 Vix
2689 4715 2902 4782 concipi
2947 4724 3127 4782 potest
3154 4715 3423 4781 quomodo
3451 4711 3721 4781 ejusmodi

474 4796 842 4845 commentum
883 4797 934 4848 in
968 4796 1219 4868 Origenis
1255 4814 1434 4860 mente
1488 4818 1672 4862 natum
1720 4809 1809 4862 sit.
1845 4807 1971 4862 Sive
2015 4809 2358 4868 observetur,
2391 4810 2504 4860 sive
2553 4821 2657 4860 non
2717 4809 3043 4862 observetur
3079 4815 3427 4874 praeceptum,
3481 4807 3526 4859 is
3555 4821 3720 4872 quem

472 4878 735 4968 Ῡουιίηθι,
763 4900 956 4940 sensus
987 4890 1038 4943 iu
1087 4903 1319 4963 utroque
1343 4912 1471 4951 casu
1520 4900 1744 4968 perinde
1783 4915 1843 4954 se
1891 4900 2056 4954 habet
2083 4909 2136 4954 et
2161 4899 2299 4952 idem
2331 4914 2546 4968 semper
2572 4899 2840 4954 subsistit.
2871 4897 3177 4952 Etiamnum
3223 4912 3254 4950 e
3302 4895 3414 4949 sola
3467 4895 3722 4950 Mosaicae

470 4963 609 5036 legis
648 4971 833 5030 littera
865 4978 932 5031 ad
966 4981 1446 5041 demonstrandam
1482 4963 1720 5043 Judaica‘.
1752 4989 2031 5058 religionis
2057 4990 2400 5044 divinitatem
2438 4963 2493 5044 et
2529 4988 2938 5044 Christianismi
2986 4991 3354 5059 praestantiam
3395 4987 3567 5057 major
3621 4989 3718 5041 lux

472 5061 720 5134 atTertur,
760 5086 920 5136 quam
953 5090 1018 5127 ex
1055 5080 1329 5146 omnibus,
1363 5097 1498 5149 quas
1537 5094 1648 5136 tum
1676 5092 1910 5149 veteres,
1953 5091 2064 5136 tum
2114 5084 2450 5138 recentiores
2495 5097 2592 5152 pro
2631 5081 2856 5136 arbitrio
2885 5083 3292 5150 exrngitarunt,
3317 5079 3594 5147 allegoriis
3656 5077 3717 5131 in

465 5170 637 5214 unum
665 5178 860 5236 corpus
885 5169 1125 5227 collectis
1147 5183 1200 5227 et
1230 5178 1498 5234 adornatis.

544 5251 797 5314 Secunda
843 5279 1059 5334 quoque
1089 5267 1346 5337 Origenis
1395 5273 1578 5340 regula
1631 5272 1818 5342 paucis
1850 5273 1994 5329 veris
2041 5273 2272 5343 plurima
2307 5273 2566 5342 permista
2620 5273 2782 5327 habet
2831 5272 3058 5325 multum
3111 5283 3363 5324 erronea.
3403 5268 3454 5322 Id
3496 5267 3716 5336 quidem

466 5349 811 5407 verissimum
841 5367 924 5410 est
959 5362 1100 5425 quod
1128 5363 1284 5416 docet
1322 5361 1542 5428 Paulus,
1578 5367 1854 5420 cwlcstem
1906 5380 2026 5420 esse
2079 5366 2408 5432 Jerusalem,
2440 5366 2596 5434 cujus
2641 5375 2798 5436 typus
2851 5375 2934 5420 est
2965 5363 3267 5418 Jerusalem
3311 5373 3560 5426 terrena;
3617 5361 3716 5414 sed

467 5439 591 5493 inde
622 5445 906 5512 consequi,
946 5459 1003 5500 ut
1041 5465 1377 5520 qmecunque
1414 5458 1480 5508 de
1534 5463 1750 5509 terrena
1804 5455 2102 5510 Jerusalem
2136 5467 2189 5510 et
2223 5457 2601 5524 adjacentibus
2631 5459 2677 5512 ei
2715 5457 2845 5511 locis
2878 5457 3154 5523 dicuntur,
3207 5473 3266 5512 ea
3315 5457 3382 5510 ad
3432 5455 3714 5509 caelestem

462 5529 766 5588 Jerusalem
797 5533 907 5590 sint
935 5541 1240 5609 referenda,
1280 5545 1329 5598 id
1358 5561 1487 5600 vero
1506 5563 1604 5601 nec
1631 5551 1968 5616 conceditur,
2011 5568 2033 5602 ιι

2143 5552 2204 5604 ab
2230 5551 2466 5619 Origene
2507 5550 2935 5605 demonstratum
2970 5562 3074 5616 est,
3107 5566 3203 5604 nec
3230 5549 3413 5603 simile
3433 5547 3714 5616 quidpiam

470 5626 540 5679 ab
566 5629 824 5696 Apostolo
858 5636 1157 5703 profertur,
1191 5639 1280 5707 qui
1317 5641 1484 5694 multo
1514 5642 1692 5696 minus
1724 5645 1964 5712 loquitur
1987 5646 2052 5700 de
2080 5645 2424 5714 Origenianis
2453 5643 2558 5697 illis
2604 5644 2655 5696 in
2689 5645 2825 5698 cmlo
2869 5645 3169 5698 animarum
3205 5640 3554 5701 habitaculis,
3591 5651 3717 5708 qua!

465 5718 721 5792 Egypto,
757 5729 1038 5801 Babyloni,
1090 5731 1252 5804 Tyro,
1289 5735 1474 5790 Sidoni
1545 5748 1599 5791 et
1645 5739 1768 5792 aliis
1816 5741 2043 5793 terrenis
2073 5739 2205 5792 locis
2260 5738 2645 5806 respondeant.
2673 5739 2858 5806 Apage
2898 5737 3178 5807 profanam
3209 5737 3367 5790 istam
3394 5742 3449 5786 et
3478 5731 3716 5785 monstri

469 5817 699 5877 similem
728 5821 1048 5880 Platonismi
1089 5839 1142 5882 et
1175 5828 1577 5898 Pythagorismi
1610 5848 1734 5886 ctnn
1768 5832 2069 5901 Scripturis
2098 5831 2298 5885 nostris
2323 5831 2628 5886 misturam.

557 5906 630 5962 Ex
660 5909 820 5968 dictis
854 5913 1018 5985 igitur
1051 5916 1219 5987 liquet
1247 5918 1450 5978 nullius
1478 5921 1588 5978 fcrc
1613 5937 1732 5980 esse
1762 5924 2015 5982 utilitatis
2044 5941 2128 5996 prii

2143 5925 2346 5994 positas
2372 5922 2437 5977 ab
2466 5922 2697 5994 Origene
2733 5922 2966 5992 regulas,
3002 5939 3120 5994 qua:
3151 5939 3218 5979 ne
3255 5922 3452 5978 nodum
3489 5920 3712 5992 quidem
