3978 6522
330 433 400 488 57
1566 436 1901 492 ΡκλἘῈΑΤΙι

2031 437 2074 491 Ι)
2125 436 2285 492 TOM.
2325 436 2387 493 li.
3534 441 3601 493 53

329 552 531 619 injecta
565 551 848 612 mentione
878 552 1110 610 effossos
1132 553 1199 608 ab
1228 553 1508 610 Abraham
1567 565 1758 625 puteos
1808 555 1859 609 in
1897 553 2193 626 allegorias
2227 553 2478 623 traxerit,
2515 556 2605 626 qui
2669 573 2762 613 sua
2821 566 3000 612 tamen
3041 563 3204 611 aetate
3252 569 3592 624 supererant.

326 645 644 718 Respondet
696 647 950 712 ilnetius,
983 649 1031 701 ei
1065 647 1157 714 qui
1185 654 1266 702 tot
1297 662 1472 702 annos
1523 647 1576 702 in
1615 645 1800 702 Judaia
1833 654 2194 716 transegerat,
2219 657 2432 716 ignotos
2466 661 2590 704 esse
2625 665 2733 704 non
2779 649 3026 718 potuisse
3072 647 3336 718 ejusmodi
3383 655 3576 716 puteos

331 738 538 796 Verum
592 754 772 794 annon
823 741 926 795 hoc
976 740 1095 808 ipso
1134 741 1490 796 excusatione
1535 742 1713 795 minus
1763 739 1960 810 dignus
2002 750 2086 794 est
2136 739 2424 810 Origenes,
2477 744 2620 810 quod
2665 759 2778 797 rem
2821 744 2873 797 in
2921 742 3209 812 propatulo
3254 741 3516 812 positam,
3546 753 3599 798 ct

324 832 576 889 omnium
617 833 788 888 oculis
817 832 1059 898 obviam,
1083 834 1240 902 quasi
1267 833 1701 887 commentitiam
1739 847 1803 886 ac
1840 832 2088 886 tictitiam
2140 833 2482 886 traduxerit?
2511 833 2671 888 Certe
2710 833 2929 888 homilia
2959 833 3170 887 decima
3221 832 3274 886 in
3319 830 3572 887 Genesim

325 940 492 995 quam
549 924 745 980 iiuetio
771 925 989 979 videtur
1021 928 1338 996 designasse
1366 924 1706 990 Eustathius,
1734 925 1785 979 id
1822 924 1984 1003 habet
2019 937 2033 974 :
2069 941 2085 974 ι
2133 923 2290 993 δωιιθ
2342 923 2452 994 jam
2501 925 2611 980 dixi
2665 925 2806 996 quod
2843 926 2896 979 in
2927 925 3011 980 his
3043 940 3146 980 non
3189 925 3428 980 historiae
3470 938 3579 978 nar-

325 1027 542 1080 rantur,
598 1018 692 1072 sed
719 1020 976 1088 mysteria
1004 1025 1385 1072 contexuntur.
1428 1035 1446 1068 ι

403 1113 649 1167 Alteram
675 1109 893 1183 Origeni
928 1111 1305 1166 defensionem
1353 1111 1554 1180 praebet
1585 1107 1837 1174 Huetius,
1871 1123 1992 1178 qum
2029 1107 2218 1176 utique
2247 1108 2474 1174 nemini,
2513 1109 2726 1178 Opinor,
2761 1109 3103 1180 probabitur.
3131 1108 3372 1177 Primus,
3399 1107 3597 1181 inquit,

325 1208 478 1263 hunc
502 1207 930 1275 interpretanda!
958 1205 1258 1275 Scriptura:
1313 1218 1522 1259 morem
1559 1219 1668 1257 non
1706 1203 1934 1257 invexit.
1971 1202 2118 1256 Inter
2161 1201 2394 1267 Judwos,
2428 1203 2822 1272 Tlierapeutas,
2873 1203 3265 1266 Arismbulum,
3312 1214 3365 1257 et
3417 1205 3600 1259 Philo~

327 1317 500 1367 nem;
563 1301 705 1355 inter
753 1301 1009 1369 gentiles,
1071 1300 1482 1354 Chaeremonem
1541 1299 1811 1363 Stoicum,
1847 1297 2172 1361 Cornutum,
2222 1296 2591 1353 Metrodorum
2650 1299 3108 1370 Lampsacennm,
3164 1308 3220 1353 et
3259 1299 3598 1356 Heraclidem

326 1394 618 1452 Ponticum
649 1397 884 1464 praevius
910 1398 1077 1452 duces
1108 1396 1338 1461 habuit;
1371 1395 1513 1449 inter
1534 1395 1876 1449 Christianos
1904 1407 2034 1447 vero
2063 1393 2341 1462 apostolus
2365 1393 2563 1448 Paulus
2584 1395 2631 1449 ei
2663 1396 2932 1465 prmcipue
2961 1404 3150 1448 auctor
3185 1395 3306 1461 fuit,
3339 1410 3437 1448 cur
3470 1394 3600 1450 alle-

327 1495 542 1562 goricas
574 1491 942 1559 expositiones
984 1501 1312 1547 sectaretur.
1347 1491 1512 1546 Docte
1538 1489 1757 1560 quidem
1797 1489 1913 1543 haec
1943 1488 2149 1551 omnia,
2176 1488 2269 1542 sed
2303 1503 2405 1542 non
2431 1489 2664 1543 advertit
2690 1490 2914 1543 llnetius
2951 1506 3055 1543 non
3101 1490 3150 1543 id
3198 1489 3364 1559 quaeri
3419 1497 3597 1542 utrum

327 1587 546 1655 primus
575 1587 723 1641 hunc
781 1601 992 1641 morem
1044 1587 1312 1642 invexerit
1360 1584 1648 1657 Origenes,
1678 1585 1776 1640 sed
1834 1594 2012 1638 utrum
2056 1599 2176 1638 mos
2232 1584 2332 1638 iste
2385 1585 2555 1639 bonus
2585 1585 2655 1639 sit
2686 1595 2741 1640 et
2770 1587 3079 1640 sectandns.
3124 1583 3598 1654 Supervacaneum

329 1680 500 1749 igitur
531 1690 615 1736 est
643 1680 929 1751 gentilium
963 1690 1017 1735 et
1050 1679 1365 1736 Judaeorum
1399 1679 1731 1748 exemplum,
1766 1679 1868 1734 nisi
1901 1679 2115 1734 veritati
2149 1688 2574 1735 consentaneum
2609 1681 3034 1734 demonstretur.
3071 1680 3150 1734 Ad
3203 1679 3428 1733 Paulum
3459 1679 3602 1748 quod

329 1776 552 1844 attinet,
585 1776 894 1846 allegoricae
919 1775 1137 1846 quidem
1175 1777 1430 1833 methodo
1454 1776 1837 1831 auctoritatem
1862 1775 2139 1840 conciliat,
2157 1775 2250 1831 sed
2283 1790 2388 1829 non
2414 1791 2500 1842 eo,
2526 1791 2633 1846 quo
2664 1776 2750 1830 illa
2779 1777 2981 1830 abusus
3007 1784 3088 1830 est
3113 1775 3395 1844 Origenes,
3423 1777 3600 1829 modo.

328 1871 523 1941 Neque
557 1876 702 1926 enim
739 1873 940 1942 ﬁguras
975 1873 1027 1926 in
1076 1875 1224 1928 omni
1271 1881 1381 1927 tum
1424 1872 1602 1928 Veteri
1663 1882 1772 1927 tum
1832 1871 1986 1926 Novo
2037 1871 2389 1926 Testamento
2435 1872 2848 1937 consectandas,
2903 1887 3002 1926 nec
3055 1870 3341 1924 litteralem
3384 1883 3602 1924 sensum

330 1967 547 2033 uspiam
591 1967 1024 2036 proculcandum
1049 1976 1101 2022 et
1125 1969 1585 2023 contemnendum
1613 1983 1732 2022 esse
1776 1968 1934 2022 docet
1961 1967 2269 2036 Apostolus.
2296 1966 2379 2021 Sit
2410 1968 2570 2039 igitur
2603 1969 2715 2023 haec
2741 1979 2922 2022 nostra
2955 1968 3254 2030 conclusio,
3279 1980 3400 2020 cum
3427 1965 3539 2036 jam
3572 1979 3601 2016 a

325 2057 522 2112 multis
553 2059 710 2113 annis
742 2061 787 2113 is
828 2073 948 2114 tnos
979 2059 1293 2125 inVaIuerit,
1327 2068 1388 2114 ut
1418 2061 1509 2129 qui
1565 2060 1797 2129 alicujus
1821 2059 2066 2113 auctoris
2118 2073 2286 2129 opera
2332 2060 2384 2112 in
2442 2059 2616 2113 lucem
2650 2059 2963 2130 proferunt,
2991 2075 3136 2123 cum,
3167 2069 3426 2128 quantum
3461 2059 3514 2111 in
3546 2074 3606 2113 se

327 2163 437 2218 est,
467 2155 536 2208 ab
566 2153 822 2224 impactis
850 2155 1172 2210 criminibus
1220 2155 1474 2223 liberent,
1504 2171 1568 2210 eo
1603 2169 1820 2225 qucque
1851 2169 2004 2208 more
2047 2154 2225 2224 abripi
2272 2169 2332 2209 se
2375 2169 2591 2222 passum
2635 2171 2755 2210 esse
2797 2153 3070 2218 lluetimn,
3120 2155 3273 2222 cujus
3322 2155 3365 2210 si
3419 2154 3605 2208 irritus

325 2258 569 2303 conatus
599 2247 722 2314 fuit,
763 2263 870 2303 non
903 2250 955 2304 id
1002 2248 1289 2318 imperitia:
1327 2249 1458 2303 vitio
1495 2264 1601 2317 quo
1640 2264 1746 2302 non
1775 2247 2049 2302 laboravit
2078 2247 2432 2302 doctissimus
2479 2247 2695 2316 praesul,
2747 2248 3090 2303 tribuendum
3131 2257 3234 2313 e-t,
3274 2249 3366 2301 sed
3405 2249 3602 2302 intole-

329 2341 522 2395 randis
560 2340 817 2410 Origenis
847 2344 1187 2410 excessibus,
1217 2343 1308 2414 qtti
1337 2341 1566 2396 omnino
1600 2341 1705 2410 tegi
1733 2351 1789 2395 et
1815 2339 2143 2395 dissimulari
2175 2355 2277 2394 non
2310 2349 2622 2409 potuerunt.

404 2455 496 2510 IX.
538 2459 829 2530 Origenem
864 2477 986 2536 post
1014 2475 1222 2522 tantam
1245 2466 1413 2521 animi
1443 2464 1524 2520 sui
1561 2465 1614 2518 in
1644 2462 1927 2532 Scriptura
1954 2478 2111 2517 sacra
2132 2462 2420 2532 allegorice
2451 2463 2764 2528 exponenda
2790 2459 3280 2528 intemperantiam,
3316 2457 3604 2512 multorum

330 2565 565 2608 censura
590 2565 842 2613 vexatum
868 2559 1036 2617 fuisse
1063 2562 1196 2616 nihil
1229 2563 1451 2615 mirum.
1484 2561 1617 2615 illud
1649 2558 1820 2626 magis
1861 2560 2108 2612 demiror
2140 2559 2416 2626 quomodo
2445 2573 2508 2611 ea
2543 2559 2595 2610 in
2638 2572 2698 2612 re
2744 2555 3060 2610 defensores
3107 2556 3306 2610 habere
3349 2554 3602 2623 potuerit.

332 2641 390 2697 ld
427 2646 622 2702 saltem
647 2649 712 2705 iis
741 2654 935 2721 quibus
970 2655 1131 2721 prisci
1167 2653 1356 2709 Patres
1383 2652 1720 2708 venerationi
1751 2661 1899 2717 sunt,
1930 2651 2128 2704 solatio
2170 2659 2258 2704 est
2289 2691 2302 2714 ,
2331 2650 2473 2719 quod
2504 2665 2638 2718 quos
2673 2647 2966 2717 antiquitas
2995 2647 3165 2714 magis
3190 2646 3605 2707 commendavit,

338 2737 374 2791 ii
408 2753 600 2808 aperte
631 2747 942 2816 acriterque
974 2749 1024 2802 in
1081 2750 1230 2804 illntn
1278 2749 1700 2815 insurrexerint,
1740 2748 2040 2818 repudiatis
2073 2746 2189 2799 fere
2221 2746 2472 2799 omnibus
2515 2761 2635 2814 quae
2671 2746 2721 2798 in
2769 2744 2884 2811 ejus
2926 2745 3176 2798 methodo
3232 2743 3405 2814 magis
3447 2743 3604 2795 noxia

338 2836 616 2895 videntur.
647 2842 971 2900 Eustathius
1012 2847 1066 2900 in
1102 2862 1353 2902 sermone
1374 2846 1452 2902 De
1502 2846 1851 2916 venti-iloqna,
1877 2846 1940 2900 de
1973 2860 2038 2899 eo
2071 2845 2152 2899 sic
2192 2843 2460 2912 loquitur:
2483 2842 2617 2908 «Qui
2663 2841 2845 2895 omnia
2886 2839 3183 2910 Scriptura:
3217 2841 3374 2893 verba
3407 2838 3608 2905 allego-

342 2926 439 2980 riis
461 2944 739 2999 exponere
781 2950 949 2989 ausus
983 2944 1086 3001 est,
1125 2938 1226 2991 hoc
1255 2937 1426 2991 solum
1456 2939 1521 2990 ad
1559 2937 1792 2992 litteram
1827 2935 2042 2990 tradere
2087 2951 2191 2989 non
2224 2933 2515 2988 erubescit.
2543 2934 2797 2999 Quinimo
2845 2934 2913 2986 de
2960 2933 3232 2999 paradiso,
3265 2947 3424 2998 quem
3469 2930 3610 2985 Deus

345 3019 397 3073 in
428 3021 595 3078 Edent
628 3029 987 3096 plantaverat,
1015 3032 1178 3086 verba
1211 3030 1442 3096 faciens,
1480 3047 1688 3085 necnon
1719 3047 1824 3100 qua
1863 3030 2075 3084 ratione
2126 3029 2267 3099 ligna
2316 3026 2596 3082 fructifera
2624 3026 3015 3097 germinat-unt,
3061 3040 3318 3078 enarrare
3371 3033 3608 3086 tentatas,

339 3114 490 3173 inter
517 3122 623 3174 alia
654 3125 892 3178 subdidit
935 3142 949 3179 :
990 3125 1121 3179 Cum
1157 3139 1382 3196 tegentes
1423 3145 1452 3179 a
1485 3127 1705 3194 fabulis,
1747 3129 1982 3194 serieque
2019 3142 2136 3196 qua:
2168 3125 2454 3178 scentulum
2487 3123 2715 3176 litteram
2757 3133 2854 3186 est,
2896 3122 3066 3190 grutlu
3098 3121 3239 3189 facta
3271 3118 3603 3172 ascendimus

335 3219 385 3259 et
420 3225 665 3278 quaenam
703 3213 797 3266 illa
822 3213 965 3284 ligna
998 3217 1126 3281 sint,
1167 3231 1282 3286 qtae
1330 3216 1466 3268 Deus
1491 3216 1636 3280 colit,
1665 3222 1975 3285 quaerimus,
2013 3217 2238 3268 dicimus
2266 3215 2320 3268 in
2353 3229 2411 3266 eo
2452 3213 2568 3266 loco
2603 3212 2766 3282 ligna,
2805 3230 2922 3284 qua:
2953 3230 3105 3266 sensu
3153 3213 3320 3280 accipi
3363 3222 3606 3279 possunt,

337 3314 445 3355 non
477 3303 714 3370 reperiri.
746 3305 872 3360 Haec
897 3324 1020 3362 cum
1057 3324 1156 3376 per
1185 3309 1600 3363 translationem
1629 3317 1887 3378 eXponat,
1919 3325 2024 3362 non
2062 3311 2246 3362 horret
2281 3305 2494 3362 fabulas
2541 3306 2834 3376 appellare,
2871 3323 2992 3375 qua:
3032 3305 3172 3360 Deus
3219 3315 3398 3360 creata
3432 3301 3610 3373 perfe-

333 3390 481 3444 cisse
520 3394 774 3460 traditur,
807 3395 1208 3468 fidissimusque
1246 3397 1362 3465 ejus
1398 3414 1588 3452 servus
1647 3397 1862 3466 Moyses
1886 3399 2106 3467 scriptis
2135 3400 2501 3468 cottsignavii.
2544 3399 2609 3453 Et
2651 3415 2715 3454 ex
2763 3401 3031 3466 opposito,
3087 3414 3147 3451 ea
3183 3414 3306 3467 qua:
3344 3397 3520 3450 fabula
3554 3395 3606 3449 in

332 3496 535 3539 ventre
573 3484 796 3555 efﬁngit,
824 3499 874 3542 ct
898 3489 1128 3546 obscure
1162 3491 1398 3556 insonat,
1434 3506 1496 3546 ac
1541 3491 1588 3546 si
1639 3491 1892 3560 dogmata
1926 3503 2135 3554 essent,
2173 3499 2576 3562 programmate
2621 3489 2848 3553 staliiiit,
2891 3505 3012 3542 vera
3048 3504 3167 3542 esse
3203 3490 3605 3541 demonstrans.

337 3579 406 3632 Et
444 3581 616 3635 verba
649 3583 1070 3653 cngastritnythi
1097 3599 1124 3636 a
1160 3583 1364 3652 Spiritu
1394 3594 1586 3637 sancto
1614 3583 1818 3638 dictata
1851 3587 2210 3648 contendens,
2258 3600 2342 3649 ea,
2383 3593 2440 3637 ut
2496 3583 2598 3638 sibi
2633 3584 2847 3637 videtur
2901 3583 3180 3636 ascrihcns
3228 3581 3337 3634 vult
3387 3581 3609 3636 immota

335 3687 691 3741 permanere,
759 3678 961 3732 di\inis
991 3693 1118 3732 vero
1147 3678 1385 3734 oraculis
1418 3695 1444 3733 a
1479 3679 1663 3750 Moyse
1701 3679 1912 3733 traditis
1943 3680 2240 3734 fabularum
2276 3679 2493 3734 nomine
2529 3679 2797 3749 insignitis
2835 3694 3053 3732 sensum
3086 3679 3327 3743 invertit,
3378 3677 3609 3732 littera:-

337 3781 448 3834 que
476 3769 760 3824 traditioni
797 3787 902 3827 non
939 3773 1051 3828 vult
1085 3786 1139 3828 ιιι
1168 3775 1294 3846 quis
1322 3777 1561 3829 animum
1596 3777 1861 3830 intendat.
1889 3775 2080 3830 Nonne
2115 3779 2242 3830 item
2275 3777 2339 3830 ad
2367 3776 2644 3830 Abraham
2674 3785 2865 3845 puteos
2890 3773 3140 3841 elfossos,
3181 3775 3392 3842 aliaque
3423 3775 3488 3826 ad
3519 3789 3612 3828 eos

335 3860 699 3928 pertinentia,
733 3861 1014 3933 allegoriis
1052 3867 1294 3934 exponit,
1327 3877 1585 3936 tantaque
1618 3881 1934 3920 sermonum
1976 3868 2129 3935 copia
2179 3867 2231 3919 in
2284 3867 2610 3921 immensum
2653 3875 2960 3936 protracta,
2988 3881 3150 3921 omne
3197 3865 3264 3919 de
3306 3865 3415 3918 illis
3443 3881 3611 3934 nego-

342 3953 477 4008 lium
513 3955 859 4012 disterminat
897 3955 951 4010 in
1003 3959 1168 4012 alium
1205 3974 1424 4013 sensum
1457 3958 1804 4024 translatum,
1833 3958 1962 4012 licet
2005 3959 2074 4011 ad
2124 3960 2239 4013 haec
2267 3973 2439 4027 usque
2469 3967 2711 4026 tempora
2751 3960 2802 4011 in
2850 3958 3071 4029 regione
3105 3957 3192 4011 illa
3228 3958 3400 4013 oculis
3435 3959 3613 4012 adhuc

339 4046 796 4115 conspiciantur?
823 4047 1009 4104 Nonne
1036 4048 1186 4105 isaac
1209 4057 1262 4104 et
1289 4049 1553 4104 Rebeccae
1585 4063 1673 4103 res
1707 4061 1889 4119 gestas
1915 4049 2240 4115 immutavit,
2273 4051 2512 4113 inaures,
2541 4059 2593 4104 et
2645 4049 2912 4112 armillas,
2954 4064 3232 4105 sermones
3263 4065 3383 4106 esse
3416 4065 3613 4106 aureos

334 4139 550 4203 dicens.
579 4153 637 4197 et
665 4143 982 4199 universum
1011 4145 1248 4215 denique
1295 4155 1680 4212 argumentum
1735 4160 1832 4214 per
1860 4145 1966 4199 vim
2014 4145 2326 4207 distortum,
2355 4145 2426 4199 ad
2476 4158 2538 4198 ea
2571 4159 2690 4213 quae
2729 4145 2915 4198 animo
2961 4154 3259 4199 cernuntur
3303 4153 3356 4200 et
3403 4145 3612 4198 ratione

338 4232 726 4305 intelliguntur
764 4239 1100 4302 traductum,
1135 4237 1578 4292 cavillationibus
1609 4237 1964 4307 delurpavit?
1999 4255 2017 4288 ι
2051 4237 2118 4290 Ει
2165 4245 2448 4306 postquam
2477 4236 2582 4289 alia
2617 4236 2884 4306 ejusmodi
2931 4236 3180 4305 exempla
3234 4235 3480 4306 protulit,
3533 4235 3614 4291 sic

336 4328 552 4398 pergit:
581 4346 600 4379 ι
633 4328 775 4394 Quid
813 4330 939 4384 inde
968 4344 1105 4400 opus
1139 4339 1224 4385 est
1252 4329 1394 4383 ultra
1431 4327 1727 4400 progredi?
1775 4327 1990 4394 Diuma,
2028 4337 2088 4382 ut
2112 4328 2282 4383 verbo
2311 4327 2618 4396 expediam,
2649 4326 2926 4396 allegoriis
2968 4336 3020 4382 et
3055 4327 3364 4383 nominibus
3391 4330 3611 4382 desum-

338 4419 454 4482 ptis
479 4421 738 4490 exponit,
765 4437 951 4476 rerum
985 4430 1304 4493 argumenta
1337 4421 1404 4476 de
1435 4421 1612 4475 medio
1642 4419 1779 4474 tollit
1807 4436 1821 4473 :
1850 4435 2026 4488 neque
2058 4421 2186 4474 illud
2217 4420 2543 4490 percipiens,
2577 4420 2775 4474 multas
2804 4435 2924 4476 esse
2957 4420 3228 4489 jnstormn
3279 4430 3334 4474 et
3382 4421 3617 4492 injuste-

336 4522 462 4562 rum
495 4510 717 4565 easdem
749 4510 1242 4576 denominationes,
1267 4523 1446 4580 neque
1475 4510 1593 4564 ﬁeri
1626 4524 1808 4580 posse,
1835 4522 1892 4564 ιιι
1918 4511 2147 4566 diversae
2173 4513 2296 4565 vitae
2323 4511 2565 4566 rationes
2605 4512 2672 4566 ab
2702 4527 2808 4565 uno
2841 4513 3061 4567 nomine
3109 4514 3364 4570 similiter
3411 4515 3617 4585 dijudi-

340 4610 561 4657 centur.
598 4601 692 4656 Est
731 4600 900 4657 Judas
936 4603 1212 4673 proditor,
1244 4611 1411 4658 estet
1437 4601 1578 4657 alter
1615 4600 1783 4657 Judas
1827 4603 2144 4670 apostolus;
2200 4601 2284 4656 vel
2326 4619 2541 4658 rursum
2590 4602 2884 4666 Zacharias
2923 4618 3013 4657 rex
3065 4605 3480 4674 injustissimns,
3531 4621 3614 4666 est

339 4693 640 4750 Zacharias
664 4696 803 4752 alter
835 4698 1120 4766 propheta.
1155 4698 1223 4752 Et
1256 4699 1348 4767 qui
1380 4697 1432 4752 in
1468 4699 1690 4752 fornace
1719 4697 1858 4768 ignis
1886 4698 2120 4766 injectus
2160 4707 2264 4762 est,
2310 4699 2551 4754 Ananias
2585 4699 2901 4766 vocabatur,
2953 4701 3045 4755 sed
3093 4701 3231 4756 alter
3279 4713 3363 4758 est
3417 4715 3616 4774 praeter

338 4789 493 4845 hunc
512 4790 782 4858 Ananias,
809 4795 902 4864 qui
936 4793 1243 4848 Ecclesium
1279 4793 1782 4864 persequebatur...
1811 4793 1979 4864 Igitur
2003 4795 2050 4850 si
2087 4795 2312 4850 nomine
2353 4809 2439 4850 res
2476 4795 2604 4864 ipsae
2626 4795 3033 4862 discernuntur,
3066 4799 3157 4868 qui
3197 4799 3471 4856 similibus
3505 4813 3614 4857 tro-

341 4881 579 4953 pologiis
607 4884 952 4950 incumbunt,
977 4885 1166 4939 dicant
1197 4899 1302 4955 qua
1343 4886 1606 4942 methodo
1643 4886 1891 4943 diversas
1925 4887 2184 4943 scientias
2218 4896 2312 4940 aut
2336 4888 2458 4941 vita:
2488 4887 2726 4942 rationes
2756 4904 2823 4942 ex
2849 4889 3038 4943 eodem
3068 4891 3283 4945 nomine
3309 4892 3616 4962 explicant?

337 4973 496 5029 Multi
531 4975 748 5032 scilicet
775 4977 826 5030 in
865 4977 1009 5032 hunc
1043 4976 1185 5031 diem
1213 4976 1626 5047 progenitorum
1658 4987 1753 5032 aut
1783 4979 2170 5048 prophetarum
2202 4977 2518 5033 nominibus
2554 4980 2796 5044 insigniti
2828 4978 2998 5035 Judaei
3053 4980 3140 5051 jus
3178 4981 3385 5038 violant
3415 4995 3470 5040 et
3515 4989 3616 5040 im-

336 5071 433 5143 pie
461 5072 674 5126 vivunt.
709 5070 862 5127 Multi
896 5073 1024 5127 item
1051 5081 1107 5127 et
1139 5073 1280 5143 apud
1307 5073 1542 5144 gentiles
1569 5071 1717 5128 Petri
1777 5083 1832 5129 et
1878 5073 2035 5128 Pauli
2073 5077 2369 5144 nuncupati
2405 5075 2614 5130 nefarie
2664 5092 2780 5131 rem
2813 5095 2967 5134 suam
3010 5093 3272 5152 gerunt...
3327 5083 3437 5137 liae
3477 5083 3614 5136 dun-

339 5172 500 5220 taxat
524 5164 780 5220 methodo
801 5180 869 5220 ex
904 5179 1055 5219 more
1090 5165 1271 5219 omnia
1303 5162 1507 5233 ubique
1534 5164 1815 5236 allegoriis
1846 5163 2163 5229 infarciens,
2201 5173 2408 5217 tantum
2439 5167 2858 5237 engastrimythi
2885 5169 3045 5223 verba
3082 5170 3310 5241 ﬁgurate
3342 5172 3617 5225 extriCare

341 5276 454 5316 non
487 5261 691 5332 potuit,
736 5274 912 5330 neque
952 5261 1068 5330 ipsa
1109 5275 1290 5314 rerum
1323 5267 1604 5332 gestarum
1640 5260 2031 5328 consequentia
2086 5259 2136 5313 in
2173 5260 2345 5313 lucem
2382 5260 2629 5316 veritatis
2661 5260 2926 5330 proferre.
2971 5283 2990 5316 ›
3025 5262 3185 5320 Vides
3225 5267 3292 5320 ab
3331 5264 3615 5319 Eustathio

340 5356 500 5426 carpi
531 5364 589 5410 et
617 5353 825 5409 acriter
857 5353 1186 5422 reprehendi
1227 5351 1547 5423 Origenem,
1575 5353 1722 5423 quod
1752 5353 2041 5408 litteralem
2070 5366 2287 5406 sensum
2313 5353 2550 5418 aboleat,
2580 5364 2634 5409 et
2668 5355 2867 5425 figuras
2895 5359 3097 5428 ubique
3128 5360 3402 5430 exquirat.

418 5473 607 5537 idem,
651 5470 822 5525 tacito
856 5479 1035 5523 tamen
1076 5467 1196 5533 eius
1249 5468 1496 5532 nomine,
1531 5469 1598 5522 de
1647 5467 1739 5521 illo
1781 5467 2007 5537 ejusque
2042 5467 2265 5522 asscclis
2304 5466 2570 5536 judicium
2622 5469 2744 5522 tulit
2791 5469 3025 5526 Basilius
3061 5472 3286 5526 humilia
3338 5473 3502 5528 tertia
3563 5475 3613 5527 in

344 5567 726 5640 Hexaemeron
757 5582 909 5621 num.
936 5567 991 5623 9.
1031 5581 1051 5615 ι
1082 5565 1429 5632 Quinetiam,
1473 5563 1674 5634 inquit,
1710 5563 1910 5632 aliquis
1946 5563 2101 5618 nobis
2145 5563 2409 5618 adversus
2462 5564 2868 5622 ecclesiasticos
2914 5567 3175 5636 quosdam
3208 5568 3505 5638 scriptores
3549 5572 3614 5623 de

343 5665 606 5721 discretis
646 5665 802 5732 aquis
845 5662 1131 5718 habendus
1176 5668 1262 5716 est
1309 5673 1492 5715 sermo
1534 5677 1548 5714 :
1581 5659 1672 5729 qui
1711 5673 1982 5730 anagoges
2009 5666 2062 5713 et
2097 5657 2433 5713 sublimioris
2479 5657 2851 5730 intelligentim
2882 5661 3102 5716 nomine
3141 5659 3505 5732 confugerunt
3548 5665 3615 5719 ad

347 5757 667 5830 allegorias,
713 5756 850 5811 adeo
902 5764 959 5809 ut
1005 5752 1281 5824 spiritales
1318 5761 1373 5807 et
1423 5753 1780 5822 incorporeas
1816 5752 2051 5806 virtutes
2101 5761 2354 5806 asserant
2406 5766 2502 5820 per
2555 5767 2726 5820 aquas
2766 5753 2972 5822 trepice
3012 5751 3338 5822 signiﬁcari.
3365 5791 3380 5806 .
3409 5795 3422 5808 .
3460 5753 3617 5807 Talas-

346 5870 510 5926 porro
544 5867 828 5910 sermones
871 5851 1038 5906 veluti
1081 5849 1420 5905 somniorum
1456 5849 1938 5918 interpretationes
1983 5857 2040 5901 et
2074 5848 2251 5901 aniles
2279 5847 2492 5901 fabulas
2532 5845 2865 5913 rejicientes,
2904 5861 3123 5915 aquam,
3173 5864 3367 5915 aquam
3419 5847 3619 5902 intelli-

345 5965 568 6022 gamus,
607 5960 662 6006 et
707 5947 1071 6008 sccretionem
1104 5961 1134 6002 a
1183 5947 1536 6003 firmamento
1573 5943 1773 6000 factam
1807 5945 1961 6014 juxta
2014 5942 2232 5998 allatam
2280 5941 2549 5997 rationem
2588 5942 2981 6009 accipiamus.)
3029 5941 3158 5996 item
3209 5941 3428 5997 humilia
3473 5957 3612 5995 noua
