3978 6572
383 430 455 490 $9
1606 422 1975 486 I’tUl'Il'A'IIU
2016 427 2105 482 AD
2140 426 2301 483 'I'OM.
2342 428 2408 483 II.
3570 436 3635 491 ω

384 553 436 608 in
464 550 723 606 Ilexaem.
793 564 938 605 num.
966 548 991 601 l
1024 568 1035 603 :
1076 566 1095 599 ι
1124 544 1256 601 Novi
1302 543 1449 615 leges
1497 543 1792 615 allegoriae,
1838 545 2053 601 etiamsi
2095 560 2187 601 eas
2236 560 2341 600 non
2382 560 2450 601 ex
2492 558 2578 600 me
2615 544 2733 616 ipso
2774 545 3161 617 excogitarim,
3194 552 3288 605 sed
3322 552 3373 607 in
3405 552 3633 607 aliorum

379 642 663 699 Inciderim
741 641 973 696 labores.
1017 640 1162 707 Quas
1206 636 1611 708 Scripturarum
1658 650 1977 692 communes
2026 636 2276 692 netiones
2320 637 2411 706 qui
2465 652 2572 692 non
2625 638 2965 710 suscipiunt,
3014 655 3236 710 aquam,
3284 658 3389 699 non
3434 660 3633 715 aquam

381 734 591 799 dicunt,
632 733 725 788 sed
764 732 926 786 aliam
986 731 1278 802 quamdam
1311 738 1589 791 naturam,
1632 735 1687 781 et
1722 726 1987 797 plantam,
2030 736 2085 782 et
2126 731 2352 797 piscem,
2385 728 2684 783 secundum
2728 744 2880 783 suam
2920 730 3157 800 ipsorum
3188 734 3516 790 sententiam
3549 735 3636 789 iu-

382 834 770 894 torpretantur.
807 824 1117 892 Quinetiam
1153 822 1423 892 reptilium
1472 829 1527 875 et
1571 834 1834 889 pecorum
1874 817 2284 887 generationem
2330 817 2397 872 ad
2442 834 2570 874 suas
2612 818 2904 889 allegorias
2954 819 3226 877 detortam
3262 825 3489 891 perinde
3534 841 3631 879 ex-

378 925 621 986 ponunt,
669 925 726 970 ut
760 917 980 986 quidam
1032 932 1217 971 rerum
1271 928 1393 970 sese
1441 911 1821 985 imaginationi
1878 910 2260 980 objicientium
2323 910 2675 981 interpretes,
2721 912 2815 982 qui
2853 928 2984 969 suas
3035 914 3517 985 interpretationes
3562 918 3633 974 ad

377 1010 659 1079 proprium
694 1024 916 1080 scopum
966 1010 1398 1066 accommodant.
1428 1008 1543 1079 Ego
1586 1020 1712 1062 vero
1747 1022 1873 1061 eum
1907 1005 2114 1062 faenum
2155 1005 2340 1072 audio,
2382 1004 2589 1060 faenum
2635 1006 2897 1079 intelligo,
2930 1016 2984 1062 et
3013 1009 3275 1078 plantam,
3303 1021 3358 1066 et
3392 1013 3629 1080 piscem,

376 1111 430 1157 et
472 1101 723 1170 bestiam,
754 1113 813 1159 et
843 1119 1032 1174 pecus,
1061 1105 1250 1161 omnia
1289 1104 1367 1158 uti
1404 1104 1547 1158 dicta
1586 1111 1715 1157 sunt
1740 1102 1821 1157 sic
1854 1101 2123 1173 accipio.»
2162 1101 2226 1155 Et
2257 1101 2421 1171 paulo
2469 1112 2631 1171 post:
2671 1120 2689 1154 ι
2720 1103 2909 1159 Nonne
2954 1106 3134 1173 potius
3176 1108 3223 1160 ei
3270 1108 3468 1162 dedero
3513 1110 3631 1178 glo-

374 1197 511 1252 riam
563 1199 654 1268 qu'i
688 1209 923 1255 mentem
962 1209 1200 1255 nostram
1235 1199 1290 1254 in
1326 1213 1510 1254 rerum
1539 1212 1804 1252 vanarum
1839 1196 2200 1266 occupatione
2245 1213 2353 1252 non
2388 1196 2645 1261 detinuit,
2688 1198 2780 1253 sed
2805 1199 2988 1254 omnia
3018 1200 3085 1254 ad
3126 1200 3545 1255 aedificationem
3578 1210 3635 1257 et

379 1291 771 1361 perfectionem
818 1295 1125 1350 animarum
1159 1303 1469 1350 nostrarum
1511 1295 1782 1351 conscribi
1833 1293 2051 1349 sanxit?
2084 1293 2140 1347 Id
2189 1297 2331 1363 quod
2366 1293 2583 1362 quidam
2638 1294 2768 1348 mihi
2815 1295 3069 1349 videntur
3112 1310 3217 1351 non
3254 1296 3627 1359 intellexisse:

372 1384 466 1455 qui
497 1386 841 1455 captionibus
877 1386 1199 1455 quibusdam
1234 1393 1399 1454 atque
1440 1385 1755 1456 tropologiis
1781 1400 1849 1440 ex
1884 1398 1983 1439 suo
2020 1384 2258 1453 ipsorum
2305 1384 2523 1455 ingenio
2552 1384 2755 1455 aliquid
2798 1385 3096 1455 Scripturis
3124 1389 3403 1443 asciscere
3432 1400 3629 1444 aucto-

374 1475 556 1531 ritatis
596 1477 777 1531 conati
816 1487 964 1531 sunt.
996 1476 1195 1532 Verum
1230 1476 1279 1528 id
1313 1475 1362 1530 ei
1398 1476 1681 1545 competit,
1712 1474 1803 1544 qui
1837 1473 2074 1543 seipsmn
2111 1474 2350 1543 Spiritus
2385 1476 2557 1528 sancti
2603 1476 2841 1531 oraculis
2877 1477 3163 1533 constituit
3206 1479 3631 1547 sapientiorem,

371 1567 573 1635 quique
630 1566 1097 1636 interpretationis
1151 1576 1419 1636 praetextu
1451 1577 1757 1622 commenta
1792 1580 1889 1621 sua
1923 1564 2155 1621 inducit.
2195 1565 2318 1621 Haec
2364 1566 2566 1635 itaque,
2601 1568 2744 1623 sicut
2777 1573 2979 1638 scripta
3014 1579 3143 1624 sunt
3195 1570 3628 1639 intelligantur.»

372 1656 585 1713 Rursus
631 1659 822 1715 homil.
850 1659 885 1713 2
920 1660 975 1714 in
1019 1658 1280 1716 Ilexaem.
1344 1676 1493 1714 num.
1522 1658 1599 1713 5:
1638 1677 1655 1710 ι
1687 1660 1917 1715 Omnem
1950 1657 2117 1727 igitur
2154 1658 2694 1726 interpretationem,
2741 1661 2912 1730 tropis
2954 1671 3009 1715 et
3046 1661 3322 1733 allegoriis
3365 1672 3630 1717 constan-

374 1761 507 1817 tem,
542 1752 595 1805 in
624 1754 916 1821 praesentia
952 1755 1453 1823 praztermittentes,
1497 1753 1845 1809 tenebrarum
1885 1754 2161 1808 notionem
2192 1751 2520 1823 simpliciter
2544 1765 2599 1810 et
2628 1756 2766 1811 citra
2800 1758 3198 1827 curiositatem,
3226 1773 3446 1814 sensum
3478 1756 3631 1815 Scri-

374 1850 545 1913 ptura:
578 1846 771 1912 secuti,
802 1848 1155 1919 accipiamus.
1184 1868 1203 1901 »

442 1938 807 2010 Allegoricam
850 1942 1104 2015 Origenis
1134 1943 1361 2013 ejusque
1397 1942 1715 2012 sequacium
1773 1942 2089 1999 methodum
2126 1942 2329 1998 diserte
2370 1943 2532 1998 etiam
2580 1945 2826 2001 coufutat
2856 1947 3278 2018 Chrysostomus
3307 1948 3531 2003 homilia
3569 1948 3633 2002 I5

374 2032 429 2087 in
486 2034 761 2100 Genesim,
806 2044 936 2092 tom.
961 2036 1027 2091 IV
1059 2053 1187 2093 nov.
1241 2038 1377 2103 edi.,
1414 2053 1539 2108 pag.
1586 2037 1688 2091 102
1729 2046 1783 2093 et
1816 2038 1943 2097 I03.
1976 2037 2071 2093 ubi
2138 2038 2254 2093 ait:
2293 2057 2311 2089 ‹
2341 2038 2452 2095 Hoc
2498 2042 2621 2097 loco
2652 2042 2802 2106 illud,
2834 2041 3088 2110 plantavit
3113 2042 3180 2107 ³⁸,
3212 2042 3292 2096 sic
3326 2041 3631 2112 intelligen-

371 2127 522 2195 dum,
562 2129 772 2184 scilicet
800 2130 976 2201 ipsum
1009 2131 1308 2201 imperasse
1348 2141 1407 2185 ut
1441 2132 1727 2202 paradisus
1766 2132 1819 2187 in
1853 2142 1999 2187 terra
2036 2132 2223 2188 fieret.
2254 2175 2270 2190 .
2296 2170 2313 2188 .
2338 2170 2352 2186 .
2380 2134 2503 2190 Ideo
2534 2137 2699 2190 etiam
2734 2136 2838 2191 loci
2890 2151 3085 2191 nomen
3131 2135 3291 2191 all‘ert
3327 2134 3538 2205 Moyses
3576 2135 3629 2188 in

371 2215 701 2287 Scripturis,
733 2230 792 2274 ut
834 2234 900 2275 ne
934 2219 1127 2276 liceret
1155 2219 1357 2275 frustra
1401 2222 1595 2291 nugari
1640 2221 1946 2276 volentibus
1979 2221 2373 2291 simpliciorum
2420 2222 2643 2279 auribus
2690 2223 2989 2294 imponere,
3026 2226 3316 2293 dicereque
3358 2239 3464 2278 non
3512 2240 3632 2279 esse

370 2309 422 2364 in
465 2320 603 2365 terra
645 2312 982 2380 paradisum,
1026 2312 1122 2368 sed
1160 2314 1214 2367 in
1249 2313 1412 2381 cmlo,
1445 2323 1500 2369 et
1535 2312 1747 2369 fabulas
1791 2313 2105 2382 huiusmodi
2147 2318 2439 2372 somniare.
2487 2314 2623 2370 Nam
2666 2317 2713 2370 si
2756 2331 2880 2371 cum
2923 2310 3107 2372 divina
3150 2317 3431 2385 Scriptura
3479 2324 3631 2370 tanta

368 2418 466 2456 usa
502 2404 573 2457 sit
609 2404 896 2459 verborum
933 2404 1305 2471 accuratione,
1357 2418 1461 2459 non
1500 2404 1816 2458 dubitarunt
1850 2413 2032 2460 tamen
2076 2406 2300 2474 quidam
2342 2408 2409 2460 de
2439 2404 2691 2461 facundia
2739 2422 2863 2471 sua,
2911 2422 3121 2462 necnon
3166 2407 3231 2461 de
3287 2403 3629 2476 philosophia

368 2495 583 2550 exotica
637 2495 804 2549 altum
847 2496 1147 2565 sapientes,
1190 2496 1422 2551 adversa
1464 2495 1764 2565 Scripturis
1811 2496 1986 2567 loqui,
2036 2508 2090 2552 et
2124 2497 2310 2554 dicere
2347 2498 2660 2569 paradisum
2702 2498 2757 2552 in
2806 2506 2953 2554 terra
3001 2514 3109 2554 non
3160 2512 3307 2565 esse,
3350 2496 3629 2565 multaque

368 2587 475 2642 alia
512 2597 710 2657 praeter
743 2602 803 2643 ea
839 2603 959 2657 quae
992 2589 1138 2643 dicta
1175 2596 1299 2644 sunt
1349 2589 1686 2659 adoptantes,
1722 2597 1912 2644 contra
1967 2587 2304 2658 Scripturam
2360 2591 2588 2655 sentire,
2615 2599 2670 2644 et
2703 2591 2987 2644 adversam
3024 2598 3212 2645 tenere
3257 2588 3425 2651 viam,
3462 2597 3629 2656 atque

368 2699 434 2740 ea
474 2699 594 2754 quae
627 2686 693 2740 de
744 2693 886 2739 terra
926 2686 1067 2740 dicta
1114 2694 1272 2750 sunt,
1313 2685 1380 2740 de
1430 2684 1587 2740 caelis
1634 2684 1776 2740 dicta
1811 2694 2032 2755 putare,
2080 2686 2182 2739 nisi
2230 2686 2419 2740 humili
2461 2686 2551 2739 illa
2589 2694 2647 2740 et
2688 2693 3044 2756 attemperata
3088 2684 3377 2739 verborum
3418 2681 3627 2737 ratione

372 2794 507 2834 usus
533 2778 745 2850 Moyses
780 2791 946 2845 esset,
980 2779 1187 2849 Spiritu
1223 2790 1412 2835 sancto
1442 2779 1677 2848 linguam
1706 2779 1825 2847 ejus
1850 2788 2122 2844 movente,
2152 2793 2261 2849 quo
2293 2795 2401 2834 non
2439 2779 2674 2834 devoluti
2708 2779 2929 2835 essent?
2949 2817 2963 2832 .
2986 2815 3001 2832 .
3024 2816 3041 2834 .
3076 2776 3194 2833 Non
3225 2778 3447 2832 credere
3478 2777 3624 2831 enim

370 2873 439 2927 iis
467 2887 584 2941 qua:
617 2873 667 2925 iu
704 2873 883 2926 divina
912 2871 1193 2944 Scriptura
1226 2874 1499 2940 feruntur,
1526 2874 1625 2929 sed
1658 2873 1761 2927 alia
1792 2887 1859 2928 ex
1894 2872 2112 2944 propria
2146 2883 2327 2929 mente
2358 2873 2633 2941 inducere,
2668 2888 2918 2941 maguum
2953 2879 3081 2941 puto
3108 2870 3407 2941 periculum
3434 2883 3625 2925 creare

371 2968 498 3022 talia
529 2967 872 3023 audentibus.
889 2987 907 3021 »

440 3061 589 3119 Inter
632 3074 757 3120 octo
791 3065 1134 3136 Origenianze
1170 3068 1427 3121 doctrinae
1459 3065 1661 3136 capita,
1709 3080 1942 3136 quorum
1978 3065 2335 3136 Epiphanius,
2362 3066 2692 3136 Theophilus
2736 3074 2789 3119 et
2822 3062 3187 3133 Ilierouymus
3218 3061 3623 3117 damnationem

370 3170 399 3209 a
435 3153 645 3212 Joanne
685 3157 1139 3229 Jerosolymitano
1172 3158 1426 3228 episcopo
1459 3159 1830 3228 postulabant,
1861 3168 2073 3212 sextum
2108 3168 2162 3213 et
2201 3159 2489 3228 septimum
2535 3159 2600 3212 ad
2636 3156 2988 3227 allegoricum
3020 3155 3317 3225 Scriptum
3351 3154 3624 3223 interpre-

372 3250 550 3305 tandae
590 3254 807 3307 modum
852 3259 1130 3321 spectant,
1178 3261 1232 3308 et
1264 3253 1406 3321 apud
1461 3252 1774 3324 Ilieronym.
1805 3253 1967 3322 epist.
1994 3252 2063 3307 '58
2107 3253 2175 3307 ad
2213 3252 2550 3319 Pammach.,
2584 3263 2715 3305 tom.
2743 3250 2840 3317 IV,
2870 3266 2995 3321 pag.
3021 3250 3126 3305 ’510
3156 3263 3281 3305 nov.
3334 3248 3489 3311 edit.,
3537 3246 3623 3300 his

371 3344 553 3399 verbis
588 3344 975 3399 continentur:
1015 3360 1034 3394 ι
1064 3341 1201 3399 Octo
1230 3343 1328 3397 tibi
1370 3342 1451 3415 (ut
1477 3342 1663 3398 statim
1702 3341 1966 3414 probabo)
1999 3343 2065 3398 de
2100 3358 2193 3413 spe
2238 3342 2362 3397 tidei
2398 3341 2722 3397 Christianae
2768 3341 3132 3410 quaestionum
3186 3338 3363 3409 capita
3410 3336 3622 3405 objecta

367 3445 530 3491 sunt.
554 3474 570 3491 .
596 3472 613 3489 .
644 3445 854 3491 sextum
916 3437 1057 3504 quod
1089 3436 1168 3491 sic
1200 3437 1512 3505 paradisum
1546 3435 1880 3506 allegorizet,
1912 3443 1970 3489 ut
2016 3435 2258 3491 historiae
2303 3434 2516 3489 auferat
2550 3434 2867 3499 veritatem,
2913 3449 3011 3503 pro
3054 3432 3344 3488 arboribus
3377 3430 3623 3501 angelos,

366 3542 467 3597 pro
496 3526 804 3583 fluminibus
840 3528 1068 3582 virtutes
1100 3527 1356 3582 caelestes
1389 3526 1721 3596 intelligens,
1767 3536 2045 3596 totamque
2082 3526 2319 3597 paradisi
2368 3526 2762 3581 continentiam
2810 3525 3141 3596 tropologica
3172 3522 3623 3594 interpretatione

364 3622 671 3677 subvertat.
715 3621 1043 3692 Septimum,
1087 3621 1233 3690 quod
1266 3636 1461 3690 aquas,
1497 3635 1617 3690 qua:
1650 3635 1816 3691 super
1845 3620 2016 3676 caelos
2060 3620 2115 3675 in
2161 3619 2465 3691 Scripturis
2511 3635 2632 3676 esse
2672 3620 2954 3685 dicuntur,
2985 3628 3202 3675 sanctas
3244 3632 3626 3689 supernasque

363 3714 631 3779 virtutes;
672 3728 790 3783 qua:
820 3728 981 3784 super
1016 3723 1220 3766 terram
1248 3721 1303 3767 et
1332 3711 1474 3767 infra
1511 3722 1732 3778 terram,
1762 3711 2071 3768 contrarias
2099 3721 2154 3766 et
2179 3712 2541 3766 daemoniacas
2581 3726 2703 3767 esse
2739 3711 3058 3767 arbitretur.
3085 3728 3104 3761 »
3140 3710 3287 3764 Idem
3329 3709 3382 3763 in
3412 3708 3622 3767 Daniel.

371 3825 493 3881 cap.
545 3827 612 3878 x,
649 3820 782 3866 tom.
819 3810 919 3874 Ill,
966 3824 1090 3879 pag.
1136 3806 1309 3872 H18,
1354 3808 1434 3862 sic
1501 3805 1840 3877 Origenistas
1894 3806 2215 3877 perstringit
2257 3823 2272 3859 :
2324 3824 2343 3858 ι
2388 3805 2589 3860 Eorum
2649 3805 3007 3861 deliramenta
3060 3806 3471 3867 conticescant,
3529 3805 3623 3873 qui

363 3904 589 3961 umbras
624 3912 678 3958 et
722 3902 990 3973 imagines
1035 3902 1089 3954 in
1130 3899 1361 3954 veritate
1392 3907 1728 3967 quaerentes,
1766 3900 1938 3967 ipsam
1981 3907 2254 3953 conantur
2291 3906 2537 3952 evertere
2574 3898 2882 3963 veritatem,
2916 3906 2973 3951 ut
3024 3896 3241 3951 ﬂumina
3288 3904 3343 3950 et
3377 3898 3621 3955 arbores.

363 4000 419 4045 et
449 3992 765 4060 paradisum
814 3998 1005 4059 putent
1049 3987 1326 4058 allegoria:
1367 3987 1573 4056 legibus
1616 4001 1677 4042 se
1720 3988 1918 4042 debere
1959 3988 2285 4041 subruere.»
2328 3987 2469 4042 Idem
2519 3985 2734 4057 praefat.
2777 3987 2873 4043 lib.
2902 4002 2935 4040 v
2964 3986 3255 4043 Comment.
3288 3992 3341 4042 in
3384 3988 3625 4051 Isaiam,

367 4097 500 4142 tom.
535 4085 624 4149 Ill,
655 4099 781 4154 pag.
808 4082 906 4137 I07
935 4100 949 4137 :
987 4099 1006 4134 ι
1038 4080 1177 4147 Quid
1216 4081 1381 4150 igitur
1405 4079 1639 4133 faciam?
1671 4079 1972 4133 subeamne
1996 4090 2135 4147 opus
2165 4077 2221 4131 in
2250 4091 2359 4146 quo
2399 4076 2501 4131 viri
2535 4076 2889 4131 eruditissimi
2933 4081 3286 4143 sudaverunt,
3322 4078 3615 4149 Origenem

367 4181 583 4250 loquor,
629 4186 686 4231 et
714 4176 1007 4230 Eusebium
1046 4171 1359 4242 Pamphili:
1391 4185 1622 4241 quorum
1663 4170 1803 4223 alter
1847 4167 2037 4222 liberis
2072 4166 2348 4239 allegoria:
2391 4166 2586 4234 spatiis
2617 4177 2901 4238 evagatur,
2928 4177 2985 4221 et
3030 4167 3402 4239 interpretatis
3448 4172 3627 4224 nomi-

364 4276 526 4331 nibus
570 4269 932 4341 singulorum,
972 4266 1251 4337 ingenium
1281 4278 1439 4319 suum
1481 4262 1616 4317 facit
1649 4260 1907 4317 Ecclesia:
1953 4270 2336 4328 sacramenta;
2374 4259 2518 4314 alter
2550 4260 2869 4316 historicam
2900 4261 3295 4330 expositionem
3328 4262 3493 4317 titulo
3527 4279 3621 4317 re-

363 4364 692 4438 promittens
736 4360 1004 4415 interdum
1054 4355 1400 4412 obliviscitur
1445 4352 1732 4425 propositi,
1767 4361 1824 4406 et
1866 4351 1921 4406 in
1968 4350 2218 4422 Origenis
2260 4351 2395 4407 scita
2441 4352 2716 4406 concedit.
2746 4369 2765 4403 »
2816 4349 3080 4422 Origenes
3130 4350 3383 4408 Jeremi:e
3440 4354 3620 4411 locum

364 4464 671 4511 exstantem
704 4467 823 4521 cap.
850 4466 1019 4513 xxvii,
1054 4449 1108 4511 Ξ.
1138 4448 1212 4502 3:
1246 4465 1265 4498 ι
1292 4446 1401 4503 Fac
1434 4445 1533 4502 tibi
1578 4445 1791 4500 vincula
1829 4455 1884 4499 et
1914 4454 2174 4499 catenas:
2214 4452 2272 4499 et
2309 4456 2480 4514 pones
2522 4459 2617 4499 eas
2659 4445 2711 4498 in
2746 4442 2886 4499 collo
2934 4453 3049 4511 tuo,
3086 4454 3142 4499 et
3185 4445 3370 4501 mittes
3414 4460 3509 4503 eas
3555 4448 3626 4501 ad

366 4562 548 4618 regem
578 4546 773 4607 Edoni,
814 4553 873 4599 et
908 4544 975 4598 ad
1004 4556 1187 4612 regem
1222 4538 1398 4606 Moab,
1428 4547 1483 4594 et
1509 4540 1575 4593 ad
1606 4553 1789 4608 regem
1827 4535 2061 4591 filiorum
2091 4535 2350 4601 Ammon,
2378 4546 2433 4591 et
2458 4537 2526 4591 ad
2558 4551 2734 4604 regem
2763 4534 2915 4607 Tyri,
2943 4544 3001 4591 et
3034 4536 3102 4591 ad
3131 4551 3315 4607 regem
3345 4537 3623 4603 Sidonis,»

368 4636 426 4695 in
459 4639 771 4709 allegoriam
804 4645 1065 4691 traxerat.
1105 4632 1234 4704 Ejus
1262 4632 1659 4703 expositionem
1694 4628 1860 4685 refert
1893 4629 2256 4701 Hieronymus
2286 4637 2423 4682 tom.
2451 4627 2537 4686 Ill.
2571 4643 2699 4698 pag.
2725 4628 2830 4684 658
2860 4648 2875 4685 :
2914 4648 2932 4681 ι
2963 4628 3121 4684 Hunc
3165 4628 3363 4695 locum,
3412 4631 3622 4701 inquit,

364 4734 689 4804 allegoricus
726 4746 940 4801 seraper
978 4731 1267 4799 interpres,
1309 4738 1365 4784 et
1400 4727 1642 4783 historia:
1694 4725 1912 4796 fugiens
1944 4725 2262 4788 veritatem,
2307 4724 2706 4794 interpretatur
2753 4726 2817 4780 de
2850 4725 3056 4782 etelesti
3107 4724 3430 4789 Jerusalem,
3476 4731 3624 4796 quod

366 4832 601 4887 debeant
668 4828 999 4883 habitatores
1044 4826 1162 4895 ejus
1205 4834 1400 4895 sponte
1444 4837 1723 4878 assumere
1775 4835 2038 4890 corpora,
2085 4829 2142 4875 et
2172 4818 2502 4874 descendere
2548 4820 2599 4874 in
2636 4819 2985 4891 Babylonem,
3030 4820 3083 4874 id
3124 4830 3209 4876 est
3246 4820 3623 4877 confusionem

364 4928 551 4983 mundi
587 4925 745 4996 hujus
791 4924 883 4995 qui
937 4925 990 4979 in
1027 4923 1261 4993 maligno
1298 4922 1511 4990 positus
1541 4929 1649 4986 est,
1695 4927 1751 4974 et
1783 4918 1993 4973 servire
2041 4916 2154 4987 regi
2200 4915 2520 4986 Babylonio,
2557 4916 2702 4970 haud
2751 4917 2975 4971 dubium
3010 4918 3139 4987 quin
3186 4918 3420 4973 diabolo.
3468 4918 3624 4984 Quod

363 5024 409 5077 si
454 5024 556 5076 hoc
605 5020 786 5075 facere
833 5019 1129 5084 noluerint,
1165 5031 1510 5087 nequaquam
1553 5030 1648 5070 eos
1703 5013 1891 5085 gravia
1928 5026 2160 5082 corpora
2213 5020 2549 5079 portaturos,
2597 5012 2689 5066 sed
2733 5011 3006 5081 perituros
3051 5012 3248 5083 gladio,
3282 5022 3338 5067 et
3373 5012 3538 5076 fame,
3567 5026 3626 5066 et

364 5127 536 5188 peste,
579 5126 635 5171 et
677 5130 1015 5188 nequaquam
1047 5114 1297 5170 homines
1332 5111 1569 5178 futuros,
1599 5111 1693 5166 sed
1726 5111 2022 5166 daemones.
2069 5107 2184 5162 [Ioc
2222 5107 2311 5162 ille
2359 5108 2579 5175 dixerit,
2616 5122 2684 5162 ne
2716 5107 3030 5163 defensores
3068 5106 3184 5177 ejus
3225 5107 3381 5162 nobis
3412 5105 3626 5160 calum-

363 5214 509 5267 niam
539 5211 763 5267 faciant.
805 5210 1075 5266 Caeterum
1112 5223 1209 5263 nos
1254 5208 1553 5275 simplicem
1598 5217 1655 5260 et
1697 5220 1879 5260 veram
1934 5219 2232 5274 sequamur
2275 5203 2584 5268 historiam,
2636 5218 2702 5257 ne
2751 5204 3072 5274 quibusdam
3110 5202 3344 5257 nubibus
3383 5212 3436 5257 et
3478 5217 3623 5271 prae-

363 5307 544 5379 stigiis
584 5307 949 5361 involvamur.
977 5326 996 5359 »
1036 5304 1426 5375 Idem,pr:efat.
1472 5304 1524 5357 in
1561 5303 1822 5363 Malach.,
1860 5310 1993 5356 tom.
2028 5299 2117 5365 III,
2148 5298 2388 5369 p.1807,
2421 5297 2563 5351 hanc
2610 5298 2676 5351 de
2725 5296 3051 5365 Origeniano
3095 5292 3147 5346 in
3198 5292 3341 5348 hunc
3387 5294 3621 5363 prophe-

365 5410 474 5455 tam
523 5397 917 5456 commentario
964 5397 1070 5451 fert
1118 5397 1441 5450 sententiam
1481 5411 1496 5447 :
1534 5411 1552 5444 ι
1586 5392 1813 5461 Scripsit
1854 5394 1904 5447 in
1955 5393 2101 5447 hunc
2147 5390 2344 5445 librum
2396 5386 2661 5455 Origenes
2697 5387 2798 5437 tria
2848 5384 3152 5450 volumina,
3193 5384 3287 5438 sed
3333 5382 3618 5437 historiam

363 5492 584 5548 omnino
620 5506 731 5547 non
766 5490 964 5560 tetigit,
992 5498 1047 5544 et
1077 5502 1226 5542 more
1268 5501 1366 5541 suo
1409 5496 1556 5539 totus
1603 5486 1654 5537 in
1706 5485 1980 5554 allegoria:
2028 5481 2478 5550 interpretatione
2526 5487 2774 5533 versatus
2804 5485 2923 5537 est,
2971 5475 3173 5529 nullam
3205 5474 3386 5530 Esdra:
3413 5474 3624 5531 faciens

364 5588 725 5653 mentionem,
766 5587 861 5642 sed
894 5584 1142 5654 angelum
1178 5590 1376 5653 putans
1415 5582 1587 5636 fuisse
1618 5581 1707 5651 qui
1747 5578 1989 5649 scripsit,
2033 5575 2329 5633 secundum
2361 5574 2490 5629 illud
2525 5572 2669 5642 quod
2701 5571 2766 5626 de
2798 5568 3005 5625 Joanne
3041 5568 3274 5640 legimus
3306 5586 3320 5623 :
3358 5569 3489 5622 Ecce
3520 5585 3624 5639 ego

363 5679 513 5733 mitto
550 5679 793 5748 angelum
825 5693 998 5732 meum
1026 5686 1147 5730 ante
1180 5674 1370 5744 [aciem
1404 5682 1546 5727 tuam
1573 5673 1638 5726 ³⁸.
1672 5670 1825 5737 Quod
1864 5684 1964 5726 nos
1989 5669 2215 5726 omnino
2243 5682 2348 5723 non
2381 5666 2697 5735 recipimus,
2729 5677 2795 5719 ne
2828 5660 3133 5718 animarum
3171 5661 3236 5717 de
3263 5659 3400 5721 calo
3430 5660 3626 5720 ruinas

366 5771 641 5839 suscipere
671 5770 1074 5839 compellamur.
1102 5787 1119 5819 »

438 5906 484 5939 ⁸⁸
529 5906 664 5963 Gen.
713 5923 772 5973 ti,
824 5908 877 5961 8.
954 5908 997 5939 "
1047 5907 1235 5962 Matth.
1291 5922 1368 5976 ιι,
1410 5905 1499 5963 1οο
