3978 6582
303 427 366 472 41
1081 409 1398 469 MONITUM
1433 412 1526 466 AD
1564 407 1884 467 ORIGENIS
1920 407 2311 466 EXEGETICA
2358 408 2424 464 1N
2461 411 2782 469 GENESIM.
3487 418 3557 473 l9

379 531 496 584 Non
541 528 737 584 minori
794 528 912 584 zelo
957 527 1289 596 Augustinus
1337 533 1523 581 contra
1571 523 1907 594 Origenistas
1959 523 2189 585 debitam
2241 526 2460 580 litterali
2520 528 2924 597 Scripturarum
2977 531 3157 587 sensui
3200 535 3556 588 reverentiam

305 631 491 678 tuetur
518 622 644 676 libr.
671 637 763 676 vlu
807 621 882 675 De
911 619 1096 676 Cenes.
1125 627 1194 674 ad
1219 623 1346 686 litt.,
1378 635 1502 688 cap.
1540 619 1590 683 Ι,
1623 635 1771 673 num.
1802 618 1856 684 4,
1892 627 2018 672 tom.
2047 619 2138 685 Ill,
2169 635 2292 690 pag.
2319 621 2449 688 29.6,
2481 622 2572 677 ubi
2604 625 2681 678 sic
2719 635 2952 680 mentem
2993 643 3142 680 suam
3179 629 3352 696 aperit
3379 647 3390 680 :
3429 645 3448 679 ι
3480 629 3560 682 Ad

303 728 402 766 eos
436 714 628 782 loquor
657 711 750 782 qui
785 712 1164 767 auctoritatem
1197 712 1393 765 harum
1435 709 1738 764 litterarum
1775 719 2100 778 sequuntur.
2148 712 2347 767 Eorum
2386 713 2530 767 enim
2581 715 2799 784 quidam
2847 733 2952 771 non
3001 717 3236 788 proprie,
3283 722 3376 772 sed
3419 719 3556 789 ﬁgu-

307 815 426 857 rate
473 805 789 874 paradisum
824 804 1049 872 intelligi
1087 805 1295 858 volunt.
1357 803 1492 859 Nam
1525 803 1615 873 qui
1664 802 1887 856 omnino
1937 802 2297 858 adversantur
2343 804 2428 859 his
2481 805 2700 870 litteris,
2744 807 2877 862 alias
2912 824 3031 862 cum
3077 811 3156 864 eis
3201 821 3362 879 atque
3405 813 3560 868 aliter

302 898 558 967 egimus:
589 914 896 969 quanquam
957 907 1010 953 et
1045 899 1158 952 hate
1195 899 1246 952 in
1297 899 1396 953 hoc
1443 899 1560 966 ipso
1607 911 1772 967 opere
1807 905 2015 960 nostro,
2061 908 2320 966 quantum
2357 897 2626 962 valemus,
2672 900 2745 954 ita
2782 899 3134 958 defendamus
3178 905 3244 958 ad
3291 905 3554 970 litteram,

303 992 496 1059 utqui
555 1007 662 1046 non
719 992 1115 1046 rationabiliter
1169 993 1320 1058 moti,
1359 993 1881 1063 propter'animum
1935 991 2274 1060 pervicacem
2313 993 2396 1048 vel
2453 995 2732 1060 hebetem,
2791 997 3013 1050 credere
3069 997 3170 1051 ista
3223 999 3557 1062 detrectant,

305 1084 518 1137 nullam
557 1095 732 1139 tamen
777 1085 1062 1140 inveniant
1103 1087 1367 1140 rationem
1415 1088 1557 1140 unde
1597 1083 1731 1138 falsa
1765 1099 1884 1138 esse
1927 1084 2274 1138 convincant.
2305 1083 2503 1141 Verum
2553 1087 2642 1141 isti
2685 1089 2852 1142 nostri
2897 1087 2988 1156 qui
3022 1089 3180 1142 ﬁdem
3227 1091 3426 1148 habent.
3474 1094 3560 1148 his

307 1177 515 1231 divinis
545 1177 724 1240 libris,
753 1187 808 1232 et
843 1177 1032 1232 nolunt
1066 1177 1376 1245 paradisum
1415 1179 1480 1230 ad
1518 1177 1910 1256 proprietatem
1946 1174 2141 1230 littera:
2187 1176 2436 1246 intelligi,
2479 1177 2654 1232 locum
2705 1178 2914 1234 scilicet
2959 1179 3408 1251 ammnissimum,
3445 1186 3560 1243 fru-

303 1269 516 1323 ctuosis
559 1269 872 1324 nemoribus
905 1279 1210 1337 opacatum,
1255 1267 1612 1335 eumdemque
1650 1280 1926 1336 magnum,
1989 1274 2042 1318 et
2089 1281 2281 1337 magno
2317 1266 2464 1322 fonte
2499 1267 2806 1336 fecundum,
2852 1285 2974 1325 cum
3024 1273 3241 1329 videant
3281 1275 3424 1332 nulla
3460 1281 3561 1335 hu-

307 1379 474 1418 mana
520 1379 680 1433 opera
717 1372 791 1418 tot
821 1380 884 1419 ac
913 1373 1063 1418 tanta
1103 1365 1272 1417 vireta
1315 1361 1605 1417 silvescere
1639 1360 1852 1415 occulto
1892 1374 2056 1428 opere
2098 1345 2215 1430 Dei,
2263 1363 2434 1416 miror
2482 1365 2934 1432 quemadmodum
2979 1365 3206 1421 credunt
3245 1369 3418 1436 ipsum
3465 1373 3561 1428 ho-

307 1459 511 1513 minem
561 1459 636 1512 ita
684 1457 884 1512 factum
937 1457 1398 1526 quemadmodum
1437 1469 1716 1524 nunquam
1761 1454 2038 1509 viderunt.
2079 1454 2194 1507 Aut
2236 1455 2278 1510 si
2323 1464 2377 1510 et
2421 1455 2538 1524 ipse
2588 1455 2817 1525 ﬁgurate
2867 1456 3246 1528 intelligendus
3281 1471 3396 1526 est,
3435 1463 3560 1534 quis

305 1552 502 1619 genuit
540 1551 694 1618 Cain,
725 1551 880 1614 Abel,
905 1560 958 1605 et
987 1550 1157 1606 Setb?
1183 1553 1262 1604 An
1297 1561 1346 1605 et
1379 1549 1476 1619 ipsi
1513 1549 1741 1618 ﬁgurate
1785 1557 1992 1602 tantum
2027 1547 2276 1615 fuerunt;
2315 1565 2421 1604 non
2451 1550 2614 1605 etiam
2653 1550 2900 1606 homines
2933 1566 2996 1606 ex
3047 1554 3363 1611 hominibus
3409 1558 3562 1610 nati?

311 1645 392 1699 De
431 1645 681 1714 proximo
724 1659 852 1713 ergo
892 1645 1177 1698 attendant
1219 1643 1373 1698 istam
1429 1640 1900 1712 prmsumptionem
1953 1655 2059 1710 quo
2111 1641 2315 1706 tendat,
2347 1650 2402 1695 et
2445 1652 2713 1697 conentur
2752 1641 3034 1698 nobiscum
3077 1657 3274 1702 cuncta
3310 1649 3561 1718 primitus

307 1753 436 1806 quae
479 1749 632 1808 gesta
681 1747 992 1802 narrantur,
1031 1737 1084 1792 in
1136 1737 1536 1808 expressionem
1590 1732 1838 1788 veritatis
1881 1734 2146 1802 accipere.
2197 1734 2330 1799 Quis
2373 1736 2519 1789 enim
2573 1735 2654 1790 eis
2699 1743 2888 1803 postea
2938 1751 3046 1790 non
3112 1735 3294 1792 faveat
3355 1739 3560 1795 intelli-

309 1831 570 1902 gemibus
609 1829 738 1898 quid
777 1829 877 1884 ista
925 1829 1090 1884 etiam
1137 1829 1364 1899 ﬁgurata
1409 1825 1812 1896 signiﬁcatione
1859 1836 2264 1892 commoneant,
2313 1826 2428 1882 sive
2459 1827 2698 1894 ipsarum
2737 1828 3060 1896 spiritalium
3119 1839 3436 1887 naturarum
3479 1834 3564 1888 vel

311 1923 690 1988 aﬁeclionum,
728 1923 840 1977 sive
871 1938 1052 1976 rerum
1091 1922 1440 1977 futurarum?
1480 1922 1623 1976 Sane
1657 1920 1700 1973 si
1742 1918 1888 1972 nullo
1922 1919 2080 1973 modo
2123 1929 2347 1990 possent
2387 1924 2540 1977 salva
2589 1921 2693 1976 ﬁde
2743 1924 2984 1978 veritatis
3031 1938 3118 1988 ea,
3151 1941 3269 1993 qua:
3302 1921 3563 1996 corpora-

307 2014 444 2070 liter
475 2015 562 2069 hic
609 2014 884 2068 nominata
932 2023 1090 2080 sunt,
1139 2014 1497 2084 corporaliter
1544 2015 1704 2068 etiam
1756 2011 1949 2080 accipi,
1996 2011 2127 2080 quid
2177 2011 2323 2066 aliud
2373 2023 2700 2079 remaneret,
2753 2014 2857 2070 nisi
2903 2025 2964 2069 ut
3001 2030 3064 2070 ea
3103 2017 3281 2084 potius
3331 2018 3562 2089 ﬁgurate

309 2107 458 2160 dicta
509 2107 950 2177 intelligeretnus,
992 2122 1155 2176 quam
1211 2106 1546 2176 Scripturam
1596 2113 1842 2160 sanctam
1893 2103 2057 2171 impie
2103 2103 2485 2174 culparemus?
2530 2106 2700 2162 Porro
2748 2117 2932 2162 autem
2983 2109 3027 2162 si
3079 2123 3182 2163 non
3233 2110 3404 2164 solum
3457 2125 3562 2164 non

310 2199 636 2268 impediunt,
667 2215 854 2253 verum
890 2200 1056 2254 etiam
1091 2200 1313 2254 solidius
1351 2207 1605 2254 asserunt
1649 2197 1816 2252 divini
1859 2197 2058 2266 eloquii
2106 2197 2483 2252 narrationem
2516 2199 2632 2254 haec
2677 2200 2842 2254 etiam
2871 2203 3226 2268 corporaliter
3268 2203 3560 2264 intellecta,

309 2308 476 2347 nemo
509 2293 634 2356 erit,
668 2305 722 2346 ut
755 2293 968 2364 opinor,
1001 2301 1110 2346 tam
1144 2293 1432 2348 infideliter
1475 2293 1757 2360 pertinax,
1803 2289 1934 2359 qui,
1979 2306 2099 2344 cmn
2153 2305 2216 2346 ea
2247 2289 2543 2344 secundum
2589 2293 2828 2361 regulam
2870 2293 2991 2348 ﬁdei
3047 2297 3292 2365 exposita
3347 2295 3566 2365 pr0prie

307 2385 534 2449 viderit,
569 2385 720 2438 malit
767 2385 816 2438 in
855 2383 1072 2453 propria
1109 2399 1390 2440 remanere
1419 2385 1714 2448 sententia,
1745 2383 1788 2437 si
1823 2383 1966 2437 forte
2007 2382 2083 2435 illi
2129 2383 2246 2436 visa
2291 2381 2507 2436 fuerant
2555 2385 2770 2439 nonnisi
2827 2384 3052 2454 ﬁgurate
3105 2403 3262 2456 posse
3315 2389 3512 2456 accipi.
3542 2410 3560 2440 ι

309 2475 576 2529 Eamdcm
615 2477 928 2542 veritatem,
954 2479 1008 2534 id
1035 2487 1117 2532 est
1146 2491 1175 2530 a
1213 2477 1321 2531 Deo
1365 2475 1635 2530 consitum
1667 2491 1850 2530 revera
1880 2475 1932 2528 in
1969 2484 2114 2528 terra
2146 2471 2311 2527 fuisse
2335 2473 2668 2542 paradisum,
2697 2476 2882 2530 eadem
2919 2478 2964 2530 vi
3001 2488 3298 2548 propugnat
3342 2479 3435 2534 lib.
3465 2495 3562 2534 xm

309 2567 396 2621 De
421 2571 562 2624 civit.
585 2568 698 2634 Dei,
730 2585 849 2637 cap.
871 2569 962 2635 21,
1000 2580 1127 2624 tom.
1157 2567 1264 2634 Vl],
1297 2583 1419 2638 pag.
1445 2567 1570 2633 541,
1607 2567 1690 2622 his
1721 2567 1942 2622 verbis:
1974 2584 1992 2617 ι
2023 2564 2182 2620 Unde
2207 2565 2448 2620 nonnulli
2480 2573 2648 2620 totum
2687 2567 2860 2635 ipsum
2903 2572 3239 2638 paradisum,
3280 2573 3367 2626 ubi
3403 2575 3563 2642 primi

309 2664 564 2719 homines
595 2673 847 2734 parentes
891 2666 1107 2734 generis
1141 2664 1362 2718 humani
1393 2672 1595 2718 Sancta:
1644 2663 1940 2734 Scriptura:
1984 2660 2217 2714 veritate
2257 2660 2426 2717 fuisse
2461 2671 2776 2732 narrantur,
2804 2666 2874 2720 ad
2904 2665 3555 2736 intelligibiliaxeferunt,

315 2759 655 2826 arboresque
687 2757 804 2812 illas
837 2769 890 2812 et
922 2759 1066 2829 ligna
1101 2757 1378 2812 fructifera
1414 2757 1472 2812 in
1505 2757 1736 2811 virtutes
1774 2758 1893 2811 vitae
1924 2769 2212 2824 moresque
2244 2764 2592 2820 convertunt,
2641 2766 2895 2828 tanquam
2941 2758 3172 2813 visibilia
3217 2759 3306 2814 illa
3339 2773 3396 2816 et
3429 2776 3558 2816 cor-

311 2849 526 2917 poralia
557 2865 658 2902 non
688 2849 904 2916 fuerint,
930 2850 1022 2904 sed
1050 2849 1462 2919 intelligibilium
1485 2848 1942 2919 significationum
1974 2865 2134 2905 causa
2161 2862 2225 2902 eo
2251 2849 2411 2902 modo
2434 2847 2576 2902 dicta
2603 2848 2682 2901 vel
2712 2849 2913 2916 scripta
2942 2851 3068 2906 sint.
3088 2850 3251 2917 Quasi
3281 2865 3566 2924 propterea

311 2958 430 2996 non
468 2944 706 3012 potuerit
734 2958 856 2998 esse
899 2943 1186 3012 paradisus
1228 2943 1549 3012 corporalis,
1589 2944 1715 3013 quia
1746 2952 1925 3012 potest
1959 2946 2124 3000 etiam
2155 2942 2415 3014 spiritalis
2464 2942 2729 3012 intelligi?
2757 2942 3034 3013 Tanquam
3073 2945 3192 3000 ideo
3224 2962 3328 3000 non
3363 2947 3568 3006 fuerint
3615 2969 3628 2986 κ

312 3040 442 3092 dua:
502 3036 780 3102 mulieres,
814 3036 956 3106 Agar
1003 3045 1058 3090 et
1093 3035 1251 3099 Sara,
1293 3045 1346 3088 et
1379 3051 1446 3090 ex
1493 3035 1597 3090 illis
1627 3035 1732 3090 duo
1768 3034 1863 3089 ﬁlii
1892 3037 2144 3101 Abrahae,
2179 3051 2318 3091 unus
2347 3035 2413 3088 de
2444 3034 2638 3089 ancilla
2667 3045 2718 3090 et
2760 3036 2898 3091 alius
2949 3037 3013 3092 de
3044 3037 3249 3104 libera;
3300 3043 3424 3108 quia
3463 3045 3569 3098 duo

313 3140 646 3186 testamenta
679 3129 730 3182 in
768 3130 847 3183 eis
898 3128 1122 3198 ﬁgurata
1169 3129 1298 3182 dicit
1326 3127 1656 3196 Apostolus:
1694 3137 1785 3184 aut
1817 3129 1937 3184 ideo
1967 3129 2034 3183 de
2064 3128 2208 3182 nulla
2245 3136 2422 3196 petra,
2460 3126 2642 3198 Moyse
2686 3129 3040 3198 percutiente,
3072 3145 3209 3200 aqua
3241 3133 3555 3200 defluxerit,

309 3222 444 3292 quia
487 3231 664 3291 potest
707 3221 816 3276 illic
856 3221 1085 3291 ﬁgurata
1119 3221 1516 3291 signiﬁcatione
1559 3222 1721 3276 etiam
1769 3223 2016 3278 Christus
2053 3221 2304 3292 intelligi,
2341 3223 2530 3278 eodem
2579 3221 2838 3292 Apostolo
2881 3223 3096 3279 dicente
3133 3242 3148 3279 :
3187 3225 3348 3280 Petra
3396 3238 3569 3282 autem

309 3324 432 3371 erat
483 3313 728 3368 Christus
753 3314 824 3366 ³⁷.
860 3313 1030 3368 Nemo
1077 3314 1261 3382 itaque
1305 3311 1558 3383 prohibet
1605 3313 1907 3384 intelligere
1957 3314 2288 3384 paradisum,
2327 3313 2495 3367 vitam
2532 3312 2849 3380 beatorum;
2884 3323 3116 3386 quatuor
3145 3316 3260 3386 ejus
3307 3315 3568 3385 ﬂumina,

313 3419 564 3477 quatuor
613 3408 872 3472 virtutes,
925 3406 1302 3476 prudentiam,
1351 3404 1754 3470 fortitudinem,
1797 3405 2204 3476 temperantiam
2267 3413 2433 3474 atque
2481 3401 2870 3474 justitiam...
2919 3405 3080 3472 llaec,
3127 3417 3182 3462 et
3214 3409 3262 3462 si
3297 3423 3404 3478 qua
3461 3411 3566 3466 alia

309 3503 667 3556 commodius
699 3501 800 3555 dici
845 3509 1068 3571 possunt
1109 3501 1174 3554 de
1205 3499 1552 3569 intelligendo
1586 3501 1924 3570 spiritaliter'
1941 3501 2213 3571 paradiso,
2261 3500 2477 3555 nemine
2505 3500 2846 3570 prohibente,
2894 3501 3192 3558 dicantur:
3225 3505 3356 3562 dum
3393 3514 3572 3563 tamen

311 3604 374 3648 et
411 3595 562 3649 illius
592 3595 830 3649 historia:
860 3594 1065 3649 veritas
1103 3592 1416 3648 ﬁdelissima
1447 3607 1628 3646 rerum
1663 3601 1936 3661 gestarum
1971 3592 2287 3648 narratione
2313 3592 2690 3648 commendata
2717 3593 2996 3648 credatur.
3019 3611 3038 3645 ι

387 3685 464 3740 Et
503 3686 585 3740 his
613 3685 768 3750 satis,
795 3686 1008 3756 Opinor,
1050 3684 1219 3754 liquet
1256 3683 1642 3756 Origcnianam
1675 3682 1976 3752 Scripturte
2023 3699 2194 3739 sacra:
2243 3683 2538 3754 allegorico
2573 3697 2738 3738 sensu
2783 3684 3208 3754 interpretanda:
3261 3689 3575 3745 metbodum

307 3781 574 3849 reiectam
609 3780 778 3836 fuisse
813 3798 842 3836 a
875 3781 1148 3847 Patribus,
1183 3795 1214 3834 e
1245 3795 1476 3850 quorum
1511 3795 1607 3835 ore
1650 3779 1938 3846 discimus,
1983 3781 2204 3836 litterali
2249 3780 2432 3836 sensui
2475 3779 2794 3834 reverentiae
2835 3780 3126 3850 plurimum
3163 3782 3385 3850 deberi;
3425 3785 3572 3840 illum

308 3875 567 3944 mysticis
617 3875 888 3944 plerisque
915 3873 1343 3943 expositionibus
1379 3887 1497 3940 quae
1541 3879 1599 3926 ut
1629 3871 1920 3941 plurimum
1947 3887 1977 3926 a
2024 3872 2272 3926 vividiori
2307 3883 2361 3928 et
2408 3871 2652 3928 abnormi
2691 3871 3078 3939 imaginatione
3121 3883 3444 3940 nascuntur,
3489 3877 3573 3930 iu-

309 3967 533 4021 ﬁnitum
574 3975 862 4035 prazstare;
909 3966 1245 4034 frequentem
1297 3963 1682 4034 allegoriarum
1721 3979 1873 4017 usum
1911 3963 2154 4033 periculo
2188 3979 2296 4020 non
2343 3981 2560 4030 vacare,
2607 3977 2660 4019 et
2707 3964 2790 4019 vel
2825 3965 2890 4019 iis
2937 3965 2988 4020 in
3033 3964 3192 4030 locis,
3231 3967 3320 4020 ubi
3355 3966 3569 4036 ﬁgurati

305 4076 512 4115 sensus
543 4061 742 4116 veritas
773 4063 823 4114 in
855 4061 1073 4115 dubium
1119 4061 1306 4129 nequit
1336 4061 1610 4128 revocari,
1646 4075 1860 4116 summa
1893 4060 2144 4115 cautione
2171 4075 2308 4131 opus
2338 4075 2482 4126 esse,
2513 4077 2578 4115 ne
2615 4059 2758 4116 illius
2787 4069 3050 4131 prmtextu
3096 4059 3294 4116 veritas
3329 4062 3574 4120 historici

305 4167 510 4206 simsns
535 4152 918 4207 detrimentum
951 4153 1166 4223 aliquod
1209 4151 1466 4224 patiatur.

389 4244 434 4276 ³τ
467 4241 486 4294 Ι
519 4243 647 4298 Cor.
677 4261 731 4312 x,
767 4245 822 4300 4.

313 4401 612 4428 ἴτ’-π·-
623 4401 666 4407 --
673 4403 706 4428 -Ι-
715 4401 1884 4432 WA...-

1982 4406 3196 4437 *ψ’-*Ην
3199 4407 3502 4437 wh”
3544 4406 3553 4431 τ

1605 4567 2290 4684 MONITUM

859 4795 990 4870 AD
1065 4791 1551 4872 OBIGENIS
1627 4775 2282 4872 ΕΞΗΓΗΤΙΚΛ
2360 4783 2430 4864 Il

1464 4791 1551 4869 IS
1627 4775 2282 4872 ΕΞΗΓΗΤΙΚΛ
2360 4783 2474 4866 ΙΝ
2551 4785 3035 4868 GENESIM.

393 5099 438 5154 1.
477 5097 828 5167 Hieronymus
859 5097 914 5151 in
953 5097 1168 5166 prologo
1203 5098 1422 5166 prmﬁxo
1461 5112 1571 5150 sua:
1608 5097 2030 5167 interpretationi
2065 5096 2406 5150 frontiliarum
2442 5112 2574 5164 quas
2609 5096 2662 5148 in
2697 5093 3022 5167 Ezecliielem
3058 5093 3312 5162 Origenes
3353 5093 3533 5167 habuit
3563 5108 3579 5145 :

317 5193 338 5223 ι
395 5169 575 5232 Illud,
641 5163 846 5238 inquit,
897 5163 1121 5222 breviter
1163 5163 1439 5238 admoneo,
1508 5177 1562 5238 ut
1611 5163 1754 5221 scias
1801 5165 2046 5235 Origenis
2098 5167 2350 5238 opuscula
2419 5163 2476 5219 in
2521 5166 3110 5238 omnentWScripturam
3164 5179 3273 5238 esse
3323 5163 3576 5231 triplicia.

315 5241 570 5294 Primum
607 5235 722 5306 ejus
764 5247 1036 5302 excerpta,
1083 5253 1200 5306 qua:
1237 5237 1419 5290 ert‘e
1449 5235 1634 5306 σχόλια
1676 5246 2073 5304 nuncupantur,
2109 5237 2165 5289 in
2195 5237 2387 5302 quibus
2419 5253 2480 5289 ea
2524 5253 2639 5303 qua:
2670 5237 2783 5306 sibi
2813 5236 3125 5306 videbantur
3171 5237 3395 5286 obscura
3426 5240 3578 5300 atque

314 5311 515 5362 habere
573 5303 778 5376 aliquid
847 5303 1543 5376 difﬁcultatis,ismmnatiin
1602 5309 1922 5375 breviterque
1990 5307 2267 5371 distinxit;
2323 5307 2608 5376 secundum
2675 5303 2991 5376 ὁμιλητικὺν
3037 5320 3233 5372 genus,
3289 5309 3352 5354 de
3395 5317 3494 5376 quo
3534 5309 3582 5352 et

311 5395 553 5447 premens
590 5371 955 5443 interpretatio
987 5389 1097 5441 est;
1147 5379 1352 5430 tertium
1393 5378 1531 5444 quod
1575 5379 1785 5444 scripsit
1833 5371 1942 5442 ipse
1993 5377 2210 5446 τόμους,
2258 5393 2350 5430 nos
2402 5375 2664 5429 volumina
2701 5371 2975 5447 possumus
3010 5371 3354 5447 nuncupare:
3393 5371 3580 5447 innquo‘

311 5437 478 5518 opere
521 5457 631 5518 tota
667 5437 858 5518 ingenii
889 5449 971 5518 sui
1002 5437 1110 5518 vela
1152 5437 1474 5518 spirantibus
1511 5437 1872 5518 ventis'dedit,
1899 5457 1945 5498 et
1975 5437 2468 5518 _i:eéedensﬁaterru
2515 5447 2568 5498 in
2615 5437 2840 5518 medium
2884 5437 3403 5518 pelagits‘uiifitgit.)
3442 5437 3582 5502 Quid

309 5509 436 5573 sint
479 5509 882 5587 scholia,'quid
912 5509 1326 5586 handling-quid
1367 5518 1518 5582 tomi,
1549 5516 1663 5585 fuse
1694 5519 1933 5571 edisserit
1965 5515 2196 5570 [laetius
2227 5515 2684 5585 Origenianorum
2713 5515 2804 5568 lib.
2833 5509 2914 5578 ut,
2948 5509 3064 5584 cup.
3095 5513 3150 5578 2,
3186 5509 3313 5565 seet.
3349 5509 3400 5577 1,
3434 5526 3580 5562 num.

311 5591 376 5655 2,
409 5589 450 5656 5
477 5597 526 5641 et
557 5605 697 5656 seqq.

397 5655 470 5712 ll.
511 5645 792 5720 Eusebius,
821 5656 914 5710 lib.
944 5673 992 5710 γι
1039 5657 1176 5711 Hist.
1215 5657 1540 5722 ecclesiast.,
1569 5672 1686 5712 can.
1715 5655 1807 5719 21,
1855 5655 2130 5707 duodecim
2175 5663 2378 5707 tantum
2414 5663 2784 5708 commemorat
2823 5655 2877 5707 in
2921 5651 3162 5707 Genesim
3207 5649 3424 5720 τόμους.
3466 5645 3582 5722 [δι’

309 5732 526 5784 sebimn
562 5717 878 5782 secutus-est
916 5727 1134 5784 Suidas.
1166 5725 1361 5780 Verum
1398 5727 1472 5780 bis
1505 5717 1566 5778 tib
1617 5717 1937 5794 Hieronymo
1974 5725 2224 5794 tredecim
2263 5733 2608 5776 numerantur
2651 5735 2777 5776 tom.
2811 5723 3068 5794 IVnoea:
3095 5717 3424 5794 -edit.,';_mg.
3452 5717 3581 5780 450,

308 5811 360 5854 et
402 5808 536 5851 tom.
569 5798 653 5861 If,
683 5813 803 5866 pug.
830 5797 953 5858 562,
992 5799 1076 5850 ubi
1109 5798 1372 5861 explicans
1413 5813 1528 5866 qua:
1559 5797 1728 5863 capite
1761 5787 1951 5866 (μίανιο
1981 5792 2238 5866 Geneseos
2273 5797 2469 5866 scripta
2499 5801 2626 5866 situt
2654 5796 2716 5845 de
2746 5795 2875 5866 Cain
2917 5804 2961 5866 et
3008 5789 3252 5854 Lumerh,
3293 5787 3583 5866 Damasum

309 5884 520 5940 papam
555 5861 726 5922 monet
754 5861 789 5916 ⁷η
824 5867 1102 5936 Origenem
1153 5861 1519 5920 duodecimum
1563 5861 1851 5920 ct’tertium
1883 5863 2140 5920 decimum
2181 5865 2232 5918 in
2284 5861 2524 5917 Genesim
2568 5863 2760 5916 librant
2805 5865 2866 5918 de
2912 5863 3011 5917 hac
3047 5874 3249 5916 tantum
3298 5861 3586 5930 quaestione

655 5961 930 6024 ΡΑτιιοι..
961 5960 1078 6022 Gn.
1109 5962 1248 6022 ΧΙΙ.
3231 5953 3274 6016 2
