3978 6556
478 425 548 481 ιτ

1947 416 2291 475 ΟΒΙΟΕΝΕΒ

3666 422 3730 479 ιε

1640 579 3526 606 mm

475 578 2301 608 W

1182 756 1559 895 A110
1636 760 1974 890 ΤΩΝ
2057 759 3005 943 ΩΡΙΓΕΝΟΥΣ

1590 1001 1761 1087 ΕΙΣ
1811 1001 2041 1086 ΤΗΝ
2103 1000 2570 1087 ΓΕΝΕΣΙΝ
2591 992 2699 1086 (4).

748 1310 904 1400 ΕΧ
982 1309 1570 1405 OBIGENIS
1634 1310 2553 1407 COMMENTABIIS
2630 1316 2755 1405 IN
2833 1314 3357 1408 GENESIM

2043 1512 2113 1525 -σ

1730 1640 1824 1703 Ad
1863 1648 2050 1721 caput
2082 1659 2127 1715 ι,
2161 1657 2326 1702 vers.
2367 1641 2460 1702 12.

538 1790 588 1859 2
607 1788 665 1845 Si
694 1788 960 1859 quispiam
982 1802 1046 1844 eo
1076 1789 1128 1843 in
1160 1802 1348 1844 errore
1366 1788 1700 1857 versabitur,
1724 1796 1783 1843 ut
1814 1790 1881 1845 de
1901 1791 2029 1845 arti-

2215 1790 2277 1842 Εί
2324 1790 2380 1843 δέ
2418 1807 2522 1842 τινι
2563 1800 2896 1861 προσκόπτει
2933 1790 3021 1845 διὰ
3060 1792 3186 1855 τοὺς
3231 1790 3606 1864 ἀνθρωπίνους
3642 1808 3735 1848 τε·

467 1883 626 1937 ﬁcum
652 1889 961 1937 nostrorum
986 1895 1139 1936 more
1157 1882 1422 1949 cogitans,
1451 1880 1687 1935 dandum
1712 1894 1833 1936 esse
1856 1892 2038 1952 neget,

464 1974 632 2028 Deum
678 1988 765 2028 res
818 1973 1105 2028 universas
1145 1971 1325 2027 moliri
1378 1985 1565 2041 posse,
1593 1971 1699 2026 nisi
1750 1974 2038 2028 materiam

462 2066 753 2135 quamdam
794 2072 918 2120 ortu
954 2074 1231 2120 carentem
1279 2078 1390 2135 prae
1447 2064 1696 2121 manibus
1760 2065 2037 2132 habuerit,

461 2171 583 2211 cum
619 2170 793 2223 neque
832 2156 1131 2211 Statuarius
1155 2156 1361 2226 absque
1390 2171 1522 2220 aere,
1557 2169 1658 2211 nec
1683 2154 1835 2212 faber
1861 2156 2038 2227 ligna-

462 2248 574 2301 rius
614 2247 734 2302 sine
790 2246 978 2317 lignis,
1041 2260 1141 2301 nec
1198 2246 1538 2302 architectus
1591 2247 1713 2302 sine
1766 2246 2039 2317 lapidibus

458 2347 772 2408 susceptum
798 2353 938 2408 opus
978 2338 1264 2394 elaborare
1290 2338 1465 2410 possit
1497 2352 1510 2391 :
1543 2338 1609 2392 de
1648 2346 1915 2407 potestate
1943 2338 2038 2394 Dei

459 2431 809 2501 quarrendum
841 2446 906 2485 ex
956 2431 1048 2485 illo
1077 2440 1184 2496 est,
1228 2441 1407 2485 utrum
1452 2430 1592 2486 Deus
1640 2430 1731 2485 ubi
1778 2430 2038 2500 quidquid

458 2526 560 2594 ipsi
615 2524 901 2595 placuerit,
954 2524 1133 2578 moliri
1183 2523 1457 2588 statuerit,
1513 2523 1662 2578 nulla
1714 2521 2036 2578 diﬂieultate

457 2618 567 2669 vim
600 2614 717 2683 ejus
747 2614 1039 2669 voluntatis
1071 2614 1368 2679 inhibente,
1399 2614 1543 2686 quod
1571 2615 1743 2669 visum
1773 2614 1877 2670 sibi
1921 2613 2038 2670 fue-

457 2709 554 2771 rit,
590 2704 851 2775 perlicere
901 2704 1092 2776 possit.
1120 2704 1233 2771 Qua
1278 2705 1424 2760 enim
1467 2705 1700 2770 ratione,
1747 2704 2037 2775 qualitates

456 2798 622 2867 illas(
651 2796 703 2851 id
735 2796 967 2866 quodex
995 2811 1183 2851 eorum
1217 2796 1459 2853 omnium
1489 2796 1578 2867 qui
1626 2795 2034 2851 Providentiam

455 2904 578 2945 esse
620 2887 919 2944 defendunt
968 2889 1217 2944 oratione
1275 2889 1656 2959 sententiaque
1683 2886 2034 2957 coniunctum

455 2993 538 3039 est
569 2983 588 3055 )
614 2997 733 3053 quae
773 2982 934 3037 nullae
966 2981 1093 3036 dum
1128 2990 1306 3049 erant,
1345 2984 1412 3038 ad
1466 2982 1706 3038 universi
1758 2993 2071 3051 ornatura,-

454 3092 555 3147 pro
597 3077 807 3131 infinita
838 3082 1129 3147 potestate,
1183 3075 1561 3146 sapientiaque
1609 3075 1858 3145 producit
1888 3091 1900 3126 :
1934 3091 2033 3130 ea-

2142 1882 2330 1951 χνίτας
2359 1881 2433 1953 μὴ
2460 1881 2718 1935 δύνασθαι
2748 1883 3152 1955 παραδέξασθαι
3176 1884 3267 1937 τὸν
3298 1885 3430 1938 Θεὸν
3458 1885 3532 1957 (5)
3562 1885 3734 1958 χωρὶς

2143 1972 2275 2044 ὑλης
2309 1974 2607 2044 ἀγεννήτου
2635 1974 3000 2046 ὑποκειμένης
3031 1976 3461 2042 κατασκευάζειν
3487 1978 3553 2032 τά
3577 1978 3735 2045 ὅντα,

2141 2067 2265 2119 ἐπεὶ
2295 2067 2428 2138 μηδὲ
2455 2066 2895 2139 ἀνδριαντοποιὸς
2917 2069 3084 2140 χωρὶς
3111 2068 3312 2139 χαλκοῦ
3332 2070 3392 2123 τὸ
3417 2071 3545 2125 ίδιον
3571 2070 3736 2141 ἒργοθ

2142 2158 2365 2228 ποιῆσαι
2406 2156 2649 2223 δύναται,
2699 2159 2834 2230 μηδὲ
2878 2159 3084 2213 τέκτων
3129 2162 3300 2233 χωρὶς
3345 2160 3538 2227 ξύλων,
3595 2162 3735 2235 μηδὲ

2139 2251 2418 2323 οἰκοδόμος
2447 2252 2618 2325 χωρὶς
2652 2251 2815 2307 λίθων
2839 2271 2852 2284 ο
2892 2253 3156 2326 ζητητέον
3205 2254 3342 2327 πρὸς
3382 2254 3547 2308 αὑτοῦ
3596 2255 3733 2327 περὶ

2137 2343 2419 2414 δυνάμεως
2449 2344 2605 2410 Θεοῦ,
2643 2346 2691 2398 εί
2723 2345 2957 2418 θελήσας
2990 2346 3293 2418 ὑποστῆσαι
3328 2348 3357 2400 ὃ
3387 2364 3441 2400 τι
3476 2347 3733 2418 βούλεται

2138 2437 2167 2488 ὁ
2205 2435 2357 2500 θεὸς,
2386 2436 2488 2507 τῆς
2526 2435 2799 2508 θελήσεως
2837 2437 3001 2492 αὑτοῦ
3044 2438 3143 2491 οὐκ
3171 2438 3572 2509 ἀπορουμένης,
3606 2438 3735 2492 οὐδὲ

2139 2524 2457 2597 ἀτονοὺσης,
2503 2524 2726 2578 δύναται
2778 2525 3085 2596 ὑποστῆσαι
3124 2524 3152 2578 ὃ
3198 2524 3467 2596 βούλεται.
3502 2519 3573 2596 ᾮ
3618 2523 3735 2595 γὰρ

2138 2619 2281 2691 λόγῳ
2320 2620 2420 2684 τὰς
2468 2620 2782 2691 ποιότητας,
2834 2619 2978 2673 κατά
3025 2617 3233 2681 πάντας
3276 2618 3404 2682 τοὺς
3463 2619 3735 2691 Πρόνοιαν

2139 2711 2461 2780 εἰσάγοντας
2491 2710 2570 2781 τῷ
2600 2710 2716 2781 ίδίῳ
2745 2709 2907 2780 λόγῳ,
2937 2711 3036 2764 οὐκ
3069 2708 3236 2773 οὐσας
3265 2708 3341 2772 ὡς
3369 2708 3617 2781 βούλεται
3650 2715 3735 2776 εἰς

2136 2804 2497 2876 διακόσμησιν
2539 2802 2632 2858 τοῦ
2669 2804 2872 2867 παντὸς
2904 2802 3160 2875 ὑφίστησι
3206 2806 3272 2876 τῇ
3325 2804 3517 2876 ἀφάτῳ
3560 2806 3733 2861 αὑτοῦ

2136 2898 2361 2968 δυνάμει
2387 2895 2483 2950 καὶ
2516 2894 2697 2969 σοφίᾳ,
2736 2895 2912 2967 τούτῳ
2950 2895 3030 2967 τῷ
3067 2896 3211 2968 λόγῳ
3245 2897 3340 2951 καὶ
3370 2896 3471 2968 τὴν
3515 2899 3731 2965 οὐσίαν,

2136 2990 2269 3061 ὅσης
2301 2989 2512 3062 χρῄζει,
2555 2990 2713 3061 ἱκανή
2741 2990 2888 3043 ἐστιν
2918 2988 3083 3042 αὑτοῦ
3129 2991 3162 3061 ἡ
3202 2989 3455 3063 βούλησις
3504 2990 3733 3061 ποιῆσαι

2137 3082 2407 3152 γενέσθαι.
2431 3084 2810 3155 Ἀπορήσομεν
2833 3082 2942 3154 γὰρ
2969 3080 3106 3155 πρὸς
3132 3083 3257 3148 τοὺς
3278 3083 3338 3135 οὑ
3369 3083 3735 3154 βουλομένους

458 3172 578 3226 dem
605 3170 831 3226 omnino
861 3179 1115 3225 naturam
1146 3167 1469 3238 quamlibet.
1500 3169 1545 3225 si
1577 3184 1681 3239 qua
1710 3168 1851 3226 forte
1893 3170 2029 3225 indi-

2133 3175 2286 3230 ταῦθ⁹
2325 3175 2497 3239 οὑτως
2540 3153 2717 3246 ἔχειν,
2751 3175 2799 3227 εί
2835 3153 3227 3247 μὴίιάκολουθεί
3271 3153 3454 3240 αὑτοῖς
3496 3153 3736 3246 εὐτυχη-

454 3274 599 3335 geat,
650 3280 938 3333 procreare
987 3262 1251 3317 continuo
1306 3261 1557 3318 voluntas
1603 3263 1720 3328 eius
1759 3278 1857 3332 per
1910 3277 2031 3318 sese

451 3354 676 3424 poterit.
706 3354 837 3408 Nam
873 3368 1182 3425 quieremus
1221 3368 1286 3407 ex
1321 3352 1421 3417 iis;
1457 3353 1549 3421 qui
1584 3367 1697 3409 rem
1738 3353 1840 3408 hoc
1873 3352 2032 3408 modo

454 3465 517 3505 se
557 3448 758 3504 habere
787 3450 1131 3519 negaverint,
1178 3463 1245 3502 an
1281 3462 1386 3503 non
1424 3464 1491 3504 ex
1534 3462 1723 3503 eorum
1775 3446 2034 3517 opinione

452 3554 798 3611 consequens
825 3540 913 3605 sit,
952 3538 1093 3595 belle
1116 3538 1406 3594 admodum
1440 3539 1494 3594 id
1526 3552 1591 3594 ac
1617 3537 1893 3595 fortunate
1923 3539 2033 3595 Deo

451 3628 708 3699 cessisse,
743 3633 884 3703 quod
911 3633 963 3687 in
995 3640 1245 3686 naturam
1272 3632 1421 3687 illam
1448 3642 1602 3688 ortus
1628 3642 1905 3703 expertem
1940 3632 2025 3686 in-

449 3726 669 3793 ciderit,
696 3739 859 3794 quam
891 3723 996 3780 nisi
1024 3738 1089 3780 eo
1119 3725 1237 3794 ipso
1263 3725 1409 3795 quod
1440 3733 1563 3789 ortu
1600 3734 1811 3779 careret
1838 3733 2030 3778 nactus

448 3826 616 3882 esset,
655 3817 793 3871 nihil
852 3832 1091 3888 unquam
1138 3816 1355 3873 ellicere
1411 3818 1721 3888 potuisset;
1787 3816 2031 3887 adeoque

519 4034 597 4105 (4)
638 4033 871 4089 Exhibet
917 4035 1018 4089 hoc
1048 4030 1544 4105 frag._Euseb._lib.
1572 4046 1644 4105 vn
1675 4029 1777 4105 De“
1800 4045 2033 4105 prosper.

447 4100 634 4173 evang.
666 4105 1049 4172 Iuterpretatio
1080 4100 1383 4173 Latinaest
1412 4101 1687 4173 Fraucisei
1719 4100 1921 4173 Vigeri.

520 4170 599 4245 (5)
635 4173 735 4243 Μὴ
784 4170 1079 4230 δύνασθαι
1112 4170 1561 4245 παραδέξασθαι
1584 4170 1700 4245 τόν
1732 4171 1899 4245 Θεόκ,
1914 4179 2029 4245 etc.

448 4241 595 4300 Idem
631 4241 732 4300 hoc
759 4255 1141 4315 argumentum
1191 4243 1536 4312 persequitur
1571 4241 1835 4315 Origenes
1866 4242 1963 4315 lib.
1990 4256 2026 4294 ll

449 4316 527 4368 De
561 4311 967 4385 princip.,'cap.
1005 4315 1053 4368 ιι.
1087 4314 1319 4368 Basilius
1348 4311 1528 4367 autem
1573 4311 1720 4366 honi.
1752 4311 1788 4385 2
1822 4313 1872 4385 in
1924 4311 2030 4365 lle-

448 4382 774 4451 xaeiueron,
805 4396 860 4440 et
889 4382 1209 4440 Ambrosius
1242 4384 1294 4437 in
1328 4397 1496 4453 opere
1525 4382 1833 4452 cognomini
1874 4397 2025 4436 eam-

449 4459 596 4520 dem,
621 4470 786 4526 quam
822 4466 1139 4519 tractamus,
1170 4454 1420 4523 Origenis
1449 4453 1868 4526 disputationem
1904 4466 2025 4520 pro-

448 4527 558 4596 lixe
611 4525 881 4583 referunt.
915 4526 1251 4596 Qnaxagorm
1283 4539 1469 4596 porro,
1517 4525 2018 4596 Pythagoreorum,

447 4594 878 4691 l’latonicornm,
913 4593 1246 4661 Stoicorum,
1283 4595 1622 4691 aliorumque
1648 4607 1712 4647 ea
1750 4594 2022 4691 sententia
2052 4632 2098 4691 ϐ

445 4664 571 4728 fuit,
602 4664 861 4721 mundum
887 4680 954 4720 ex
992 4676 1195 4720 aeterna
1228 4664 1452 4720 materia
1493 4667 1659 4718 Deum
1687 4663 2021 4718 condidiSse.

448 4734 725 4790 V’idendus
786 4736 1023 4791 Timaeus
1088 4734 1299 4790 Locrus
1344 4734 1485 4802 Περὶ
1533 4730 1741 4803 ψυχᾶς
1787 4740 2027 4802 κόσμω,

450 4804 606 4861 Plato
656 4808 706 4859 in
750 4805 973 4873 Timwo,
1017 4805 1209 4860 Cicero
1255 4808 1307 4859 in
1351 4806 1518 4859 Acad.
1560 4814 1772 4872 qua’sl.,
1809 4806 2032 4858 Seneca

448 4879 615 4946 epist.
665 4876 755 4941 65,
810 4875 1089 4930 Plutarch.
1139 4875 1231 4946 lib_.
1277 4893 1293 4929 ι
1339 4874 1412 4929 De
1464 4875 1646 4946 placit.
1701 4874 2026 4946 philosoph.,

447 4944 702 5001 Laertius
744 4951 798 5001 in
838 4946 1061 5014 Plutone
1099 4956 1152 5000 et
1183 4944 1415 5009 Zenone,
1461 4944 1798 5014 Epiphanius
1832 4945 2027 4997 haeres.

446 5019 480 5072 5
509 5029 561 5072 et
596 5019 721 5081 alii;
758 5018 853 5072 sed
895 5008 1142 5084 inprimis
1182 5008 1407 5084 auctor
1433 5008 1542 5069 τῶν
1565 5008 2029 5084 ’Φιλοσοφουμέ-

445 5106 586 5142 νων.
640 5088 866 5141 Πλάτων
920 5082 1093 5158 ἀρχὰς
1153 5082 1289 5158 εἶναι
1338 5084 1431 5139 τοῦ
1480 5086 1683 5158 παντὸς
1728 5082 1880 5147 Θεὸν,
1924 5082 2028 5138 καὶ

448 5159 600 5228 ὓλην,
652 5160 747 5212 καὶ
792 5156 1158 5229 παράδειγμα.
1200 5177 1217 5208 ι
1247 5156 1401 5229 Plato
1457 5156 1725 5227 principia
1770 5171 1893 5229 esse
1942 5171 2027 5210 re-

445 5246 566 5283 rum
610 5228 1080 5291 omnium’Deum,
1115 5238 1169 5281 et
1209 5228 1514 5290 materiam,
1562 5239 1619 5282 et
1657 5228 1965 5296 exemplar;
1999 5245 2017 5277 ι

446 5313 558 5371 tum
585 5321 596 5355 :
628 5302 740 5371 :H‘J
772 5298 1081 5371 (ὑληνλκαὶ
1112 5298 1436 5371 δεξαμένην,
1468 5299 1563 5371 καὶ
1589 5298 1813 5371 τιθήνην
1848 5296 2022 5363 καλεῖ,

526 5366 590 5461 ἧς
613 5366 1075 5461 διακοσμηθείσης
1102 5366 1454 5461 ἷενέσθαιξά
1486 5366 1726 5461 τέσσαρα
1762 5366 2021 5461 στοιχεῖα,

444 5441 505 5506 ἐξ
533 5439 606 5497 ὧν
640 5439 971 5511 συνέστηκεν
1002 5442 1031 5492 ὀ
1063 5441 1287 5510 κόσμος.
1330 5459 1348 5491 ι
1378 5439 1548 5513 Quum
1591 5439 1923 5513 (materiam)
1968 5450 2024 5493 et

445 5514 804 5583 receptrieem
846 5520 901 5564 et
948 5513 1219 5565 nutricem
1265 5511 1524 5580 appellat,
1565 5511 1628 5564 ex
1675 5525 1779 5583 qua
1814 5512 2019 5579 digesta

443 5580 719 5638 CXrliliSSC
740 5589 975 5652 quatuor
1000 5583 1296 5648 elementa,
1324 5597 1389 5635 ex
1424 5584 1623 5652 quibus
1649 5580 1915 5652 conﬂatus
1939 5588 2023 5635 est

443 5658 694 5708 mundus.
722 5650 772 5703 ι’
802 5652 913 5707 Hoc
956 5654 1096 5706 idem
1149 5653 1313 5705 habet
1348 5654 1400 5723 in
1442 5650 1796 5723 Anaxagora.
1840 5650 2019 5720 Ipsum

445 5725 591 5777 hunc
619 5738 864 5777 errorem
912 5724 1145 5792 castigat
1176 5721 1540 5792 'l‘ertullianus
1585 5721 1656 5776 in'
1679 5721 2020 5791 Hermogene

445 5804 693 5861 apostata
750 5812 799 5846 c.
835 5796 885 5858 l,
939 5796 1032 5862 qui
1062 5791 1105 5845 ίι
1136 5810 1165 5847 a
1211 5791 1542 5848 ChriStiauis
1602 5807 1897 5862 conversus
1947 5791 2016 5845 ad

445 5864 818 5933 philosophos,
862 5866 927 5917 de
962 5861 1202 5919 Ecclesia
1248 5866 1303 5917 in
1330 5865 1703 5924 Academiam.
1746 5873 1801 5917 et
1834 5861 2014 5916 Porti-

445 5951 589 6002 cum,
623 5936 744 5989 inde
778 5936 1005 6004 sumpsit
1036 5950 1065 5992 a
1100 5935 1303 5992 Stoicis
1336 5936 1617 5991 materiam
1644 5951 1767 5991 cum
1788 5935 2012 5991 Domino

2136 3268 2288 3323 κέναι
2334 3267 2425 3321 τὸν
2476 3266 2629 3332 Θεὸν,
2677 3267 2972 3339 ἀγέννητον
3003 3266 3232 3338 εὑρόντα
3280 3266 3380 3338 τὴν
3413 3266 3626 3330 οὐσίαν,
3661 3268 3734 3339 ἢν

2133 3360 2180 3412 εἰ
2210 3356 2284 3429 μὴ
2314 3357 2375 3410 τὸ
2407 3356 2700 3429 ἀγέννητον
2730 3355 2879 3427 αὐτῷ
2913 3356 3286 3429 ὑποϐεϐληκὸς
3320 3352 3410 3428 ἦν,
3442 3357 3601 3411 οὐδὲν
3631 3358 3731 3431 ἔρα

2140 3468 2235 3519 γον
2263 3450 2488 3514 δυνατὸς
2523 3445 2591 3522 ἦν
2622 3449 2864 3521 ποιῆσαι,
2906 3447 3020 3502 ἀλλ’
3054 3449 3245 3521 ἔμενεν
3274 3451 3335 3503 οὑ
3373 3449 3734 3521 δημιουργὸς,

2140 3543 2200 3596 οὑ
2250 3541 2453 3613 πατὴρ,
2497 3542 2598 3595 οὐκ
2627 3542 2944 3613 εὐεργέτης,
2983 3543 3083 3597 οὐκ
3117 3543 3339 3613 ἀγαθὸς,
3376 3543 3474 3597 οὐκ
3518 3543 3653 3598 ἄλλο
3681 3562 3733 3598 τι

2136 3633 2246 3688 τῶν
2283 3634 2520 3704 εὐλόγως
2546 3634 2856 3705 λεγομένων
2894 3634 3023 3706 περὶ
3056 3634 3213 3690 Θεοῦ.
3244 3635 3417 3690 Πόθεν
3447 3635 3505 3689 δὲ
3549 3636 3647 3690 καὶ
3674 3636 3737 3691 τὸ

2142 3730 2359 3798 μετρεῖν
2384 3726 2481 3797 τῆς
2513 3725 2883 3797 ὑποκειμένης
2906 3726 3094 3791 οὐσίας
3117 3727 3178 3780 τὸ
3202 3727 3436 3792 τοσόνδε,
3470 3727 3547 3791 ὡς
3571 3727 3736 3800 διαρο

2138 3819 2297 3874 κέσαι
2327 3822 2393 3891 τῇ
2426 3816 2746 3893 τηλικούτου
2782 3817 2989 3890 κόσμου
3035 3820 3334 3875 ὑποστάσει
3361 3836 3376 3886 ;
3408 3819 3574 3875 οἱονεὶ
3617 3820 3735 3895 γὰρ

2132 4043 2357 4098 ponere,
2382 4043 2502 4099 qua:
2530 4028 2643 4100 ipsa
2679 4043 2898 4099 semper
2929 4027 3325 4100 fuerit,neque
3360 4032 3512 4100 nata,
3544 4040 3734 4097 neque

2132 4099 2299 4166 facta,
2332 4116 2432 4156 nec
2476 4100 2691 4156 initium
2743 4101 2952 4155 habens
2995 4099 3242 4165 omnino,
3280 4113 3381 4152 nec
3427 4099 3624 4161 linem;
3660 4115 3735 4152 ex

2129 4186 2237 4242 qua
2266 4171 2527 4226 Dominus
2558 4170 2739 4242 omnia
2771 4180 2963 4239 postea
3002 4169 3258 4242 fecerit.)
3299 4168 3443 4242 Iden)
3488 4169 3737 4242 castigat

2130 4238 2187 4297 et
2230 4242 2283 4295 in
2330 4241 2609 4297 Marciane
2654 4240 2749 4295 lib.
2774 4238 2837 4306 ﬁt,
2871 4255 2991 4310 cap.
3021 4239 3132 4294 15:
3174 4257 3193 4291 ι
3223 4239 3455 4304 Dehinc,
3504 4238 3733 4310 inquit,

2132 4312 2177 4367 si
2207 4322 2259 4366 et
2299 4312 2390 4366 ille
2442 4312 2705 4367 mundum
2753 4325 2822 4365 ex
2873 4306 3054 4379 aliqua
3114 4311 3344 4365 materia
3398 4306 3733 4379 subjacente

2130 4382 2355 4437 molitus
2380 4391 2485 4447 est,
2520 4383 2704 4437 inuata
2732 4389 2787 4437 et
2816 4378 3041 4444 infecta,
3068 4391 3123 4436 et
3150 4378 3542 4448 contemporali
3582 4378 3736 4446 Deo,

2131 4453 2585 4522 quemadmodum
2627 4463 2685 4508 et
2726 4453 2794 4507 de
2826 4464 3076 4506 creatore
3106 4451 3347 4522 Marcion
3385 4451 3581 4522 sentit,
3636 4467 3736 4507 re-

2130 4520 2270 4590 digis
2297 4532 2352 4576 et
2385 4523 2487 4577 hoc
2534 4522 2602 4576 ad
2654 4522 2994 4589 majestatem
3025 4521 3155 4587 loci,
3186 4521 3313 4591 quia
3346 4529 3401 4575 et
3438 4520 3612 4591 Deum
3672 4530 3735 4576 et

2131 4589 2452 4664 materiam,
2502 4593 2638 4647 duos
2674 4594 2825 4664 deos,
2865 4592 3049 4664 elusit.
3074 4614 3115 4664 o_
3143 4589 3389 4664 castigat
3433 4602 3489 4645 et
3529 4589 3732 4664 Theo-

2132 4662 2354 4718 doretus
2390 4662 2445 4716 iu
2490 4672 2746 4732 utroque,
2780 4662 2938 4718 Hier.
2966 4659 3136 4733 fabul.
3176 4662 3269 4715 lib.
3298 4659 3336 4725 i,
3371 4659 3639 4733 σθω-24,
3676 4673 3740 4717 et

2136 4733 2229 4801 lib.
2260 4749 2316 4795 v,
2348 4748 2465 4801 cap.
2492 4734 2547 4799 5,
2578 4731 2987 4788 et’Philastrius
3022 4736 3074 4786 in
3126 4733 3357 4788 Seleuco
3405 4742 3462 4787 et
3497 4731 3734 4788 Hermia

2132 4800 2380 4873 Galatia,
2416 4800 2635 4859 flueres.
2678 4804 2770 4859 55.
2821 4803 3103 4858 Manichrei
3152 4818 3368 4873 quoque
3427 4804 3733 4857 materiam

2131 4871 2424 4946 ἀγέννητον
2461 4889 2581 4930 esse
2623 4875 2977 4946 sciscebant.
3014 4871 3305 4946 Rationem
3348 4873 3528 4946 reddit
3583 4873 3738 4946 Dro-

2133 4943 2704 5000 serius’Marcionista
2760 4947 2812 4999 in
2871 4943 3089 5014 dialogo
3134 4944 3210 4998 De
3242 4945 3539 5014 ortliodora
3590 4943 3735 5012 ﬁde,

2131 5030 2230 5068 cu-r
2267 5017 2320 5070 id
2363 5017 2681 5083 ﬁgmentum
2728 5012 3083 5085 pr0pugnare
3123 5015 3425 5085 instituerit
3472 5012 3738 5068 Valenti-

2130 5099 2273 5141 nus:
2309 5101 2502 5155 nempe
2556 5101 2622 5140 ne
2663 5083 2932 5140 malorum
2970 5101 3189 5139 causam
3232 5087 3284 5139 in
3333 5083 3505 5155 Deum
3570 5094 3738 5139 tran-

2130 5156 2376 5212 scribere
2430 5153 2744 5225 cogeretur,
2793 5171 2913 5210 earn
2965 5155 3031 5209 ad
3072 5156 3357 5211 materiam
3415 5153 3735 5209 referebat.

2130 5225 2390 5281 Mundum
2421 5224 2641 5296 quidem
2672 5242 2703 5280 e
2746 5226 2976 5296 materia
3003 5241 3031 5279 a
3067 5225 3179 5280 Deo
3224 5224 3514 5281 conllatum
3546 5227 3740 5279 credi-

2129 5299 2328 5351 derunt
2360 5297 2538 5363 Philo,
2582 5296 2866 5364 Tatianus,
2906 5295 3245 5362 Lactantius,
3282 5296 3521 5365 aliique;
3560 5297 3667 5350 sed
3700 5309 3737 5351 θ

2134 5370 2364 5421 materia
2409 5382 2439 5421 a
2480 5367 2590 5423 Deo
2634 5369 2867 5438 primunt
2919 5377 3123 5431 creata,
3172 5383 3274 5421 non
3301 5378 3571 5438 aeterna,
3602 5376 3738 5438 tum

2126 5438 2323 5493 deinde
2363 5438 2415 5491 in
2450 5435 2696 5492 ordinem
2730 5438 3136 5507 digestaaAudi
3166 5436 3387 5490 omnino
3416 5435 3735 5507 Eusebium

2124 5508 2219 5563 lib.
2250 5525 2319 5564 vn
2355 5507 2558 5579 Evang.
2589 5524 2840 5578 praepan,
2868 5518 2924 5563 et
2957 5506 3334 5573 Philoculiam,
3364 5521 3482 5574 cap.
3513 5506 3611 5561 25.
3654 5507 3740 5562 At

2124 5590 2315 5635 noster
2361 5579 2647 5649 Origenes
2681 5595 2788 5635 non
2842 5579 3098 5648 principii
3153 5580 3374 5646 quidem
3429 5587 3740 5649 expertem

2126 5651 2412 5704 materiam
2453 5647 2508 5705 et
2552 5648 2870 5721 ἀγέννητον,
2910 5649 3005 5703 sed
3040 5666 3070 5703 a
3108 5649 3334 5721 Deogabg
3364 5647 3515 5721 omni
3564 5657 3740 5721 retro

2122 5734 2239 5774 mvo
2275 5717 2617 5790 procreatam
2659 5717 3019 5790 admittebat,
3082 5729 3139 5773 ut
3198 5718 3444 5790 pluribus
3494 5717 3547 5771 in
3580 5718 3743 5790 ⁸0ιή-

2122 5787 2374 5859 εειιῑιιήῐε
2392 5792 2611 5861 nostris
2638 5787 2998 5845 ostendimus.
3033 5787 3211 5861 Alque‘
3235 5792 3345 5861 lucc
3370 5787 3742 5861 doctissimus

2120 5863 2319 5929 prwsul
2354 5860 2604 5927 lluctitts,
2636 5878 2787 5934 quem
2811 5859 3247 5931 pra'scrtimut'de
3276 5859 3592 5930 Origeniau.
3623 5860 3740 5918 lib.

2122 5947 2186 6000 tt,
2213 5943 2402 6003 quast.
2432 5934 2527 5997 12,
2562 5932 2713 5987 nunt.
2742 5932 2797 5988 4.
