3978 6542
332 457 408 519 49
1783 447 1850 502 IN
1878 443 2200 503 GENESIM.
3517 441 3586 495 so

333 575 563 646 πρόνοιά
590 593 672 639 τις
706 574 1048 648 πρεσϐυτέρα
1081 571 1236 638 Θεοῦ,
1285 572 1594 642 ἀναγκαίως
1635 571 1733 643 τὴν
1781 570 1906 640 ὕλην

2017 577 2280 639 perpetuo
2319 565 2604 630 molitoris,
2639 565 2900 635 parentis,
2931 563 3170 635 benigni,
3203 561 3352 626 boni,
3389 577 3452 616 ac
3481 577 3590 619 ce-

336 666 492 721 εσται
515 668 916 738 ὑποϐεϐληκυία
947 666 1022 736 τῷ
1051 665 1188 738 Θεῷ,
1219 665 1585 736 προνοουμένη
1607 663 1702 734 τὴν
1723 662 1916 734 τέχνην

333 759 435 830 τὴν
463 760 876 832 ἐνυπάρχουσαν
913 759 1058 830 αὐτῷ
1085 759 1158 830 μὴ
1189 757 1580 827 κενοπαθῆσαι,
1615 758 1714 809 οὐκ
1749 755 1914 826 οὔσης

332 851 540 916 οὐσίας,
637 852 893 922 ὁμιλῆσαι
929 852 1222 920 δυνάμενος
1261 850 1639 918 κατεκόσμησε
1675 847 1736 900 τὸ
1763 847 1915 917 τηλι-

333 943 496 997 κοῦτο
527 944 733 1014 κόσμου
763 943 974 1006 κάλλος.
1006 941 1176 994 Πόθεν
1208 942 1264 994 δὲ
1303 940 1396 993 καὶ
1427 940 1646 1012 δεκτικὴ
1684 940 1912 1010 γεγένη-

330 1052 420 1087 ται
457 1037 638 1106 πάσης
668 1029 736 1107 ἧς
786 1033 1032 1104 βούλεται
1062 1035 1090 1087 ὁ
1132 1033 1262 1096 Θεὸς
1295 1033 1595 1102 ποιότητος,
1629 1033 1704 1104 μὴ
1750 1032 1912 1086 αὐτοῦ

330 1124 426 1178 τοῦ
468 1125 604 1179 Θεοῦ
650 1125 825 1196 ἐαυτῷ
850 1125 1114 1195 τοσαύτην
1147 1127 1241 1178 καὶ
1269 1123 1522 1194 τοιαύτην
1569 1126 1909 1195 ποιήσαντος,

327 1217 520 1272 ὁποίαν
553 1219 694 1288 ἔχειν
725 1217 1012 1284 ὲϐούλετο;
1069 1216 1204 1269 Καθ’
1249 1215 1503 1269 ὑπόθεσιν
1535 1215 1666 1284 γοῦν
1721 1215 1914 1268 ἀποδε-

331 1304 556 1376 ξάμενοι
577 1308 636 1360 τὸ
670 1308 959 1379 ἀγέννητον
989 1302 1127 1360 εἶναι
1158 1307 1255 1378 τὴν
1290 1305 1442 1376 ὓλην,
1477 1305 1648 1359 ταῦτα
1681 1305 1911 1376 ἐροῦμεν

329 1399 468 1468 πρὸς
517 1401 642 1462 τοὺς
680 1398 838 1452 τοῦτο
881 1399 1258 1470 βουλομένους,
1299 1399 1379 1450 ὅτι
1421 1401 1467 1451 εἰ
1503 1398 1765 1470 Προνοίας
1815 1397 1912 1469 οὐχ

329 1489 743 1560 ὑποϐαλλούσης
767 1491 864 1562 τὴν
895 1491 1080 1544 οὐσίαν
1102 1490 1180 1561 τῷ
1196 1489 1338 1561 Θεῷ,
1362 1490 1580 1561 τοιαύτη
1599 1491 1906 1562 γεγένηται,

324 1580 379 1632 εί
411 1580 642 1649 Πρόνοια
674 1575 740 1650 ἦν
773 1579 1080 1649 ὑφεστῶσα,
1107 1580 1160 1632 τί
1194 1579 1259 1632 ἂν
1287 1579 1447 1652 πλέον
1493 1580 1782 1650 πεποιήκει
1815 1579 1908 1632 τοῦ

323 1671 674 1740 αὐτομάτου;
711 1671 804 1723 καὶ
847 1672 894 1724 εί
942 1671 1102 1734 αὐτὸς
1153 1669 1227 1741 μὴ
1267 1668 1434 1740 οὔσης
1479 1669 1612 1740 ὕλης
1659 1669 1912 1723 ἐϐούλετο

323 1759 736 1814 κατασκευάσαι
778 1759 965 1832 αὐτὴν,
1011 1760 1064 1813 τί
1111 1760 1176 1814 ἂν
1223 1760 1382 1814 πλέον
1429 1763 1462 1832 ἡ
1509 1761 1690 1830 σοφία,
1739 1761 1834 1814 καὶ
1875 1763 1908 1833 ἡ

325 1850 540 1922 Θειότης
565 1852 727 1905 αὐτοῦ
747 1854 1034 1924 πεποιήκει
1051 1851 1144 1905 τοῦ
1161 1851 1220 1918 ἐξ
1237 1853 1534 1924 ἀγεννήτου
1554 1853 1906 1918 ὑποστάντος;

2019 663 2150 718 teris
2189 661 2468 725 onmibus,
2511 673 2630 728 quae
2675 671 2866 726 magna
2898 671 3020 710 cum
3070 655 3280 711 ratione
3328 653 3438 708 Deo
3487 654 3590 709 tri.

2015 752 2276 814 buuntur,
2316 749 2624 804 nominibus
2672 747 2934 817 spoliatus
2986 745 3339 811 perstitisset.
3384 745 3588 800 Deinde

2016 845 2105 914 qui
2153 843 2268 897 ﬁeri
2301 841 2493 912 possit,
2530 848 2589 894 ut
2637 840 2746 894 vim
2789 839 3032 892 materiae
3068 847 3299 904 tantam,
3333 837 3413 892 sic
3469 848 3588 890 lan-

2016 947 2176 1002 quam
2207 932 2275 986 ad
2319 931 2527 1000 pondus
2560 938 2816 984 accurate
2856 927 3108 996 justeque
3154 929 3467 982 admensam
3501 927 3588 980 in-

2015 1025 2250 1089 venerit,
2285 1037 2402 1092 qua:
2436 1023 2502 1077 ad
2540 1020 2696 1088 hujus
2727 1021 2945 1090 preprie
2998 1035 3104 1074 non
3137 1019 3356 1086 majoris
3412 1019 3590 1073 mino-

2017 1116 2158 1170 risve
2212 1115 2392 1169 mundi
2459 1114 2792 1169 molitionem
2869 1111 3006 1167 satis
3055 1109 3242 1166 esset?
3276 1111 3586 1166 lnveheuda

2015 1202 2214 1272 quippe
2260 1201 2442 1258 nescio
2489 1217 2629 1272 quae,
2669 1203 2774 1256 Deo
2819 1209 3000 1254 tamen
3051 1199 3352 1269 antiquior,
3397 1200 3590 1256 Provi-

2015 1295 2192 1350 dentia
2220 1294 2532 1350 necessario
2561 1294 2751 1358 fuerit,
2785 1309 2903 1362 quae
2951 1293 3234 1347 materiam
3265 1294 3313 1348 ei
3341 1293 3586 1360 subjece-

2012 1387 2106 1450 rit,
2151 1387 2202 1457 3
2233 1388 2357 1441 dum
2399 1386 2450 1440 id
2485 1403 2546 1441 ea
2579 1387 2890 1456 provideret
2918 1387 2970 1440 in
3005 1395 3302 1456 posterum,
3333 1401 3402 1441 ne
3449 1400 3586 1456 quas

2016 1477 2150 1532 inse
2187 1479 2326 1532 Deus
2357 1478 2583 1534 haberet
2604 1479 2742 1533 artis
2771 1493 2881 1534 suae
2913 1479 3181 1546 notiones,
3224 1477 3392 1530 irritae
3421 1478 3586 1532 cede-

2015 1579 2159 1634 rent,
2208 1571 2252 1624 si
2287 1585 2393 1625 non
2445 1571 2560 1641 ejus
2593 1581 2800 1628 naturae
2846 1574 2994 1642 copia
3031 1572 3203 1636 ﬁeret,
3237 1570 3388 1638 cujus
3421 1585 3584 1638 opera

2018 1670 2124 1716 tam
2158 1662 2515 1717 excellentem
2547 1671 2602 1718 et
2634 1665 2886 1718 eximiam
2923 1665 3156 1718 universi
3203 1664 3440 1732 speciem
3469 1661 3586 1716 clli-

2012 1763 2187 1808 ceret.
2227 1753 2382 1808 Unde
2431 1768 2594 1823 porro
2653 1755 2702 1808 id
2747 1755 2955 1819 habuit,
3003 1763 3060 1807 ut
3091 1755 3272 1808 omnis
3303 1754 3586 1823 qualitatis

2013 1861 2182 1917 capax
2205 1855 2370 1913 esset,
2403 1863 2564 1916 quam
2590 1849 2762 1902 eidem
2794 1847 3110 1916 imprimere
3131 1848 3272 1904 Deus
3299 1850 3581 1920 voluisset,

323 1943 388 1994 Εί
417 1944 526 2014 γὰρ
555 1945 866 2014 εὑρίσκεται
891 1943 1084 1998 ταυτὸν
1106 1944 1486 2016 ¹γενόμενονοᾶν
1517 1946 1621 1998 ὑπὸ
1642 1945 1738 2016 τῆς
1767 1947 1906 2017 Προ-

2015 1937 2116 1992 ηἰεί
2157 1938 2373 2008 qualem
2435 1953 2554 1993 eam
2613 1937 2817 1994 habere
2861 1941 2976 2010 ipse
3030 1942 3211 2008 vellet,
3242 1943 3399 1996 talem
3457 1953 3584 2000 ante

317 2035 494 2099 νοίας,
525 2038 660 2108 ὅπερ
687 2037 778 2089 καὶ
811 2037 983 2108 χωρὶς
1016 2037 1280 2110 Προνοίας
1325 2037 1552 2108 ὑπέστη,
1581 2037 1666 2091 διὰ
1696 2038 1747 2089 τί
1784 2038 1906 2108 οὐχὶ

319 2127 417 2178 καὶ
447 2127 540 2180 ἐπὶ
565 2128 658 2181 τοῦ
707 2129 910 2200 κόσμου
942 2129 1277 2199 ἀθετήσομεν
1311 2130 1400 2183 τὸν
1447 2129 1776 2200 δημιουργὸν
1811 2127 1932 2180 καὶ-

315 2216 412 2268 τὸν
436 2218 715 2290 τεχνίτην;
749 2220 959 2289 Ὥσπερ
986 2218 1094 2290 γὰρ
1129 2218 1326 2270 ἄτοπον
1353 2219 1442 2273 ἐπὶ
1473 2218 1566 2270 τοῦ
1592 2219 1794 2287 κόσμου
1827 2220 1904 2271 εί-

317 2309 444 2360 πεῖν
478 2306 620 2360 οὕτω
650 2310 912 2378 τεχνικῶς
961 2308 1470 2380 κατεσκευασμένου
1511 2308 1572 2361 τὸ
1615 2308 1781 2378 χωρὶς
1813 2325 1904 2360 τε-

315 2399 500 2469 χνίτου
537 2399 698 2469 σοφοῦ
725 2400 814 2452 τὸν
844 2400 1210 2454 αὐτοτοιοῦτον
1236 2401 1683 2469 γεγονέναι,ούτω
1716 2401 1810 2453 καὶ
1843 2401 1903 2454 τὸ

315 2489 418 2561 τὴν
460 2491 593 2561 ὕλην
631 2493 897 2562 τοσαύτην
929 2492 1023 2545 καὶ
1053 2491 1304 2563 τοιαύτην
1335 2493 1428 2546 καὶ
1455 2491 1626 2556 οὕτως
1659 2492 1903 2564 εἱκτικὴν

317 2581 403 2650 τῷ
437 2583 654 2656 τεχνίτῃ
677 2583 819 2654 λόγῳ
847 2583 1002 2649 Θεοῦ,
1031 2584 1395 2654 ὑφεστηκέναι
1420 2585 1749 2664 ἀγεννῄτως,
1783 2585 1902 2637 ἐπί-

320 2690 423 2744 σης
465 2676 610 2729 ἐστὶν
641 2675 851 2746 ἄλογον.
887 2677 1032 2754 Πρὸς
1091 2677 1337 2750 μέντοιγε
1371 2677 1495 2740 τοὺς
1532 2676 1903 2748 παραϐάλλον-

317 2779 443 2827 τας,
467 2765 546 2817 ὅτι
568 2765 738 2829 οὐδεὶς
760 2766 1089 2838 δημιουργὸς
1117 2767 1285 2838 χωρὶς
1309 2765 1438 2836 ὕλης
1466 2767 1628 2830 ποιεῖ,
1663 2765 1900 2830 λεκτέον,

315 2856 402 2908 ὅτι
438 2851 703 2928 ἀνομοίως
740 2859 1162 2932 παραϐάλλουσι.
1203 2860 1438 2932 Πρόνοια
1477 2858 1585 2931 γὰρ
1621 2859 1781 2914 παντὶ
1813 2877 1900 2914 τε·

315 2949 478 3022 χνίτῃ
507 2951 795 3005 ὑποϐάλλει
829 2951 927 3024 τὴν
974 2951 1126 3024 ὓλην,
1164 2952 1272 3006 ἀπὸ
1308 2953 1578 3024 προτέρας
1614 2953 1831 3024 τέχνης,

317 3039 688 3113 ἀνθρωπίνης,
720 3043 752 3113 ἢ
789 3042 938 3106 θείας
973 3043 1295 3114 ἐρχομένην.
1330 3042 1515 3096 Ταῦτα
1559 3043 1656 3113 μὲν
1687 3039 1780 3096 οὖν
1809 3043 1902 3096 ἐπὶ

313 3133 412 3186 τοῦ
461 3135 724 3206 παρόντος
771 3136 994 3207 ἀρκέσει
1035 3135 1170 3205 πρὸς
1205 3137 1331 3198 τοὺς
1373 3135 1461 3188 διὰ
1507 3134 1566 3187 τὸ
1610 3133 1896 3202 λέγεσθαι·

321 3244 344 3276 ε
395 3225 458 3278 Ἦ
480 3227 534 3280 δὲ
567 3229 635 3298 γῆ
660 3225 726 3299 ἦν
756 3229 986 3300 ἀόρατος
1012 3229 1106 3280 καὶ
1132 3227 1634 3292 ἀκατασκεύαστος,
1675 3246 1693 3278 ι
1723 3227 1901 3297 οἰομέ-

311 3333 440 3382 νῦυς
475 3319 764 3391 ἀγέννητον
797 3317 936 3376 εἶναι
966 3323 1064 3393 τὴν
1092 3319 1410 3393 σωματικὴν
1437 3318 1616 3389 φύσιν.

2008 2029 2136 2096 sibi,
2167 2039 2483 2100 tantamque
2513 2031 2731 2087 molitus
2763 2034 2907 2088 erit?
2934 2032 3053 2087 Jam
3083 2043 3140 2088 ut
3177 2035 3454 2090 nonnullis
3483 2037 3582 2090 da~

2015 2136 2202 2178 remus
2234 2132 2354 2177 ortu
2379 2138 2566 2178 carere
2596 2125 2900 2190 materiam,
2934 2126 2999 2180 iis
3033 2135 3211 2180 tamen
3235 2128 3325 2196 qui
3356 2128 3436 2182 sic
3465 2128 3584 2196 opi-

2007 2223 2232 2278 nantur,
2261 2214 2404 2268 hunc
2431 2213 2484 2267 in
2519 2215 2734 2268 modum
2761 2215 2964 2270 instare
2988 2231 3270 2285 possemus
3297 2233 3308 2270 :
3337 2217 3380 2272 si
3409 2232 3584 2286 quan-

1969 2317 1982 2330 '
2009 2305 2214 2358 tumvis
2246 2315 2495 2360 naturam
2531 2307 2676 2362 illam
2705 2306 2814 2360 Deo
2841 2306 3190 2366 Providentia
3225 2311 3369 2364 nulla
3400 2311 3583 2380 subje-

2006 2399 2166 2465 cerit,
2197 2397 2460 2466 ejusmodi
2491 2411 2672 2458 tamen
2703 2420 2768 2460 ea
2804 2419 2901 2474 per
2937 2420 3061 2460 sese
3111 2405 3212 2459 fuit
3265 2423 3279 2458 :
3333 2406 3580 2460 eamdem

2005 2492 2052 2547 si
2081 2491 2428 2576 Providentia
2469 2507 2662 2568 suopte
2713 2498 2947 2554 consilio
2995 2505 3358 2568 procreasset,
3387 2498 3582 2568 ecquid

2006 2586 2236 2655 amplius
2262 2585 2400 2656 ipsa,
2434 2603 2597 2658 quam
2627 2589 2774 2659 quod
2815 2589 3045 2645 fortuito
3089 2606 3328 2660 casuque
3379 2592 3582 2645 factum

2002 2676 2274 2746 videmus,
2322 2677 2628 2735 eﬁ‘ecissct?
2681 2680 2819 2748 Quid
2847 2681 2891 2736 si
2933 2682 3076 2736 Deus
3119 2683 3232 2752 ipse
3275 2683 3579 2747 materiam,

2003 2785 2122 2840 quae
2149 2770 2294 2825 nulla
2327 2771 2450 2828 dum
2483 2780 2648 2839 esset,
2681 2773 2887 2844 ﬁngere
2917 2773 3204 2844 molirique
3251 2769 3581 2828 statuisset?

2001 2861 2209 2933 Ecquid
2245 2865 2463 2920 tandem
2494 2864 2611 2934 ejus
2660 2880 2782 2920 cum
2835 2867 3122 2935 sapientia,
3157 2875 3272 2919 tum
3328 2865 3584 2920 divinitas

2001 2955 2374 3021 excellentius,
2407 2971 2569 3026 quam
2621 2957 2760 3026 quod
2810 2972 2876 3011 ex
2924 2968 3045 3012 ortu
3085 2966 3302 3028 carente
3357 2956 3582 3010 materia

2001 3037 2242 3112 exstitit,
2305 3049 2494 3103 molita
2547 3049 2738 3105 esset?
2805 3047 2940 3103 Nam
2989 3050 3032 3103 si
3099 3065 3164 3104 ex
3233 3047 3582 3104 Providentia

2003 3136 2146 3208 idem
2178 3141 2404 3196 omnino
2433 3141 2806 3211 profecturum
2839 3151 2980 3206 erat,
3033 3142 3172 3210 quod
3227 3143 3345 3196 sine
3387 3140 3580 3194 Pravi-

2003 3228 2186 3284 dentia
2211 3231 2418 3287 factum
2451 3242 2532 3288 est
2559 3251 2571 3289 :
2603 3235 2788 3303 quidni
2821 3249 2887 3288 ex
2943 3235 3060 3303 ipso
3110 3247 3324 3302 quoque
3376 3229 3578 3284 mundo

1924 3313 1966 3370 C
2001 3330 2286 3376 auctorem
2311 3339 2525 3380 omnem
2563 3325 2940 3394 artiﬁcemque
2969 3324 3262 3380 tollamus?
3305 3321 3580 3390 Quemad-

311 3411 540 3465 modum
601 3413 744 3467 enim
799 3415 1099 3468 absurdum
1146 3415 1330 3480 fuerit,
1387 3412 1647 3466 mundum
1692 3411 1837 3466 hunc
1881 3413 2091 3479 dicere,
2161 3425 2268 3468 tam
2314 3417 2588 3488 eleganter
2642 3427 2878 3487 apteque
2933 3425 3328 3482 constructum,
3375 3413 3584 3481 absque

309 3501 584 3568 sapientis
633 3503 857 3558 artiﬁcis
909 3521 1074 3559 manu
1133 3505 1296 3558 talem
1349 3504 1647 3569 exstitisse,
1707 3501 1782 3556 ita
1839 3503 1946 3557 vim
2004 3507 2248 3560 materiae
2305 3517 2530 3574 tantam,
2584 3508 2808 3578 ejusque
2857 3507 3188 3562 conditionis
3236 3515 3290 3560 et
3343 3514 3578 3568 natura,

311 3596 564 3662 adeoque
597 3596 792 3651 artiﬁci
833 3599 1070 3651 numinis
1103 3597 1296 3652 rationi
1348 3597 1762 3666 obsequentem,
1797 3596 1914 3653 sine
1946 3611 2101 3654 ortus
2129 3601 2210 3654 sui
2241 3599 2509 3669 principio
2539 3614 2637 3669 per
2693 3613 2750 3653 se
2781 3599 2951 3668 ipsam
2986 3599 3284 3663 exstitisse,
3340 3611 3448 3651 non
3480 3595 3584 3650 mi-

311 3698 425 3738 nus
471 3684 706 3754 ineptum
755 3688 924 3743 videri
957 3689 1140 3746 debet.
1191 3689 1467 3746 Caeterum
1523 3689 1592 3744 iis
1621 3690 1712 3760 qui
1745 3690 2014 3748 artiﬁcum
2063 3701 2374 3748 nostrorum
2434 3693 2898 3761 comparationem
2945 3692 3276 3754 obtendunt,
3349 3689 3582 3759 quorum

313 3791 482 3830 neruo
510 3779 626 3832 sine
686 3782 912 3835 materia
948 3783 1242 3852 quidquam
1301 3780 1521 3845 efﬁciat,
1552 3783 1946 3838 occurrendum
1983 3784 2186 3839 nullam
2245 3799 2434 3840 eorum
2465 3785 2568 3839 hoc
2623 3784 2678 3838 in
2712 3797 2912 3852 genere
2970 3781 3379 3838 similitudinem
3437 3793 3578 3835 esse.

311 3867 603 3922 Materiam
647 3871 792 3924 enim
853 3873 1054 3928 artiﬁci
1101 3875 1327 3928 cuilibet
1359 3873 1713 3928 Providentia
1759 3873 2001 3943 subjicit,
2060 3891 2180 3946 quae
2235 3891 2268 3930 a
2317 3877 2564 3948 principe
2607 3877 2864 3946 quadam,
2917 3890 3011 3931 seu
3050 3876 3286 3930 humana
3333 3875 3442 3938 illa,
3482 3887 3578 3928 seu

309 3961 498 4013 divina
545 3961 638 4028 sit,
688 3973 806 4018 arte
837 3965 1062 4021 oriatur.
1093 3967 1268 4037 Atque
1323 3968 1437 4022 haec
1486 3967 1970 4040 impraesentiarum
2023 3973 2285 4029 adversus
2333 3987 2430 4028 eos
2477 3973 2610 4028 satis
2637 3981 2818 4040 erunt,
2869 3974 2960 4042 qui
3007 3974 3148 4042 quod
3199 3973 3272 4026 ita
3317 3972 3578 4042 scriptum

312 4052 532 4106 videant
569 4071 583 4106 :
623 4073 642 4105 ι
681 4054 849 4110 Terra
886 4068 1064 4114 autem
1105 4069 1224 4114 erat
1265 4059 1553 4116 invisibilis
1619 4073 1672 4116 et
1725 4061 2080 4132 incomposita
2119 4064 2194 4126 ⁸⁸,
2220 4079 2240 4112 ι
2280 4075 2528 4120 naturam
2586 4081 2902 4136 corpoream
2955 4077 3110 4122 ortus
3175 4063 3352 4120 omnis
3382 4077 3574 4135 etper-

311 4154 424 4200 tem
456 4160 582 4199 esse
617 4149 932 4214 Opiuantur.

315 4245 3547 4290 Μ

895 4509 914 4526 ἢ
970 4391 1366 4478 ΤΟΜΟΥ
1437 4385 1518 4476 Γ’
1594 4391 1820 4478 ΤΩΝ
1898 4392 2069 4477 ΕΙΣ
2143 4395 2372 4480 ΤΗΝ
2443 4393 2936 4480 ΓΕΝΕΣΙΝ.

1547 4639 1629 4749 Ε
1713 4636 2108 4749 ΤΟΜΟ
2193 4638 2348 4749 lII
2705 4753 2720 4766 ,

925 4831 2089 4928 COMMENTARIORUM
2169 4836 2294 4926 IN
2373 4832 2941 4925 GENESIM.

1573 5106 1668 5167 Ad
1700 5113 1884 5183 caput
1919 5123 1960 5178 ι,
2009 5120 2172 5166 vers.
2209 5099 2303 5160 th.

385 5221 638 5325 (GLI-169i.
663 5224 757 5278 τοῦ
787 5228 865 5289 εἰς
893 5231 1092 5298 σημεῖα
1117 5231 1396 5298 γεγονέναι
1429 5233 1556 5294 τοὺς
1600 5233 1894 5305 φωστῆρας
1928 5265 1972 5325 D

303 5315 412 5370 οὐκ
443 5317 638 5381 ἄλλους
673 5319 823 5389 ἡλίου
859 5321 952 5374 καὶ
984 5322 1232 5394 σελήνης,
1275 5325 1369 5376 καὶ
1411 5323 1518 5377 τῶν
1558 5324 1771 5396 ἄστρων
1815 5325 1888 5397 (7)

303 5410 704 5478 τυγχάνοντας,
741 5411 846 5464 τῶν
890 5413 1095 5485 σφόδρα
1141 5417 1586 5484 ἀναγκαιοτάτων
1623 5417 1738 5470 ἐστὶ
1778 5417 1894 5470 δια-

303 5497 516 5563 λαϐεῖν,
543 5502 605 5553 οὐ
643 5503 802 5572 μόνον
835 5503 1045 5559 πολλῶν
1077 5506 1246 5560 ἐθνῶν
1278 5507 1385 5559 τῶν
1409 5508 1507 5577 τῆς
1541 5507 1778 5578 Χριστοῦ
1807 5508 1896 5562 πί-

307 5607 483 5654 στεως
507 5593 826 5664 ἀλλοτρίων,
870 5597 1252 5668 σφαλλομένων
1295 5599 1376 5661 εἰς
1405 5599 1496 5651 τὸν
1529 5599 1656 5668 περὶ¹
1683 5599 1778 5668 τῆς
1822 5601 1898 5651 εἱ-

381 5681 430 5713 "
459 5682 597 5736 Gen.
633 5701 673 5748 ι,
705 5685 760 5740 2.

379 5791 462 5863 (6)
505 5793 700 5848 Exstat
739 5795 840 5850 hoc
890 5797 1082 5867 fragm.
1130 5799 1270 5867 apud
1325 5801 1520 5854 Euseb.
1569 5801 1661 5855 lib.
1707 5817 1756 5856 vr
1806 5802 1880 5856 De

307 5878 540 5942 pra-par.
567 5867 887 5942 e_uangel._et
924 5867 1292 5942 in_PltiIocal.,
1325 5886 1444 5940 cap.
1475 5871 1566 5926 Ἡ.
1617 5870 1886 5942 Interpre-

310 5935 450 5991 tatio
483 5933 680 5990 Latina
705 5933 788 5991 est
817 5936 910 5994 Fr.
941 5939 1140 6009 Vigeri.

2071 5230 2127 5284 1.
2151 5225 2304 5295 Quod
2335 5226 2422 5280 hic
2453 5223 2702 5288 habetur,
2723 5221 3010 5276 luminaria
3033 5235 3151 5293 qum
3173 5235 3302 5279 sane
3329 5221 3430 5277 alia
3464 5237 3568 5278 non

1999 5330 2128 5377 sunt
2174 5335 2334 5390 quam
2373 5317 2472 5381 sol,
2527 5317 2678 5382 luna,
2709 5323 3010 5384 cteteraque
3055 5315 3253 5380 sidera,
3285 5299 3566 5384 tanquam

1997 5413 2150 5483 signa
2183 5411 2428 5482 quaedam
2458 5421 2580 5464 esse
2605 5408 2924 5470 constituta,
2957 5408 3008 5461 id
3041 5422 3169 5462 vero
3195 5415 3256 5460 ut
3281 5406 3568 5475 diligenter

2001 5509 2328 5580 explicetur,
2375 5507 2428 5561 in
2478 5505 2667 5576 primis
2723 5503 3092 5559 necessarium
3143 5511 3247 5555 est.
3282 5499 3391 5554 Nec
3422 5499 3567 5553 enim

2001 5603 2250 5672 plurimae
2302 5609 2490 5670 gentes
2546 5599 2726 5662 modo,
2764 5611 2883 5666 quae
2919 5611 2948 5648 a
2993 5592 3192 5649 Christi
3243 5591 3346 5646 ﬁde
3380 5591 3570 5647 aliena}

2025 5803 2140 5879 Ἀ
2186 5805 2347 5879 ιξΙιὶιη
2375 5808 2638 5879 ἀστέρων.
2679 5807 2842 5879 Paulo
2874 5815 3015 5873 post,
3051 5803 3109 5858 οὐ
3155 5804 3314 5875 μόνον
3359 5802 3570 5862 πολλῶν

1994 5875 2182 5929 ἐθνῶν.
2219 5877 2412 5933 Euseb.
2447 5875 2634 5933 ou'tisit
2664 5877 2892 5931 πολλῶν.
