3978 6498
282 397 352 453 55
1721 387 1788 442 ΙΝ
1820 383 2146 447 GENESIM.
2432 384 2444 395 ‘
3451 377 3520 432 5'5

281 527 363 566 σιν
405 509 756 582 ἀνειληφέναι
791 511 1097 581 γενόμενος,
1136 509 1308 562 πάντα
1356 510 1643 579 πεποιήκοι
1671 524 1728 559 τε
1759 523 1823 559 κα

1926 561 1927 564 η
1955 502 2136 556 inanis
2164 497 2408 570 profecto
2433 497 2626 564 solum,
2653 512 2714 551 ac
2740 506 3134 566 supervacanea
3170 490 3302 545 fides
3335 498 3518 544 nostra

279 599 456 661 πάθοι,
483 600 541 652 ού
577 597 663 651 τοῦ
693 599 828 652 Θεοῦ
861 601 954 652 καὶ
996 599 1208 669 nam;
1244 596 1352 669 (12)
1383 597 1490 652 τῶν
1533 598 1669 650 ὅλων
1701 595 1848 664 αύτῷ

276 693 372 754 τὰς
427 691 759 762 παραδόξους
807 690 1060 760 δυνάμεις
1108 689 1514 761 δωρησαμένου,
1561 688 1695 742 ἀλλά
1742 687 1847 740 τῶν

277 780 538 852 ἀστέρων.
573 774 667 842 Οἷς
698 779 876 842 ἀθέοις
919 777 1014 830 καὶ
1062 777 1281 829 ἀσεϐέσι
1313 777 1638 846 τυγχάνουσι
1669 774 1848 841 λόγοις

273 870 556 924 ἀκολουθεῖ
585 870 678 924 καὶ
703 868 762 921 τὺ
783 868 909 930 τοὺς
941 867 1293 930 πιστεύοντας
1331 867 1435 919 ὑπὸ
1469 866 1576 919 τῶν
1603 864 1846 935 ἀστέρων

272 956 573 1026 ἀγομένους
613 955 886 1009 πιστεύειν
925 955 1004 1018 εἰς
1047 955 1178 1008 Θεὸν
1218 955 1490 1024 λέγεσθαι.
1536 952 1846 1023 Πυθοίμεθα

270 1048 313 1100 δ’
361 1048 426 1100 ἂν
478 1047 656 1100 αὐτῶν
695 1047 748 1100 τί
783 1050 811 1102 ὁ
849 1046 981 1104 Θεδς
1027 1047 1346 1118 βουλόμενος
1385 1047 1620 1100 τοιοῦτον
1673 1045 1842 1098 ἐποίει

271 1139 495 1208 κόσμον,
523 1140 589 1192 ἵν’
610 1141 660 1191 οἱ
694 1139 792 1209 μὲν
821 1142 875 1193 ἐν
897 1139 1045 1210 αύτῷ
1065 1139 1255 1211 ἄνδρες
1281 1139 1450 1203 ὄντες,
1479 1139 1546 1192 τὰ
1571 1139 1841 1208 γυναικῶν

270 1232 572 1300 πάσχωσιν,
599 1231 848 1302 ούδαμῶς
881 1233 1094 1295 ἑαυτοῖς
1126 1232 1283 1284 αἴτιοι
1309 1231 1406 1301 τῆς
1439 1231 1720 1300 ἀσελγείας
1751 1250 1842 1302 γε-

267 1323 576 1392 γενημένοι,
606 1324 781 1395 ἕτεροι
812 1323 867 1376 δὲ
905 1324 1108 1394 ἀγρίων
1144 1324 1295 1389 ζώων
1326 1325 1655 1379 κατάστασιν
1698 1325 1840 1395 εἰλη-

266 1414 427 1480 φότες
452 1414 583 1483 (15),
612 1413 689 1484 τῷ
723 1415 820 1482 τὴν
864 1415 1035 1486 φορὰν
1066 1417 1158 1469 τού
1195 1416 1393 1480 παντὸς
1435 1417 1706 1482 τοιούτους
1742 1419 1838 1472 αύ-

263 1505 392 1566 τοὺς
423 1504 797 1573 πεποιηκέναι,
822 1503 908 1558 διὰ
933 1506 992 1559 τὸ
1016 1507 1102 1559 τὸν
1129 1507 1258 1559 Θεὸν
1278 1505 1418 1560 οὕτω
1439 1509 1838 1579 κεκοσμηκέναι

261 1594 322 1646 τὸ
356 1595 486 1656 πᾶν,
528 1595 852 1648 ἐπιδιδόασιν
900 1596 1125 1657 ἑαυτοὺς
1165 1597 1465 1667 ὡμοτάτοις
1497 1597 1590 1650 καὶ
1634 1597 1838 1670 σφόδρα

259 1684 653 1755 ἀπανθρώπως
702 1687 1043 1758 πράγμασιν,
1096 1689 1469 1760 ἀνδροφονίαις
1509 1690 1602 1744 καὶ
1648 1705 1838 1761 πειρα-

258 1776 452 1838 τείαις.
490 1778 598 1831 Καὶ
628 1778 680 1831 τί
711 1778 791 1831 δεῖ
816 1778 992 1847 λέγειν
1024 1781 1168 1850 ἡμᾶς
1204 1781 1331 1852 περὶ
1368 1781 1476 1834 τῶν
1513 1779 1835 1851 συμϐαινόν-

1952 592 2130 646 futura
2169 591 2261 654 sit,
2315 589 2408 644 sed
2445 602 2510 641 ne
2552 589 2667 657 ipse
2707 589 2920 657 quidem
2970 587 3232 641 adventus
3285 582 3516 646 Christi,

1949 694 2167 752 totaque
2213 681 2300 735 illa
2331 695 2422 735 seu
2457 680 2618 750 legis,
2648 695 2740 734 seu
2768 678 3151 748 prophetarum
3187 674 3513 737 oeconomia,

1946 786 1999 830 et
2031 775 2400 844 apostolorum
2432 773 2485 826 in
2515 771 2819 827 excitandis
2849 766 3399 833 constabiliendisque
3423 779 3520 832 per

1946 866 2222 921 Christum
2265 865 2354 919 Dei
2401 865 2662 920 Ecclesiis
2693 877 2944 931 suscepta
2978 859 3259 914 contentio
3298 857 3379 911 vel
3424 856 3511 910 hi-

1945 957 2054 1011 lum
2083 957 2372 1026 profecerit
2419 973 2430 1008 :
2480 957 2580 1010 nisi
2640 965 2819 1010 tamen
2885 954 3052 1022 ipsius
3085 953 3247 1005 etiam
3309 950 3516 1004 Christi

1946 1063 2050 1104 nou
2107 1049 2266 1102 modo
2305 1049 2560 1103 nascendi
2621 1047 2908 1108 rationem,
2950 1045 3044 1098 sed
3080 1042 3337 1112 quidquid
3381 1055 3516 1110 pra:-

1946 1151 2088 1196 terea
2127 1141 2209 1194 vel
2255 1141 2441 1212 egerit,
2470 1139 2552 1194 vel
2597 1138 2800 1202 tulerit,
2834 1141 2882 1189 in
2921 1135 3166 1187 eamdem
3201 1133 3518 1187 conversio-

1943 1235 2025 1288 nis
2043 1243 2308 1288 astrorum
2327 1232 2704 1287 necessitatem
2723 1227 2962 1298 projecta
2981 1225 3260 1281 hominum
3284 1224 3511 1278 istorum

1940 1328 2216 1381 temeritas
2262 1325 2487 1395 illigabit
2518 1341 2531 1378 :
2562 1322 2787 1393 perinde
2829 1313 3111 1380 videlicet,
3149 1317 3306 1386 quasi
3354 1317 3398 1370 is
3447 1315 3514 1372 ab

1939 1417 2206 1471 sideribus
2233 1417 2338 1470 vim
2368 1416 2514 1469 illam
2543 1429 2721 1466 rerum
2749 1409 3172 1472 admirabilium,
3205 1422 3308 1460 non
3328 1421 3357 1460 a
3380 1407 3510 1470 Deo,

1940 1515 2367 1578 cunctOrumque
2391 1513 2615 1576 parente
2646 1503 2933 1572 acceperit.
2960 1501 3124 1570 Cujus
3148 1517 3210 1555 ex
3236 1498 3504 1554 orationis

1941 1600 2217 1670 impietate
2244 1599 2372 1654 illud
2401 1601 2670 1668 sequitur,
2703 1605 2760 1649 ut
2788 1604 3055 1664 quotquot
3084 1593 3323 1647 divinam
3350 1592 3511 1645 ﬁdem

1939 1690 1988 1762 5
2006 1691 2427 1760 amplectuntur,
2457 1690 2522 1742 ad
2546 1689 2690 1741 illam
2711 1686 2948 1741 siderum
2969 1699 3160 1740 omnes
3179 1681 3509 1752 impulsione

1940 1783 2238 1850 rapiantur.
2277 1780 2389 1851 Ego
2420 1794 2548 1834 vero
2576 1778 2884 1850 quaesierim
2933 1793 2995 1832 ex
3041 1776 3109 1831 iis
3149 1774 3500 1844 perlibenter,

257 1882 366 1918 των
408 1868 465 1920 ἐν
504 1867 830 1938 ἀνθρώποις,
878 1871 973 1923 καὶ
1014 1870 1476 1941 ἁμαρτανομένων
1524 1871 1616 1924 ὑπ’
1659 1871 1823 1925 αύτῶι

1947 1873 2074 1941 quid
2105 1871 2322 1927 laudent
2358 1883 2574 1928 secutus
2603 1874 2703 1926 hac
2735 1870 2787 1923 in
2834 1869 3012 1923 ttntndi
3045 1867 3322 1922 molitione
3361 1867 3504 1920 Deus

261 1957 471 2026 μυρίων
503 1958 640 2011 ὅσων
674 1959 1066 2029 τυγχανόντων,
1105 1957 1356 2023 οὕστινας
1376 1961 1422 2014 οἱ
1451 1959 1556 2014 τῶν
1581 1961 1838 2028 γενναίων

257 2049 647 2118 προϊστάμενοι
673 2051 873 2104 τούτων
889 2051 1060 2119 λόγων
1080 2050 1406 2114 ἀπολύοντες
1427 2053 1627 2115 παντὸς
1650 2053 1838 2125 ἐγκλή-

257 2150 449 2206 ματος,
465 2138 544 2209 τῷ
572 2139 689 2212 Θεῷ
709 2143 1118 2215 προσγράφουσι
1145 2143 1359 2197 πάντων
1387 2144 1494 2198 τῶν
1508 2146 1700 2210 κακῶς
1719 2145 1829 2218 (14)

253 2229 345 2281 καὶ
383 2229 601 2299 ψεκτῶς
635 2235 1023 2305 πραττομένων
1053 2236 1150 2307 τὴν
1175 2237 1391 2302 αίτίαν;

1945 1963 2128 2030 fuerit,
2165 1973 2223 2019 ut
2247 1979 2313 2020 ex
2353 1979 2415 2018 ea
2453 1966 2691 2020 virorum
2725 1962 2816 2031 qui
2861 1963 2914 2015 in
2943 1976 3006 2015 eo
3032 1962 3232 2030 degunt
3259 1957 3505 2012 multitu-

1944 2056 2088 2121 dine,
2116 2055 2207 2110 alii
2234 2055 2378 2110 nulla
2409 2071 2504 2110 sua
2548 2054 2703 2124 culpa
2739 2053 3019 2108 muliebris
3065 2051 3281 2105 veneris
3327 2047 3506 2118 turpi-

1944 2151 2187 2204 tudinem
2219 2159 2568 2221 paterentur;
2617 2149 2708 2202 alii
2761 2148 2933 2202 ferino
2973 2147 3130 2215 plane
3177 2145 3305 2211 rittt,
3359 2142 3504 2212 quod

1942 2241 2076 2296 tales
2102 2243 2248 2312 ipsos
2277 2240 2512 2296 elIiceret
2536 2239 2774 2294 universi
2814 2239 2956 2292 hunc
2994 2237 3045 2290 in
3073 2237 3288 2290 modum
3322 2249 3352 2287 a
3394 2231 3506 2286 Deo

253 2325 540 2378 constituti
589 2326 822 2396 impetus
869 2338 1032 2400 atque
1064 2332 1374 2397 conversio,
1429 2332 1722 2387 teterrimis
1771 2347 1892 2388 sese
1951 2334 2353 2404 dirissimisque
2389 2331 2707 2396 sceleribus,
2746 2340 2803 2384 ut
2831 2329 3137 2384 homicidiis
3165 2341 3229 2380 ac
3260 2321 3506 2394 piraticis

253 2415 680 2484 praedationibus
731 2419 1012 2476 dederent.
1069 2420 1388 2492 Quanquam
1443 2425 1570 2493 quid
1619 2426 1815 2480 attinet
1855 2427 1994 2482 hanc
2036 2443 2064 2481 a
2116 2427 2270 2482 nobis
2303 2427 2369 2481 de
2420 2424 2581 2478 rebus
2614 2423 2699 2486 iis,
2752 2437 2872 2492 qua:
2903 2421 2985 2476 vel
3020 2419 3331 2474 hominibus
3376 2431 3501 2471 eve-

253 2507 434 2572 niunt,
469 2508 553 2563 vel
597 2512 668 2567 ab
712 2512 903 2568 iisdem
959 2524 1272 2584 peccantur,
1321 2530 1548 2585 quaeque
1597 2533 1819 2587 prorsus
1877 2519 2102 2574 inﬁnita:
2163 2527 2310 2584 sunt,
2367 2514 2787 2585 disputationem
2824 2513 3052 2576 institui,
3086 2525 3222 2580 quos
3275 2523 3504 2577 praesen

253 2599 345 2652 tim
379 2600 654 2669 dogmatis
701 2603 860 2657 istius
904 2615 1210 2661 assertores
1257 2608 1461 2679 egregii
1505 2608 1630 2664 dum
1667 2611 1734 2666 ab
1764 2610 1912 2666 omni
1943 2611 2098 2681 culpa
2147 2610 2400 2675 liberant,
2456 2606 2745 2673 malorum,
2793 2619 3020 2674 qumque
3068 2601 3330 2659 scelerate
3367 2603 3500 2656 lium

249 2692 519 2757 omnium,
565 2694 673 2748 Deo
701 2711 924 2750 causam
959 2698 1274 2768 assignant?

342 2783 473 2835 Ἐὰν
503 2783 559 2836 δέ
593 2802 737 2848 τινες
772 2787 950 2841 αὐτῶν
975 2788 1109 2858 (15),
1140 2789 1215 2853 ὡς
1242 2790 1663 2862 ἀπολογούμενοι
1700 2792 1828 2864 περὶ

247 2872 410 2937 Θεοῦ,
444 2873 631 2946 ἕτερον
665 2876 764 2947 μὲν
806 2873 944 2932 εἶναι
984 2879 1182 2949 λέγωσι
1217 2881 1309 2934 τὸν
1349 2880 1572 2950 ἀγαθὸν,
1615 2882 1826 2947 οὐδενὸς

244 2965 454 3021 «dum:
495 2967 682 3045 ἔχοντα
711 2969 808 3039 τὴν
836 2972 1032 3042 ἀρχὴν,
1063 2972 1138 3043 τῷ
1167 2973 1222 3025 δὲ
1261 2973 1574 3044 δημιουργῷ
1608 2974 1823 3030 πάντων

245 3059 310 3112 τὰ
357 3059 583 3114 τοιαῦτα
624 3063 978 3132 προσάπτωσι
1008 3063 1141 3133 (161,
1192 3063 1406 3135 πρῶτον
1455 3064 1552 3134 μὲν
1588 3065 1708 3118 οὐδὲ
1746 3065 1821 3128 ὡς

1995 2791 2051 2848 2.
2069 2791 2276 2847 Horum
2301 2791 2344 2848 si
2368 2792 2634 2858 nonnulli,
2655 2800 2713 2846 ut
2733 2789 2826 2845 Dei
2853 2804 3074 2845 causam
3115 2785 3250 2842 tueri
3274 2785 3500 2842 videan-

1925 2892 2031 2951 tur,
2051 2886 2246 2939 bouum
2275 2883 2564 2952 quemdam
2595 2881 2826 2937 alterum
2857 2895 2977 2936 esse
3004 2879 3222 2944 dicent,
3263 2891 3498 2947 eumque

1923 2990 2101 3030 rerum
2121 2977 2343 3029 istarum
2365 2973 2566 3028 fontem
2601 2987 2725 3029 esse
2757 2989 2822 3026 ac
2855 2971 3175 3042 principium
3199 2971 3492 3039 negabunt,

1919 3067 2060 3136 quod
2095 3067 2185 3120 uni
2225 3065 2312 3120 isti
2347 3065 2610 3120 duntaxat
2662 3078 2844 3118 rerum
2899 3073 3212 3117 creatarum
3263 3061 3495 3115 molitori

246 3150 529 3220 βούλονται
559 3151 874 3223 δυνήσονται
910 3155 1306 3220 ἀποδεικνύναι,
1331 3157 1412 3209 ὅτι
1443 3155 1561 3208 ἐστὶ
1593 3156 1814 3218 δίκαιος·

1926 3158 2118 3212 similia
2158 3157 2442 3211 tribuenda
2478 3156 2686 3222 velint;
2723 3156 2983 3226 pritnmn,
3025 3170 3090 3209 ne
3138 3155 3215 3208 sic
3246 3152 3494 3222 quidem,

245 3243 362 3306 πῶς
400 3241 511 3313 γὰρ
556 3245 585 3300 ὁ
625 3243 892 3301 τοσούτων
936 3247 1056 3300 κατ’
1084 3248 1282 3311 αὐτοὺς
1337 3248 1542 3318 Πατὴρ,
1586 3247 1820 3316 εὐλόγως

243 3335 574 3404 χρηματίζοι
613 3335 722 3406 (17)
755 3336 996 3402 aiming;
1039 3337 1290 3409 δεύτερον
1341 3339 1397 3392 δὲ
1443 3339 1569 3410 περὶ
1617 3339 1822 3394 ἑαυτῶν

242 3425 291 3478 τί
316 3442 449 3478 ποτε
485 3427 768 3497 φήσουσιν,
800 3428 1126 3493 ἐξεταστέον·
1163 3430 1386 3502 πότερον
1414 3430 1724 3484 ὑπόκεινται
1758 3434 1823 3502 τῇ

243 3517 386 3586 φορᾷ
420 3515 528 3567 τῶν
562 3516 826 3587 ἀστέρων,
865 3517 896 3588 ἢ
935 3517 1362 3588 ἡλευθέρωνται,
1397 3519 1489 3570 καὶ
1529 3519 1585 3570 ὲν
1617 3518 1694 3589 τῷ
1727 3519 1826 3588 βίῳ

241 3604 625 3673 τυγχάνοντες,
655 3606 806 3659 οὐδὲν
839 3607 1058 3678 ὲνεργού
1069 3624 1226 3678 μενον
1260 3609 1340 3670 είς
1365 3607 1588 3670 ἑαυτοὺς
1615 3607 1826 3678 ἔχουσιν

238 3695 452 3748 ἐκεῖθεν
472 3711 486 3757 ;
513 3696 573 3748 Εἰ
593 3696 690 3765 μὲν
708 3697 815 3768 γάρ
838 3698 1099 3768 φήσουσιν
1121 3697 1442 3751 ὑποκεῖσθαι
1457 3701 1566 3760 τοῖς
1586 3697 1823 3767 ἄστροις,

237 3787 398 3856 δῆλον
425 3788 509 3839 ὅτι
531 3787 600 3840 τὰ
634 3789 808 3860 ἄστρα
842 3789 901 3843 τὸ
930 3791 1116 3862 νοῆσαι
1153 3790 1264 3860 (18)
1301 3791 1485 3854 αὐτοῖς
1517 3791 1672 3844 τοῦτο
1701 3792 1826 3861 ἐχα-

239 3879 453 3949 ρίσατο,
485 3881 578 3933 καὶ
605 3883 633 3934 ὁ
662 3882 989 3953 δημιουργὸς
1015 3883 1403 3953 ύποϐεόληκὼς
1435 3883 1586 3936 ἔσται
1617 3883 1702 3936 aia
1723 3883 1822 3953 τῆς

235 3970 328 4023 τοῦ
361 3972 566 4035 παντὸς
596 3974 859 4044 κινήσεως
880 3973 970 4026 τὸν
995 3973 1150 4042 λόγον
1174 3974 1264 4026 τὸν
1293 3974 1422 4045 περ).
1443 3975 1533 4028 τοῦ
1566 3975 1822 4047 ἀνωτέρω

237 4063 732 4134 ἀναπεπλασμένου
761 4065 918 4130 Θεοῦ,
945 4068 1080 4138 ὅπερ
1109 4067 1170 4119 ού
1201 4067 1477 4137 βούλονται
1497 4081 1510 4094 ⁸
1535 4069 1582 4120 εί
1605 4067 1660 4120 δὲ
1690 4069 1823 4121 ἀπο-

237 4153 574 4222 κρινοῦνται,
611 4155 691 4208 ὅτι
739 4155 845 4220 ἔξω
875 4156 982 4210 τῶν
1024 4157 1204 4226 νόμων
1237 4157 1563 4227 τυγχάνουσι
1603 4157 1695 4210 τοῦ
1729 4158 1822 4228 δη-

236 4242 502 4312 μιουργοῦ
529 4244 637 4295 τῶν
673 4245 812 4297 κατά
844 4247 970 4309 τοὺς
1004 4247 1258 4318 ἀστέρας,
1297 4247 1384 4301 ἵνα
1431 4247 1505 4318 μὴ
1546 4248 1821 4316 ἀπόφασις

231 4325 265 4403 ᾗ
299 4332 362 4384 τὸ
393 4332 685 4403 λεγόμενον
711 4335 802 4386 ὑπ’
824 4333 1003 4388 αὐτῶν
1040 4336 1444 4400 ἀναπόδεικτος,
1476 4335 1820 4407 πειραθήτω-

233 4439 336 4476 σαν
393 4426 544 4495 ἡμᾶς
604 4425 903 4495 προσάγειν
952 4426 1512 4499 ἀναγκαστικώτερον,
1561 4426 1819 4497 διαφορὰν

303 4580 425 4650 (12)
472 4579 700 4651 ΙῘΙιῑΙοεη
733 4593 848 4651 post
881 4581 1112 4651 Πατρός,
1141 4582 1286 4636 addit
1319 4580 1503 4636 αὑτοῦ.

303 4647 425 4724 (15)
480 4647 1124 4724 ΙξΙιὶίοεηάνειληφότες,
1183 4663 1240 4707 et
1289 4655 1448 4721 paulo
1504 4650 1665 4716 infra,
1715 4653 1808 4706 καὶ

228 4720 632 4785 ἀνδροφονίαις.

301 4738 327 4774 ο
441 4738 632 4785 ονιαις.

301 4738 677 4864 (ΐῖξειιηθὺη
723 4790 928 4846 κακῶν.
987 4791 1109 4846 Mox
1167 4791 1392 4859 Philoc.,
1421 4791 1808 4864 πραττομένων

225 4862 326 4925 τὰς
353 4862 555 4923 αἰτίας.

299 4931 422 5002 (Ιό)
468 4931 605 4984 Ἐὰν
633 4929 702 4984 δέ
740 4948 898 4998 τινες
941 4932 1298 4997 mitam-etc.
1351 4930 1674 4996 Simoniani,
1705 4933 1808 4988 Va-

224 5001 543 5060 lentiniani.
579 5003 930 5063 Cerdoniani,
984 5005 1184 5072 aliique
1211 5002 1514 5070 complures
1566 5003 1806 5057 haeretici

228 5073 340 5127 duo
376 5073 668 5140 principia,
697 5085 789 5125 seu
830 5074 960 5126 deos
1000 5073 1136 5127 duos
1177 5073 1526 5137 statuebant;
1576 5074 1806 5126 alterunt

224 5141 463 5204 malum,
500 5142 594 5195 sed
635 5142 867 5210 justum,
897 5143 1078 5195 mundi
1128 5143 1485 5205 conditorem,
1529 5142 1663 5211 legis
1693 5143 1808 5210 opi-

225 5212 390 5265 ﬁcem
419 5227 434 5277 ;
462 5213 659 5264 bonum
685 5211 939 5274 alterum,
970 5212 1170 5267 Christi
1201 5213 1438 5274 Patrem,
1467 5223 1521 5266 et
1549 5213 1678 5266 Novi
1700 5213 1808 5268 Te-

222 5280 494 5335 stamenti
531 5291 832 5335 auctorem.
868 5281 1240 5336 Tertullianus
1269 5290 1322 5336 et
1359 5282 1588 5338 lrenzeus
1611 5285 1807 5337 adver-

221 5367 318 5405 sus
345 5353 492 5406 hanc
520 5351 822 5405 doctrinam
849 5367 953 5422 non
981 5353 1221 5422 segniter
1249 5352 1452 5405 velitati
1477 5362 1602 5407 sunt
1635 5370 1646 5405 :
1687 5353 1809 5408 Ori-

221 5437 402 5492 genes
434 5434 561 5474 vero
597 5423 818 5487 passim.
859 5421 982 5476 llinc
1035 5421 1064 5476 ιι
1103 5424 1272 5491 magis
1321 5432 1500 5475 ortmn
1533 5423 1684 5479 duxit
1713 5439 1807 5479 ve-

221 5492 412 5556 sania,
463 5506 601 5560 quos
650 5494 756 5546 duo
801 5492 986 5546 itidem
1040 5495 1326 5562 principia,
1374 5493 1570 5545 bonum
1618 5510 1806 5556 unum,

223 5564 438 5614 malum
490 5562 721 5614 alterum
770 5563 1017 5630 posuisse
1061 5564 1307 5630 prodidit
1345 5563 1692 5628 Aristoteles,
1726 5565 1804 5616 uti

221 5632 496 5705 discimus
526 5645 589 5683 ex
623 5631 840 5705 Laertio
878 5633 929 5684 in
961 5633 1288 5705 protentio:
1342 5632 1717 5705 Ἀριστοτέλης
1762 5633 1807 5705 δ’

220 5700 278 5753 ὲν
315 5700 526 5774 πρῴτῳ
559 5701 722 5774 Περὶλ
747 5699 1126 5774 φιλοσοφίας,
1169 5703 1262 5755 καὶ
1287 5699 1703 5774 ,πρεσϐυτέρους
1734 5699 1810 5774 εξ-

219 5789 312 5824 ναι
348 5771 460 5824 τῶν
491 5772 801 5838 Αἰγυπτίων
827 5772 1076 5840 (μάγους)
1116 5775 1206 5826 καὶ
1237 5773 1328 5825 δύο
1350 5771 1476 5826 ’κατ’
1509 5771 1702 5839 αὐτοὺς
1734 5771 1808 5826 εἷ-

221 5859 311 5898 ναι
345 5843 544 5912 ἀρχάς,
575 5842 776 5909 ἀγαθὸν
803 5842 1030 5913 ﬁdium;
1061 5846 1153 5898 καὶ
1178 5845 1343 5898 κακὸν
1365 5843 1608 5915 δαίμονα.
1640 5867 1654 5898 ι
1687 5847 1807 5898 Λιι-

1922 3250 2062 3319 quod
2089 3249 2189 3319 ipsi
2221 3249 2423 3314 volunt,
2443 3248 2623 3316 justus
2651 3246 2828 3302 utiste
2843 3247 2912 3301 sit
2931 3245 3190 3300 efﬁcient.
3217 3242 3496 3312 Quomodo

1921 3343 2063 3398 enim
2113 3357 2268 3410 quem
2314 3350 2390 3396 tot
2433 3339 2696 3395 malorum
2743 3347 3022 3407 parentem
3077 3336 3333 3397 finientur,
3389 3334 3495 3400 ipsi

1923 3432 2364 3503 quoquejustum
2402 3433 2649 3488 emndem
2687 3427 2945 3498 essejnre
2981 3429 3283 3496 meritoque
3307 3424 3496 3481 defen-

1925 3525 2100 3578 dant?
2129 3523 2336 3578 Deinde
2370 3524 2499 3592 quid
2523 3522 2762 3578 sentiant
2789 3521 2891 3591 ipsi
2926 3521 2992 3576 de
3027 3536 3107 3585 se,
3137 3519 3493 3590 quaerendum

1925 3630 1989 3669 ex
2022 3615 2127 3669 illis
2158 3623 2275 3682 est;
2311 3623 2490 3667 utrum
2518 3628 2638 3668 sese
2668 3622 2937 3666 astrorum
2970 3613 3326 3666 conversione
3354 3610 3495 3663 obli-

1922 3713 2077 3772 gaios
2103 3719 2242 3769 esse,
2295 3719 2362 3758 an
2411 3703 2630 3768 lihcros,
2679 3711 2843 3772 atque
2874 3701 3163 3770 ejusmodi,
3195 3701 3333 3768 apud
3357 3715 3494 3769 quos

1923 3796 2025 3849 hac
2062 3797 2113 3848 in
2145 3795 2252 3849 vita
2282 3794 2414 3848 nihil
2447 3796 2670 3848 omnino
2705 3805 2882 3849 motus
2915 3793 3002 3846 ille
3033 3792 3241 3862 possit?
3275 3789 3492 3858 Obliga-

1921 3892 2004 3939 tos
2030 3886 2072 3938 si
2112 3885 2452 3953 fatebuntur,
2493 3887 2637 3942 hunc
2676 3886 2785 3939 illis
2830 3884 3077 3955 profecto
3103 3894 3248 3937 astra
3278 3897 3494 3951 quoque

1917 3992 2134 4033 sensum
2171 3977 2546 4048 impresserint
2572 3997 2586 4034 :
2610 3979 2852 4048 adeoque
2884 3992 3078 4030 novam
3107 3975 3174 4029 de
3203 3974 3492 4043 superiore

1919 4083 2020 4122 suo
2077 4068 2377 4138 lictitioque
2428 4069 2537 4124 Deo
2589 4081 2860 4134 mentem,
2925 4069 3086 4138 hujus
3136 4067 3492 4121 conversione

1919 4158 2124 4225 mundi,
2160 4173 2290 4214 suus
2321 4159 2429 4226 ille,
2455 4160 2597 4229 quod
2637 4159 2738 4229 ipsi
2777 4169 3009 4228 negant,
3042 4157 3372 4211 architectus
3403 4155 3489 4208 in-

1914 4247 2128 4318 iecerit.
2161 4250 2259 4304 Sin
2299 4261 2478 4305 autem
2511 4251 2628 4320 ejus
2659 4266 2717 4306 se
2745 4251 2985 4315 minime,
3023 4262 3157 4318 quas
3189 4255 3342 4301 astra
3369 4244 3492 4299 vol-

1917 4349 2072 4405 vunt,
2115 4338 2321 4409 legibus
2357 4341 2526 4393 teneri
2560 4339 2993 4409 respondebunt,
3037 4337 3090 4391 id
3120 4351 3186 4390 ne
3216 4339 3283 4388 alt
3317 4335 3381 4388 iis
3411 4343 3492 4388 te-

1918 4444 2066 4483 mere
2093 4430 2274 4500 negari
2309 4430 2582 4494 videatur,
2619 4429 2813 4499 majori
2858 4429 3045 4499 utique
3079 4429 3127 4482 vi
3169 4426 3486 4498 suffragium

1841 4584 1886 4639 D
1916 4584 2137 4640 stoteles
2169 4594 2350 4654 autem
2377 4586 2428 4639 in
2463 4585 2637 4654 primo
2660 4584 2736 4639 De
2756 4585 3108 4654 philosOphia,
3139 4594 3192 4642 et
3216 4585 3490 4653 antiquio-

1915 4669 2002 4727 res
2030 4670 2149 4727 esse
2177 4653 2721 4727 :Egyptiislmagos)
2759 4653 2821 4710 et
2870 4655 3157 4727 duojuxta
3207 4655 3325 4709 illos
3367 4672 3490 4713 esse

1908 4724 2194 4793 principia,
2229 4724 2428 4779 bonum
2456 4724 2776 4788 daemonem,
2801 4733 2856 4778 et
2885 4724 3081 4777 malum
3114 4728 3435 4793 mentionem:
3467 4738 3486 4770 ι

1908 4789 2110 4848 λυριοἰ
2137 4789 2352 4864 quoque
2375 4795 2935 4863 Φιλοσοφουμένων,
2964 4809 3084 4862 quin
3113 4790 3330 4864 Origeni
3355 4789 3490 4864 falso

1909 4860 2237 4926 tribuuntur,
2267 4860 2454 4921 scribit
2480 4860 2730 4920 Zaratam
2755 4860 3066 4918 Chaldaeum
3101 4861 3371 4924 docuisse,
3397 4860 3489 4912 δύο

1906 4933 2165 5005 δαίμονας
2207 4933 2377 4994 εἶναι,
2413 4938 2505 4990 τὸν
2542 4937 2636 5005 μὲν
2678 4936 2929 5007 οὐράνιον
2959 4931 3118 5007 εἶναι,
3148 4933 3239 4985 τὸν
3268 4931 3324 5007 δέ
3361 4929 3487 5007 100-

1907 5002 2018 5079 νιον
2040 5024 2052 5036 ’
2088 5007 2182 5079 καὶ
2209 5008 2299 5079 τὸν
2325 5008 2421 5079 μέν
2449 5002 2659 5079 χθόνιον
2684 5002 2904 5079 ςΞινιένοιιΔ
2923 5005 3018 5075 τὴν
3047 5004 3259 5079 γένεσιν
3293 5002 3357 5054 ἐκ
3377 5002 3487 5079 ,τῆς

1906 5073 2048 5148 γῆς,
2077 5074 2214 5130 εἶναι
2247 5071 2514 5148 δὲ
2557 5079 2648 5130 τὸν
2681 5076 2752 5148 δὲ,
2777 5071 3068 5148 οὐράνιον-⁷
3089 5073 3218 5144 πῦρ,
3263 5071 3487 5148 μετέχον

1904 5145 1998 5199 τοῦ
2027 5147 2208 5220 ἀέρος,
2236 5147 2434 5220 θερμὸν
2461 5143 2555 5202 καὶ
2583 5147 2810 5220 ψυχρὸν.
2846 5143 3014 5220 Porro
3045 5143 3249 5220 bonum
3279 5143 3484 5220 dzemo-

1905 5231 2028 5289 nem
2059 5211 2238 5273 Persae
2265 5211 2608 5289 appellabant
2637 5211 2995 5289 Oromasilen,
3031 5215 3232 5289 mal_nm
3270 5211 3486 5289 Arima-

1905 5287 2032 5349 nin,
2067 5299 2126 5342 ut
2169 5281 2358 5345 duceni
2398 5289 2722 5344 Plutarchus
2756 5286 2808 5339 in
2852 5286 2988 5339 Iside
3030 5293 3086 5339 et
3125 5281 3489 5349 Themistocle,

1910 5344 2161 5408 Laertius
2199 5353 2251 5406 in
2299 5344 2583 5420 protentio,
2611 5359 2664 5404 et
2695 5350 2954 5419 Agatltias
2981 5349 3072 5402 lib.
3106 5363 3204 5420 vit.
3236 5345 3335 5420 Qui
3368 5344 3484 5400 Ma-

1911 5422 2150 5478 nichazos
2186 5417 2568 5492 islo'Oi'igenis
2602 5421 2717 5474 loco
2741 5417 3034 5487 signiﬁcari
3063 5417 3316 5492 credidit,
3344 5431 3483 5492 _me-

1911 5494 2158 5548 minisset
2180 5485 2618 5565 Origenis'auate
2641 5485 2971 5561 posteriores
3008 5503 3102 5544 eos
3129 5487 3314 5542 fuisse.
3343 5485 3482 5540 [let-:-

1913 5579 2056 5616 TIUS.

1983 5635 2093 5703 (l6)
2136 5632 2361 5696 Philoc.,
2391 5633 2565 5686 πάντα
2605 5633 2671 5686 τά
2697 5630 2919 5703 τοιαῦτα
2949 5627 3396 5703 προσανάπτωσι.

1985 5698 2095 5772 (17)
2131 5704 2493 5772 Χίηματίζοι.
2535 5703 2761 5758 ΙἿιὲΙυε..
2795 5698 3192 5771 δογματίξοιτο.
3237 5707 3291 5752 et
3328 5698 3482 5768 paulo

1911 5786 2052 5846 post,
2079 5774 2130 5826 τί
2166 5778 2443 5846 φήσουσιν,
2472 5774 2803 5846 ἐξεταστέον.

1987 5848 2098 5916 (18)
2145 5839 2484 5914 ΤὸίὌῆοναι.
2523 5843 2750 5908 Pluma,
2783 5839 3058 5912 νοηθῆναι.
