3978 6574
482 437 553 496 55
1936 436 2279 497 ORIGENES
3655 431 3721 484 56

482 559 557 614 illi
603 570 848 617 nostrum
877 571 1204 631 extorquere
1230 560 1468 632 debent,
1517 571 1669 618 certo
1720 562 2005 618 discrimiu

2148 553 2503 628 περιστάντες
2540 554 2633 608 νοῦ
2676 570 2820 617 τινος
2863 550 3227 621 ὑποκειμένου
3272 547 3481 618 γενέσει
3521 545 3614 600 καὶ
3650 550 3723 599 εξ-

477 650 585 707 duo
624 653 767 707 inter
794 651 1056 707 mentium
1084 668 1285 723 genera
1324 654 1642 719 constituto,
1671 667 1901 723 quarum
1926 652 2045 706 alia:

476 753 650 809 ortus,
700 745 902 812 fatique
945 747 1329 802 necessitatem
1375 748 1560 803 subire
1590 757 1890 817 cogantur,
1927 747 2044 802 alia:

476 834 774 905 defugiant.
825 834 937 890 Hac
966 837 1109 891 enim
1155 852 1213 892 se
1244 838 1545 906 quaestione
1594 838 1841 908 profecto
1900 854 2042 892 nun-

471 940 633 995 quam
665 926 1056 996 explicabunt;
1091 938 1148 983 ut
1193 930 1542 985 manifestum
1583 940 1667 985 est
1697 932 1762 986 iis
1794 931 1884 1001 qui
1924 930 2042 983 illos

473 1024 690 1071 norunt.
717 1018 799 1073 Ad
818 1020 931 1074 haec
953 1035 1139 1089 preces
1167 1037 1230 1076 ac
1257 1033 1380 1076 vota
1414 1039 1746 1092 nuncupare,
1782 1038 2041 1092 superﬁt.

472 1120 699 1163 canemn
747 1109 905 1179 plane
939 1112 1032 1166 sit.
1074 1112 1208 1167 Nam
1255 1115 1299 1169 si
1327 1115 1441 1169 hzcc
1481 1116 1641 1171 illave
1666 1116 1783 1171 ﬁeri
1817 1130 2039 1171 necesse

469 1209 573 1266 est,
597 1200 844 1272 hancque
867 1212 1011 1259 astra
1045 1206 1427 1261 necessitatem
1464 1206 1722 1273 afferunt,
1759 1222 1859 1263 nec
1881 1208 2039 1263 aliter

468 1306 632 1361 quant
663 1307 852 1348 eorum
891 1304 1077 1349 mutua
1113 1297 1417 1367 complexio
1449 1297 1726 1368 ejubcat,
1754 1298 2039 1366 fieriqnid-

466 1398 630 1452 quam
656 1393 854 1453 potest,
884 1386 987 1443 hoc
1027 1396 1122 1441 aut
1150 1388 1279 1443 illud
1312 1393 1409 1445 abs
1443 1391 1553 1444 Deo
1589 1390 1885 1458 impetrare
1919 1391 2037 1445 sine

466 1476 678 1532 ratione
719 1479 1117 1536 contendimus.
1158 1480 1264 1536 Sed
1296 1497 1557 1553 quorsum
1608 1483 1854 1555 pluribus
1879 1499 2032 1539 com-

466 1570 648 1626 munis
679 1572 838 1643 hujus
865 1573 930 1628 de
958 1574 1069 1629 fato
1107 1576 1237 1640 loci,
1270 1593 1428 1647 quem
1462 1580 1863 1635 inconsiderate
1915 1581 2034 1634 vul-

464 1676 566 1731 gus
583 1664 761 1718 adhuc
777 1665 1058 1722 hominum
1082 1669 1253 1732 trivit,
1271 1670 1603 1740 impietatem
1620 1672 2031 1741 persequimur?

461 1766 580 1808 eam
621 1754 820 1827 quippe
844 1760 1115 1830 superiori
1159 1761 1405 1839 oratione
1450 1760 1774 1818 informasse
1799 1773 1884 1818 Sat
1922 1771 2024 1819 est.

2155 649 2425 721 μαρμένῃ,
2470 649 2565 701 καὶ
2597 648 2783 719 ἐτέρου
2829 644 2939 701 ἀπὸ
2980 645 3184 698 τούτων
3217 642 3528 714 ἐλευθέρου·
3565 640 3720 711 δῆλον

2148 742 2256 812 γάρ
2290 741 2405 793 ἐστι
2445 743 2558 803 τοῖς
2605 740 2769 792 εἰδόσι
2800 737 2912 808 (19)
2943 738 3069 801 τοὺς
3106 734 3399 798 τοιούτους,
3444 735 3525 787 ὅτι
3564 733 3721 802 λόγον

2148 831 2539 901 ἀπαιτηθέντες
2581 830 2779 884 διδόναι
2830 825 3015 891 αὐτοῖς
3084 826 3334 897 ούδαμῶς
3378 826 3714 898 δυνήσονται.

2146 923 2291 993 Πρὸς
2322 924 2376 975 δὲ
2404 925 2515 986 τοῖς
2536 921 2846 995 εἰρημένοις
2869 921 2963 973 καὶ
2988 920 3144 990 εὐχαὶ
3177 919 3509 990 παρέλκουσι
3545 918 3719 989 μάτην

2146 1011 2717 1083 παραλαμϐανόμεναι·
2748 1012 2796 1063 εἰ
2834 1008 2943 1081 γάρ
2970 1008 3412 1079 κατηνάγκασται
3447 1009 3570 1062 τάδε
3598 1007 3719 1063 τινὰ

2144 1104 2412 1172 γενέσθαι,
2458 1106 2551 1157 καί
2596 1105 2644 1157 οἰ
2684 1102 2913 1175 ἀστέρες
2968 1101 3234 1166 ποιοῦσιν,
3281 1101 3429 1156 οὐδὲν
3463 1101 3520 1154 δὲ
3567 1099 3719 1172 παρὰ

2143 1194 2240 1267 τήν
2271 1196 2473 1250 τούτων
2522 1195 2656 1266 πρὸς
2689 1194 2949 1265 ἀλλήλους
2983 1193 3287 1264 ἐπιπλοκὴν
3314 1193 3535 1247 δύναται
3573 1191 3722 1261 γενέ-

2145 1289 2288 1354 σθαι,
2328 1288 2461 1341 Θεὸν
2490 1288 2787 1357 ἀλογίστως
2821 1286 3080 1356 ἀξιοῦμεν
3111 1285 3239 1342 τάδε
3274 1287 3394 1342 τινά
3441 1287 3571 1357 ἡμῖν
3613 1285 3716 1338 δω-

2144 1380 2426 1453 ρήσασθαι.
2457 1381 2566 1454 Καὶ
2593 1378 2645 1433 τί
2666 1379 2759 1432 ἐπὶ
2790 1379 2900 1450 (20)
2930 1378 3113 1432 πλεῖον
3141 1378 3400 1449 μηκύνειν
3430 1378 3585 1447 λόγον
3613 1379 3712 1442 δεῖ,

2142 1472 2482 1544 παριστάντα
2513 1470 2573 1525 τὸ
2598 1470 2792 1534 ἀσεϐὲς
2821 1469 2911 1524 τοῦ
2938 1469 3423 1541 κατημαξευμένου
3455 1469 3714 1524 ἀϐασανί-

2141 1581 2280 1627 στως
2307 1564 2456 1635 παρά
2471 1567 2583 1627 τοῖς
2608 1563 2818 1627 πολλοῖς
2847 1564 2974 1635 περί
2999 1563 3338 1634 εἱμαρμένης
3361 1565 3527 1618 τόπου
3553 1565 3717 1631 ςΔύτ-

2142 1656 2286 1728 ἀρκη
2321 1658 2429 1728 γάρ
2454 1658 2533 1721 εἰς
2565 1657 2886 1729 ὑπογραφὴν
2913 1658 3007 1711 καὶ
3034 1656 3104 1711 τὰ
3130 1659 3413 1731 εἰρημένα.

531 1891 586 1946 5.
636 1890 755 1945 Jam
796 1907 928 1950 vero
970 1910 1093 1949 cum
1131 1895 1314 1950 locum
1363 1896 1510 1951 illum
1542 1901 1971 1965 expenderemus
2008 1921 2015 1960 :

2202 1897 2371 1951 Πόθεν
2402 1898 2479 1963 δὲ,
2516 1897 2857 1964 ἐξετάζοντες
2889 1898 2951 1952 τό
2972 1914 2984 1929 ο
3027 1918 3046 1951 ι
3092 1899 3373 1952 Ἔστωσαν
3404 1900 3482 1962 εἰς
3509 1899 3715 1969 σημεῖα

462 1983 617 2037 «Sint
639 1985 692 2038 in
712 1986 864 2056 signa
901 1988 1184 2042 luminaria
1214 1989 1279 2054 ³⁸,
1315 2006 1333 2040 ι
1365 1991 1816 2058 quemadmodum
1837 1994 1887 2048 in
1911 2011 2030 2051 eam

454 2073 869 2147 disputationem
903 2080 1104 2150 delapsi
1137 2081 1419 2147 fuerimus,
1475 2084 1631 2139 nobis
1690 2085 1744 2139 in
1799 2096 2030 2144 mentem

455 2185 794 2227 revocemus.
827 2173 926 2241 Qui
957 2175 1039 2228 vel
1079 2176 1260 2244 aliqua
1288 2176 1352 2230 de
1384 2191 1441 2230 rc
1475 2178 1587 2232 veri
1619 2193 1686 2232 ex
1724 2180 1845 2235 aliis
1872 2183 2029 2251 quid-

452 2263 596 2332 piam
624 2264 948 2337 intelligunt,
980 2266 1064 2322 vel
1090 2268 1305 2336 ipsimet
1335 2266 1410 2321 rei
1444 2276 1608 2338 gesta:
1631 2270 1830 2326 oculati
1860 2281 2027 2328 testes

451 2356 695 2425 fuerunt,
730 2360 765 2414 ii
807 2360 1055 2429 profecto
1094 2375 1209 2414 rem
1242 2345 1456 2431 aperire
1490 2364 1729 2427 sincere,
1782 2365 2025 2435 integre-

450 2466 558 2519 que
607 2454 1109 2524 possuntzquippe
1162 2458 1254 2525 qui
1308 2456 1387 2510 vel
1442 2456 1587 2526 quod
1644 2472 1838 2526 passus
1886 2460 2025 2516 alter

450 2540 638 2605 fuerit,
673 2543 759 2598 vel
793 2544 937 2613 quod
981 2545 1124 2601 idem
1181 2545 1494 2616 perfecerit,
1549 2558 1643 2602 aut
1695 2549 1866 2605 oculis
1918 2551 2020 2621 ipsi

447 2634 565 2689 suis
605 2639 953 2705 usurparint,
999 2646 1092 2693 aut
1130 2639 1385 2707 aliorum,
1423 2641 1512 2709 qui
1556 2650 1734 2696 tamen
1778 2643 1858 2699 rei
1891 2660 2019 2700 cau-

447 2739 563 2780 sam
594 2726 847 2783 dederint
878 2729 1100 2794 nullam,
1128 2730 1649 2788 commemoratione
1682 2736 2013 2805 acceperint.

443 2814 583 2870 Illud
619 2818 760 2872 enim
793 2835 923 2874 sane
947 2822 1289 2888 omittamus,
1332 2825 1447 2879 fieri
1483 2839 1659 2895 posse.
1698 2837 1755 2881 ut
1790 2828 1880 2897 qui
1909 2828 2015 2883 ali-

443 2908 574 2977 quid
620 2910 701 2967 vel
744 2913 885 2981 passi
933 2913 1135 2968 fuerint
1171 2914 1253 2969 vel
1285 2915 1540 2983 fecerint,
1590 2934 1685 2975 eos
1722 2920 1884 2975 etiam
1918 2922 2012 2992 qui

441 3024 739 3083 praesentes
767 3031 870 3071 non
904 3017 1275 3085 interfuerint,
1306 3023 1620 3080 narratione
1650 3027 1749 3092 ipsi
1793 3043 1890 3083 sua
1930 3037 2013 3084 to-

2133 1990 2182 2043 οἰ
2213 1991 2515 2063 φωστῆρες,
2557 2010 2576 2042 ι
2616 1991 2710 2045 ἐπὶ
2737 1990 2907 2044 ταῦτα
2937 1990 3291 2062 ἐληλύθαμεν.
3326 1991 3552 2055 ἑαυτοὺς
3576 1991 3711 2045 ὑπο-

2136 2083 2448 2154 μνήσωμεν.
2499 2084 2562 2137 Οἰ
2597 2083 2959 2155 μανθάνοντες
3006 2083 3133 2155 περί
3176 2100 3335 2138 τινων
3361 2083 3555 2155 άληθῆ,
3591 2085 3713 2155 ἦτοι

2130 2176 2395 2230 αὐτόπται
2442 2175 2549 2230 τῶν
2590 2176 2931 2248 πραγμάτων
2976 2177 3275 2247 γενόμενοι,
3320 2176 3713 2244 ἀποφαίνονται

2128 2266 2254 2319 τάδε
2290 2267 2413 2321 τινὰ
2441 2267 2658 2336 ὑγειῶς,
2692 2267 2753 2322 τὸ
2786 2268 2957 2333 πάθος
3006 2269 3100 2322 καὶ
3132 2268 3229 2339 τήν
3272 2267 3553 2341 ἐνέργειαν
3599 2267 3712 2325 τῶν

2126 2358 2492 2422 πεπονθότων,
2553 2359 2586 2431 ἢ
2643 2360 3058 2432 ἐνεργησάντων
3105 2360 3220 2432 (21)
3267 2360 3614 2432 θεασάμενοι,
3673 2359 3711 2433 ἢ

2125 2448 2580 2518 ἀπαγγελλόντων
2617 2449 2726 2505 τῶν
2758 2450 3009 2521 οὐδαμῶς
3045 2450 3229 2506 αἰτίων
3259 2454 3370 2516 τοῖς
3400 2453 3706 2523 γεγενημέ-

2124 2557 2241 2604 νοις
2268 2541 2617 2607 ἀκούσαντες,
2647 2544 2773 2599 τάδε
2797 2544 2918 2598 τινὰ
2945 2542 3299 2614 γινώσκουσιν
3328 2544 3462 2614 (22).
3508 2544 3707 2612 Ὑπεξ-
3771 2593 3784 2609 ,

2120 2634 2347 2707 ’θρήσθω
2395 2636 2452 2689 δὲ
2490 2635 2588 2690 νῦν
2629 2636 2725 2692 τού
2766 2636 2925 2706 λόγου
2965 2636 3027 2690 τὸ
3063 2636 3321 2691 δύνασθαι
3367 2638 3494 2702 τοὺς
3523 2635 3711 2709 δεδρα-

2131 2727 2295 2791 κότας
2317 2728 2350 2800 ἢ
2373 2729 2727 2795 πεπονθότας,
2757 2730 3146 2802 διηγουμένους
3169 2729 3277 2802 (25)
3301 2730 3337 2784 ἀ
3358 2729 3706 2803 δεδράκασιν,

2118 2817 2150 2890 ἤ
2168 2819 2516 2884 πεπόνθασιν,
2532 2820 2742 2889 ἐνάγειν
2762 2822 2841 2884 εἰς
2857 2821 3054 2890 γνῶσιν
3071 2820 3178 2875 τῶν
3197 2820 3595 2893 πεπραγμένων
3609 2821 3707 2874 τὸν

2122 2908 2198 2979 μὴ
2233 2911 2665 2981 παρατετυχότα.
2714 2910 2839 2965 Ἐὰν
2876 2906 2969 2964 οὖν
3002 2913 3030 2964 ό
3055 2909 3438 2982 διδασκόμενος
3469 2910 3575 2965 ὑπὸ
3606 2911 3705 2965 τοῦ

2118 2999 2387 3071 μηδαμῶς
2421 3002 2596 3055 αἰτίου
2624 3002 2731 3055 τῶν
2764 3002 3083 3074 γινομένων,
3111 3002 3172 3056 τὸ
3199 3003 3320 3057 τάδε
3358 3002 3480 3057 τινὰ
3521 3003 3703 3058 τοῖσιδε

443 3107 555 3162 tius
607 3108 660 3161 in
700 3109 777 3165 rei
815 3111 1186 3181 cognitionem
1244 3116 1535 3171 adducant.
1576 3117 1633 3173 Si
1669 3119 1793 3187 quis
1842 3135 2008 3192 ergo,

2119 3091 2457 3165 γεγονέναιῆ
2506 3094 2900 3166 συμϐήσεσθαι,
2949 3094 3023 3167 μὴ
3073 3095 3323 3168 διακρίνῃ
3357 3096 3468 3165 (24)
3510 3097 3593 3149 ὅτι
3634 3096 3700 3150 οὐ

436 3207 724 3268 postquam
751 3202 886 3257 certi
916 3203 1118 3273 aliquid
1152 3214 1243 3261 aut
1268 3209 1517 3265 evenisse
1543 3183 2010 3281 quibusdam,aut

2119 3183 2334 3249 πάντως
2361 3187 2389 3238 ὁ
2420 3185 2684 3240 διδάσκων
2728 3187 2854 3259 περί
2882 3204 3026 3251 τινος
3060 3187 3136 3250 ὡς
3175 3186 3466 3258 γενομένου
3577 3189 3704 3240 ὲσο-

437 3301 758 3348 eventurum
791 3309 936 3363 esse,
969 3298 1037 3351 ab
1065 3297 1154 3352 illo
1195 3300 1285 3368 qui
1316 3301 1433 3369 ejus
1465 3317 1628 3359 causa
1660 3321 1763 3361 non
1793 3307 1886 3375 sit,
1917 3325 2010 3364 au-

2119 3275 2297 3347 μένου,
2336 3278 2508 3342 αἴτιός
2544 3281 2657 3332 ἐστι
2686 3278 2781 3333 τοῦ
2819 3279 2879 3333 τὸ
2910 3281 3142 3351 πρᾶγμα
3175 3278 3379 3332 τοιόνδε
3405 3296 3456 3332 τι
3489 3279 3701 3349 τυγχά-

2115 3384 2246 3433 νειν,
2275 3369 2515 3441 οἰήσεται
2543 3370 2655 3440 (9.5)
2687 3370 2777 3423 τὸν
2818 3372 3249 3442 παραστήσαντα
3282 3370 3410 3442 περί
3442 3371 3536 3424 τοῦ
3569 3371 3700 3424 τάδε.

2113 3459 2233 3514 τινὰ
2267 3462 2571 3531 γεγονέναι,
2603 3462 2636 3534 ἢ
2679 3462 2803 3516 τάδε
2839 3462 2959 3517 τινά
2988 3461 3226 3527 ἔσεσθαι,
3260 3461 3619 3533 πεποιηκέναι
3656 3463 3694 3533 ἢ

2114 3552 2360 3623 ποιήσειν
2388 3552 2459 3604 τὰ
2502 3554 2630 3623 περί
2677 3546 2752 3606 ὧν
2785 3552 3058 3607 διδάσκει·
3095 3554 3336 3624 οἰήσεται
3364 3552 3421 3605 δὲ
3450 3552 3699 3623 δηλονότι

2110 3641 2475 3714 ἐσφαλμένως·
2494 3643 2569 3707 ὡς
2588 3644 2759 3709 εἴτις,
2788 3642 3022 3713 ἐντυχὼν
3040 3646 3345 3715 προφητικῇ
3367 3642 3533 3714 βίϐλῳ
3553 3641 3696 3713 (26),

2110 3732 2452 3806 προδηλούσῃ
2483 3733 2550 3787 τὰ
2582 3736 2711 3806 περ).
2766 3733 2964 3788 Ἰούδαν
3000 3733 3091 3786 τὸν
3132 3733 3415 3805 προδότην,
3466 3734 3699 3805 νομίσαι

2113 3823 2297 3893 μαθὼν
2328 3825 2388 3878 τὸ
2433 3825 2708 3897 ἐσόμενον,
2739 3827 2882 3899 ὁρῶν
2923 3826 3053 3881 αὐτὸ
3098 3826 3547 3898 ἀποτελούμενον,
3588 3825 3698 3898 τὴν

2109 3912 2287 3983 βίϐλον
2318 3915 2495 3969 αἰτίαν
2539 3912 2676 3971 εἶναι
2710 3916 2803 3970 τοῦ
2846 3917 2957 3989 (27)
2985 3917 3102 3971 τόδε
3132 3934 3185 3970 τι
3222 3918 3501 3986 γεγονέναι
3530 3917 3701 3972 ὔστε-

2110 4021 2219 4077 ρον,
2255 4007 2375 4059 ἐπεὶ
2400 4008 2507 4061 ἀπὸ
2528 4010 2627 4077 τῆς
2652 4008 2836 4079 βίϐλου
2858 4010 3143 4080 μεμάθηκε
3162 4009 3230 4063 τά
3253 4010 3356 4063 ὑπὸ
3379 4010 3471 4063 τοῦ
3514 4011 3700 4066 Ἰούδα

2104 4096 2527 4169 πραχθησόμενα
2559 4098 2800 4172 ὕστερον
2833 4101 2866 4172 ἢ
2902 4101 3060 4155 πάλιν
3097 4102 3171 4173 μή
3210 4102 3308 4174 τὴν
3344 4102 3523 4173 βίϐλον
3552 4104 3700 4157 ύπο-

2101 4186 2257 4243 λάϐοι
2283 4188 2421 4245 εἶναι
2446 4192 2643 4256 αἰτίαν,
2670 4192 2803 4247 ἀλλά
2826 4193 2914 4247 τὸν
2938 4194 3152 4266 πρῶτον
3176 4194 3465 4265 γράψαντα
3486 4195 3695 4268 αὐτὴν,

2100 4276 2131 4350 ἢ
2167 4279 2256 4333 τὸν
2293 4282 2828 4354 ἐειεργήσαντα,φέρε
2856 4285 3028 4337 εἰπεῖν
3057 4283 3147 4337 τὸν
3175 4284 3328 4338 Θεόν.
3372 4286 3583 4358 ’Ὠσπερ
3624 4287 3697 4339 δὲ

2098 4371 2194 4425 ἐπὶ
2232 4373 2339 4426 τῶν
2383 4375 2511 4447 περὶ
2550 4375 2644 4428 τοῦ
2687 4375 2853 4430 Ἰούδα
2894 4377 3384 4448 προφητεύομένων
3412 4379 3575 4432 αὐταὶ
3623 4379 3697 4431 αἰ

2095 4465 2266 4530 λέξεις
2299 4465 2684 4538 ὲξεταζόμεναι
2717 4467 3038 4539 ἐμφαίνουσι
3065 4467 3157 4522 τὸν
3187 4467 3319 4522 Θεὸν
3353 4468 3579 4540 ποιητήν
3603 4470 3698 4543 μὴ

2094 4559 2372 4626 γεγονέναι
2405 4560 2503 4630 τῆς
2542 4560 2635 4613 τοῦ
2687 4560 2856 4615 ’ἰούδα
2888 4560 3196 4637 προδοσίας,
3230 4560 3366 4614 ἀλλὰ
3401 4561 3562 4632 μόνον
3587 4562 3697 4615 δε-

2095 4649 2394 4721 δηλωκέναι
2433 4654 2816 4724 προεγνωκότα
2856 4653 2926 4707 τὰ
2970 4653 3077 4706 ἀπὸ
3109 4655 3208 4726 τῆς
3242 4653 3429 4708 τούτου
3472 4657 3702 4721 κακίας

2094 4739 2519 4812 πριχθησόμενα
2548 4742 2698 4815 παρὰ
2734 4743 2832 4815 τὴν
2876 4742 3036 4797 αὐτοῦ
3063 4744 3240 4798 αἰτίαν
3264 4743 3397 4816 (⁵28)⁹
3425 4744 3601 4809 οὕτως
3634 4747 3705 4799 εἴ

2091 4847 2176 4894 τις
2203 4831 2501 4901 ἐμϐαθύναι
2542 4834 2620 4906 τῷ
2652 4834 2796 4905 λόγῳ
2819 4834 2913 4888 τοῦ
2947 4836 3251 4906 προειδέναι
3282 4836 3350 4890 τά
3383 4837 3559 4891 πάντα
3584 4838 3700 4892 τὸν

2093 4922 2246 4987 Θεὸν,
2277 4926 2502 4989 καὶτοῖς
2538 4928 2597 4980 ἐν
2631 4920 2712 4991 οἷς
2741 4924 2850 4980 οἷον
2875 4926 2985 4997 (29)
3016 4927 3319 4983 ἐνετύπωσε
3351 4930 3449 5001 τῆς
3473 4930 3699 4984 ἑαυτοῦ

442 3383 647 3439 ditione
677 3389 973 3455 acceperit,
996 3405 1103 3443 non
1121 3392 1324 3460 cogitet
1349 3396 1489 3463 apttd
1517 3412 1595 3464 se,
1624 3398 1870 3469 quisquis
1899 3417 2011 3456 rem

434 3478 728 3547 quamlibet
749 3492 841 3536 aut
860 3494 1063 3554 gestam
1083 3500 1222 3554 esse,
1244 3498 1328 3543 aut
1350 3500 1557 3560 gestum
1588 3491 1651 3545 iri
1676 3493 1885 3560 doceat,
1906 3511 2010 3549 non

433 3584 554 3624 eum
586 3575 841 3629 continuo
862 3574 1099 3643 ejusdem
1124 3580 1199 3633 rei
1219 3596 1437 3634 causam
1472 3583 1686 3638 essezis
1720 3599 1874 3649 sane,
1892 3590 2012 3656 qui-

433 3676 653 3732 cunque
695 3665 777 3720 ve!
810 3666 1012 3722 factum
1040 3669 1281 3739 aliquid,
1316 3671 1399 3726 vel
1446 3672 1683 3728 futurum
1724 3691 1845 3731 esse
1887 3694 2010 3748 ape-

431 3754 558 3822 riet,
591 3755 659 3809 ab
682 3758 871 3812 eodem
899 3770 987 3814 aut
1019 3761 1322 3830 profectum
1357 3763 2006 3833 illud,autprofecturum

428 3845 773 3914 opinabitur,
805 3848 941 3905 falso
989 3860 1166 3907 tamen
1199 3853 1519 3921 opinabitur
1551 3872 1564 3907 :
1610 3856 1773 3910 veluti
1816 3858 1860 3913 si
1886 3862 2007 3928 quis

428 3951 496 3990 ex
524 3939 834 4008 prophetico
858 3941 1152 4008 volumine,
1170 3945 1313 4013 quod
1333 3942 1483 3999 Juda:
1505 3946 1801 4015 proditoris
1828 3952 2006 4008 scelus

427 4029 763 4101 exitiumque
796 4034 1138 4102 praediceret,
1194 4036 1432 4090 futuram
1474 4041 1644 4096 totius
1677 4042 1752 4095 rei
1803 4044 2002 4098 seriem

429 4121 820 4187 intellexisset,
849 4126 1091 4198 adeoque
1110 4143 1229 4182 cum
1264 4131 1380 4185 suis
1413 4131 1617 4186 factum
1662 4134 1839 4204 ipsum
1871 4153 2002 4193 ocu~

426 4212 497 4269 lis
547 4213 872 4280 intueretur,
922 4218 1062 4273 idem
1094 4220 1145 4274 iu
1192 4223 1441 4278 volumen
1482 4223 1745 4283 facinoris
1774 4243 1999 4286 causam

426 4319 670 4371 omnem,
707 4306 1039 4379 culpamque
1058 4312 1334 4369 conferret
1371 4332 1385 4370 :
1426 4326 1519 4372 aut
1554 4319 1599 4373 si
1630 4320 1809 4376 minus
1840 4322 1996 4377 volu-

421 4413 570 4466 men,
600 4415 724 4455 eum
759 4413 907 4457 certe
937 4419 966 4458 a
1014 4421 1122 4475 quo
1170 4408 1403 4477 primum
1452 4416 1822 4486 conscriptum
1866 4418 1994 4474 illud

422 4509 586 4566 esset,
619 4511 712 4557 aut
742 4520 870 4560 vero
908 4506 1075 4562 Deum
1111 4511 1310 4581 ipsum,
1344 4516 1501 4580 cujus
1532 4519 1766 4590 impulsu
1798 4538 1863 4577 ac
1897 4540 1994 4580 nu-

418 4593 567 4649 mine
606 4598 915 4662 prodiisset.
949 4602 1189 4673 ejusdem
1246 4609 1488 4676 perlidiaa
1542 4623 1824 4671 auctorem
1873 4635 1992 4676 esse
2023 4628 2070 4685 ι)

419 4698 670 4754 sentiret.
701 4701 1163 4768 Quemadmodum
1193 4721 1372 4767 autem
1414 4721 1695 4787 conceptis
1718 4737 1783 4777 ac
1813 4724 1987 4781 diser-

420 4789 515 4853 tis,
540 4791 583 4845 si
617 4807 676 4844 ca
703 4794 986 4865 diligenter
1011 4803 1303 4868 expendas,
1328 4805 1481 4861 istius
1500 4809 1564 4864 de
1590 4808 1725 4867 Juda
1757 4819 1988 4885 prophe-

419 4881 508 4935 tite
549 4882 741 4946 verbis,
782 4886 925 4943 Deus
960 4892 1138 4947 omnis
1167 4896 1493 4963 proditionis
1522 4901 1637 4971 cjus
1663 4881 1821 4977 culpa
1851 4881 1986 4968 iibe-

521 4999 566 5030 ‘9
591 4998 727 5055 Gen.
758 5016 799 5068 ι,
834 5004 922 5061 Μ.

409 5141 594 5268 εξδὲἰσξῖ)
639 5133 797 5201 Ἐστι
834 5151 958 5218 τοῖς
995 5154 1202 5210 εἰδόσι.
1239 5156 1395 5228 Apud
1435 5160 1634 5218 Euseb.
1679 5166 1827 5224 deest
1876 5176 1988 5237 τοῖς

477 5284 592 5357 (ξυ)
639 5286 783 5342 Ἐπί.
829 5289 1060 5357 Pltt'loc.,
1088 5295 1186 5351 ἔτι.

2166 5178 2281 5242 (‘26)
2318 5176 2661 5253 Προεξῃτικῇ
2942 5178 3032 5233 ναι
3070 5179 3329 5247 psalmum
3353 5190 3527 5253 _xr.ant
3554 5200 3699 5253 ων,

2092 5247 2732 5327 autcvt|t_itttcliigit,_qtti
2763 5248 2912 5327 Iuda;
2936 5252 3228 5327 perfidiam
3256 5247 3697 5327 vaticinatur”;

2091 5317 2172 5369 vel
2211 5316 2350 5386 quod
2383 5318 2732 5389 verisimilius
2761 5328 2864 5381 est,
2899 5316 2953 5373 id
2996 5322 3073 5375 ait
3101 5337 3170 5375 ex
3217 5323 3528 5389 hypothesi,
3563 5316 3705 5383 (in;

474 5355 588 5459 $33.2
628 5355 1403 5459 'Erierziérret:._fﬁit°¢u
1431 5372 1847 5459 ἐντετηκότωνς.

2126 5355 2172 5369 ι..
2211 5355 2350 5386 ι¹..νη
2392 5355 2732 5371 vuum-nun.»
2762 5355 2864 5381 μοι,
2899 5355 2949 5373 ιιι
2996 5355 3073 5375 ειη
3101 5355 3170 5375 ca;
3218 5355 3528 5389 ιιιμυιιιυδι,
3563 5355 3702 5383 uu-

2123 5401 2219 5442 ens
2247 5387 2621 5459 propheticum
2672 5390 2906 5458 aliquem
2958 5390 3152 5445 librum
3192 5390 3344 5447 Juda:
3387 5394 3702 5459 proditio-

474 5424 981 5530 (ξὲὶὴζιξόεῲἷινὰ
1024 5424 1446 5530 rigate-movear:
1480 5512 1492 5524 ⁸
1509 5424 1979 5530 ...παρέλκειν

2123 5424 2219 5442 ιλιιο
2247 5424 2621 5456 μιυγιινιιιιιιηι
2672 5424 2906 5458 ειιιιιιιυιιι
2958 5424 3152 5445 IIUIIIIII
3192 5424 3344 5447 unua;
3388 5424 3700 5459 νιυιηιιυ-

2119 5470 2207 5530 em
2238 5456 2575 5526 complexum
2603 5461 2899 5526 exstitisse,
2935 5461 3026 5530 qui
3062 5460 3297 5518 fortasse
3326 5461 3509 5517 nullus
3537 5467 3700 5527 fuit.

406 5500 745 5581 Poplgcta‘bat
779 5500 1043 5581 Vigerus;
1068 5507 1191 5581 licet
1224 5520 1442 5565 exstent
1479 5512 1532 5568 in
1560 5500 1969 5574 ριιηοέᾰιὲᾱῖ”’

1107 5575 1310 5667 Philae.
1323 5621 1333 5645 ,

401 5644 542 5743 2"“.
571 5638 675 5758 ἐτὸν
827 5638 1295 5719 παρατετευχότα,
1323 5638 1391 5707 ἐι
1434 5638 1594 5731 ἰηῗῖςιίξ
1643 5638 1818 5713 αἰτίὸυ
1868 5660 1976 5715 τῶν

411 5721 568 5761 .i‘mu
600 5725 722 5761 νων.

411 5746 424 5770 ,
440 5746 457 5753 -
477 5746 489 5754 τ
512 5746 595 5773 η..-
610 5746 722 5762 ων.

475 5775 581 5863 )
612 5782 1163 5863 ,ξιᾳκρίφημᾳῐίι-ιερίιη
1202 5789 1510 5863 διακρίνων.

434 5844 584 5923 λεδ)
614 5844 1227 5941 ,ξἸιίίὶισηζείρΞήσεταῃ
1265 5844 1511 5929 ρι’ρςυιιο
1532 5880 1672 5939 post,
1709 5870 1968 5941 διδάσκει,

397 5911 580 5983 δῆλον,
612 5918 693 5972 ὅτι
721 5911 1085 5996 ὲσφάλμένώςν
1104 5911 1259 5986 τοῦτο
1284 5911 1545 6006 οἰήσεταιῖ
1570 5911 1623 5924 υ,
1657 5911 1664 5939 ε

2320 5596 2451 5651 Τοῦ.
2505 5597 2664 5653 Deest
2718 5600 2856 5667 apud
2917 5600 3233 5656 Eusebium.
3290 5600 3458 5656 Paulo
3518 5603 3704 5666 infra

2083 5664 2400 5731 I‘Itilocalia,
2431 5668 2717 5741 μεμάθηκε
2752 5664 2819 5722 τὸ
2861 5671 2965 5726 ὑπὸ
3003 5670 3097 5725 τοῦ
3142 5671 3310 5726 Ἰούδα
3344 5664 3710 5748 πραχθησόὲ

2081 5751 2261 5881 mgis
2307 5808 2537 5881 ᾼίτΙαν.
2575 5807 2648 5881 ita
2680 5809 2922 5880 plerique
2952 5811 3095 5869 Phil.
3132 5816 3277 5881 cod.,
3305 5816 3543 5870 nonnulli
3593 5826 3710 5877 ta-

2080 5892 2202 5931 men
2236 5878 2433 5930 habent
2466 5880 2680 5932 κακίαν.

2150 5945 2261 6021 (29)
2298 5943 2455 6003 Οἶον.
2494 5950 2651 6007 Deest
2688 5952 2739 6007 in
2772 5950 3089 6009 Philoealia.
