3978 6530
227 451 299 507 57
1688 441 1759 498 ιΝ
1793 444 1822 500 ε

1935 443 2119 500 ESIM.
3429 438 3500 496 58

221 567 588 643 προγνώσεως
615 566 740 629 τοὺς
773 563 986 634 λόγους,
1029 566 1362 638 κατανοήσαι
1392 565 1477 630 ἂν,
1512 565 1593 618 ὅτι
1621 563 1744 619 οὔτε
1784 569 1812 621 ὁ

1929 578 2104 634 ratur;
2141 566 2303 635 idque
2333 579 2498 618 unum
2535 579 2602 619 ex
2656 565 2765 620 illis
2816 563 3006 619 inferri
3055 567 3268 631 potest,
3327 559 3495 614 Deum

220 663 494 736 προγνοὺς
539 662 754 726 πάντως
785 661 956 724 αἴτιος
999 660 1106 713 τῶν
1152 661 1641 734 προεγνωσμένων,
1687 660 1808 714 οὔτε

220 753 292 806 τὰ
327 755 450 815 τοὺς
478 750 679 814 τύπους
709 751 815 803 τῶν
857 751 1028 819 λόγων
1057 751 1168 822 (50)
1203 752 1300 823 τῆς
1328 750 1687 822 προγνώσεως
1719 753 1810 804 τοῦ

219 843 634 916 προεγνωκότος
683 842 966 914 δεξάμενοι.
1005 844 1127 895 Ὅτι
1179 844 1274 913 μὲν
1311 839 1402 896 οῦν
1437 843 1664 899 ἕκαστον
1705 841 1813 895 τῶν

221 935 502 1005 ἐσομένων
543 934 648 1005 πρὸ
682 932 874 986 πολλοῦ
917 929 1056 986 οἶδεν
1088 933 1115 984 ὁ
1153 931 1286 996 Θεὸς
1324 934 1688 1005 γενησόμενον
1719 932 1814 986 καὶ

219 1027 396 1096 χωρὶς
429 1026 526 1095 μὲν
555 1025 776 1098 Γραφῆς
808 1025 1034 1077 αύτὸοεν
1076 1027 1141 1077 ἐκ
1171 1024 1274 1094 τῆς
1317 1025 1524 1087 ἑννοίας
1554 1025 1654 1096 τῆς
1688 1026 1818 1096 περὶ

217 1117 384 1182 Θεοῦ,
418 1117 574 1188 δῆλον
597 1116 674 1187 τῷ
708 1117 944 1170 συνιέντι
979 1115 1195 1187 ἀξίωμα
1222 1116 1504 1187 δυνάμεως
1529 1116 1622 1169 νοῦ
1657 1113 1816 1170 Θεοῦ.

1917 663 2060 732 quod
2101 660 2243 713 nulla
2276 659 2355 713 sui
2389 657 2628 712 numinis
2657 657 3061 721 communione,
3109 653 3225 708 sola
3257 652 3496 706 hominis

1918 744 2268 822 improbitate
2314 749 2554 803 futurum
2591 748 2770 804 scelus
2798 759 2924 802 ante
2961 752 3313 817 cognoverat,
3357 757 3498 811 piae-

1921 845 2200 898 nuntiasse
2231 862 2244 897 :
2273 843 2342 896 ita
2361 842 2607 910 profecm
2626 842 2874 912 quisquis
2899 847 3083 896 eteam
3105 839 3155 890 in
3177 833 3502 904 disputatio-
3557 831 3566 840 '

1921 949 2067 996 nem,
2101 951 2204 1002 qua
2243 934 2352 988 Deo
2389 950 2573 988 rerum
2603 934 2846 986 omn-ium
2891 941 3208 1001 antegressa
3255 927 3500 997 cognitio

1925 1026 2212 1090 tribuitur,
2250 1037 2304 1079 et
2340 1027 2392 1079 in
2434 1039 2517 1092 ea,
2570 1025 2768 1095 quibus
2802 1041 2914 1079 sum
2962 1021 3294 1090 cognitionis
3343 1019 3501 1088 signa

1925 1119 2173 1186 quaedam
2202 1127 2258 1172 et
2290 1118 2494 1172 formas
2520 1117 2883 1186 impresserit.
2919 1115 3102 1169 subire
3137 1113 3298 1166 altius
3327 1127 3386 1164 ac
3408 1123 3502 1178 pe-

221 1223 448 1264 netrare
478 1211 737 1272 voluerit,
787 1211 1052 1280 intelliget
1079 1213 1196 1280 ipse
1227 1213 1509 1278 continuo,
1569 1227 1674 1266 non
1727 1211 1798 1266 illi
1838 1213 2026 1280 utique
2059 1215 2149 1282 qui
2207 1215 2559 1284 pramovcrit,
2614 1221 2708 1266 aut
2751 1213 2818 1266 iis
2843 1213 2976 1282 ipsis
3003 1211 3190 1272 rebus,
3216 1222 3335 1278 qua!
3367 1219 3507 1273 pra)-

218 1303 468 1358 untionis
515 1305 632 1373 ejus
679 1304 888 1358 formas
915 1305 1176 1372 quasdam
1228 1315 1495 1375 notasque
1523 1305 1888 1374 susceperint,
1928 1320 2119 1362 eorum
2151 1321 2270 1375 qua:
2305 1305 2651 1376 prtenoverit,
2698 1319 2918 1359 causam
2972 1317 3093 1356 esse
3131 1296 3494 1353 tribuendam.

214 1393 346 1448 Jan:
377 1410 510 1450 vero
525 1395 800 1463 ~quidquid
834 1395 1132 1464 aliquando
1157 1395 1397 1449 futurum
1427 1403 1529 1462 est,
1565 1395 1616 1449 id
1649 1409 1808 1450 omne
1843 1397 2011 1450 Deum
2059 1398 2228 1452 multo
2260 1407 2384 1452 ante
2408 1399 2458 1467 7
2503 1397 2745 1452 futurum
2794 1409 3092 1467 prmuosse,
3125 1403 3182 1446 ut
3207 1391 3502 1460 Scriptum

217 1491 448 1544 abesset
477 1489 804 1554 auctoritas,
853 1490 938 1545 vel
987 1492 1221 1560 ipsamet
1257 1505 1320 1545 ex
1363 1491 1454 1546 Dei
1509 1491 1730 1546 notione
1789 1493 1836 1546 is
1892 1492 2137 1562 profecto
2178 1494 2392 1548 demum
2439 1495 2730 1566 intelligat,
2788 1493 2880 1563 qui
2922 1493 3091 1564 probe
3125 1491 3231 1546 vim
3265 1489 3413 1543 illam
3453 1495 3510 1543 et

219 1585 602 1638 excellentiam
639 1585 836 1640 divina:
867 1587 1068 1640 mentis
1107 1587 1386 1656 intelligit.

293 1679 363 1731 Ei
419 1676 476 1730 ὁὲ
523 1678 604 1730 δεῖ
653 1679 747 1732 καὶ
775 1678 882 1732 ἀπὸ
931 1681 1038 1731 τῶν
1081 1681 1120 1732 Γ
1128 1679 1312 1748 ραφῶν
1351 1679 1509 1732 τοῦτο
1542 1680 1822 1752 παραστῆ-

1994 1675 2048 1730 4.
2087 1673 2142 1728 Si
2193 1684 2374 1729 tamen
2425 1691 2712 1730 sacrarum
2761 1690 2978 1745 quoque
3007 1675 3311 1730 litterarum
3349 1677 3506 1732 testi-

217 1788 342 1834 σαι,
369 1771 598 1842 πλήρεις
625 1776 722 1843 μέν
751 1775 888 1826 είσιν
917 1773 972 1826 αἱ
1003 1775 1331 1844 προφητεῖαι
1357 1773 1610 1828 τοιούτων
1647 1787 1820 1842 παρα-

215 1867 570 1937 δειγμάτων·
609 1869 703 1920 καὶ
735 1868 802 1920 τὰ
835 1868 977 1922 κατὰ
1017 1869 1130 1940 (51)
1171 1869 1269 1940 τὴν
1318 1868 1607 1924 Σωσάνναν
1634 1868 1692 1921 δὲ
1723 1870 1818 1923 τοῦ

217 1958 360 2011 Θεοῦ
399 1957 764 2026 γινώσκοντος
793 1959 862 2011 τὰ
907 1959 1105 2025 πάντα,
1146 1960 1276 2031 πρὶν
1310 1957 1577 2028 γενέσεως
1617 1959 1818 2026 αὐτῶν,

217 2051 367 2104 οὕτω
401 2050 665 2118 λέγουσαν
690 2068 703 2080 ·
747 2071 764 2101 ι
811 2051 866 2104 ’0
891 2051 1022 2114 θεὸς
1047 2053 1075 2104 ὁ
1103 2050 1340 2114 αἰώνιος,
1374 2053 1402 2104 ὁ
1424 2050 1531 2104 τῶν
1561 2050 1820 2120 κρυπτῶν

217 2145 496 2214 γνώστης,
525 2147 553 2197 ὁ
579 2143 733 2208 εἰδὼς
754 2145 820 2198 τὰ
849 2144 1024 2198 πάντα
1051 2145 1181 2215 πρὶν
1215 2144 1488 2213 γενέσεως
1523 2143 1725 2210 αὐτῶν,
1756 2143 1821 2198 σὺ

218 2237 514 2289 ἐπίστασαι
536 2276 549 2300 ,
587 2237 668 2289 ὅτι
713 2235 882 2306 ψευδῆ
917 2253 1017 2306 μου
1063 2235 1558 2306 κατεμαρτύρησαν
1591 2227 1760 2287 οῦτοι.
1797 2251 1816 2285 ι

221 2329 556 2396 Σαφέστατα
597 2327 653 2379 δὲ
687 2329 744 2380 ἐν
777 2329 841 2397 τῇ
869 2326 1030 2400 τρίτῃ
1061 2326 1171 2380 τῶν
1199 2326 1494 2382 Βασιλειῶν
1520 2328 1613 2379 καὶ
1649 2325 1824 2396 δνομα

222 2418 640 2490 βασιλεύσοντος
666 2419 776 2488 (5'2)
805 2457 818 2480 ,
861 2419 955 2472 καὶ
991 2418 1218 2488 πράξεις
1263 2419 1682 2490 ἀνεγράφησαν,
1718 2417 1825 2488 πρὸ

224 2510 488 2563 πλειόνων
518 2507 652 2562 ἑτῶν
679 2508 770 2561 τοῦ
805 2509 1060 2578 γενέσθαι
1090 2509 1566 2580 προφητευόμενα,
1608 2509 1782 2570 οὕτως
1808 2524 1821 2536 ·

227 2623 248 2654 ι
291 2604 402 2656 Καὶ
445 2604 698 2674 ἐποίησεν
744 2602 1027 2675 Ἱεροϐοὰμ
1073 2603 1264 2674 ἑορτὴν
1313 2604 1371 2656 ὲν
1428 2601 1506 2671 τῷ
1571 2600 1699 2672 μηνὶ
1745 2597 1822 2669 τῷ

222 2693 422 2763 ὀγδόῳ,
463 2697 520 2746 έν
559 2697 624 2764 τῇ
660 2693 892 2766 πέμπτῃ
935 2694 1028 2746 καὶ
1055 2687 1254 2764 δεκάτῃ
1293 2677 1477 2765 ἡμέρᾳ
1501 2690 1592 2744 τοῦ
1632 2689 1822 2761 μηνὸς,

223 2785 372 2838 κατὰ
397 2783 494 2855 τὴν
523 2785 716 2855 ἑορτὴν
749 2783 844 2855 τὴν
881 2785 940 2837 ἐν
973 2787 1042 2856 γῇ
1081 2783 1272 2838 Ἰούδα.
1309 2785 1418 2837 Καὶ
1453 2782 1616 2854 ἀνέϐη
1645 2781 1736 2834 ἐπὶ
1767 2779 1827 2832 τὸ

225 2877 619 2946 θυσιαστήριον
663 2877 722 2928 ἐν
759 2875 962 2948 Βαιθὴλ
987 2917 1000 2940 ,
1041 2876 1069 2928 ὃ
1104 2877 1326 2946 ἐποίησε
1367 2875 1460 2929 τοῦ
1503 2874 1653 2928 θύειν
1707 2875 1828 2936 ταῖς

221 2969 550 3040 δαμάλεσιν,
579 2962 666 3030 αἶς
700 2968 956 3038 εποίησεν
987 2966 1118 3036 (55).
1153 2987 1171 3018 ι
1197 2963 1331 3020 Εἶτα
1351 2968 1466 3038 μετ’
1482 2965 1688 3048 ὀλίγα-ε
1718 2963 1827 3015 Καὶ

1922 1765 2124 1820 mouiis
2153 1779 2269 1818 eam
2304 1767 2356 1819 iu
2390 1783 2501 1821 rem
2535 1782 2669 1833 opus
2704 1775 2818 1834 est,
2869 1767 3040 1835 plenae
3071 1777 3198 1820 sunt
3225 1770 3506 1839 exemplo-

1923 1875 2042 1912 rum
2099 1859 2147 1912 id
2199 1875 2369 1928 genus
2423 1861 2810 1930 prophetarum
2851 1875 3056 1915 voces:
3106 1861 3328 1930 ipsaque
3369 1865 3505 1918 adeo

1925 1951 2172 2006 Susanna
2201 1966 2383 2005 rerum
2417 1951 2465 2006 ei
2504 1953 2874 2022 cognitionem
2909 1952 3154 2013 omnium
3203 1953 3289 2007 his
3325 1953 3508 2010 verbis

1923 2043 2159 2097 asseruit
2193 2060 2206 2096 :
2251 2062 2267 2093 ι
2303 2042 2443 2096 Deus
2471 2053 2697 2108 aeterne,
2726 2043 2816 2111 qui
2847 2044 3287 2099 ahsconditorum
3319 2061 3377 2100 es
3417 2061 3511 2102 co-

1923 2131 2136 2200 gnitor;
2183 2130 2271 2198 qui
2325 2131 2464 2183 nosti
2503 2133 2683 2185 Omnia
2735 2142 3029 2202 antequam
3081 2133 3252 2188 flant:
3297 2146 3352 2189 tu
3401 2137 3509 2192 scis

1923 2223 2180 2291 quoniam
2213 2219 2406 2276 falsum
2434 2222 2801 2276 testimonium
2825 2225 3063 2279 tulerunt
3087 2241 3275 2280 contra
3304 2227 3500 2282 ιιιεεδοη

1924 2313 2003 2368 Ac
2029 2314 2235 2384 Regum
2278 2317 2461 2382 tertio,
2493 2316 2636 2386 regis
2669 2316 2838 2384 ipsius
2876 2334 3096 2384 nomen,
3129 2335 3324 2390 resque
3347 2321 3412 2375 ab
3442 2335 3506 2376 eo

1926 2417 2130 2476 gestas,
2175 2406 2362 2460 mtdtis
2393 2417 2521 2460 ante
2551 2407 2729 2471 annis,
2767 2423 2932 2477 quam
2967 2411 3137 2464 lucem
3174 2413 3506 2480 aspicerent,

1928 2499 2072 2552 hunc
2105 2499 2154 2550 in
2177 2501 2396 2552 modum
2421 2499 2732 2556 clarissime
2767 2509 2919 2555 vates
2950 2503 3163 2556 divinus
3191 2503 3461 2572 expressit
3492 2521 3506 2559 :

1934 2609 1952 2641 ‹
1989 2590 2394 2660 Constituitque
2443 2591 2732 2648 Jeroboam
2770 2595 3178 2650 solemnitatem
3230 2597 3280 2650 in
3326 2613 3510 2653 mense

1929 2693 2142 2748 octavo,
2177 2685 2581 2753 quintadecima
2625 2686 2712 2742 die
2745 2689 2968 2756 mensis,
3006 2688 3059 2742 in
3094 2689 3508 2744 similitudinem

1931 2777 2322 2843 solemnitatis,
2350 2794 2467 2849 quae
2493 2778 2865 2834 celebrabatur
2893 2779 2944 2832 in
2969 2776 3127 2833 .luda.
3161 2778 3224 2832 Et
3261 2780 3513 2834 ascendit

1933 2871 1998 2924 ad
2034 2870 2208 2924 altare
2241 2873 2382 2938 quod
2418 2869 2548 2925 fecit
2585 2871 2637 2923 in
2667 2870 2879 2935 Bethel,
2919 2881 2978 2924 ut
3010 2872 3320 2925 immolaret
3365 2871 3509 2925 vitu-

1930 2961 2018 3030 lis,
2057 2977 2193 3031 quos
2226 2962 2524 3016 fabricatus
2555 2961 2734 3015 fuerat
2769 2961 2832 3015 “.
2871 2981 2888 3015 ι
2925 2961 2990 3016 Ει
3023 2967 3182 3031 paulo
3209 2973 3325 3033 post
3352 2979 3363 3014 :
3394 2982 3411 3013 ι
3447 2963 3511 3016 Et

227 3063 344 3117 ἰδοὺ
375 3062 663 3134 ἄνθρωπος
686 3061 780 3114 τοῦ
808 3060 940 3114 Θεοῦ
967 3061 1026 3125 ἐξ
1057 3060 1226 3113 Ἰούδα
1248 3059 1578 3131 παρεγένετο
1602 3059 1658 3110 ὲν
1683 3057 1822 3128 λόγῳ

1933 3069 2061 3108 ecce
2091 3055 2173 3107 vir
2204 3055 2296 3108 Dei
2335 3055 2482 3108 venit
2518 3053 2584 3108 de
2611 3051 2770 3122 Juda,
2807 3054 2859 3108 in
2905 3069 3157 3109 sermone
3190 3055 3423 3121 Domini,
3457 3055 3508 3110 in

225 3154 440 3226 Κυρίου
457 3155 515 3206 ἐν
543 3152 766 3224 Βαιθὴλ,
801 3153 894 3204 καὶ
932 3150 1212 3222 Ἱεροόοὰμ
1240 3152 1483 3222 εἱστήκει
1513 3151 1606 3202 ἐπὶ
1637 3149 1697 3202 τὸ
1731 3147 1825 3200 Θυ-

229 3245 546 3316 σιαστήριον
579 3241 673 3296 τοῦ
701 3241 975 3296 ὲπιθῦσαι.
1005 3240 1116 3294 Καὶ
1155 3239 1486 3294 ἐπεκάλεσεν
1511 3238 1605 3290 ἐπὶ
1639 3237 1698 3290 τὸ
1734 3236 1827 3289 Ου-

229 3338 550 3408 σιαστήριον
585 3338 640 3390 ὲν
674 3335 817 3405 λόγῳ
846 3334 1074 3405 Κυρίου,
1111 3333 1209 3386 καὶ
1237 3327 1375 3384 εἷπε·
1403 3330 1822 3400 Θυσιαστήριον,

226 3428 356 3482 τάδε
381 3427 530 3496 λέγει
551 3426 752 3497 Κύριος
771 3443 782 3455 ·
823 3425 954 3478 Ἰδοὺ
977 3425 1095 3486 υἱὸς
1115 3423 1355 3476 τίκτεται
1380 3421 1458 3492 τῷ
1482 3420 1614 3492 οἴκῳ
1637 3418 1822 3486 Δαυῖδ,

238 3520 458 3582 Ἰωσίας
501 3519 672 3589 ὄνομα
699 3517 885 3588 αὐτῷ,
921 3517 1013 3570 καὶ
1061 3515 1212 3568 θύσει
1253 3516 1344 3567 ἐπὶ
1391 3513 1448 3566 σὲ
1485 3515 1608 3576 τοὺς
1659 3515 1825 3585 ἱερεῖς

223 3611 343 3664 τῶν
375 3609 592 3681 ὑψηλῶν
617 3609 723 3661 τῶν
751 3607 1081 3661 ἐπιθυὸντων
1115 3609 1206 3660 ἐπὶ
1239 3607 1318 3672 σὲ,
1338 3607 1430 3659 καὶ
1463 3607 1596 3658 ὀστᾶ
1625 3604 1828 3678 ἀνθρώ-

225 3723 356 3758 πων
390 3703 582 3758 καύσει
619 3705 710 3756 ἐπὶ
739 3703 818 3756 σέ.
859 3703 968 3754 Καὶ
997 3701 1196 3754 ἔδωκεν
1241 3703 1297 3754 ὲν
1331 3703 1398 3770 τῇ
1431 3699 1613 3770 ἡμέρα
1639 3700 1824 3772 ἐκείνῃ

223 3799 422 3870 τέρας,
455 3797 484 3849 ὃ
529 3797 754 3868 ὲλὰλησε
791 3794 992 3866 Κύριος
1026 3793 1228 3859 λέγων·
1282 3792 1410 3844 Ἰδοὺ
1445 3791 1504 3844 τὸ
1545 3791 1829 3864 Θυσιαστή-

229 3909 350 3962 ριον
387 3892 678 3962 ῥήγνυται,
715 3890 809 3942 καὶ
837 3887 1259 3958 ἐκχυθήσεταιή
1303 3885 1495 3956 πιότης
1541 3888 1574 3958 ή
1617 3886 1702 3938 ἐπ’
1731 3887 1828 3938 αύ-

223 3983 336 4054 τῷ.
367 4001 384 4032 ι
425 3983 536 4035 Καὶ
567 3983 684 4052 μετ’
709 3979 863 4048 ὀλίγα
887 3977 1160 4050 δηλοῦται,
1190 3979 1271 4032 ὅτι
1309 3977 1406 4030 καὶ
1442 3976 1505 4029 τὸ
1533 3977 1828 4047 θυσιαστή-

229 4090 352 4145 ριον
375 4061 607 4143 ιριάᾕη,
628 4071 722 4123 καὶ
749 4068 976 4140 ἐξεχύθη
1008 4071 1041 4140 ή
1064 4068 1257 4138 πιότης
1285 4067 1390 4120 ἀπὸ
1419 4065 1510 4120 τοῦ
1542 4066 1829 4137 Θυσιαστη-

229 4165 356 4236 ρίου
406 4164 546 4218 κατὰ
598 4162 657 4216 τὺ
688 4163 848 4233 τέρας
879 4162 906 4214 ὂ
940 4161 1139 4214 ἔδωκεν
1182 4162 1209 4212 ὁ
1254 4158 1542 4231 ἄνθρωπος
1588 4160 1644 4211 ὲν
1685 4159 1827 4228 λόγῳ

229 4257 462 4328 Κυρίου.
499 4256 606 4308 Καὶ
633 4257 689 4308 ἐν
721 4255 798 4326 τῷ
835 4252 1036 4326 Ἡσαΐᾳ
1069 4252 1344 4322 γενομένῳ
1379 4251 1484 4321 πρὸ
1512 4250 1704 4304 πολλοῦ
1731 4250 1828 4322 τῆς

227 4349 613 4419 αἰχμαλωσίας
647 4349 744 4420 τῆς
793 4349 871 4411 εἰς
907 4346 1232 4410 Βαϐυλῶνα,
1273 4344 1392 4417 μεθ’
1436 4346 1502 4416 ἦν
1547 4344 1830 4416 αἰχμαλω-

227 4441 358 4495 σίαν
379 4441 604 4512 ὕστερόν
632 4458 762 4494 ποτε
798 4441 1006 4509 γίνεται
1032 4438 1213 4510 Κῦρος
1247 4440 1273 4490 ὁ
1295 4436 1518 4508 Περσῶν
1551 4437 1824 4507 βασιλεὺς,

229 4533 578 4603 συνεργήσας
625 4534 689 4602 τῇ
749 4531 1005 4600 οἰκοδομῇ
1061 4527 1154 4580 τοῦ
1199 4527 1364 4591 ναοῦ,
1413 4527 1678 4599 γενομένῃ
1715 4525 1826 4598 (54)

229 4624 378 4677 κατᾶ
411 4625 534 4686 τοὺς
567 4623 791 4694 χρόνους
826 4621 1064 4693 Ἔσδρα,
1107 4621 1280 4674 ταῦτα
1327 4622 1455 4690 περὶ
1495 4619 1680 4690 Κύρου
1715 4619 1828 4671 ὀνο-

230 4716 408 4785 μαστὶ
452 4714 882 4786 προφητεύεται·
942 4733 960 4764 ι
1005 4713 1161 4766 Οῦτω
1203 4713 1348 4780 λέγει
1396 4711 1600 4783 Κύριος
1638 4713 1666 4764 ὁ
1698 4710 1829 4774 Θεὸς

227 4808 314 4878 τῷ
355 4806 565 4878 χριστῷ
609 4825 708 4878 μου
745 4806 945 4878 Κύρῳ,
981 4799 1040 4859 οῦ
1074 4805 1355 4876 ἐκράτησα
1386 4805 1482 4874 τῆς
1518 4803 1696 4869 δεξιᾶς
1731 4804 1828 4855 αύ-

223 4887 659 4953 τοῦιέπακοῦσαι
693 4897 1000 4968 ἔμπροσθεν
1035 4895 1199 4949 αὑτοῦ
1232 4895 1381 4966 ἔθνη,
1427 4895 1519 4946 καὶ
1550 4894 1701 4962 ἰσχὺν
1731 4891 1827 4962 βα-

227 4993 429 5046 σιλέων
476 4991 788 5063 διαρῤήξω·
835 4988 1030 5054 ἀνοίξω
1066 4987 1376 5060 ἔμπροσθεν
1419 4979 1584 5041 αὐτοῦ
1634 4985 1823 5057 Ούρας,

225 5085 332 5140 καὶ
380 5083 544 5138 πύλαι
580 5083 692 5153 (55ὶ
741 5083 800 5136 ού
835 5080 1385 5152 συγκλεισθήσονται·
1435 5077 1577 5147 Ἐγὼ
1617 5077 1827 5150 ἔμπρο-

227 5177 366 5231 σῡέν
397 5194 490 5229 σου
521 5175 878 5246 πορεύσομαι,
907 5174 1000 5226 καὶ
1029 5173 1127 5246 ὅρη
1153 5171 1361 5244 ὁμαλιῶ
1385 5189 1399 5202 ο
1429 5172 1596 5244 Θύρας
1616 5169 1823 5240 χαλκᾶς

229 5269 555 5342 συντρίψω,
610 5269 704 5323 καὶ
767 5266 994 5339 μοχλοὺς
1057 5263 1308 5338 σιδηροῦς
1362 5263 1660 5318 συνϐλάσω.
1710 5263 1822 5315 Καὶ

225 5363 392 5416 δώσω
419 5380 500 5416 σοι
529 5361 835 5431 θησαυροὺς
866 5361 1171 5424 σκοτεινοῦς
1190 5400 1205 5424 ,
1239 5357 1612 5430 ἀποκρύφους,
1654 5357 1822 5427 ἀορά-

303 5481 352 5512 ιθ
398 5479 532 5533 Dan.
568 5495 688 5546 xui,
722 5480 812 5534 4‘2.
889 5479 934 5511 εί
961 5479 1030 5534 Ill
1063 5479 1196 5550 Reg.
1249 5495 1351 5545 xu,
1381 5479 1450 5532 '52
1482 5487 1538 5533 et
1578 5492 1693 5546 seq.

305 5576 422 5648 (30)
459 5577 683 5648 Λόγων.
720 5575 868 5630 Libri
896 5575 1102 5645 aliquot
1135 5573 1445 5630 Philocafiaz
1467 5575 1553 5640 psic
1589 5573 1819 5639 habent;

231 5645 430 5701 aliuui.
461 5645 670 5698 τύπων.

313 5665 430 5714 (IIII,
461 5665 670 5698 τύπων.

306 5719 426 5784 (3|)
468 5717 544 5770 Τὰ
575 5716 748 5772 κατὰ.
781 5717 864 5770 Τά
895 5716 1046 5771 deest
1077 5716 1216 5782 apud
1241 5715 1438 5769 Euseb.

308 5789 426 5858 {52)
457 5787 665 5858 Philae,
714 5788 1002 5854 impressa,
1050 5787 1146 5839 καὶ
1190 5785 1360 5858 ὄνομα
1414 5785 1697 5856 βασιλειῶν
1727 5785 1821 5838 καὶ

227 5855 417 5929 ὄνομα
443 5855 876 5929 βασιλεύσαντος.
903 5858 1120 5929 Aliquot
1149 5855 1361 5929 codices
1394 5855 1525 5912 mss.
1548 5867 1692 5910 recte
1726 5858 1820 5908 ha-

233 5925 362 5984 Ιιριιι
399 5925 933 6000 βασιλεύσοντοςνιπο
971 5925 1403 6000 βασιλεύσαντος.

307 5996 682 6073 (55)Ρ1ιὶιοε.,
713 5999 778 6063 ἂς
813 5996 1086 6070 ἐποίησεν,
1120 6005 1174 6053 et
1217 5997 1376 6066 infra,
1417 5997 1508 6050 καὶ
1557 5996 1816 6051 ἐκάλεσεν

1929 3147 2146 3212 Buthel,
2201 3147 2490 3202 Jeroboam
2544 3157 2722 3202 stante
2768 3162 2932 3216 super
2963 3147 3130 3201 altare
3152 3190 3165 3213 ,
3196 3159 3248 3204 et
3281 3148 3402 3202 thus
3429 3147 3512 3213 ja-

1930 3239 2124 3294 cicnle.
2163 3239 2226 3293 Et
2248 3241 2573 3294 exclamavit
2604 3249 2792 3294 contra
2827 3241 2998 3294 altare
3037 3240 3090 3294 in
3123 3255 3372 3294 sermone
3407 3241 3511 3294 Do-

1929 3336 2082 3398 mini,
2121 3345 2175 3390 et
2207 3338 2314 3389 ait:
2342 3337 2550 3399 Altare,
2587 3337 2703 3391 haec
2743 3335 2872 3390 dicit
2895 3335 3344 3391 Dominus:Eece
3373 3337 3514 3392 filius

1930 3437 2188 3482 nascetur
2223 3428 2406 3482 domui
2439 3429 2633 3495 David,
2673 3427 2852 3484 Josias
2889 3430 3133 3496 nomine,
3171 3437 3224 3482 et
3265 3428 3514 3482 iunnola-

1931 3522 2009 3574 hit
2039 3536 2204 3590 super
2236 3531 2286 3576 te
2317 3524 2634 3578 sacerdotes
2661 3523 3029 3590 excelsorum,
3056 3524 3144 3592 qui
3189 3539 3330 3576 nunc
3368 3523 3418 3576 in
3462 3531 3514 3575 te

1933 3613 2087 3666 thura
2120 3615 2478 3679 succendunt,
2509 3623 2560 3670 et
2585 3630 2707 3668 ossa
2744 3615 3025 3670 hominum
3057 3631 3218 3684 super
3252 3624 3302 3668 te
3328 3615 3513 3668 incen-

1929 3705 2039 3759 det.
2074 3707 2338 3774 Deditque
2374 3708 2425 3760 in
2473 3707 2561 3760 illa
2605 3707 2692 3761 die
2728 3709 2966 3778 signum,
3008 3709 3146 3777 quod
3185 3708 3398 3762 locutus
3428 3717 3514 3760 est

1929 3797 2189 3852 Dominus
2211 3841 2223 3863 ,
2267 3798 2455 3852 dicens
2490 3818 2503 3854 :
2539 3799 2678 3853 Ecce
2708 3799 2881 3853 altare
2916 3799 3227 3862 scindetur,
3258 3809 3310 3853 et
3340 3797 3516 3852 eﬂ'un—

1930 3891 2088 3944 detur
2119 3891 2281 3960 adeps
2307 3891 2400 3960 qui
2438 3891 2487 3944 in
2519 3908 2582 3946 eo
2610 3901 2692 3946 est
2712 3892 2779 3946 δ’.
2815 3912 2832 3942 ι
2869 3892 2949 3946 Ac
2983 3892 3168 3961 paucis
3194 3891 3511 3961 interjectis,

1930 3981 2101 4036 altare
2128 3971 2485 4049 disruptumh,
2535 3983 2880 4054 effusumque
2909 3983 3123 4052 adipem
3153 3998 3270 4037 esse
3322 3999 3513 4038 narra-

1929 4081 2036 4136 tur,
2071 4073 2211 4140 quod
2235 4073 2448 4142 signum
2475 4076 2532 4128 in
2576 4091 2829 4130 sermone
2866 4073 3078 4129 Domini
3117 4075 3384 4144 propheta
3421 4075 3516 4129 dc-

1931 4167 2104 4220 derat.
2139 4167 2405 4222 Similiter
2431 4170 2568 4239 apud
2605 4170 2820 4237 Isaiam,
2866 4171 2958 4239 qui
2988 4169 3178 4224 multis
3197 4180 3320 4222 ante
3344 4168 3517 4238 capti-

1929 4258 2149 4312 vitatem
2167 4259 2488 4330 Babylonica
2499 4279 2548 4314 ut
2570 4262 2732 4316 annis
2747 4263 2976 4326 vixerat,
2992 4261 3058 4316 dc
3075 4261 3215 4332 Cyro
3231 4259 3516 4314 Persarum

1935 4363 2084 4416 rege,
2117 4350 2205 4418 qui
2243 4343 2394 4402 tanto
2435 4352 2812 4420 captivitatem
2860 4351 3002 4405 illam
3045 4351 3330 4405 intervallo
3361 4364 3517 4401 secu—

1939 4450 2024 4496 tus
2060 4451 2161 4506 est,
2201 4443 2398 4512 quippe
2429 4445 2520 4511 qui
2559 4445 2918 4497 instaurando
2955 4443 3153 4512 templo
3183 4444 3254 4512 (id
3283 4444 3424 4511 quod
3461 4442 3514 4494 in

1937 4530 2124 4586 Esdrae
2175 4542 2386 4601 tempus
2440 4533 2670 4606 incidit)
2705 4549 2923 4603 operam
2955 4533 3173 4588 navarit
3205 4548 3356 4585 suam
3382 4572 3397 4596 ,
3441 4533 3515 4585 ita

1937 4615 2259 4678 nominatim
2291 4627 2710 4694 praenuntiatum
2751 4626 2967 4680 habes:
3010 4645 3026 4676 ι
3077 4625 3200 4679 llaec
3230 4625 3362 4678 dicit
3411 4624 3518 4678 Do-

1939 4716 2120 4770 minus
2163 4717 2371 4772 christo
2409 4732 2528 4772 meo
2559 4719 2736 4790 Cyro,
2771 4719 2928 4788 cujus
2961 4717 3291 4787 apprehendi
3325 4717 3516 4768 dexte-

1927 4823 2067 4870 ram,
2107 4816 2162 4860 ut
2195 4807 2478 4875 subjiciam
2523 4819 2650 4864 ante
2685 4805 3031 4880 faciem-ejus
3079 4817 3292 4876 gentes,
3326 4819 3378 4861 et
3406 4807 3519 4860 for-

1929 4898 2210 4952 titudinem
2263 4915 2448 4970 regum
2499 4901 2881 4972 perfringam:
2941 4901 3184 4970 aperiam
3229 4915 3412 4954 coram
3453 4915 3518 4954 eo

1919 4989 2136 5054 januas,
2166 5001 2221 5044 et
2248 5003 2418 5060 portat
2450 5009 2583 5048 meae
2614 5010 2718 5048 non
2769 4994 3092 5049 claudentur
3119 5006 3132 5042 :
3155 4992 3263 5060 Ego
3287 5001 3412 5048 ante
3454 5003 3507 5048 te

1925 5079 2034 5143 ibo,
2077 5090 2132 5135 et
2181 5091 2392 5138 montes
2433 5083 2834 5152 complanabo:
2875 5095 3064 5153 portas
3107 5099 3278 5139 terens
3324 5095 3517 5138 conte-

1929 5185 2068 5236 ram,
2119 5181 2174 5228 et
2219 5185 2402 5230 vectes
2458 5177 2671 5232 ferreos
2721 5178 3086 5248 confringant.
3139 5177 3204 5230 Et
3248 5177 3388 5230 dabo
3424 5175 3516 5228 tibi

1918 5265 2220 5321 thesauros
2252 5269 2620 5335 absconditos,
2657 5270 2925 5333 occultos,
2961 5267 3258 5323 invisibiles
3277 5267 3516 5334 aperiam

1937 5355 2062 5424 tibi,
2097 5365 2152 5410 ut
2178 5357 2321 5413 scias
2348 5360 2470 5428 quia
2506 5375 2606 5432 ego
2639 5360 2900 5415 Dominus
2931 5359 3094 5425 Deus,
3133 5359 3221 5428 qui
3253 5372 3386 5410 voco
3419 5369 3516 5408 no-

1770 5476 1815 5508 "
1869 5473 1935 5529 lll
1964 5473 2094 5547 Reg.
2121 5491 2240 5542 xui,
2271 5475 2295 5528 1
2329 5489 2442 5544 seq.

1931 5569 2112 5646 satis
2146 5571 2532 5646 θυσιαστήριον

2003 5643 2113 5711 (54)
2151 5641 2484 5713 Γενομέἰίῃ.
2535 5646 2606 5700 Ita
2640 5645 2955 5710 l’hilocafia,
2989 5645 3176 5712 sicque
3226 5641 3510 5714 legendum

1929 5715 2152 5787 cry-uiuo
2185 5717 2322 5769 vidit
2353 5717 2600 5787 Vigerus.
2637 5719 2792 5786 Apud
2815 5717 3106 5770 Eusebium
3133 5715 3329 5782 legitur
3357 5730 3514 5784 γενο-

1931 5783 2145 5930 μῗὲξλ
2171 5854 2410 5930 ΡΙιὶΙοε-η-
2440 5859 2533 5911 καὶ
2583 5857 2787 5921 πόλεις.
2845 5855 3046 5914 Eadem
3091 5854 3228 5911 infra
3283 5855 3512 5928 μοχλοὺς

1931 5925 2180 5998 σιδηροῦς
2213 5927 2520 5996 συγκλὰσω.
