3942 6394
379 3822 382 3828 ,
490 3772 753 3828 educatus
809 3787 926 3843 est;
969 3780 1432 3845 quemadmodum
1477 3783 1528 3836 in
1559 3783 1854 3854 Egyptum
1887 3803 2066 3843 seces-

509 357 582 415 59

2000 350 2346 408 ORIGENES

3695 343 3764 400 60

509 489 634 532 meo
664 482 832 536 tuum,
851 474 990 529 Deus
1015 471 1202 528 Israel.
1231 470 1458 543 Propter
1479 486 1694 528 servum
1716 483 1891 525 meum
1915 467 2067 523 Jaeol

2186 485 2309 530 τους
2337 465 2532 534 άνοίξω
2567 484 2680 532 σοι,
2717 466 2803 520 ἵνα
2849 462 2991 534 γνῷς
3012 503 3026 524 ,
3077 462 3159 516 ὅτι
3185 458 3296 530 ἐγὼ
3325 459 3528 532 Κύριος
3557 460 3585 511 6
3611 460 3766 524 Θεὸς,

509 575 566 622 et
591 563 756 620 Israel
785 563 1016 620 electum
1041 578 1218 618 meum
1241 604 1256 630 ,
1281 553 1381 636 ego
1411 563 1618 618 vocabo
1657 571 1710 617 te
1739 561 1958 615 nomine
1995 570 2086 614 tuo

508 668 567 714 et
607 655 902 725 suscipiam
931 661 982 710 te
1005 652 1071 709 “.
1107 675 1126 709 ι
1162 656 1240 710 Ex
1291 657 1357 712 iis
1389 656 1534 710 enim
1567 655 1744 724 quivis
1777 667 2002 724 prorsus
2029 651 2087 720 8

509 748 797 816 intelligat,
831 737 1031 817 Cyrum
1079 749 1133 803 in
1162 749 1278 820 ejus
1316 749 1497 819 populi
1528 747 1780 817 gratiam,
1809 759 1968 814 quem
2003 751 2079 798 tot

510 839 793 895 beneficiis
825 839 1106 907 affecerat,
1142 851 1198 895 ut
1232 841 1579 896 llebrmorum
1623 839 1875 910 pietatem
1905 854 1968 893 ac
1998 854 2084 892 re-

508 929 760 1002 ligionem
785 933 1070 1004 ignoraret,
1090 949 1117 988 a
1134 935 1242 988 Deo
1263 943 1439 987 tamen
1463 932 1699 1002 gentium
1729 931 2080 1000 plurimarum

507 1021 797 1090 imperium
825 1025 1121 1092 accepisse.
1153 1024 1330 1092 Atque
1366 1023 1417 1076 id
1449 1037 1516 1076 ex
1550 1021 1754 1077 Graecis
1782 1021 1966 1086 etiam,
1990 1021 2082 1089 qui

509 1127 599 1168 res
629 1111 777 1184 Cyri,
799 1129 958 1184 quem
993 1116 1258 1185 propheta
1289 1115 1510 1179 cecinit,
1533 1112 1810 1167 memoria:
1834 1113 2084 1181 prodide-

508 1215 656 1269 runt,
678 1206 888 1262 discere
917 1208 1115 1276 possis.
1143 1207 1449 1274 Quinetiam
1481 1207 1624 1275 apud
1653 1204 1956 1270 Danielern,
1975 1220 2082 1274 quo

509 1302 752 1367 tempore
774 1296 1160 1368 Babylonicum
1190 1295 1418 1351 florebat
1449 1296 1732 1366 imperium
1755 1339 1770 1363 ,
1795 1294 2082 1350 Nabucho-

506 1385 762 1442 donosori
813 1388 1116 1444 futurorum
1166 1388 1426 1457 deinceps
1489 1387 1844 1457 imperiorum
1896 1387 2077 1444 oblata

507 1479 718 1548 species
757 1489 864 1534 est.
905 1481 1051 1535 Auro
1077 1481 1278 1552 quippe
1309 1479 1752 1551 Babyloniorum,
1791 1480 2078 1537 Persarum

506 1579 754 1641 argento,
788 1571 1137 1628 Macedonum
1187 1586 1315 1638 aere,
1365 1571 1512 1626 ferro
1543 1571 1776 1642 denique
1806 1571 2080 1627 Romano-

505 1675 626 1716 rum
661 1662 1074 1731 siguifieabatur
1104 1664 1415 1734 imperium.
1453 1662 1533 1717 Ae
1565 1677 1753 1718 rursus
1783 1663 1921 1718 idem
1954 1654 2079 1735 pro-

506 1752 666 1822 pheta
689 1755 757 1808 de
786 1753 950 1809 Dario
977 1756 1141 1810 simul
1163 1765 1221 1812 et
1246 1755 1583 1819 Alexandro,
1613 1771 1823 1812 necnon
1858 1757 1922 1812 de
1939 1773 2076 1828 qua-

2187 559 2215 610 6
2260 556 2438 610 καλῶν
2487 558 2546 610 τὸ
2575 556 2746 626 ὄνομά
2793 573 2921 620 σου,
2953 554 3084 617 Θεὸς
3126 551 3360 624 Ἰσραήλ.
3397 552 3622 606 Ἕνεκεν
3668 551 3765 606 τοῦ

2187 647 2375 711 παιδός
2420 665 2521 718 μου
2563 646 2754 701 Ἰακὼϐ
2804 647 2898 700 καὶ
2947 644 3162 716 Ἰσραὴλ
3212 643 3303 698 τοῦ
3357 642 3614 697 ὲκλεκτοῦ
3660 661 3764 716 μου

2185 737 2295 806 ἐγὼ
2321 739 2535 792 καλέσω
2563 757 2621 792 σε
2641 738 2717 810 τῷ
2743 736 2965 808 ὀνόματί
2992 755 3084 791 σου
3115 727 3254 808 (56),
3275 737 3370 790 καί
3400 735 3765 808 προσδέξομαί

2187 849 2245 884 σε
2266 849 2279 862 ο
2322 853 2339 883 ι
2372 833 2557 902 σαφῶς
2579 833 2688 904 γὰρ
2722 833 2816 885 καὶ
2845 834 2910 885 ἐκ
2939 831 3138 884 τούτων
3179 830 3472 902 δεδήλωται
3499 873 3513 896 ,
3554 832 3635 884 ὅτι
3676 830 3764 884 διὰ

2183 923 2273 977 τὸν
2313 923 2438 976 λαὸν
2471 923 2530 977 ὃν
2567 923 2926 994 εὐεργέτησεν
2971 923 2999 974 6
3031 921 3232 994 Κῦρος,
3273 922 3302 972 ὁ
3330 921 3464 985 Θεὸς
3499 922 3572 994 μὴ
3601 920 3766 991 γινώ-

2185 1031 2365 1067 σκοντι
2399 1014 2547 1086 αὐτῷ
2592 1014 2687 1085 τὴν
2733 1015 2846 1068 καθ’
2900 1011 3180 1083 Ἐϐραίους
3216 1011 3522 1066 θεοσέϐειαν
3559 1015 3769 1086 ἐδωρή-

2186 1121 2312 1158 σατο
2344 1105 2510 1159 ἐθνῶν
2547 1105 2805 1159 πλειόνων
2855 1103 3047 1176 ἄρξαι·
3087 1103 3179 1157 καὶ
3219 1102 3334 1157 ἔστι
3363 1103 3536 1158 ταῦτα
3569 1105 3764 1175 μαθεῖν

2183 1197 2276 1250 καὶ
2317 1197 2424 1250 ἀπὸ
2471 1197 2578 1251 τῶν
2617 1195 2879 1268 Ἑλλήνων
2922 1195 3028 1248 τῶν
3074 1194 3502 1266 ἀναγραψάντων
3531 1195 3598 1248 τά
3631 1196 3762 1266 περὶ

2181 1288 2272 1340 τὸν
2316 1287 2756 1359 προφητευθέντα
2782 1286 2962 1356 Κῦρον
2999 1286 3133 1358 (57).
3185 1287 3304 1339 Ἔτι
3347 1286 3402 1338 δὲ
3451 1287 3545 1340 καὶ
3595 1288 3657 1339 ὲν
3682 1285 3764 1358 τῷ

2180 1380 2395 1450 Δανιὴλ,
2433 1379 2785 1432 Βαϐυλωνίων
2813 1378 3198 1450 βασιλευόντων
3223 1379 3344 1432 τότε
3373 1378 3450 1450 τῷ
3483 1379 3765 1451 Ναϐουχο-

2179 1469 2396 1541 δονόσορ
2424 1469 2725 1523 δείκνυνται
2757 1470 2812 1521 αἱ
2849 1469 3103 1538 ὲσόμεναι
3131 1467 3398 1538 βασιλεῖαι
3428 1468 3542 1538 μετ’
3571 1469 3758 1523 αὐτόν·

2178 1563 2479 1616 δείκνυνταί
2508 1563 2564 1616 δὲ
2593 1561 2678 1615 διὰ
2707 1563 2806 1633 τῆς
2831 1563 3037 1626 εἰκόνος
3060 1579 3073 1592 ·
3109 1561 3333 1633 χρυσίου
3371 1563 3468 1633 μὲν
3511 1561 3610 1633 τῆς
3652 1563 3763 1615 Βα-

2180 1654 2456 1708 ϐυλωνίων
2507 1655 2682 1726 ἀρχῆς
2742 1653 3180 1725 ὀνομαζομένης,
3237 1652 3498 1725 ἀργυρίου
3549 1653 3605 1706 δὲ
3657 1654 3761 1724 τῆς

2179 1744 2404 1816 Περσῶν
2423 1787 2437 1810 ,
2473 1745 2672 1816 χαλκοῦ
2701 1744 2757 1797 δὲ
2795 1744 2897 1814 τῆς
2935 1744 3257 1798 Μακεδόνων
3277 1785 3291 1809 ,
3323 1745 3539 1817 σιδήρου
3574 1745 3630 1797 δὲ
3656 1744 3762 1816 τῆς

508 1851 630 1898 ιιιοι·
681 1844 972 1900 Alexandri
1024 1845 1376 1901 Macedonum
1431 1849 1574 1918 regis
1628 1848 2067 1916 successoribus,

2195 1836 2498 1908 Ῥωμαίων.
2535 1837 2644 1890 Kal.
2681 1837 2839 1890 πάλιν
2875 1838 2933 1889 ὲν
2966 1835 3040 1907 τῷ
3071 1835 3218 1907 αὐτῷ
3247 1838 3501 1910 προφήτῃ
3537 1837 3604 1890 τὰ
3631 1836 3762 1908 περλ⁸

504 1933 730 2005 ipsoque
756 1935 1068 2004 Ptolemaeo,
1103 1939 1194 2008 qui
1225 1938 1443 2010 Egypti
1483 1954 1706 2008 regnum
1739 1941 1933 2006 tenuit,
1959 1941 2078 1996 cui-

503 2043 608 2098 que
631 2027 779 2100 Lago
813 2040 1230 2100 cognomentum
1266 2032 1388 2098 fuit,
1419 2032 1685 2103 ejusmodi
1720 2031 1938 2102 reliquit
1959 2047 2081 2086 ora-

501 2118 682 2174 Culum
711 2137 725 2176 :
766 2140 784 2173 ι
819 2121 959 2178 Ecce
993 2131 1176 2177 autem
1200 2123 1390 2179 hircus
1419 2139 1705 2194 caprarum
1730 2124 1984 2179 veniebat
2011 2124 2077 2180 ab

499 2211 807 2279 occidente,
848 2230 1011 2284 super
1066 2216 1263 2271 faciem
1317 2215 1482 2270 totius
1534 2224 1694 2270 terrae
1733 2232 1748 2282 ;
1789 2226 1846 2271 et
1893 2217 2078 2272 hircus

501 2305 734 2362 habebat
768 2323 936 2362 cornu
970 2308 1115 2362 inter
1138 2307 1326 2362 oculos
1357 2322 1508 2362 suos.
1535 2307 1598 2362 Et
1626 2309 1772 2363 venit
1804 2325 1974 2379 usque
2009 2309 2076 2364 ad

499 2395 722 2450 arietem
760 2397 906 2451 illum
959 2407 1275 2463 cornutum,
1331 2412 1489 2467 quem
1542 2399 1784 2453 videram
1839 2409 2073 2456 stantem

499 2491 626 2536 ante
657 2482 810 2548 Uhal,
840 2493 894 2539 et
923 2487 1161 2541 cucurrit
1189 2487 1256 2540 ad
1277 2501 1399 2541 eum
1430 2487 1484 2542 in
1511 2487 1710 2558 impetu
1737 2487 2076 2546 fortitudinis

498 2588 630 2627 sum.
668 2573 734 2628 Et
763 2575 871 2630 vidi
904 2591 1026 2632 eum
1058 2578 1467 2647 pervenientem
1512 2594 1687 2650 usque
1714 2581 1778 2634 ad
1819 2581 2070 2647 arietem,

498 2674 552 2720 et
575 2664 830 2722 efferatus
851 2678 934 2724 est
966 2669 1017 2723 in
1038 2684 1185 2734 eum,
1210 2678 1264 2725 et
1285 2671 1552 2741 percussit
1573 2673 1892 2739 arietem,et
1917 2690 2070 2730 com-

497 2757 692 2815 minuit
725 2760 832 2816 dno
866 2777 1070 2818 cornua
1105 2765 1241 2829 eius,
1281 2775 1336 2822 et
1371 2780 1476 2820 non
1501 2773 1715 2836 poterat
1749 2767 1895 2823 aries
1935 2768 2072 2823 resi-

498 2859 644 2906 stere
679 2852 752 2918 ei,
788 2869 1019 2926 cumque
1051 2871 1180 2912 eum
1218 2859 1459 2914 misisset
1489 2859 1543 2914 in
1578 2869 1817 2926 terram,
1855 2861 2074 2917 concul-

496 2943 680 2999 cavit:
712 2955 768 3000 et
821 2963 982 3003 nemo
1023 2949 1216 3020 quibat
1262 2951 1505 3006 liberare
1542 2953 1771 3009 arietem
1802 2954 1870 3009 de
1905 2969 2066 3010 manu

494 3035 627 3106 ejus.
666 3036 861 3095 Hircus
884 3050 1062 3096 autem
1090 3059 1322 3114 magnus
1358 3043 1534 3100 factus
1567 3053 1650 3100 est
1677 3046 1841 3102 nimis
1876 3063 1889 3098 :
1923 3062 2072 3102 cum-

493 3143 601 3196 que
639 3130 931 3198 crevisset,
964 3132 1165 3188 factum
1199 3145 1286 3190 est
1323 3149 1492 3192 cornu
1526 3137 1644 3207 ejus
1680 3153 1971 3209 magnum;
2013 3149 2066 3194 et

2179 1931 2422 2001 Δαρεῖον,
2468 1931 2561 1983 καὶ
2601 1929 2947 2003 Ἀλέξανδρον
2970 1970 2984 1994 ,
3020 1931 3112 1982 καὶ
3137 1933 3262 1993 τοὺς
3288 1931 3556 2001 τέσσαρας
3583 1929 3762 1983 διαδό-

2179 2037 2306 2090 χους
2339 2020 2448 2091 (58)
2489 2021 2842 2092 Ἀλεξάνδρου
2869 2019 2963 2073 τοῦ
3001 2019 3325 2074 Μακεδόνων
3351 2018 3631 2089 βασιλέως,
3662 2018 3760 2073 καὶ

2177 2111 2504 2182 Πτολεμαῖον
2549 2113 2640 2164 τὸν
2680 2112 2781 2182 τῆς
2815 2111 3090 2180 Αἰγύπτου
3120 2110 3356 2182 ἄρξαντα
3379 2150 3394 2175 ,
3439 2111 3530 2164 τὸν
3563 2112 3761 2164 ἐπικει-

2175 2204 2266 2258 λού
2277 2222 2434 2276 μενον
2464 2204 2656 2273 Δαγὼν
2690 2206 2799 2275 (39)
2824 2203 2970 2258 οὕτω
2993 2203 3392 2276 προφητεύεται
3413 2221 3425 2234 ·
3459 2221 3477 2254 ι
3509 2204 3618 2258 Καὶ
3643 2203 3755 2258 ἰδοὺ

2175 2297 2376 2369 τράγος
2401 2297 2570 2366 αἰγῶν
2611 2297 2809 2370 ἤρχετο
2841 2297 2947 2350 ἀπὸ
2971 2295 3118 2359 λιϐὸς
3144 2296 3235 2348 ἐπὶ
3263 2295 3548 2367 πρόσωπον
3575 2297 3756 2366 πάσης

2173 2390 2273 2462 τῆς
2293 2390 2527 2461 γῆςοκαὶ
2553 2389 2630 2462 τῷ
2655 2390 2840 2462 τράγῳ
2865 2389 3032 2460 κέρας
3063 2387 3166 2442 ἀνὰ
3196 2388 3358 2458 μέσον
3402 2387 3509 2442 τῶν
3549 2387 3752 2458 ὀφθαλ-

2178 2483 2313 2555 μῶν.
2349 2483 2456 2536 Καὶ
2500 2479 2662 2554 ἦλθεν
2695 2482 2800 2546 ἕως
2831 2478 2922 2534 τοῦ
2973 2478 3136 2552 κριοῦ
3169 2478 3262 2533 τοῦ
3295 2480 3364 2533 τά
3401 2480 3605 2551 κέρατα
3641 2480 3753 2551 (40)

2175 2576 2417 2648 ἔχοντος,
2454 2570 2516 2632 οὗ
2547 2571 2685 2629 εἶδον
2714 2575 2944 2640 ἑστῶτος
2991 2573 3218 2628 ἐνώπιον
3259 2571 3354 2628 τοῦ
3390 2572 3568 2626 ossae
3591 2611 3606 2636 ,
3658 2589 3753 2626 xu

2174 2666 2376 2739 ἔδραμε
2422 2666 2558 2734 πρὸς
2596 2666 2757 2721 αὐτὸν
2796 2664 3025 2719 ἐνώπιον
3055 2663 3154 2733 τῆς
3193 2661 3374 2733 ἰσχύος
3411 2659 3596 2716 αὑτοῦ.
3643 2662 3754 2718 Καί

2172 2755 2312 2814 εἶδον
2337 2759 2500 2815 αὑτὸν
2537 2759 2806 2830 φθάνοντα
2843 2757 2946 2822 ἓως
2971 2756 3063 2810 τοῦ
3096 2755 3276 2828 κριοῦ,
3316 2755 3410 2809 καὶ
3444 2753 3751 2827 ἐξηγριώθη

2172 2853 2308 2926 πρὸς
2339 2853 2498 2907 αὐτὸν
2519 2892 2532 2916 ,
2577 2853 2672 2906 καὶ
2721 2851 2914 2905 ἔπαισε
2956 2850 3044 2904 τὸν
3073 2850 3226 2923 κριὸν
3255 2888 3269 2912 ,
3307 2849 3401 2903 καὶ
3432 2847 3752 2919 συνέτριψεν

2172 2945 2457 3018 ἀμφότερα
2487 2945 2555 2999 τὰ
2581 2945 2788 3017 κέρατα
2831 2942 2994 2997 αὑτοῦ
3021 2983 3035 3007 ,
3086 2943 3179 2996 καὶ
3221 2941 3320 2995 οὐκ
3363 2937 3430 3012 ἦν
3484 2942 3635 3011 ἰσχὺς
3672 2939 3750 3011 τῷ

2172 3041 2313 3113 κριῷ
2358 3041 2545 3112 στῆναι
2580 3039 2808 3093 ἐνώπιον
2842 3035 3039 3100 αὑτοῦ,
3077 3035 3173 3090 καὶΙ
3207 3034 3428 3108 ἔρριψεν
3465 3034 3626 3087 αὐτὸν
3653 3033 3750 3088 ἐπὶ

2173 3132 2269 3205 τὴν
2302 3134 2424 3204 γῆν,
2466 3132 2559 3186 καὶ
2594 3131 2964 3200 συνεπάτησεν
2993 3129 3174 3182 αὐτόν·
3208 3129 3300 3181 καὶ
3329 3127 3428 3180 οὐκ
3455 3121 3524 3197 ἦν
3551 3126 3580 3178 6
3603 3125 3751 3192 ἐξαι-

493 3226 610 3275 orta
639 3232 766 3276 sunt
795 3223 897 3278 alia
925 3234 1164 3295 quatuor
1189 3241 1394 3282 cornua
1429 3229 1620 3283 subter
1643 3229 1773 3284 illud
1810 3246 1906 3299 per
1934 3246 2067 3300 qua-

2175 3227 2433 3301 ρούμενος
2459 3223 2549 3277 τὸν
2597 3223 2746 3296 κριὸν
2796 3223 2860 3275 ὲκ
2897 3221 3080 3294 χειρὸς
3125 3217 3310 3274 αὐτοῦ.
3354 3218 3464 3271 Kal.
3494 3219 3522 3271 6
3549 3218 3750 3290 τράγος

497 3319 621 3395 tuor
655 3324 847 3370 ventos
868 3317 1014 3372 coeli.
1045 3319 1119 3373 De
1149 3335 1254 3373 uno
1275 3330 1458 3374 autem
1489 3335 1556 3375 ex
1579 3321 1658 3376 eis
1682 3337 1958 3391 egressura
1985 3335 2067 3380 est

2175 3320 2277 3375 τῶν
2299 3319 2470 3388 αἰγῶν
2497 3316 2849 3389 ἑμεγαλύνθη
2879 3316 2984 3379 ἓως
3016 3315 3220 3387 σφόδρα
3244 3331 3258 3345 ο
3284 3315 3377 3367 καὶ¹
3403 3315 3460 3366 έν
3492 3310 3569 3382 τῷ
3595 3311 3748 3383 ἰσχῦς

493 3418 660 3460 ι·οι·ηιι
699 3423 864 3462 unum
903 3408 1064 3476 forte,
1091 3424 1145 3466 et
1179 3412 1375 3466 factum
1402 3421 1486 3468 est
1517 3414 1724 3484 grande
1759 3415 1916 3470 valde
1939 3431 2067 3472 con-

2175 3429 2258 3466 σαι
2298 3411 2456 3466 αὐτὸν
2487 3409 2776 3482 συνετρίϐη
2817 3408 2878 3461 τὸ
2917 3407 3084 3480 κέρας
3133 3406 3298 3461 αὐτοῦ
3337 3406 3396 3458 τὸ
3447 3404 3620 3476 μέτα’
3656 3406 3747 3458 καὶ

494 3503 576 3551 tra
602 3498 883 3554 meridiem
905 3511 961 3556 et
995 3504 1339 3561 occidentem
1373 3506 1440 3562 “.
1477 3527 1497 3561 ι
1532 3507 1671 3576 Quid
1708 3509 1794 3562 hic
1831 3510 2067 3594 prophe,

2175 3503 2335 3575 ἀνέϐη
2367 3503 2529 3574 ἕτερα
2555 3501 2796 3572 τέσσαρα
2823 3499 2932 3572 (41)
2967 3499 3173 3572 κέρατα
3201 3498 3455 3551 ὑποκάτω
3481 3496 3643 3550 αὑτοῦ
3667 3500 3748 3561 εἰς

495 3597 670 3642 tarum
709 3591 773 3645 de
800 3591 1022 3648 Christo
1055 3595 1170 3664 ipso
1201 3613 1361 3653 voces
1391 3609 1445 3652 ct
1485 3599 1705 3654 oracula
1738 3587 2067 3657 ronnnemo:

2175 3599 2292 3660 τοὺς
2321 3595 2592 3666 τέσσαρας
2619 3595 2854 3664 ἀνέμους
2878 3591 2970 3645 τοῦ
2998 3590 3248 3664 οὐρανοῦ.
3283 3591 3392 3644 Καὶ
3416 3591 3479 3642 ἐκ
3505 3587 3597 3642 τοῦ
3628 3589 3748 3654 ἑνὸς

494 3680 646 3734 rem?
673 3682 737 3754 de
767 3683 1099 3751 Bethlecmo,
1143 3688 1231 3742 ubi
1266 3701 1463 3754 natus;
1517 3693 1584 3745 de
1613 3691 1938 3762 Nazaretho,
1975 3697 2064 3752 ubi

2175 3690 2358 3760 ἐξῆλθε
2402 3689 2568 3760 κέρας
2600 3687 2660 3740 ἓν
2689 3685 2926 3758 ἰσχυρὸν,
2961 3686 3056 3738 καὶ
3089 3683 3432 3755 ἑμεγαλύνθη
3471 3682 3748 3755 περισσῶς

2167 3782 2302 3853 πρὸς
2330 3781 2419 3834 τὸν
2447 3780 2595 3832 νότον
2621 3778 2716 3832 καὶ¹
2747 3779 2846 3851 τὴν
2874 3778 3047 3831 δύσιν.
3095 3799 3112 3828 ι
3151 3777 3215 3829 Τί
3248 3776 3304 3830 δὲ
3332 3775 3415 3829 δεῖ
3445 3775 3618 3844 λέγειν
3640 3774 3745 3840 τὰς

490 3865 644 3928 serit,
676 3879 797 3934 qua:
817 3867 1074 3922 miracula
1107 3870 1421 3938 perfecerit,
1447 3875 1716 3941 quomodo
1735 3874 1886 3931 Judaa
1903 3893 2063 3946 quem

2175 3874 2295 3944 περὶ
2316 3871 2552 3944 Χριστοῦ
2577 3870 2931 3942 προφητείας,
2957 3863 3067 3923 οἷον
3090 3869 3255 3943 ¹τόπον
3291 3867 3555 3936 γενέσεως
3579 3866 3744 3920 αὑτοῦ

450 3955 861 4022 apostolorum
921 3961 973 4014 in
1037 3978 1323 4018 numerum
1379 3975 1730 4035 aggregarat,
1782 3968 2061 4038 perfidiam

2175 3967 2435 4040 Βηθλεὲμ,
2471 3967 2566 4020 κα.)¹
2600 3966 2763 4019 τόπον
2797 3966 3105 4038 ἀνατροφῆς
3138 3963 3300 4018 αὐτοῦ
3338 3963 3610 4034 Ναζαρὲτ,
3650 3962 3746 4016 καὶ

491 4045 960 4118 proditioncmque
983 4052 1256 4110 subierit?
1291 4056 1500 4124 Quibus
1534 4073 1600 4113 ex
1634 4060 1890 4115 omnibus
1914 4074 2064 4119 certe

2175 4067 2245 4130 εἰς
2278 4064 2553 4134 Αἴγυπτον
2589 4060 2968 4132 ἀναχώρησιν,
3001 4059 3091 4113 καὶ
3126 4059 3384 4131 τεράστια
3414 4057 3449 4112 ἃ
3490 4058 3741 4127 ἐποίησε,

488 4134 710 4201 quidem
736 4135 970 4194 illustria
1003 4143 1200 4198 divina:
1231 4148 1586 4216 praenotiouis
1618 4160 1933 4220 argumenta
1957 4151 2060 4207 du-

488 4238 722 4286 cuntur.
761 4232 988 4289 Accedit
1021 4234 1130 4305 ipsa
1159 4252 1372 4310 quoque
1403 4238 1714 4296 Servatoris
1742 4244 2060 4310 auctoritas,

489 4321 616 4376 dum
648 4322 720 4378 ita
761 4323 1037 4390 loquitur:
1074 4346 1094 4381 t
1125 4327 1257 4385 Cum
1289 4331 1535 4386 videritis
1565 4331 1962 4389 circumdatam
1993 4338 2062 4393 ab

487 4415 1217 4487 exercitibus'llierusalem,
1250 4433 1379 4479 tunc
1394 4424 1580 4479 scietis
1610 4426 1737 4497 quia
1769 4430 2063 4499 appropin-

2163 4161 2259 4213 καὶ
2303 4158 2425 4212 τίνα
2466 4157 2666 4228 τρόπον
2721 4155 2825 4206 ὑπὸ
2866 4153 3030 4205 Ἰούδα
3063 4151 3155 4204 τοῦ
3200 4153 3279 4213 εἰς
3325 4148 3623 4218 ἀποστολὴν
3651 4163 3746 4202 κε-

2164 4250 2434 4322 κλημένου
2471 4246 2734 4318 προεδόθη
2764 4262 2778 4310 ;
2815 4244 2998 4297 Πάντα
3034 4243 3142 4312 γὰρ
3167 4243 3338 4296 ταῦτα
3381 4243 3578 4313 σημεῖά
3623 4243 3744 4294 ἐστι

2161 4339 2260 4410 τῆς
2281 4339 2372 4392 τοῦ
2394 4337 2528 4391 Θεοῦ
2559 4335 2938 4407 προγνώσεως.
2972 4334 3132 4386 Ἀλλά
3160 4335 3254 4387 καὶ
3283 4333 3441 4396 αὐτὸς
3471 4336 3498 4386 6
3522 4331 3738 4402 Σωτὴρ,

2171 4451 2189 4484 ι
2221 4433 2408 4495 Ὅταν,
2446 4431 2630 4502 φησὶν,
2668 4429 2816 4500 ἴδητε
2839 4425 3210 4497 κυκλουμένην
3235 4425 3339 4479 ὑπὸ
3367 4423 3742 4495 στρατοπέδων

486 4508 676 4575 quavit
725 4510 988 4567 desolatio
1027 4513 1144 4584 ejus
1182 4513 1248 4568 “.
1285 4533 1305 4568 ι
1345 4514 1438 4572 llis
1488 4518 1634 4574 enim
1693 4517 1875 4574 verbis
1929 4520 2056 4590 quid

2175 4525 2264 4594 τὴν
2297 4521 2679 4594 Ἰερουσαλὴμ,
2711 4520 2829 4573 τότε
2861 4516 3156 4587 γνώσεσθε.
3187 4517 3268 4570 ὅτι
3297 4515 3522 4586 ήγγικεν
3549 4517 3581 4586 ἡ
3608 4515 3740 4585 ἐρή-

485 4598 742 4672 deinceps
766 4601 1003 4660 futurom
1029 4617 1196 4673 esset,
1220 4608 1322 4664 hoc
1348 4618 1436 4665 est
1459 4625 1772 4681 supremum
1800 4610 2058 4668 Hieroso-

2175 4631 2339 4687 μωσις
2372 4613 2559 4684 αὐτῆς.
2593 4632 2611 4663 ι
2647 4613 2879 4683 Προεῖπε
2905 4608 3013 4680 γάρ
3045 4608 3105 4661 τὸ
3137 4606 3360 4678 ὕστερον
3395 4605 3743 4678 συμϐεϐηκὸς

488 4692 729 4766 Iymitani
753 4698 946 4752 excidii
970 4699 1129 4754 linem
1165 4701 1483 4773 exitumque
1523 4705 1798 4774 praedixit.

555 4786 608 4840 5.
623 4784 743 4842 Jam
759 4803 905 4854 vero,
919 4793 1174 4860 quoniam
1192 4793 1331 4850 hanc
1346 4794 1398 4849 in
1419 4795 1530 4851 Deo
1547 4797 1922 4868 praenoscendi
1945 4796 2054 4853 vim

2163 4706 2224 4760 τὸ
2246 4706 2396 4768 τέλος
2426 4705 2522 4775 τῆς
2555 4702 2911 4773 κατασκαφῆς
2946 4699 3315 4772 Ἰερουσαλήμ.

2247 4799 2718 4872 Ἀποδεδειγμένου
2749 4798 2928 4851 τοίνυν
2953 4797 3084 4868 ἡμῖν
3107 4795 3233 4866 περὶ
3260 4793 3355 4848 τοῦ
3383 4794 3738 4866 προγνὼστην

554 4878 600 4910 ⁵³
623 4879 724 4936 lsa.
746 4897 869 4950 va,
897 4884 946 4944 l.
973 4888 1006 4941 2
1032 4896 1087 4939 et
1119 4902 1270 4957 seqq.
1346 4887 1392 4919 “
1421 4889 1677 4959 Dau.v|n,
1716 4889 1750 4944 5
1783 4902 1837 4946 et
1870 4908 1983 4961 seq.
2061 4893 2106 4928 “
2129 4894 2256 4950 Luc.
2303 4910 2418 4952 nt.
2447 4893 2538 4950 ‘20.

553 4976 664 5060 (ὅθ.)
702 4977 1052 5060 (Gage-opaci
1070 4998 1209 5038 σου.
1227 4983 1572 5060 _S_ic_omnino
1599 4984 1884 5060 legendum
1908 5001 2048 5045 erat.

485 5049 559 5124 Ita
585 5048 747 5118 aliqui
789 5048 1099 5124 Pliilocalire
1143 5054 1298 5109 codd.
1334 5053 1408 5107 lta
1448 5048 1681 5124 optima?
1709 5054 1817 5109 τῶν
1852 5062 1906 5111 0⁸
1935 5062 2052 5114 edi-

485 5122 680 5198 tiones,
717 5130 770 5198 et
824 5123 992 5198 codex
1025 5122 1296 5198 _Marcha|i
1331 5136 1384 5178 et
1412 5126 1461 5178 οἱ
1487 5122 1664 5198 ’τρεῖς
1715 5125 2052 5184 Theodoreto

483 5204 624 5267 ξιξερο
647 5190 842 5267 laudati
874 5209 888 5248 :
922 5195 989 5247 ita
1007 5193 1188 5267 dSyrus
1219 5210 1434 5267 quoque
1461 5207 1514 5267 et
1541 5190 1729 5249 Arabs.
1751 5199 1905 5267 Apud
1937 5199 2045 5255 Eu-

481 5261 934 5337 sebiutnlegitur,
962 5264 1040 5337 τῷ
1060 5261 1290 5336 ’ὀνόματί
1325 5261 1445 5337 μου.
1477 5266 1734 5337 Ilnu'rms.

551 5331 667 5402 (57)
695 5332 912 5400 Κῦρον.
967 5331 1256 5405 Recte'sic
1301 5331 1461 5389 liabet
1508 5336 1824 5405 f’ltilocalia,
1869 5341 2049 5398 minus

481 5401 779 5478 begame
804 5405 1096 5478 Eusebium
1136 5404 1325 5478 legitur
1353 5406 1562 5478 κύριον.

554 5472 666 5548 (ὂὲξ)
722 5474 868 5548 Τοὺς
901 5472 1584 5548 τέσσαραςλδιαόόχους.
1619 5478 1866 5548 Quinque
1901 5485 2044 5535 enim

482 5543 737 5614 przceipui
782 5543 1137 5600 numerantur
1171 5543 1462 5602 Alexandri
1517 5543 1881 5614 successores,
1921 5552 2047 5605 Pto-

480 5615 585 5688 lem
605 5629 720 5674 eus,
739 5617 1062 5688 Antigonus,
1080 5617 1356 5680 Seleucus,
1383 5617 1687 5674 Cassander
1715 5631 1769 5673 et
1791 5620 2046 5688 Lysima-

481 5683 616 5758 chus
643 5699 658 5736 :
691 5683 918 5758 quorum
947 5686 1270 5742 illustriores
1292 5689 1504 5755 priores
1525 5683 2046 5758 quuatuor.lo§epln:3

485 5752 577 5829 ΙΨ.
607 5768 679 5829 an
706 5754 911 5829 Auum,
947 5772 1068 5829 cap.
1098 5758 1117 5810 l
1152 5752 1614 5829 τΜεταπεσούσης
1641 5759 1696 5812 δὲ
1719 5761 1800 5822 εἰς
1823 5752 2047 5825 πολλοὺς

479 5821 579 5892 τῆς
607 5824 777 5896 ἀρχῆς
805 5821 1227 5901 (Ἀλεξάνδρου),
1272 5821 1703 5901 ’Λντίγονοέμὲν
1729 5821 1824 5901 τῆς
1869 5821 2049 5896 Ἀσίας

2156 4991 2370 5062 κρατεῖ,
2399 4988 2660 5062 Σέλευκος
2689 4983 3104 5062 δὲξξαϐυλῶνος,
3123 4984 3229 5062 Δκα).
3257 4983 3364 5036 τῶν
3391 4981 3732 5062 έκεξὲθνῶν·

2156 5052 2470 5130 Λύσίμαχος
2497 5059 2552 5110 δὲ
2581 5057 2676 5130 τὸν
2707 5055 3100 5130 Ἑλλήσποντον
3119 5054 3328 5130 διεῖπες
3353 5053 3450 5130 τὴν
3473 5052 3530 5130 δὲ
3555 5053 3740 5130 Μακε-

2156 5122 2335 5186 δονίαν
2367 5122 2479 5200 εἶχε
2510 5127 2829 5200 Κάσανδρος
2843 5122 2867 5156 ’⁷
2894 5125 3223 5200 Πτολεμαῖος
3266 5123 3323 5200 δὲ
3353 5125 3381 5176 6
3409 5122 3600 5200 ’Λάγου
3619 5125 3735 5200 Δτὴν

2157 5193 2692 5270 Αἴγυπτον”εἰλήφει.
2737 5193 2922 5270 tcum
2969 5197 3035 5248 ad
3069 5193 3249 5270 plures
3283 5194 3563 5270 imperium
3584 5193 3735 5270 (Ale-

2160 5263 2374 5341 minus)
2413 5263 2718 5332 recidisset,
2751 5267 3053 5341 A_nt_igonns
3073 5263 3308 5341 quidem
3350 5263 3535 5341 Asiam
3586 5263 3734 5316 obii-

2161 5351 2286 5406 net;
2316 5335 2572 5394 Seleucus
2603 5352 2734 5392 vero
2777 5335 3104 5406 Babylonem
3154 5343 3209 5389 et
3260 5335 3468 5406 vicinas
3499 5342 3729 5406 gentes;

2156 5402 2514 5483 Lysimachus
2548 5418 2731 5483 autem
2779 5402 3182 5483 l-lell'esp_ont_um
3241 5403 3418 5467 rexit;
3459 5412 3516 5483 at
3550 5402 3730 5483 Mace-

2155 5471 2367 5541 doniam
2401 5480 2586 5533 habuit
2613 5471 3297 5540 CassanderaPtolemzeus
3323 5487 3452 5529 vero
3493 5471 3621 5541 Lagi
3667 5471 3733 5524 li-

2155 5551 2258 5604 lins
2288 5537 2520 5620 Egypto
2545 5550 2744 5620 potitus
2769 5537 2943 5620 85L")—
2975 5547 3234 5620 Hunnus.

2225 5620 2338 5689 (39)
2360 5611 2605 5683 T’hiloéu
2633 5617 2832 5689 Aayov.
2864 5617 3061 5686 Vigero
3096 5614 3342 5684 mihique
3372 5611 3726 5669 scribendum

2153 5687 2364 5744 videtur
2390 5689 2571 5757 Λάγου
2593 5687 2676 5740 vel
2702 5687 2884 5755 Λάγω.

2225 5759 2337 5827 (ιθ)
2367 5752 2571 5813 Τοῦ’τὰ
2598 5752 2831 5825 κέρατά.
2864 5757 3014 5827 Apud
3045 5753 3331 5827 Eusebium
3358 5753 3511 5811 deest
3537 5752 3654 5811 τοῦ.

2229 5825 2341 5902 (41)
2383 5829 2670 5900 Τέσσαρα.
2704 5829 2858 5884 Deest
2885 5825 3022 5897 apud
3045 5825 3359 5884 Eusebium.
3457 5828 3461 5832 ’
