3978 6550
208 426 274 487 Cl
1667 427 1735 498 IN
1767 429 2092 487 GENESIM.
3421 421 3492 478 οἳ

201 540 349 602 εἶναι
373 543 465 599 τὸν
489 544 644 609 Θεδν,
687 543 788 599 οὐκ
831 543 1106 616 ἀκαίρως,
1143 543 1230 598 ἵνα
1260 544 1652 617 διηγησώμεθα
1683 546 1792 611 πῶς

1905 548 2070 604 certis
2092 545 2274 601 adhuc
2289 541 2630 614 argumentis
2645 538 3006 608 ostendimus,
3017 535 3220 607 juverit
3237 536 3492 606 deinceps

202 640 257 692 οί
288 639 518 710 ἀστέρες
541 637 782 706 γίνονται
807 638 886 700 είς
920 639 1141 708 σημεῖα,
1160 637 1381 708 νοητέον
1407 638 1536 702 τοὺς
1565 637 1800 710 ἀστέρας

198 727 349 782 οὕτω
394 726 650 798 τετάχθαι
687 725 953 780 κινεῖσθαι
993 727 1519 799 ὲναντιοφορούντων
1561 729 1668 783 τῶν
1699 747 1800 783 κα-

198 813 485 885 λουμένων
531 812 904 885 πλανωμένων
928 815 1040 876 τοῖς
1070 814 1395 880 ἀπλανέσιν,
1443 814 1551 880 ἵνα,
1600 818 1801 887 σημεῖα

198 915 312 967 ἀπὸ
334 912 427 966 τοῦ
458 912 838 984 σχηματισμοῦ
865 912 974 966 τῶν
1009 914 1255 986 ἀστέρων
1289 915 1507 969 πάντων
1539 917 1646 970 τῶν
1673 917 1801 990 περὶ

189 989 435 1059 ’ἕκαστον
486 1006 786 1077 γινομένων
830 1005 925 1059 κα)⁸
963 1005 1070 1059 τῶν
1125 1005 1356 1060 καθόλου
1405 1007 1797 1079 λαμϐάνοντες,

197 1096 569 1166 γινώσκωσιν,
599 1098 719 1168 οὐχ)
761 1099 808 1151 oi
833 1097 1132 1169 ἄνθρωποι,
1163 1097 1367 1169 (πολλῷ
1394 1099 1502 1171 γὰρ
1551 1101 1734 1171 μεῖζον
1764 1101 1797 1172 ἢ

198 1190 348 1244 κατά
381 1190 665 1261 ἄνθρωπον
705 1190 767 1243 τὸ
799 1189 1060 1244 δύνασθαι
1103 1191 1244 1244 κατά
1285 1190 1543 1262 ἀλήθειαν
1592 1192 1800 1263 ἐκλαμ-

198 1282 390 1336 ϐάνειν
420 1283 530 1337 ἀπὸ
553 1283 652 1355 τῆς
686 1284 952 1354 κινήσεως
985 1281 1094 1334 τῶν
1126 1283 1372 1354 ἀστέρων
1406 1282 1473 1336 τά
1509 1284 1638 1354 περὶ
1671 1282 1800 1336 ὲκά-

198 1393 331 1429 στου
359 1375 466 1428 τῶν
500 1377 528 1428 ὅ
552 1393 604 1429 τι
635 1377 765 1429 ποτὲ
794 1373 1160 1445 ἐνεργούντων
1201 1375 1234 1446 ἢ
1276 1374 1591 1444 πασχόντων
1615 1373 1654 1445 ·)
1685 1375 1799 1428 ἀλλ’

194 1466 259 1520 αἱ
307 1465 596 1537 δυνάμεις,
632 1464 698 1529 ἀς
742 1465 1037 1533 ἀναγκαῖον
1083 1463 1174 1517 διὰ
1219 1465 1389 1518 πολλὰ
1438 1466 1608 1518 ταῦτα
1639 1463 1802 1534 γινώ-

196 1574 376 1620 σκειν,
411 1556 488 1617 ὡς
514 1556 656 1609 κατὰ
697 1555 926 1626 δύναμιν
955 1554 1042 1608 διὰ
1071 1554 1176 1608 τῶν
1206 1555 1331 1625 ἑξῆς
1359 1555 1626 1626 δείξομεν.
1661 1556 1800 1608 Συν-

194 1649 355 1711 ἐντες
387 1647 500 1719 (49..)
535 1647 593 1700 δὲ
637 1649 689 1701 οἱ
722 1647 997 1718 ἄνθρωποι
1025 1646 1089 1700 ἕκ
1111 1665 1274 1700 τινων
1300 1650 1606 1718 τηρήσεων,
1634 1648 1667 1718 ἢ
1710 1647 1802 1700 καὶ

195 1742 265 1793 ὲκ
295 1739 650 1803 διδασκαλίας
699 1739 944 1809 ἀγγέλων
974 1739 1084 1812 (43)
1127 1739 1225 1812 τὴν
1273 1741 1408 1794 ἰδίαν
1440 1741 1592 1807 τάξιν
1626 1761 1804 1814 παρα-

194 1832 518 1904 ϐεϐηκότων
541 1871 556 1892 ,
604 1831 698 1885 ἐπὶ
730 1835 794 1904 τῇ
839 1830 1151 1901 τοῦ“γένους
1183 1832 1338 1903 ἡμῶν
1364 1835 1620 1907 ὲπιτριϐῇ
1651 1835 1800 1889 διδα-

196 1924 410 1990 ξάντων
447 1925 574 1997 περὶ
609 1925 811 1978 τούτων
841 1925 962 1977 τινά
985 1964 999 1987 ,
1034 1924 1292 1997 ᾠήθησαν
1336 1927 1463 1989 τοὺς
1507 1926 1600 1996 ἀφ’
1630 1921 1704 1981 ὧν
1729 1926 1798 1981 τὰ

197 2021 403 2090 σημεῖα
429 2017 630 2071 οἴονται
658 2017 955 2088 λαμϐάνειν
976 2058 990 2084 ,
1025 2019 1230 2080 αἰτίους
1263 2017 1530 2089 ὑπάρχειν
1567 2017 1794 2084 τούτων,

195 2111 234 2166 ἃ
274 2110 565 2183 σημαίνειν
589 2114 618 2164 ὁ
649 2111 804 2179 λόγος
837 2113 992 2181 φησὶ,
1031 2111 1159 2182 περὶ
1187 2104 1262 2165 ὧν
1296 2111 1390 2165 καὶ
1418 2112 1600 2165 αὐτῶν
1633 2111 1708 2176 ὡς
1737 2113 1797 2165 ὲν

195 2205 434 2276 ἐπιτομῇ
465 2203 606 2257 κατὰ
645 2204 876 2274 δύναμιν
909 2193 1332 2278 ἐπιμελέστερον
1365 2205 1567 2272 εὐθέως
1607 2207 1796 2278 διαλη-

195 2292 415 2363 ψόμείὴι
447 2292 579 2364 (44).
623 2293 980 2363 Προκείσεται
1015 2295 1196 2349 τοίνυν
1246 2294 1420 2349 ταῦτα
1461 2295 1528 2350 τά
1561 2297 1797 2369 προϐλή-

201 2399 386 2452 ματα,
435 2381 551 2446 πῶς
582 2382 692 2454 (45)
720 2423 734 2446 ,
770 2383 1316 2455 προγνώστουβντος
1362 2385 1421 2452 ἐξ
1463 2385 1658 2451 αἰῶνος
1701 2385 1794 2440 τοῦ

195 2473 334 2527 Θεοῦ
363 2473 490 2545 περ).
519 2475 629 2528 τῶν
660 2474 750 2544 ὑφ’
779 2475 1364 2549 ἐκάστου.πράττεσθαι
1402 2479 1793 2552 νομιζομένων,

197 2566 260 2618 τὸ
316 2567 402 2637 ἐφ’
439 2568 570 2638 ἡμῖν
606 2566 838 2633 σώζεται
865 2586 878 2600 ’
927 2569 1023 2622 καὶ
1070 2569 1189 2623 τίνα
1226 2570 1425 2642 τρόπον
1471 2573 1519 2624 oi
1565 2571 1796 2644 ἀστέρες

197 2656 302 2715 οῦκ
338 2661 444 2712 είσι
471 2659 746 2730 ποιητικοί
785 2659 893 2714 τῶν
922 2661 980 2713 έν
1011 2659 1320 2733 ἀνθρώποις
1339 2702 1353 2726 ,
1387 2680 1450 2733 ση
1461 2663 1715 2735 μαντικοὶ
1739 2664 1796 2718 δὲ

203 2750 397 2819 μόνον’
440 2751 536 2804 καὶ
579 2752 661 2804 ὅτι
703 2750 981 2824 ἄνθρωποι
1030 2751 1128 2824 τὴν
1177 2753 1306 2826 περὶ
1359 2746 1568 2808 τούτων’
1595 2755 1796 2823 γνῶσιν

198 2843 448 2916 ἀκριϐῶς
492 2837 636 2914 ἔχειν
681 2844 740 2898 οὐ
771 2843 1046 2911 δύνανται,
1082 2844 1218 2900 ἀλλά
1261 2833 1553 2918 δυνάμεσιν
1583 2847 1796 2920 ἀνθρώ-

199 2951 320 2988 πων
366 2934 644 3005 κρείττοσι
688 2934 757 2988 τὰ
806 2939 1008 3008 σημεῖα
1046 2935 1289 3006 ἔγκειται
1325 2934 1456 3008 (46).
1494 2937 1591 3001 Τίς
1619 2937 1727 3008 γὰρ
1761 2938 1795 3009 ὴ

196 3026 349 3081 αἰτία
371 3026 466 3079 τοῦ
497 3027 565 3079 τὰ
597 3031 799 3099 σημεῖα
827 3028 919 3082 τὸν
950 3028 1084 3082 Θεὸν
1112 3028 1472 3099 πεποιηκέναι
1495 3030 1574 3093 είς
1594 3028 1796 3098 γνῶσιν

195 3119 304 3173 τῶν
332 3118 616 3189 δυνάμεων
640 3159 654 3184 ,
689 3119 946 3192 τέταρτον
979 3119 1426 3192 ἐξετασθήσεται.
1458 3123 1569 3176 Καὶ
1617 3123 1796 3178 τοίνυν

200 3212 402 3284 ἴδωμεν
449 3215 510 3268 τὸ
549 3214 764 3286 πρῶτον
789 3255 803 3277 ,
836 3215 973 3286 ὅπερ
1024 3214 1417 3286 εὐλαϐηθέντες
1453 3215 1637 3268 πολλοὶ
1682 3216 1793 3289 (47)

1905 635 2359 710 quemadmodum
2383 642 2529 689 astra
2545 632 2824 703 signorum
2846 631 2968 686 loco
2985 629 3233 686 instituta
3253 628 3493 692 sint,ex-

1905 733 2128 804 plicare.
2151 728 2517 786 Statuendum
2539 725 2708 796 igitur
2725 725 2780 778 in
2801 723 2996 794 primis
3008 731 3111 788 est,
3130 720 3391 791 ejusmodi
3413 721 3490 777 si-

1904 826 2125 882 deribus
2155 823 2212 894 9
2237 822 2572 892 assignatum
2613 833 2677 873 ac
2704 816 2985 873 definitum
3023 831 3142 872 esse
3173 821 3402 878 motum,
3431 823 3490 867 ιιι

1903 933 2023 988 qum
2059 915 2297 973 errantia
2329 914 2495 984 vulgo
2524 911 2807 974 dicuntur,
2838 908 2981 963 viam
3032 907 3154 963 fixis
3202 907 3306 962 illis
3329 914 3492 974 atque

1904 1010 2281 1065 constantibus
2317 1006 2480 1078 plane
2529 1000 2862 1059 contrariam
2911 1007 3151 1054 teneant.
3183 998 3238 1054 ld
3259 997 3403 1067 quod
3425 1011 3493 1052 eo

1905 1102 2134 1159 consilio
2174 1100 2376 1156 factum
2408 1106 2513 1161 est,
2547 1105 2607 1150 ιιι
2631 1109 2696 1149 ex
2739 1092 2891 1146 vario
2925 1097 3200 1146 astrorum
3229 1090 3360 1154 situ,
3385 1102 3484 1142 eu-

1904 1211 2024 1251 rum
2070 1209 2191 1266 quae
2237 1193 2433 1264 partim
2494 1187 2759 1258 singulis,
2813 1184 3010 1254 partim
3068 1181 3122 1236 in
3174 1181 3487 1236 universum

1902 1289 2176 1355 eveniunt,
2212 1287 2364 1358 signa
2399 1283 2643 1354 quaedam
2693 1278 2970 1342 hauriant,
3008 1290 3117 1330 non
3150 1275 3264 1346 jam
3307 1275 3489 1330 homi-

1904 1396 2001 1438 nes
2028 1389 2176 1435 certe
2199 1379 2418 1449 quidem
2451 1375 2539 1449 (ex
2570 1373 2662 1429 illa
2696 1373 2842 1427 enim
2891 1368 3136 1423 siderum
3167 1367 3489 1422 conversio-

1904 1489 1992 1537 ne,
2017 1473 2279 1544 quidquid
2329 1481 2424 1526 aut
2473 1466 2670 1524 facturi
2723 1463 2924 1535 singuli
2969 1463 3101 1528 sint,
3131 1469 3222 1516 aut
3254 1458 3486 1530 passuri,

1903 1581 2030 1621 vere
2053 1580 2116 1620 ac
2148 1574 2302 1619 certo
2338 1561 2880 1631 intelligere,operm
2923 1562 3008 1609 est
3034 1556 3308 1610 humanas
3344 1551 3488 1604 vires

1906 1657 2062 1728 longe
2110 1655 2448 1724 multumque
2488 1649 2819 1721 superantis)
2850 1665 2864 1704 :
2897 1647 2990 1705 sed
3027 1643 3361 1701 naturaaillre
3391 1657 3486 1697 su-

1904 1750 2184 1820 periores,
2247 1761 2386 1817 quas
2431 1744 2682 1817 pluribus
2734 1757 2868 1798 sane
2917 1741 2987 1797 de
3035 1737 3215 1795 causis
3259 1750 3381 1791 eam
3430 1733 3486 1790 in

1904 1843 2267 1914 cognitiOnem
2320 1839 2510 1895 venire
2558 1851 2784 1894 necesse
2819 1842 2927 1903 est,
2959 1833 3038 1888 uti
3086 1830 3344 1899 deinceps
3387 1843 3489 1898 pro

1829 1917 1872 1972 Β
1902 1945 2061 2006 captu
2093 1943 2285 1989 nostro
2311 1931 2823 1988 demonstrabimus.
2849 1928 3108 1984 Homines
3129 1932 3310 1979 autem
3341 1921 3486 1991 quod

1899 2027 2158 2085 nonnulla
2199 2027 2251 2081 id
2286 2041 2481 2096 genus,
2527 2025 2609 2081 vel
2645 2023 3144 2088 observationibus,
3181 2018 3266 2074 vel
3317 2030 3488 2089 ange-

1899 2121 2096 2186 lorum,
2129 2122 2218 2191 qui
2269 2136 2392 2176 cum
2457 2134 2582 2176 suos
2615 2119 2716 2190 ipsi
2764 2119 2898 2173 fines
2942 2113 3324 2172 transilierint.
3372 2122 3483 2166 tum

1897 2213 2116 2284 generis
2151 2215 2204 2268 in
2233 2213 2406 2268 nostri
2439 2212 2738 2282 perniciem
2763 2211 2836 2266 ita
2880 2207 3187 2274 docuerint,
3221 2206 3486 2262 informa-

1900 2307 2044 2363 tione
2077 2305 2628 2372 didicerint;,eorum
2683 2304 2868 2372 simul,
2911 2316 3142 2373 quorum
3199 2297 3483 2369 significa-

1901 2398 2099 2454 tionem
2135 2398 2203 2452 iis
2239 2397 2518 2467 Scriptura
2553 2396 2763 2463 tribuit,
2798 2404 3052 2451 auctores
3080 2391 3202 2448 illos
3233 2405 3354 2446 esse
3385 2403 3484 2458 pu-

1899 2499 2151 2545 tarerunt
2187 2505 2216 2544 a
2253 2489 2454 2559 quibus
2482 2503 2545 2543 ea
2579 2502 2639 2542 se
2671 2486 2952 2557 percipere
2981 2484 3134 2554 signa
3163 2478 3479 2535 credebant.

1898 2585 2014 2652 Qua
2039 2583 2105 2636 de
2136 2597 2196 2637 re
2221 2582 2534 2636 summatim
2565 2593 2781 2650 quoque
2812 2577 2973 2648 paulo
2994 2583 3139 2647 post,
3173 2572 3269 2628 sed
3303 2581 3480 2624 tamen

1897 2687 1996 2743 pro
2035 2681 2220 2727 nostra
2253 2669 2507 2726 facultate
2539 2669 2835 2741 diligenter
2871 2677 2926 2724 et
2952 2675 3208 2723 accurate
3240 2663 3485 2732 disputa-

1898 2761 2093 2820 bimus.
2115 2765 2292 2833 Atque
2315 2763 2429 2818 luec
2451 2771 2613 2816 erunt
2630 2760 2898 2816 institutae
2919 2755 3236 2828 quaestionis
3261 2753 3439 2823 capita
3462 2769 3479 2806 :

1895 2855 1990 2928 qui
2022 2855 2142 2910 fieri
2175 2856 2366 2924 possit,
2401 2862 2459 2908 ut
2481 2853 2606 2909 cuni
2636 2868 2699 2908 ea
2729 2867 2849 2924 qua:
2889 2867 2917 2906 a
2949 2863 3165 2934 quoque
3198 2847 3312 2902 fieri
3344 2861 3478 2900 ceu-

1897 2957 2088 3003 sentur
2115 2946 2318 3009 omnia,
2343 2961 2410 3000 ex
2439 2944 2587 2998 omni
2622 2944 2762 2998 Deus
2784 2942 3091 2998 aeternitate
3129 2936 3477 3009 praenoverit,

1898 3056 1992 3097 sua
2030 3049 2211 3096 tamen
2242 3038 2504 3095 voluntati
2541 3045 2749 3096 nostra;
2779 3036 2861 3090 vis
2905 3033 3267 3101 voluntasque
3293 3041 3478 3084 serve-

1900 3141 1988 3187 tur
2019 3154 2030 3188 :
2063 3133 2336 3202 quomodo
2375 3145 2554 3186 rerum
2585 3128 2799 3183 illarum
2827 3141 2948 3196 qua:
2975 3125 3255 3179 hominum
3289 3119 3480 3192 generi

1897 3226 2174 3288 eveniunt,
2203 3225 2356 3295 signa
2390 3223 2608 3294 quidem
2639 3221 2820 3278 sidera
2850 3219 2984 3284 sint,
3013 3231 3193 3274 causae
3220 3229 3348 3270 vero
3383 3213 3485 3267 mi-

195 3283 314 3356 τῶν
341 3283 630 3379 Ἑλλήνων,
646 3307 880 3378 οἰόμενοι
904 3283 1355 3377 κατηναγκάσθαι
1375 3307 1442 3369 τά
1469 3283 1789 3379 πράγματα,

1904 3319 2074 3386 nime;
2110 3319 2466 3388 quamobrem
2515 3325 2721 3371 certam
2771 3322 2826 3368 et
2867 3310 3193 3380 exquisitam
3235 3305 3482 3361 homines

197 3399 292 3452 καὶ
321 3398 382 3451 τὸ
428 3400 511 3468 ἐφ’
559 3401 693 3472 ἡμῖν
724 3399 985 3471 μηδαμῶς
1028 3397 1296 3463 σώζεσθαι
1318 3440 1332 3465 ,
1365 3401 1412 3453 εί
1442 3403 1470 3454 ὁ
1501 3399 1632 3464 Θεὸς
1664 3417 1796 3472 προ-

197 3491 463 3560 γινώσκει
493 3493 562 3547 τά
593 3493 874 3564 μέλλοντα,
903 3491 1097 3556 ἀσεϐὲς
1126 3493 1302 3563 δόγμα
1326 3493 1630 3564 ἐτόλμησαν
1657 3493 1794 3546 ἀνα-

192 3582 453 3648 δέξασθαι
487 3585 688 3656 μᾶλλον
713 3583 744 3656 ἦ
783 3583 1079 3655 προσέσθαι
1109 3583 1221 3655 (48)
1251 3583 1332 3649 τὸ,
1362 3581 1438 3647 ὥς
1462 3601 1624 3653 φασιν
1653 3585 1794 3636 ἐκεῖ·

191 3693 299 3738 νοι,
338 3675 544 3742 ἔνδοξον
577 3677 674 3748 μὲν
705 3678 834 3749 περὶ
863 3676 1022 3742 Θεοῦ,
1051 3676 1310 3749 ἀναιροῦν
1351 3676 1408 3730 δὲ
1433 3677 1495 3729 τὸ
1529 3677 1611 3744 ἐφ’
1638 3677 1789 3746 ἡμῖν,

142 3831 148 3835 _
193 3767 293 3820 καὶ
325 3765 417 3819 διὰ
441 3766 594 3821 τοῦτο
623 3766 864 3832 ἔπαινον,
892 3769 984 3821 καὶ
1010 3767 1198 3838 ψόγον,
1225 3769 1320 3821 καὶ
1347 3767 1408 3820 τὸ
1441 3767 1550 3820 τῶν
1579 3767 1793 3837 ἀρετῶν

193 3860 496 3914 ἀπώεκτδν
520 3901 533 3924 ,
568 3861 677 3914 τῶν
710 3879 768 3914 τε
808 3860 1016 3915 κακιῶν
1047 3861 1248 3932 ψεκτόν
1285 3860 1427 3934 (49)·
1464 3861 1558 3915 καί
1589 3877 1752 3930 φασιν
1773 3878 1788 3893 ο

195 3953 262 4005 Εἰ
307 3952 366 4019 ἐξ
398 3953 594 4017 αἰῶνος
626 3953 766 4022 ἔγνω
797 3954 824 4006 ὁ
859 3952 991 4018 Θεὸς
1017 3953 1168 4007 τόνδε
1214 3953 1335 4007 τινὰ
1361 3953 1661 4026 ἀδικήσειν,
1699 3953 1792 4007 κα)⁵

194 4045 327 4098 τάδε
355 4047 604 4116 ποιήσειν
637 4044 746 4116 (50)
779 4046 1091 4118 ἀδικήματα
1113 4089 1126 4110 ,
1158 4047 1394 4118 ἀψευδὴς
1433 4047 1490 4101 δὲ
1523 4049 1557 4120 ἡ
1591 4047 1793 4118 γνῶσις

193 4137 294 4191 τοῦ
325 4137 480 4201 Θεοῦ,
510 4141 603 4192 καὶ
631 4139 848 4203 πάντως
880 4140 1032 4194 ἔσται
1061 4142 1265 4206 ἄδικος,
1303 4142 1546 4213 ποιήσων
1574 4142 1700 4196 τάδε
1723 4142 1791 4196 τά

196 4231 532 4302 ἀδικήματα,
557 4233 586 4284 ὁ
614 4232 851 4296 τοιοῦτος
880 4227 1018 4287 εἶναι
1050 4233 1493 4306 προεωραμένος,
1529 4236 1623 4289 καὶ
1650 4237 1793 4309 ἀμή-

196 4341 363 4394 χανον
384 4323 458 4394 μὴ
478 4324 756 4396 ἀδικήσειν
784 4324 966 4378 αὐτόν.
998 4327 1060 4379 Ei
1092 4327 1152 4379 δὲ
1180 4327 1462 4398 ἀμήχανον
1492 4328 1566 4399 μὴ
1600 4327 1792 4402 ἀδική-

197 4433 314 4468 σειν
337 4415 499 4468 αὖτὺν
524 4415 673 4500 (Si),
711 4416 1158 4489 κατηνάγκασται
1202 4417 1264 4471 τὸ
1293 4418 1572 4500 ἀδικήσειν
1605 4419 1788 4485 αὑτὸν,

1413 4497 1429 4521 \

271 4525 388 4598 (42)
418 4524 648 4592 Philam,
681 4529 740 4582 ὲν
779 4530 894 4593 τοῖς
923 4528 1050 4600 ἑξῆς
1081 4529 1360 4602 δείξομεν·
1392 4529 1676 4595 συνθέντες
1708 4531 1786 4600 δέ,

194 4607 314 4655 etc.

273 4667 390 4743 (45)
425 4669 526 4723 Ἐκ
557 4669 956 4743 διδασκαλίας
987 4672 1280 4743 ἀγγέλων.
1319 4672 1686 4731 Tertullianus
1712 4674 1787 4731 De

193 4740 516 4817 i_dol.,'cap.
549 4740 588 4817 ἓ
613 4757 646 4817 εΔ
669 4759 688 4793 ι
729 4741 907 4798 Unum
947 4740 1216 4817 propono,
1254 4743 1478 4817 angelos
1505 4760 1628 4801 esse
1663 4746 1786 4803 illos

193 4815 510 4885 desertores
553 4811 646 4867 Dei
673 4851 693 4885 ,_
737 4811 1011 4885 amatores
1052 4811 1424 4878 feminarum,
1474 4817 1787 4885 proditores

192 4883 367 4958 etiam
395 4880 555 4951 hujus
579 4883 916 4958 curiositatis
943 4884 1318 4958 (astrologiae),
1344 4880 1631 4958 prop-terea
1652 4904 1789 4958 quo-

193 4968 306 5021 que
333 4953 620 5026 damnatos
657 4969 685 5006 a
720 4954 848 5026 Deo.
881 4954 926 5010 Ο
954 4953 1146 5009 divina
1180 4953 1478 5022 sententia,
1511 4953 1684 5026 usque
1715 4960 1786 5014 ad

195 5036 405 5078 terram
446 5024 713 5090 pertinax,
750 5025 838 5078 cui
866 5028 1032 5080 etiam
1065 5026 1379 5093 ignorantes
1412 5024 1782 5082 testimonium

191 5095 469 5148 reddunt!
501 5095 846 5162 expelluntur
872 5098 1264 5162 mathematici,
1303 5098 1445 5152 sicut
1478 5097 1652 5164 angeli
1695 5114 1787 5152 co-

192 5181 319 5219 rum
345 5182 361 5229 ;
393 5165 524 5218 urbs
554 5175 610 5216 et
641 5166 788 5219 italia
816 5167 1162 5221 interdicitur
1193 5167 1614 5234 mathematicis,
1645 5169 1788 5224 sicut

189 5236 412 5304 angelis
442 5250 670 5301 eorum;
700 5237 886 5290 eadem
915 5251 1072 5306 paena
1101 5249 1186 5293 est
1218 5239 1392 5292 exsilii
1421 5239 1706 5306 discipulis
1733 5249 1787 5295 et

191 5306 581 5379 inagistris;__g
609 5317 664 5361 et
691 5307 784 5362 lib.
825 5307 898 5361 De
947 5307 1132 5362 habitu
1188 5308 1462 5373 muliebri,
1523 5323 1642 5379 cap.
1691 5311 1726 5364 ‘2.
1768 5328 1782 5366 :

195 5396 215 5427 ι
254 5374 396 5430 Nam
429 5385 487 5430 et
515 5376 596 5449 illi
630 5378 718 5445 qui
753 5393 816 5432 ea
850 5380 1271 5445 constituerunt,
1309 5379 1547 5434 damnati
1585 5374 1636 5434 in
1673 5395 1788 5449 pm-

191 5461 324 5520 nam
363 5447 558 5520 mortis
589 5449 916 5520 deputantur
945 5464 960 5504 :
997 5449 1070 5502 illi
1115 5449 1329 5504 scilicet
1362 5449 1560 5519 angeli,
1593 5447 1684 5520 qui
1717 5452 1784 5506 aii

192 5517 342 5589 tilias
372 5515 744 5589 hominum'de
767 5518 906 5574 ratio
925 5529 1174 5582 ruerunt,
1197 5531 1256 5574 ut
1278 5521 1390 5574 hate
1406 5515 1624 5589 quoque
1643 5523 1788 5588 igno-

190 5587 363 5642 minia
381 5588 596 5661 femina:
619 5591 863 5643 accedat.
882 5589 1014 5643 Nam
1036 5607 1157 5645 cum
1176 5593 1501 5646 etntaterias
1519 5587 1782 5661 quasdam

191 5663 336 5714 bene
360 5660 628 5730 occultas,
657 5669 710 5730 et
742 5669 890 5713 artes
921 5662 1206 5730 plerasque
1250 5675 1355 5715 non
1397 5660 1550 5717 bene
1573 5665 1783 5717 revela-

191 5739 285 5805 tas
312 5729 530 5805 saeculo
567 5729 736 5805 multo
782 5729 955 5800 magis
991 5729 1243 5800 imperito
1270 5731 1659 5805 prodidissent
1687 5733 1786 5805 (si-

189 5801 416 5868 quidem
447 5810 502 5856 et
543 5801 890 5872 metallorum
935 5813 1123 5872 operta
1175 5803 1536 5866 nudaverant,
1571 5813 1625 5857 et
1661 5801 1786 5859 her-

193 5871 648 5943 barumgingenia
687 5871 1067 5943 traduXerant,
1099 5882 1146 5926 et
1184 5874 1612 5927 incantationum
1637 5876 1784 5928 vires

189 5937 702 6015 pmttiulgaverant,
741 5953 795 5999 et
837 5937 1053 6000 omnem
1089 5943 1463 6017 curiositatem
1504 5960 1676 6002 usque
1717 5946 1783 6000 ad

1896 3411 2212 3466 earumdem
2247 3425 2428 3464 rerum
2461 3408 2829 3478 cognitionem
2880 3404 3083 3459 habere
3112 3415 3216 3456 non
3251 3398 3480 3469 possint,

1897 3501 1989 3556 sed
2033 3500 2245 3554 naturis
2291 3500 2532 3554 humana
2580 3494 2960 3568 superioribus
3004 3491 3282 3562 proposita
3326 3489 3481 3559 signa

1897 3592 1985 3648 illa
2017 3592 2127 3646 sint
2155 3609 2168 3645 :
2203 3606 2326 3644 nam
2355 3606 2614 3660 quorsum
2649 3588 2839 3643 iisdem
2865 3600 2932 3641 ex
2961 3585 3130 3656 signis
3153 3583 3354 3654 aliquid
3387 3599 3485 3636 na-

1898 3693 2047 3740 turas
2073 3683 2191 3739 illas
2216 3683 2544 3754 cognitionis
2577 3682 2798 3736 haurire
2829 3677 2977 3733 Deus
2998 3677 3251 3740 voluerit,
3281 3684 3482 3744 quarto

1896 3776 2114 3832 demum
2145 3775 2263 3829 loco
2289 3788 2616 3845 quaeremus.
2653 3772 2948 3830 Ordiamur
2983 3784 3013 3823 a
3047 3770 3248 3838 primo,
3289 3768 3340 3822 iu
3371 3782 3480 3836 quo

1895 3868 2021 3923 dum
2069 3868 2342 3924 cautiores
2391 3881 2513 3924 esse
2577 3868 2893 3922 Graacorum
2942 3863 3190 3935 plerique
3243 3860 3480 3923 vellent,

1893 3962 2146 4031 quodque
2196 3961 2240 4016 si
2297 3960 2406 4016 Deo
2438 3958 2746 4014 futurorum
2799 3957 3063 4028 pramotio
3119 3955 3479 4018 tribueretur,

1895 4053 2002 4106 vim
2045 4052 2208 4107 rebus
2253 4049 2438 4106 inferri
2491 4057 2778 4118 putarent,
2840 4062 2906 4102 ac
2947 4044 3246 4100 voluntatis
3280 4051 3482 4097 nostra:

1888 4145 2010 4212 jura
2053 4145 2268 4210 violari,
2301 4143 2569 4199 nefarium
2612 4141 2948 4212 impiumque
2975 4141 3170 4210 dogma
3201 4135 3482 4205 suscipere

1897 4246 2144 4302 temere,
2187 4253 2349 4308 quam
2395 4236 2624 4291 alterum
2674 4233 2806 4288 illud
2859 4233 3091 4302 probare
3147 4229 3480 4293 maluerunt,

1893 4331 2036 4401 quod
2061 4329 2171 4385 Deo
2197 4330 2414 4399 quidem
2448 4328 2530 4400 (ut
2554 4327 2654 4396 ipsi
2680 4324 2998 4397 loquuntur)
3023 4323 3210 4394 gloria:
3235 4322 3478 4383 cederet,

1893 4438 2083 4479 verum
2123 4421 2335 4476 arbitrii
2383 4420 2553 4474 nostri
2595 4419 2701 4472 vim
2734 4429 2788 4473 et
2838 4417 3148 4472 facultatem
3183 4420 3478 4474 everteret.

1895 4535 2176 4592 stellarum
2233 4532 2737 4602 interpretationem
2769 4526 3258 4602 _desigﬁnaverant),
3306 4543 3324 4577 ι
3368 4533 3477 4602 etc.

1894 4605 2211 4661 Lactantius
2256 4594 2474 4674 quoque
2522 4603 2616 4656 lib.
2665 4618 2700 4656 ιι
2758 4600 2831 4654 De
2869 4601 3181 4669 orig.'err.,
3232 4611 3353 4674 cap.
3387 4594 3478 4660 i7,

1894 4677 2248 4746 astrologiam
2276 4668 2599 4729 'dan'nouum
2655 4668 2960 4726 inventum
2987 4683 3112 4791 lelsse
3167 4668 3353 4721 tradit.

3035 4755 3250 4791 UETI-US.

3035 4755 3250 4794 UE’I‘I-US.

1961 4815 2543 4891 (44)_Ata.2mﬁd;_tst9_a.
2597 4813 2848 4891 Phi!oc.,_
2879 4807 3300 4891 6:46XEQ}6(&§‘9@:
3356 4804 3478 4891 Mox

1889 4877 2030 4960 apud
2055 4877 2590 4960 'Eusehiu'm'lcgitur
2620 4877 3030 4956 προσκείσεται,
3081 4877 3478 4933 ἰιιΡΙιὶΙοσαίία

1888 4956 2422 5032 γετοηπροκείσεται,
2461 4956 2683 5032 rectin_s.

1960 5017 2425 5102 (45)Ῥίιὶ1οσιξιὶιι,
2458 5032 2527 5091 α’,
2569 5025 2708 5102 πῶςἶ
2745 5023 2938 5102 _lnl'r_a._
2962 5022 3027 5093 β’,
3065 5022 3160 5076 καὶ
3189 5019 3312 5074 τίνα
3354 5017 3481 5090 τρό-

1889 5093 2011 5154 πον.
2047 5101 2212 5154 Paulo
2244 5099 2494 5162 inferius,
2525 5103 2598 5167 γ’,
2626 5097 2720 5149 καὶ
2742 5097 2824 5150 ὅτι
2846 5093 3147 5167 ἄνθρωποι.

1961 5171 2075 5241 (46)
2101 5168 2332 5241 Philota,
2355 5158 2623 5241 ἔγκειται.
2653 5169 2878 5231 Euseb.,
2905 5158 3168 5219 ἔκκειται.
3203 5161 3321 5217 Mox
3352 5158 3487 5214 Plii-

1888 5239 2101 5306 Iocnlia,
2131 5241 2193 5303 δ’,
2221 5239 2304 5302 τίς
2330 5241 2439 5308 γὰρ
2471 5240 2637 5293 αἰτία.

1959 5257 2101 5306 rana,
2131 5257 2193 5303 θ’,
2221 5257 2304 5302 τις
2330 5257 2402 5308 γα
2471 5257 2637 5293 αιτια.

1959 5313 2069 5382 (47)
2102 5311 2351 5366 Πολλοί.
2390 5257 2624 5382 ﬁlium“
2652 5308 2816 5373 τινές.

1959 5375 2072 5454 (48)
2101 5383 2471 5454 Προσέσθαέ,
2504 5379 2733 5454 Philam,
2764 5375 3050 5454 προέσθαι.

2116 5455 2366 5529 Ψεκςτόν.
2403 5450 2721 5529 ΡίιὶΙοιζη-τὸ
2752 5450 3020 5529 μεμπτόν.
3069 5521 3080 5529 _
3319 5517 3345 5529 ~

1960 5520 2072 5597 (50)
2106 5524 2411 5597 ﬁctricem.
2443 5524 2593 5597 Apud
2641 5520 2932 5597 Eusebium
2981 5520 3472 5597 legiturgmﬁmt.

1891 5587 2354 5666 Ρειίιιιίιιοειξκαὶ
2399 5587 2616 5658 παντως
2649 5593 2802 5666 ἔσται
2845 5591 3047 5666 ἄδικος,
3079 5591 3130 5644 ἱιι
3173 5587 3253 5642 Plt
3300 5587 3472 5642 oratiu

1889 5671 2040 5723 deest
2070 5662 2184 5728 καί,
2216 5676 2270 5719 et
2314 5681 2433 5718 mox
2463 5667 2689 5718 habetur
2717 5662 3100 5732 καὶίποιήσων.

1960 5738 2071 5808 (51)
2093 5740 2179 5808 “Ei
2217 5735 2283 5788 δὲ
2305 5735 2621 5808 ἀμήχανον
2645 5733 2731 5804 μὴ
2767 5729 3085 5808 ἀδικήσειν
3122 5731 3327 5808 αὐτόν.
3353 5729 3476 5784 ηερε

1889 5801 2852 5931 'c3p:eliiuitt(desiderantur,
2913 5801 3006 5857 sed
3063 5803 3382 5873 supplentur
3443 5815 3476 5855 ει

1977 5896 2211 5933 υοεαιια.
