3978 6494
183 356 254 411 65
1586 357 1652 411 ΙΝ
1696 355 1753 412 Gl

1869 355 2020 412 :SIM.
3381 365 3445 420 δι

175 470 328 536 Θεὸς,
377 471 504 526 ὅταν
529 473 818 547 ἁμαρτάνῃ
849 473 978 546 (60)·
1011 473 1148 527 ἀλλά
1179 473 1508 546 παραδοξότε
1519 491 1608 544 ρον
1639 475 1753 544 μὲν,

1869 473 1932 528 ab
1983 489 2049 528 eo
2099 473 2182 529 vel
2233 475 2514 546 improbe,
2565 477 2648 533 vel
2706 475 2964 547 praeclare
3021 479 3260 549 gerenda
3311 481 3445 536 sint.

174 562 374 635 ἀληθὲς
421 565 478 618 δὲ
523 564 778 636 ἐροῦμεν,
823 567 884 618 τὸ
928 568 1182 637 ἐσόμενον
1222 567 1394 620 αἴτιον
1427 567 1520 620 τοῦ
1552 567 1760 620 τοιάνδε

172 651 314 710 εἶναι
341 657 439 728 τὴν
467 659 595 729 περὶ
628 659 792 712 αὐτοῦ
823 660 1152 730 πρόγνωσιν.
1191 661 1266 714 Οὐ
1292 659 1400 731 γὰρ
1433 659 1556 712 ἐπεὶ
1591 659 1760 727 ἐγνω-

175 765 321 812 σται,
354 749 586 818 γίνεται,
610 751 721 806 ἀλλῖ
755 752 876 806 ἐπεὶ
913 751 1156 820 γίνεσθαι
1188 752 1434 822 ἔμελλεν,
1471 752 1756 820 ἔγνωσται.

175 840 468 910 Διαπολῆς
501 841 558 892 δὲ
605 841 795 898 δεῖται.
833 843 896 895 Ei.
938 844 1036 913 μὲν
1069 842 1176 915 γὰρ
1219 844 1300 907 τὸ,
1339 845 1556 906 πάντως
1587 842 1758 904 ἔσται,

173 931 318 985 οὕτω
359 950 442 995 τις
477 933 790 1004 ἑρμηνεύει,
825 935 899 998 ὡς
945 936 1192 1005 ἀνάγκην
1233 931 1370 988 εἶναι
1413 935 1664 1003 γενέσθαι
1701 935 1762 987 τὸ

175 1023 648 1093 προεγνωσμένον,
695 1025 754 1076 οὐ
807 1024 1057 1095 διδόαμεν
1106 1023 1288 1094 αὐτῷ’
1341 1024 1400 1077 οὐ
1441 1023 1549 1094 γὰρ
1599 1020 1758 1092 ἐροῦ-

176 1131 280 1183 μεν
317 1113 452 1185 (61),
489 1116 608 1168 ἐπεὶ
647 1116 1022 1188 προέγνωσται
1065 1115 1264 1169 Ἰούδαν
1299 1115 1564 1186 προδότην
1605 1114 1758 1183 γενέ-

177 1204 323 1270 σθαι,
353 1207 434 1258 δτι
459 1209 608 1260 πᾶσα
638 1207 847 1277 ἀνάγκη
871 1203 938 1278 ἦν
975 1208 1173 1262 Ἰούδαν
1199 1207 1462 1281 προδότην
1485 1206 1756 1274 γενέσθαι.

186 1297 278 1350 Ἐν
313 1296 442 1365 γοῦν
474 1302 592 1362 ταῖς
623 1299 750 1368 περ).
781 1298 875 1351 τοῦ
934 1299 1104 1352 Ἰούδα
1139 1299 1492 1370 προφητείαις
1528 1298 1760 1368 μέμψεις

177 1389 273 1440 καὶ
327 1390 650 1461 κατηγορίαι
705 1389 800 1442 τοῦ
868 1391 1037 1444 Ἰούδα
1092 1390 1575 1460 ἀναγεγραμμέναι
1631 1390 1756 1452 εἰσὶ,

175 1482 342 1534 παντί
367 1500 444 1552 τῳ
473 1483 805 1556 παριστᾶσαι
826 1482 888 1534 τὸ
909 1482 1108 1552 ψεκτὸν
1136 1483 1321 1538 αὐτοῦ.
1355 1482 1468 1534 Οὐκ
1495 1482 1560 1534 ἂν
1587 1482 1642 1534 δὲ
1667 1481 1761 1550 ψό-

171 1590 268 1641 γος
296 1573 443 1644 αὐτῷ
491 1575 853 1645 προσῆπτετο,
903 1577 951 1627 εἰ
995 1575 1304 1642 ἐπάναγκες
1357 1573 1621 1644 προδότης
1669 1569 1757 1644 ἦν,

171 1667 266 1717 καὶ
305 1666 382 1736 μὴ
415 1665 683 1736 ἐνεδέχετο
717 1667 824 1736 (6‘2)
855 1667 1016 1721 αὐτὸν
1041 1669 1223 1738 ὅμοιον
1254 1669 1367 1729 τοῖς
1394 1666 1598 1728 λοιτωῖς
1627 1667 1760 1718 ἀπο-

173 1757 387 1820 στόλοις
411 1758 682 1824 γενέσθαι.
720 1760 860 1830 Ὅρα
898 1759 953 1812 δὲ
985 1761 1034 1811 εἰ
1071 1759 1144 1830 μὴ
1179 1759 1350 1812 ταῦτα
1382 1757 1656 1828 δηλοῦται,
1691 1757 1757 1809 δι’

1869 579 1990 620 esse
2039 575 2344 634 perspecta.
2389 567 2598 636 Atque,
2651 577 2709 621 ut
2755 567 2963 632 libere,
3018 569 3159 638 quod
3205 583 3291 624 res
3339 577 3445 634 est,

1869 657 2210 726 eloquamur,
2273 673 2382 712 non
2435 658 2529 712 Dei
2597 660 2756 714 modo
2813 662 3204 730 praenotionem
3261 677 3444 718 rerum

1869 737 2086 802 causam
2146 763 2250 802 non
2303 763 2424 803 esse
2484 749 2615 821 (nec
2680 751 2823 804 enim
2880 767 3040 821 quem
3089 767 3444 822 peccaturum

1873 841 1970 909 ιι
2000 839 2135 894 Deus
2160 854 2285 896 esse
2309 840 2577 909 praevidit,
2603 855 2728 894 eum
2758 841 2881 894 dum
2907 857 2968 895 re
2993 844 3105 911 ipsa
3135 853 3341 914 peccat,
3368 846 3438 899 ad

1871 932 2077 988 facinus
2103 933 2258 1002 quasi
2281 949 2440 986 manu
2465 930 2704 1004 deducit)
2733 949 2746 986 :
2778 933 2871 987 sed
2896 935 3058 988 etiam
3079 937 3218 1004 quod
3249 953 3276 990 a
3305 953 3446 993 com-

1869 1028 2016 1078 muni
2045 1039 2208 1078 sensu
2243 1025 2506 1078 remotius
2524 1025 2766 1093 quidem,
2791 1027 2882 1079 sed
2919 1041 3102 1080 verum
3135 1036 3311 1084 tamen
3335 1039 3441 1098 est,

1869 1114 1921 1168 id
1959 1113 2132 1181 ipsum
2178 1112 2316 1181 quod
2367 1112 2608 1166 futurum
2644 1113 2736 1178 sit,
2783 1113 3045 1183 ejusmodi
3091 1119 3444 1186 przenotionis

1869 1219 2086 1260 causam
2121 1218 2261 1262 esse.
2290 1203 2476 1273 Neque
2507 1207 2652 1258 enim
2685 1205 2894 1260 idcirco
2927 1207 2991 1260 Iit
3035 1209 3176 1277 quod
3205 1209 3441 1264 futurum

1867 1305 1987 1344 esse
2027 1301 2424 1361 cognoscatur;
2465 1292 2576 1362 sed
2605 1293 2750 1362 quod
2805 1293 3042 1348 futurum
3089 1297 3179 1363 sit,
3235 1298 3442 1355 idcirco

1869 1384 2106 1436 futurum
2153 1398 2275 1439 esse
2317 1385 2676 1454 cognoscitur.
2712 1387 2828 1452 Quo
2861 1389 3076 1458 quidem
3146 1389 3197 1443 in
3245 1405 3444 1460 genere

1869 1477 2214 1531 distinctione
2245 1492 2379 1547 Opus
2409 1487 2514 1532 est.
2539 1478 2671 1532 Nam
2709 1481 2752 1535 si
2781 1482 2923 1551 quod
2951 1483 3170 1538 omnino
3201 1483 3440 1538 futurum

1868 1571 2086 1635 dicitur,
2141 1571 2192 1626 id
2247 1572 2318 1625 ita
2365 1573 2490 1640 quis
2535 1573 2782 1641 accipiat,
2827 1574 3050 1641 perinde
3101 1592 3165 1631 ac
3215 1576 3260 1629 si
3296 1576 3442 1646 quod

1866 1663 2156 1733 praevisum
2208 1673 2311 1726 est,
2350 1663 2569 1717 evenire
2613 1678 2836 1718 necesse
2889 1666 3126 1720 sit:boc
3162 1681 3289 1720 vero
3335 1668 3442 1720 mi-

1869 1757 2013 1810 nime
2042 1756 2256 1810 damus.
2294 1755 2408 1810 Nec
2445 1755 2590 1808 enim
2625 1757 2770 1826 quod
2803 1759 3030 1826 praevisa
3066 1757 3218 1812 Iudae
3251 1759 3441 1826 prodi-

170 1842 244 1901 ὧν
279 1849 706 1921 παραθησόμεθα
735 1851 912 1922 ῥητῶν
941 1851 1114 1915 οὕτως
1131 1853 1391 1922 ἐχόντων·
1429 1872 1446 1903 ι
1488 1851 1640 1922 Μηδὲ
1673 1869 1753 1919 γε-

1870 1847 1942 1900 ιίο
1974 1845 2156 1908 fuerit,
2191 1845 2382 1900 Judam
2427 1854 2714 1914 propterea
2759 1851 3066 1905 necessario
3107 1851 3440 1919 proditorem

172 1940 392 2010 νηθήτω
425 1942 726 2013 οἰκτίρμων
751 1945 862 2006 τοῖς
896 1944 1150 2014 ὀρφανοῖς
1180 1944 1366 2008 αὑτοῦ,
1397 1943 1511 1996 ἀνθ’
1551 1937 1624 1996 ὧν
1657 1943 1758 1995 οὐκ

173 2031 419 2104 ἐμνήσθη
464 2035 684 2103 ποιῆσαι
737 2034 902 2098 ἔλεος,
955 2035 1050 2089 καὶ
1105 2036 1424 2100 κατεδίωξεν
1469 2035 1755 2106 ἄνθρωπον

173 2126 382 2196 πένητα
411 2127 504 2179 καὶ
534 2128 745 2198 πτωχὸν
768 2128 900 2198 (65),
927 2129 1020 2182 καὶ
1045 2131 1504 2200 κατανενυγμένον
1532 2125 1594 2193 τῇ
1629 2143 1758 2197 καρ-

170 2217 256 2288 δίᾳ
291 2219 386 2272 τοῦ
421 2219 746 2274 θανατῶσαι.
783 2222 894 2275 Καὶ
926 2221 1180 2291 ἠγάπησε
1214 2223 1473 2296 κατάραν,
1495 2221 1588 2276 καὶ
1639 2220 1756 2291 ἥξει

171 2309 342 2380 αὐτῷ,
379 2312 472 2364 καὶ
501 2313 599 2366 οὐκ
640 2314 902 2384 ἠθέλησεν
943 2315 1210 2384 εὐλογίαν,
1247 2317 1339 2370 καὶ
1376 2315 1759 2388 μακρυνθήσε-

166 2418 258 2456 τοι
292 2405 389 2456 ἀπ’
423 2405 607 2458 αὐτοῦ.
653 2425 672 2459 ι

1866 1939 2033 1994 fuisse
2064 1941 2435 1994 concedimus.
2469 1939 2780 2006 Enimvero,
2813 1943 3010 2012 quibus
3047 1944 3098 1996 in
3149 1943 3440 2012 propheta-

1863 2047 1982 2086 rum
2015 2030 2250 2085 oraculis
2279 2030 2519 2084 futurum
2563 2031 2716 2088 Iudae
2761 2034 2934 2088 scelus
2967 2033 3318 2103 exprimitur,
3347 2034 3441 2088 iis-

1863 2129 1980 2183 dem
2039 2129 2276 2183 hominis
2329 2129 2623 2181 incessitur
2675 2130 3030 2199 carpiturque
3081 2128 3436 2196 improbitas,

1864 2230 2026 2291 atque
2049 2221 2288 2276 omnium
2316 2220 2366 2274 in
2401 2220 2574 2275 oculis
2605 2221 2897 2290 indignitas
2925 2221 3041 2288 ejus
3071 2221 3440 2290 probrumque

1867 2313 2190 2368 traducitur.
2221 2311 2324 2378 Qui
2348 2313 2390 2366 si
2425 2312 2490 2365 ad
2519 2313 2966 2382 proditionemvi
3008 2327 3071 2367 ac
3115 2311 3440 2366 necessitate

1864 2417 2166 2477 raperetur,
2204 2421 2305 2460 nec
2348 2407 2576 2476 reliquis
2627 2407 2886 2475 apostolis
2937 2421 3033 2476 per
3073 2419 3192 2458 eam
3247 2404 3440 2459 similis

171 2512 296 2552 esse
342 2509 544 2568 posset,
603 2501 750 2556 omni
797 2503 1044 2570 profecto
1089 2503 1322 2560 crimine
1371 2520 1434 2559 ac
1471 2507 1671 2574 probro
1725 2514 1958 2560 vacaret.
1990 2504 2122 2558 Vide
2174 2519 2306 2573 ergo
2357 2521 2486 2558 num
2540 2505 2592 2559 id
2641 2505 2818 2572 ipsum
2870 2502 3086 2556 disertis
3123 2502 3272 2556 hisce
3305 2501 3440 2556 Pro-

171 2593 338 2660 pheta
403 2598 782 2666 conceptisque
822 2601 1001 2654 verbis
1045 2601 1295 2668 aperiat:
1334 2620 1352 2651 ‹
1385 2601 1495 2657 Nec
1533 2603 1605 2656 sit
1669 2605 1762 2672 qni
1800 2603 2124 2656 misereatur
2149 2601 2364 2670 pupillis
2399 2601 2536 2672 ejus,
2567 2616 2662 2666 pro
2696 2615 2760 2656 eo
2807 2599 2951 2668 quod
2999 2613 3104 2653 non
3129 2607 3214 2652 est
3253 2611 3438 2651 recor-

171 2688 338 2744 datus
383 2689 567 2746 facere
603 2693 1054 2757 misericordiam,
1103 2705 1157 2748 et
1193 2707 1510 2764 persecutus
1547 2709 1630 2752 est
1677 2698 1949 2752 hominem
1985 2697 2222 2766 inpem,
2285 2705 2337 2751 et
2387 2697 2694 2752 mendicum
2751 2705 2806 2750 et
2861 2703 3245 2764 compunctum
3279 2691 3440 2748 corde

173 2783 528 2838 ntortiiicare.
567 2784 632 2837 Et
661 2785 846 2838 dilexit
887 2785 1344 2852 maledictionem,
1377 2797 1433 2844 et
1461 2791 1644 2844 veniet
1667 2791 1748 2856 ei;
1778 2801 1832 2844 et
1861 2789 2034 2844 noluit
2059 2788 2516 2854 benedictionem,
2541 2799 2593 2843 et
2625 2787 2965 2857 elongabitur
2988 2787 3054 2838 ab
3079 2800 3144 2839 eo
3175 2785 3243 2837 ⁵⁸.
3277 2803 3296 2836 ι

244 2878 314 2930 Εἰ
333 2877 391 2930 δέ
413 2895 496 2941 τις
515 2878 835 2950 διηγήσεται
863 2881 945 2946 τὸ,
967 2882 1184 2946 πάντως
1211 2883 1383 2950 ἔσται,
1403 2885 1548 2938 κατά
1567 2885 1628 2938 τὸ
1651 2885 1762 2957 (64)

175 2969 460 3040 σημαίνειν
485 2971 634 3035 αὐτὸ,
665 2972 859 3040 λέγων,
883 2975 965 3026 ὃτι
999 2974 1150 3028 ἔσται
1189 2976 1285 3044 μὲν
1315 2977 1443 3030 τάδε
1468 2977 1611 3042 τινὰ,
1647 2979 1764 3030 ἐνε-

170 3060 362 3128 δέχετο
385 3060 440 3112 δὲ
467 3061 560 3114 καὶ
589 3061 788 3133 ἑτέρως
821 3063 1095 3131 γενέσθαι,
1117 3063 1274 3118 τοῦτο
1298 3065 1372 3128 ὼς
1399 3066 1597 3137 ἀληθὲς
1627 3083 1761 3136 συγ-

171 3153 478 3224 χωροῦμεν.
535 3155 636 3207 Τὸν
693 3157 791 3226 μὲν
831 3157 940 3228 γὰρ
983 3157 1114 3210 Θεὸν
1165 3157 1274 3228 (65)
1334 3159 1434 3213 οὐκ
1489 3160 1762 3231 ἐνδέχεται

1933 2885 1988 2938 7.
2017 2884 2111 2937 Sin
2143 2893 2322 2938 autem
2361 2883 2488 2937 illud
2523 2884 2688 2947 idem,
2725 2883 2868 2952 quod
2919 2881 3140 2935 omnino
3187 2880 3428 2934 futurum

1863 2978 2084 3040 dicitur,
2117 2977 2190 3030 ita
2229 2977 2376 3045 quis,
2409 2986 2566 3044 prout
2603 2974 3028 3032 asseverationis
3059 2973 3179 3045 ejus
3226 2974 3436 3045 signiﬁ-

1863 3071 2012 3124 catio
2043 3071 2296 3139 postulat,
2346 3069 2654 3138 intelliget;
2710 3069 2866 3139 quasi
2911 3067 3156 3122 futurum
3188 3068 3259 3122 sit
3307 3069 3436 3121 illud

1863 3163 2102 3230 quidem,
2131 3171 2386 3216 ueterum
2417 3161 2576 3214 aliter
2599 3161 2763 3214 etiam
2793 3160 3010 3215 evenire
3040 3161 3302 3229 potuisset
3337 3173 3351 3211 :
3385 3159 3436 3213 id

170 3243 507 3312 ψεύσασθαι·
547 3245 816 3316 ἐνδέχεται
852 3247 907 3298 δὲ
941 3249 1068 3318 περὶ
1111 3249 1219 3303 τῶν
1251 3250 1612 3320 ἐνδεχομένων
1654 3269 1749 3320 γε-

1869 3267 2118 3324 tanquam
2171 3269 2360 3306 verum
2413 3251 2554 3306 ultro
2607 3251 2860 3306 fatemur.
2911 3252 3044 3306 Nam
3098 3261 3157 3306 ut
3211 3243 3434 3306 mentiri

169 3333 380 3400 νέσοαι,
415 3337 510 3388 καὶ
550 3337 624 3408 μὴ
654 3337 903 3406 γενέσθαι
939 3341 1202 3411 φρονῆσαι
1235 3341 1294 3393 τὸ
1332 3341 1582 3410 γενέσθαι
1617 3343 1756 3396 αύτά

169 3426 264 3478 καὶ
309 3427 370 3480 τὸ
411 3428 484 3499 μὴ
529 3429 800 3497 γενέσθαι.
850 3431 1189 3503 Σαφέστερον
1220 3432 1276 3486 δὲ
1322 3433 1482 3488 τοῦτο
1523 3435 1754 3506 ἐροῦμεν

167 3516 345 3580 οὕτως
367 3537 378 3549 ·
419 3521 479 3572 Εἰ
513 3520 782 3591 ἐνδέχεται
829 3523 1026 3576 Ἰούδαν
1060 3521 1198 3577 εἶναι
1232 3525 1528 3578 ἀπόστολον
1556 3529 1755 3596 ὁμοίως

217 3615 384 3686 έτρῳ,
422 3615 694 3684 ἐνδέχεται
723 3615 810 3668 τὸν
844 3616 974 3670 Θεὸν
1009 3617 1198 3687 νοῆσαι
1245 3618 1372 3688 περὶ
1419 3617 1510 3670 τοῦ
1563 3618 1752 3682 Ἰούδα,

167 3706 248 3758 ὅτι
289 3710 442 3776 μενεῖ
465 3707 758 3771 ἀπόστολος
779 3709 978 3779 ὁμοίως
1007 3709 1218 3780 Πέτρῳ.
1251 3711 1312 3762 Ei
1343 3711 1610 3781 ἐνδέχεται
1645 3712 1754 3782 (66)

180 3798 382 3851 Ἰούδαν
429 3800 690 3871 προδότην
725 3801 1006 3869 γενέσθαι,
1039 3803 1308 3872 ἐνδέχεται
1341 3803 1402 3856 τὸ
1447 3804 1578 3857 Θεὸν
1620 3823 1753 3876 φρο-

171 3891 331 3962 νῆσαι
363 3894 492 3962 περὶ
513 3893 700 3958 αὐτοῦ,
727 3895 807 3946 ὅτι
833 3894 1095 3966 προδότης
1119 3894 1290 3949 ἔσται.
1323 3897 1384 3948 Εἰ
1407 3897 1462 3949 δὲ
1489 3899 1754 3969 προδότης

170 3985 322 4038 ἔσται
363 3987 584 4050 Ἰούδας,
615 3989 644 4039 ὁ
664 3987 794 4050 Θεὸς
823 3990 888 4058 τῇ
923 3987 1225 4059 προγνώσει
1251 3989 1414 4042 αὑτοῦ
1439 3990 1544 4042 τῶν
1569 4009 1750 4062 προει-

175 4077 428 4146 ρημένων
459 4076 572 4140 δύο,
621 4078 968 4148 ἐνδεχομένου
1002 4077 1096 4130 τοῦ
1141 4074 1280 4132 εἶναι
1330 4081 1408 4132 ἐνὶ
1448 4081 1646 4144 αὐτῶν,
1694 4083 1754 4136 τὸ

168 4165 368 4237 ἀληθὲς
420 4168 812 4238 προγινώσκων
847 4169 978 4242 (67),
1013 4169 1387 4242 προγνώσεται
1434 4173 1524 4226 τὸν
1553 4173 1752 4226 Ἰούδαν

171 4259 438 4330 προδότην
461 4261 712 4330 γενέσθαι
729 4278 742 4292 ο
771 4262 832 4315 τὸ
864 4263 918 4314 δὲ
947 4263 1073 4334 περὶ
1096 4257 1154 4316 οὗ
1179 4265 1211 4334 ἠ
1238 4263 1457 4332 γνῶσις,
1485 4265 1752 4337 ἐνδέχεται

123 4403 128 4406 .
169 4350 264 4403 xui.
310 4351 516 4422 ἑτέρως
553 4353 826 4420 γενέσθαι.
868 4355 978 4408 Καὶ
1026 4355 1172 4424 λέγοι
1213 4355 1278 4408 ἂν
1329 4358 1361 4427 ἡ
1413 4357 1614 4425 γνῶσις
1659 4359 1752 4412 τοῦ

167 4442 324 4506 Θεοῦ,
345 4445 740 4515 aereussz
769 4447 1044 4516 pévgdvﬁs
1073 4449 1191 4502 τόδε
1227 4450 1466 4520 ποιῆσαι,
1500 4451 1633 4504 ἀλλά
1663 4453 1754 4504 καὶ

167 4537 228 4591 τὸ
273 4539 542 4592 ἐναντίον·
596 4541 959 4610 ἐνδεχομένων
999 4541 1053 4594 δὲ
1093 4542 1442 4612 ἀμφοτέρων,
1494 4538 1628 4606 οἶδα,
1672 4546 1754 4597 ὅτι

163 4633 286 4686 1665
311 4635 527 4706 ποιήσει
555 4633 693 4702 (68)·
729 4633 788 4684 ού
821 4633 928 4706 γάρ
951 4633 1138 4704 ὥσπερ
1163 4637 1191 4687 ό
1214 4635 1345 4698 Θεὸς
1371 4637 1510 4688 εἴποι
1541 4635 1756 4700 ἂν,ούκ

164 4725 436 4796 ἐνδέχεται
489 4726 639 4779 τόνδε
692 4725 814 4778 τινὰ
863 4727 953 4779 τὸν
1011 4726 1293 4796 ἄνθρωπον
1344 4728 1561 4798 πτῆναι,
1611 4727 1752 4782 οὕτω

239 4847 289 4878 ⁸⁸
315 4846 404 4901 Ps.
430 4861 583 4908 cvm,
629 4841 823 4910 12,l6,
863 4843 950 4908 Π,
989 4843 1076 4896 18.

165 4963 319 5016 nosci
361 4963 620 5014 dicuntur
659 4961 879 5013 notione
912 4977 1004 5014 seu
1053 4961 1277 5013 scientia
1317 4975 1477 5026 quam
1521 4957 1745 5011 visionis

165 5033 440 5102 appellant
471 5033 858 5102 {Augustinus
892 5041 1068 5083 autem
1096 5034 1242 5102 ideo
1289 5047 1378 5102 res
1405 5045 1557 5102 esse
1588 5030 1745 5102 dixit,

163 5099 296 5170 quia
325 5102 474 5156 novit
503 5101 666 5160 Deus,
703 5102 922 5154 notione
967 5101 1215 5154 videlicet
1255 5099 1519 5170 simplicis
1549 5099 1748 5151 intelli-

167 5169 390 5241 gentize,
431 5180 492 5224 ut.
539 5181 757 5224 vocant.
795 5171 912 5237 Quo
955 5173 1144 5224 recidit
1193 5170 1392 5224 solutio
1441 5169 1524 5222 illa
1583 5185 1746 5238 quam

163 5243 390 5296 adhibet
423 5243 482 5297 S.
521 5241 761 5293 Thomas
812 5257 862 5306 p.
901 5257 938 5304 ι,
977 5257 1032 5310 q.
1085 5241 1167 5303 14,
1217 5257 1266 5292 a.
1311 5243 1362 5301 8,
1420 5241 1747 5310 respondens

165 5311 291 5366 loco
321 5311 574 5380 Origenis
604 5327 668 5363 ex
701 5310 925 5378 Epistol.
973 5308 1039 5363 ad
1088 5309 1243 5363 llom.
1282 5311 1532 5376 obiecto:
1569 5328 1586 5361 ι
1623 5308 1747 5364 Ori-

163 5397 355 5448 genes,
390 5383 588 5449 inquit,
615 5381 826 5434 locutus
851 5391 934 5435 est
967 5382 1248 5435 attendens
1279 5384 1541 5434 rationem
1571 5381 1748 5434 scien-

167 5454 280 5514 tiae,
308 5453 390 5506 cui
421 5469 529 5503 non
565 5451 826 5518 competit
859 5452 1000 5506 ratio
1031 5452 1392 5513 causalitatis,
1423 5451 1522 5504 nisi
1557 5449 1750 5517 adjun-

164 5536 252 5576 cta
289 5522 592 5576 voluntate.
628 5521 732 5574 Sed
766 5523 907 5589 quod
945 5521 1075 5576 dicit
1123 5521 1242 5575 ideo
1287 5521 1536 5589 praescire
1576 5520 1744 5574 Deum

165 5593 375 5662 aliqua,
410 5592 536 5660 quia
571 5599 696 5644 sunt
737 5590 938 5652 futura,
973 5590 1374 5660 intelligendum
1424 5599 1508 5645 est.
1550 5605 1745 5644 secun-

165 5664 298 5715 dum
329 5678 550 5716 causam
583 5664 1004 5730 consequentiae,
1037 5677 1142 5714 non
1179 5662 1473 5715 secundum
1518 5675 1741 5715 causam

163 5733 408 5786 essendi.
436 5732 701 5800 Sequitur
729 5733 896 5795 enim,
928 5735 970 5786 si
1001 5732 1175 5800 aliqua
1212 5739 1338 5784 sunt
1369 5731 1571 5794 futura,
1599 5731 1745 5801 quod

145 5801 320 5862 ,Deus
347 5817 408 5856 ea
451 5802 791 5870 prrescierit,
845 5812 1184 5870 nontamen
1237 5817 1321 5856 res
1374 5801 1570 5856 futurae
1619 5810 1746 5857 sunt

163 5889 336 5929 causa
373 5869 520 5943 quod
555 5872 697 5927 Deus
731 5873 889 5927 sciat.
915 5893 932 5926 ›
967 5869 1226 5926 ΙΙυετιυε.

1857 3345 1998 3400 Deus
2035 3345 2254 3415 fallique
2287 3361 2388 3400 non
2425 3356 2623 3416 potest,
2656 3347 2728 3398 ita
2757 3361 2874 3413 quae
2901 3345 3015 3400 fieri
3052 3359 3204 3413 mque
3235 3360 3296 3398 ac
3325 3359 3431 3398 non

1859 3435 1974 3489 ﬁeri
2005 3444 2250 3505 possunt,
2284 3437 2472 3490 eadem
2517 3437 2630 3504 ipse
2669 3435 2848 3489 futura
2887 3451 3045 3490 nosse
3077 3436 3304 3507 pariter,
3336 3443 3430 3488 aut.

1860 3543 1966 3580 non
2007 3527 2186 3580 futura
2219 3535 2417 3596 potest.
2447 3527 2644 3580 Verum
2676 3527 2962 3581 dilucidius
2991 3527 3092 3580 hac
3117 3526 3184 3580 de
3207 3541 3262 3578 re
3291 3526 3432 3578 hunc

1857 3619 1910 3672 in
1949 3619 2170 3672 modum
2225 3627 2555 3672 statuemus:
2589 3617 2644 3670 Si
2693 3617 2854 3672 Petro
2902 3617 3098 3670 similis
3154 3615 3436 3684 apostolus

1857 3709 2022 3764 Judas
2051 3725 2172 3764 esse
2201 3719 2399 3778 poteSI,
2430 3717 2606 3778 potest
2633 3710 2798 3763 etiam
2835 3709 2973 3762 Deus
2995 3706 3188 3763 Iudam
3219 3718 3436 3776 aposto-

1860 3802 1968 3856 lum
2009 3802 2174 3857 Petro
2205 3802 2439 3857 similem
2478 3799 2719 3856 futurum
2761 3813 3113 3872 cognoscere.
3145 3799 3428 3861 Similiter,

1857 3895 1904 3949 si
1933 3896 2176 3962 proditor
2227 3895 2396 3950 ludas
2431 3912 2551 3953 esse
2583 3903 2780 3966 potest,
2823 3901 2998 3962 potest
3027 3905 3242 3960 quoque
3292 3891 3432 3944 Deus

1859 3989 2008 4043 illum
2044 4003 2205 4043 nosse
2231 3989 2562 4057 proditorem
2587 3988 2851 4042 futurum.
2877 3982 2997 4040 Jam
3023 3984 3068 4039 si
3101 3984 3276 4052 reipsa
3305 3997 3432 4051 pro-

1860 4084 2002 4137 ditor
2034 4081 2204 4137 Jndas
2229 4081 2356 4145 erit,
2389 4082 2531 4135 Deus
2562 4093 2692 4134 sane
2716 4078 2806 4147 qui
2843 4085 3131 4145 utrumque
3163 4073 3292 4128 illud
3315 4072 3430 4127 ﬁeri

1859 4191 2022 4244 posse
2051 4173 2335 4244 praenovit,
2367 4189 2490 4228 cum
2527 4174 2580 4228 in
2609 4186 2773 4226 unum
2807 4169 2970 4224 cadat
3014 4177 3074 4221 ut
3114 4165 3432 4232 contingen-

1861 4277 1940 4321 ter
1971 4267 2082 4334 ﬁat,
2116 4269 2190 4322 rei
2223 4268 2506 4322 veritatem
2554 4275 2922 4333 praenoscens,
2965 4256 3157 4312 ludam
3207 4272 3266 4311 re
3299 4257 3420 4325 ipsa

1859 4361 2194 4430 proditorem
2247 4360 2488 4414 futurum
2537 4362 2857 4426 praenoscet,
2901 4367 3024 4407 cum
3054 4351 3260 4404 interea
3286 4347 3430 4418 quod

1859 4465 1982 4502 eum
2016 4448 2068 4501 in
2095 4449 2314 4504 modum
2359 4447 2662 4518 cognoscit,
2723 4445 2884 4498 aliter
2935 4457 3002 4496 ex
3050 4455 3172 4496 sese
3211 4441 3432 4494 evenire

1787 4589 1830 4643 Β
1862 4551 2062 4610 posset.
2113 4541 2302 4610 Itaque
2353 4555 2464 4594 non
2525 4539 2795 4592 immerito
2863 4535 3056 4590 divime
3108 4533 3430 4603 praenotioni

1861 4634 2126 4702 ejusmodi
2157 4635 2332 4687 oratio
2369 4633 2639 4686 tribuatur
2665 4629 2952 4684 :Accidere
2981 4625 3203 4681 omnino
3229 4633 3426 4694 potest.

1861 4736 1917 4780 ut
1945 4727 2044 4780 hoc
2069 4725 2134 4779 ab
2158 4725 2261 4779 isto
2297 4724 2418 4791 ﬁat;
2443 4739 2542 4778 nec
2565 4722 2743 4776 minus
2769 4731 2948 4774 tamen
2977 4728 3036 4773 ut
3061 4719 3426 4772 contrarium:

1930 4952 2043 5022 (60)
2090 4953 2265 5004 Ὅταν
2309 4948 2635 5022 ἁμαρτάνῃ.
2692 4947 2814 5001 ΙΙωο
2855 4949 2907 5002 in
2945 4945 3242 5001 Pltiiocaiia
3287 4941 3429 4997 desi-

1857 5024 2133 5077 derautttr.

1931 5094 2044 5163 (6|)
2089 5094 2169 5146 οὐ
2213 5091 2323 5161 γὰρ
2353 5090 2625 5158 ἐροῦμεν,
2661 5099 2764 5144 etc.
2793 5088 2922 5163 Quae
2971 5099 3290 5156 sequuntur,
3334 5088 3431 5163 iis-

1859 5159 1976 5216 dem
2015 5159 2130 5217 ivre
2170 5159 2352 5216 verbis
2393 5164 2442 5214 in
2481 5161 2936 5214 eonunentariunt
2967 5176 3122 5212 suum
3155 5159 3428 5213 transtulit

1857 5232 2154 5300 Procopius
2181 5232 2424 5286 Gazmus.

1927 5299 2046 5374 (ϐξ)
2085 5304 2311 5374 Philam.
2345 5301 2640 5374 ἐνεδέχετο.
2681 5299 2908 5374 Eusglp,
2929 5299 3232 5374 ἀνεδέχετο.

1929 5369 2040 5444 (ϋὸ)
2081 5373 2192 5425 Καὶ
2221 5369 2672 5444 πτωχίξν.λ1)ορει
2707 5373 2756 5444 in
2791 5369 3107 5444 l’lylocalia.

1928 5439 2040 5517 (64)
2080 5445 2242 5517 {facit
2401 5441 2626 5517 Pignora,
2655 5443 2748 5517 καὶ
2774 5439 2950 5492 τοῦτο.

2093 5513 2410 5576 Philocaliu,
2440 5512 2516 5574 ὡς
2549 5511 2761 5582 ἀληθῶς
2797 5508 3204 5580 συγχωροῦμεν.
3233 5507 3298 5560 Ei
3327 5504 3426 5580 μὲν

1853 5584 1975 5658 γὰρ
1994 5587 2144 5658 Θεὸν.

1951 5657 2038 5728 66)
2082 5654 2311 5728 _l_’hiloc.,
2331 5651 2380 5728 ﬂ
2402 5653 2449 5706 εὶ
2477 5651 2768 5728 ἐνδέχεται.

1951 5667 2038 5728 b'b')
2087 5667 2311 5716 l'mtoc.,
2342 5667 2374 5721 η
2402 5667 2449 5706 ει
2477 5667 2768 5721 ενοεχεται.

1925 5667 2037 5798 (67)
2079 5723 2418 5798 ΕιιειξΙιἿ-δύο
2450 5725 2770 5791 γεγονότων,
2802 5721 2894 5775 τοῦ
2926 5717 3062 5774 εἶναι
3091 5719 3150 5773 ὲν
3185 5715 3334 5791 αὐτῷ
3361 5714 3423 5773 τὸ

1853 5792 2068 5868 ἀληθὲς,
2083 5792 2505 5868 προγινώσκων.

1928 5861 2038 5939 (⁸58)
2079 5861 2302 5932 essen,
2337 5863 2463 5916 τάδε
2497 5861 2731 5932 ποιήσει.
