3978 6526
547 356 616 412 67
1993 353 2110 413 0R1

2220 350 2340 410 NES
2654 380 2658 385 ι
3190 345 3196 352 ’
3749 353 3816 410 £8

547 490 649 546 ego
682 489 835 545 vero,
869 489 993 530 cum
1035 473 1151 530 fieri
1193 482 1488 545 utrumque
1518 474 1712 546 possit,
1744 474 1977 530 alterum
2027 474 2113 531 Iun

2234 471 2501 544 χρησμὸν,
2556 470 2688 543 φέρε
2724 469 2919 534 εἰπεῖν,
2959 466 3085 538 περί
3131 484 3277 530 τινος
3319 465 3517 533 διδοὺς,
3561 465 3694 540 ἐρεῖ,
3738 470 3819 524 δτι

550 568 788 625 futurum
825 569 967 624 novi.
997 568 1182 640 Neque
1212 569 1358 625 enim
1387 568 1846 640 quemadmodum
1875 569 2014 626 Deus
2045 571 2131 626 di-

549 663 692 719 xerit
723 663 894 720 :Fieri
929 678 1034 718 non
1060 671 1241 734 potest
1277 672 1336 718 ut
1373 663 1461 717 hic
1489 663 1650 718 homo
1677 663 1858 732 volet;
1904 665 1976 718 ita
2007 679 2129 719 ora-

549 755 727 808 culum
759 763 886 823 puta
918 755 986 811 de
1017 755 1201 827 aliquo
1237 755 1488 820 reddens,
1515 756 1657 811 hunc
1682 766 1777 812 aut
1807 755 1957 812 illum
1987 767 2128 812 tem-

547 855 826 914 perantem
871 847 985 902 fieri
1033 862 1140 903 non
1203 863 1362 919 posse
1408 850 1572 906 dicet.
1616 848 1752 906 Nam
1803 866 1927 906 cum
1978 849 2124 906 nulla

546 949 770 1004 prorsus
795 938 860 992 ad
889 938 1177 994 volandum
1215 939 1469 996 facultate
1503 941 1800 998 instructus
1835 943 1937 1014 12
1966 943 2126 998 homo

543 1026 638 1093 sit,
670 1027 914 1098 ejusdem
941 1041 1122 1088 tamen
1159 1034 1440 1103 potestatis
1479 1043 1588 1100 est,
1622 1035 1704 1090 vel
1731 1044 2123 1106 temperanter,

541 1121 632 1176 vel
661 1121 1096 1196 intemperanter
1124 1127 1327 1184 vivere.
1358 1128 1432 1184 Ita
1466 1144 1590 1184 cum
1635 1139 1925 1201 utramque
1959 1129 2126 1184 facul-

544 1221 710 1271 tatem
751 1216 974 1286 habeat,
1005 1218 1099 1289 qui
1133 1219 1542 1274 cohortationes
1583 1227 1642 1274 et
1684 1219 1943 1276 doctrinm
1986 1233 2127 1287 pra:-

541 1315 698 1374 cepta
732 1307 975 1379 negligit,
1012 1309 1269 1365 deteriori
1299 1323 1422 1372 sese
1455 1307 1758 1380 permittit;
1791 1307 1881 1378 qui
1904 1307 2032 1362 vitae
2057 1307 2124 1362 ad

541 1405 792 1462 veritatis
821 1417 1070 1458 normam
1101 1401 1383 1473 exigendae
1424 1401 1628 1466 studio,
1655 1401 1709 1456 in
1741 1399 1857 1470 ejus
1897 1401 2123 1471 indaga-

545 1497 693 1552 tione
726 1508 996 1561 versatur,
1024 1494 1073 1549 is
1104 1497 1170 1549 ad
1209 1493 1490 1550 meliorem
1522 1509 1641 1551 sese
1685 1494 1954 1564 adjungit.
2005 1493 2122 1549 Ca2-

542 1597 719 1644 terum
740 1587 882 1657 quod
917 1587 1058 1641 alter
1085 1586 1151 1640 de
1182 1599 1313 1640 vero
1340 1586 1648 1655 indagando
1684 1585 1864 1641 minus
1887 1586 2113 1650 laboret,

539 1681 833 1752 voluptatis
878 1680 928 1734 id
978 1678 1277 1750 cupiditate
1321 1680 1412 1747 fit;
1471 1679 1610 1733 alter
1659 1693 1787 1733 vero
1821 1678 1964 1747 quod
2004 1679 2121 1747 ejus

542 1773 723 1830 studio
764 1787 1094 1844 magnopere
1126 1782 1397 1838 teneatur,
1433 1773 1499 1828 ad
1548 1772 1601 1828 id
1636 1773 1835 1842 partim
1867 1772 1984 1843 ipsa
2017 1788 2114 1828 no-

539 1869 687 1923 tione
717 1880 987 1936 sensuque
1021 1866 1319 1931 communi,
1368 1863 1566 1935 partim
1597 1864 1981 1920 cohortatione
2023 1866 2118 1919 ad-

2240 567 2353 622 Ούκ
2382 563 2655 636 ἐνδέχεται
2687 564 2838 619 τόνδε
2887 562 3257 635 σωφρονῆσαιο
3292 559 3534 633 Δύναμις
3580 561 3676 632 μὲν
3720 564 3824 636 τὰρ

2237 660 2414 733 πάντη
2445 660 2545 714 οὐκ
2569 658 2684 712 ἐστι
2713 657 2808 712 τοῦ
2837 657 3036 729 πτῆναι
3063 655 3316 727 οὐδαμῶς
3342 657 3401 710 ἐν
3427 654 3508 726 τῷ
3531 655 3820 730 ἀνθρώπῳ,

2230 752 2460 825 δύναμις
2484 752 2543 807 δέ
2576 754 2692 805 ἐστι
2719 750 2813 804 τοῦ
2863 750 3231 822 σωφρονῆσαι,
3268 749 3362 802 καὶ
3391 746 3487 803 τοῦ
3517 748 3821 821 ἀκολαστῆ-

2235 863 2348 900 σαι.
2397 841 2498 899 Ὦν
2533 843 2858 915 ἀμφοτέρων
2903 843 3188 913 δυνάμεων
3240 840 3625 914 ὑπαρχουσῶν,
3670 842 3700 894 ὁ
3751 844 3820 914 μὴ

2229 939 2510 1012 προσέχων
2538 938 2717 1006 λόγοις
2763 937 3210 1008 ἐπιστρεπτικοῖς
3249 935 3359 1008 (69)
3407 935 3502 988 καὶ
3547 934 3820 989 παιδευτι-

2229 1035 2345 1097 κοῖς
2390 1031 2582 1086 ἑαυτὸν
2625 1029 2904 1084 ἐπιδίδωσι
2950 1033 3016 1102 τῇ
3055 1030 3337 1104 χειρίστη·
3383 1027 3652 1100 κρείττονι
3693 1027 3754 1082 δέ
3794 1031 3820 1082 ὀ

2228 1125 2470 1197 ζητήσας
2503 1125 2564 1179 τὸ
2607 1123 2830 1195 ἀληθὲς,
2875 1122 2972 1177 καὶ
3019 1122 3216 1193 βιῶσαι
3261 1121 3659 1194 βεϐουλημένος
3701 1139 3803 1176 κατ

2225 1221 2375 1273 αὑτό.
2423 1219 2496 1273 Ού
2537 1217 2693 1290 ζητεῖ
2727 1217 2785 1271 δὲ
2825 1217 2914 1271 ὅδε
2957 1216 3055 1288 μὲν
3088 1215 3318 1287 τάληθῆ,
3365 1215 3488 1268 ἐπεὶ
3535 1215 3819 1288 ἐπιρρέπει

2225 1313 2316 1366 ἐπὶ
2349 1309 2447 1385 τὴν
2482 1311 2708 1384 ἡδονήνο
2741 1310 2829 1364 ὃδε
2867 1309 2923 1363 δὲ
2957 1308 3203 1376 ἐξετάζει
3252 1309 3382 1381 περὶ
3426 1308 3625 1371 αὐτῶν,
3670 1309 3816 1380 αἱρε-

2225 1403 2340 1469 θεὶς
2381 1403 2492 1476 (70)
2540 1401 2646 1456 ὑπὸ
2693 1401 2802 1456 τῶν
2845 1400 3039 1454 κοινῶν
3083 1399 3323 1466 ἐννοιῶν,
3364 1401 3459 1454 καὶ
3495 1399 3656 1469 λόγου
3694 1417 3818 1472 προ-

2222 1495 2538 1572 τρεπτικοῦ.
2573 1496 2744 1552 Πάλιν
2771 1511 2830 1548 τε
2863 1489 2928 1548 αὖ
2960 1494 3064 1547 ὅδε,
3095 1493 3194 1564 μὲν
3226 1493 3462 1564 αἱρεῖται
3487 1493 3582 1566 τὴν
3604 1492 3816 1564 ἡδονὴν,

2222 1590 2342 1661 οὐχ).
2374 1591 2433 1643 οὑ
2468 1588 2768 1659 δυνάμενος
2810 1585 3156 1639 ἀντιϐλέπειν
3191 1585 3351 1657 αὐτῇ,
3387 1585 3502 1639 ἀλλ’
3532 1588 3633 1641 οὐκ
3673 1589 3816 1658 ἀγω-

2220 1682 2538 1754 νιζόμενος·
2594 1680 2679 1734 ὃδε
2733 1679 2788 1733 δὲ
2837 1680 3172 1750 καταφρονεῖ
3220 1678 3425 1749 αὐτῆς,
3470 1679 3530 1733 τὸ
3571 1680 3814 1753 ἄσχημον

2220 1775 2361 1847 ὀρῶν
2399 1774 2460 1827 τὸ
2501 1775 2558 1827 ἐν
2604 1775 2743 1844 αὐτῇ
2780 1772 3040 1836 πολλάκις
3073 1771 3360 1842 τυγχάνον.
3411 1773 3532 1826 Ὅτι
3567 1773 3812 1846 μέντοιγε

2221 1870 2256 1940 ἡ
2296 1867 2604 1940 πρόγνωσις
2642 1867 2752 1940 (7|)
2795 1866 2887 1920 τοῦ
2925 1865 3067 1919 Θεοῦ
3103 1867 3204 1920 οὐκ
3249 1865 3496 1938 ἀνάγκην
3539 1867 3811 1941 ἐπιτίθησι

540 1961 737 2017 ductus
771 1969 878 2015 est.
913 1957 1188 2014 Prmterea
1213 1957 1547 2027 voluptatem
1576 1958 1716 2013 alter
1741 1973 1850 2012 non
1878 1973 1942 2013 eo
1970 1973 2113 2013 com-

2223 1963 2334 2024 τοῖς
2365 1960 2493 2032 περὶ
2518 1954 2593 2013 ὧν
2621 1959 2940 2030 κατείληφε,
2965 1957 3102 2030 πρὸς
3129 1961 3242 2022 τοῖς
3266 1959 3690 2031 προειρημένοις
3709 1961 3811 2032 (72)

536 2052 810 2122 plectitur,
851 2050 992 2122 quod
1036 2051 1294 2105 adversus
1323 2063 1447 2104 eam
1500 2051 1802 2105 consistere
1853 2057 2110 2119 nequeat,

535 2148 630 2203 sed
656 2146 799 2216 quod
842 2158 1086 2216 pugnare
1123 2158 1247 2197 cum
1283 2157 1346 2198 ea
1395 2143 1700 2214 luctarique
1733 2143 1902 2209 nolit;
1943 2142 2120 2199 calcat

534 2239 784 2293 eamdem
815 2237 974 2302 alter,
1006 2237 1150 2307 quod
1174 2235 1485 2306 adjunctam
1511 2237 1560 2291 ei
1593 2247 1651 2290 ut
1679 2236 1972 2308 plurimum
2000 2246 2117 2291 tur-

532 2333 830 2404 pitudinem
859 2333 1003 2389 ferre
1029 2348 1134 2386 non
1151 2333 1340 2403 possit.
1363 2331 1442 2385 Ac
1461 2330 1664 2385 nullam
1694 2346 1919 2401 prorsus
1937 2331 2120 2392 adivi-

533 2441 604 2482 na
633 2425 992 2494 praenotione,
1032 2425 1196 2480 rebus
1225 2426 1294 2480 iis
1334 2439 1473 2495 quas
1509 2425 1788 2495 praevidet,
1826 2426 2118 2480 necessita-

533 2525 643 2572 tem
699 2518 927 2587 imponi,
979 2533 1104 2573 cum
1160 2518 1535 2594 superioribus
1590 2519 1946 2590 argumentis,
2005 2529 2115 2572 tum

533 2608 637 2664 hoc
662 2609 887 2678 insuper
920 2607 1175 2672 efﬁcitur,
1199 2610 1342 2679 quod
1377 2611 1428 2664 in
1465 2611 1643 2664 sacris
1677 2610 1879 2679 passim
1920 2609 2117 2664 litteris

534 2703 822 2771 prophetae
873 2703 939 2756 a'd
978 2702 1357 2772 paenitentiam
1411 2702 1664 2758 homines
1709 2703 1983 2758 cohortari
2030 2703 2118 2774 ju-

533 2791 790 2859 beantur,
822 2793 984 2862 idque
1021 2794 1268 2864 perinde,
1297 2809 1360 2849 ac
1389 2795 1433 2850 si
1460 2805 1640 2850 utrum
1671 2796 1705 2850 ii
1746 2795 2021 2851 meliorem
2047 2795 2115 2849 ad

534 2881 747 2954 frugem
776 2900 896 2940 sese
926 2888 1221 2956 recepturi,
1256 2903 1326 2943 an
1357 2887 1470 2944 suis
1497 2888 1549 2943 in
1579 2889 1880 2944 sceleribus
1916 2889 2114 2944 haesuri

533 2991 693 3046 porro
721 2991 783 3032 ac
815 2978 1098 3048 perstituri
1135 2981 1264 3044 sint,
1314 2981 1614 3050 ignoraret.
1657 2981 1752 3037 Sic
1785 2982 1930 3052 apud
1962 2981 2119 3038 Jere-

532 3069 697 3121 miam
739 3068 972 3124 habetur
1002 3088 1018 3126 :
1056 3088 1076 3122 ι
1111 3071 1364 3127 Forsitan
1402 3071 1652 3135 audient,
1679 3084 1732 3127 et
1761 3084 1919 3142 agent
1941 3073 2116 3142 pceni-

533 3160 756 3214 tentiam
791 3160 859 3220 δ’.
896 3182 914 3215 ι
938 3161 1124 3233 Neque
1147 3169 1296 3223 enim
1321 3167 1464 3236 quod
1484 3165 1722 3221 audituri
1754 3166 1885 3229 sint,
1918 3180 2110 3231 necne,

532 3252 712 3308 minus
743 3253 1026 3324 intelligat,
1055 3257 1258 3315 idcirco
1289 3259 1434 3315 hunc
1464 3259 1520 3314 in
1546 3259 1774 3314 modum.
1795 3259 1910 3330 ipse
1936 3259 2114 3330 loqui-

532 3355 622 3401 tur
661 3363 678 3403 :
714 3366 734 3400 ι
773 3349 1024 3405 Forsitan
1065 3353 1290 3409 audient
1328 3361 1385 3408 et
1437 3361 1596 3424 agent
1648 3353 2048 3422 paenitentiam,
2088 3371 2106 3404 ι

2224 2053 2318 2107 καὶ
2350 2053 2510 2107 τοῦτο
2541 2052 2837 2118 λελέξεται,
2873 2053 2956 2106 ὄτι
2991 2051 3261 2122 πολλαχοῦ
3291 2051 3400 2104 τῶν
3426 2052 3664 2124 Γραφῶν
3690 2052 3812 2118 Θεὸς

2221 2144 2430 2198 κελεύει
2493 2146 2620 2209 τοὺς
2687 2145 2972 2217 προφήτας
3024 2145 3321 2217 κηρύσσειν
3379 2144 3708 2217 μετάνοιαν,
3756 2149 3811 2200 οὐ

2224 2237 2737 2310 προσποιησάμενος
2770 2237 2830 2290 τὸ
2864 2238 3162 2306 ἐγνωκέναι
3197 2237 3424 2310 πότερον
3458 2239 3506 2290 οἱ
3544 2237 3810 2294 ἀκούσαν-

2217 2347 2310 2395 τες
2340 2329 2781 2402 ἐπιστρέφουσιν,
2825 2328 2858 2400 ἢ
2889 2333 3004 2392 τοῖς
3047 2330 3441 2402 ἁμαρτήμασιν
3474 2329 3689 2383 ἑαυτῶν
3718 2332 3809 2400 ἐμο

2222 2421 2505 2495 μενοῦσιν·
2563 2420 2752 2494 ὥσπερ
2803 2423 2860 2474 ἐν
3040 2421 3274 2493 Ἱερεμίᾳ
3315 2421 3560 2491 λέγεται⁶
3593 2437 3615 2474 α
3659 2424 3809 2488 Ἴσως

2217 2514 2544 2569 ἀκούσονται
2598 2513 2691 2569 καὶ
2731 2514 3178 2585 μετανοήσουσιν.
3219 2534 3235 2565 ι
3276 2514 3350 2567 Οὐ
3385 2513 3495 2585 γάρ
3542 2515 3757 2583 ἀγνοῶν
3787 2518 3812 2567 ὁ

2218 2608 2352 2673 Θεὸς
2407 2607 2641 2681 πότερον
2693 2605 3018 2661 ἀκούσουσιν
3050 2605 3234 2677 (75),ἣ
3272 2604 3356 2670 ού,
3397 2607 3583 2676 φησὶν,
3626 2625 3649 2657 ‹
3688 2607 3810 2671 ἴσως

2217 2701 2580 2766 ἀκούσονται,
2633 2699 2732 2754 καὶ
2787 2701 3254 2772 μετανοήσουσινο
3293 2718 3312 2751 ι
3350 2697 3465 2752 ἀλλ’
3522 2700 3694 2753 οἱονεὶ
3756 2698 3810 2753 τὸ

2221 2795 2523 2859 ἰσοστάσιον
2566 2794 2674 2849 τῶν
2711 2793 2995 2864 δυνάμεων
3047 2791 3299 2862 γενέσθαι
3342 2792 3557 2857 δεικνὺς
3601 2795 3671 2846 ἐκ
3709 2794 3808 2846 τῶν

2217 2887 2559 2960 λεγομένων·
2600 2887 2687 2940 ἵνα
2736 2886 2809 2958 μὴ
2858 2883 3384 2958 προκατηγγελμένη
3435 2885 3468 2954 ὴ
3506 2883 3809 2956 πρόγνωσις

2216 2978 2405 3042 αὐτοῦ,
2436 2979 2771 3032 καταπεσεῖν
2795 2976 2908 3048 (74)
2945 2978 3145 3048 ποιήσῃ
3180 2977 3307 3040 τοὺς
3353 2975 3678 3040 ἀκούοντας,
3727 2976 3805 3029 δό-

2218 3072 2314 3139 ξαν
2348 3072 2595 3144 ἀνάγκης
2621 3073 2958 3143 παριστᾶσα,
2985 3071 3061 3136 ὡς
3089 3073 3190 3125 οὐκ
3212 3071 3366 3136 ὄντος
3391 3073 3478 3124 ἐπ’
3509 3073 3700 3135 αὐτοῖς
3721 3071 3807 3125 τοῦ

2217 3166 2565 3238 ἐπιστρέψαι,
2597 3165 2692 3219 καὶ
2737 3165 2898 3218 οἱονεὶ
2943 3165 3037 3218 καὶ
3080 3165 3218 3237 αὐτὴ
3253 3165 3401 3219 αἰτία
3446 3165 3673 3243 γένηται
3709 3165 3808 3219 τῶν

2214 3259 2659 3332 ἁμαρτημάτων·
2697 3259 2730 3330 ἢ
2766 3257 2928 3313 πάλιν
2959 3261 3071 3323 τοῖς
3097 3260 3160 3312 ἐκ
3188 3257 3284 3312 τοῦ
3315 3259 3531 3328 ἀγνοεῖν
3561 3259 3623 3312 τὸ
3673 3275 3801 3330 προ-

2213 3335 2550 3424 εγνωσμένον
2573 3352 2764 3418 καλὸν,
2812 3352 3132 3424 δυναμένοις
3173 3352 3233 3405 ἐν
3279 3350 3359 3422 τῷ
3416 3351 3807 3420 ἀγωνίσασθαι,

528 3442 624 3496 sed
652 3453 710 3496 ut
735 3441 880 3496 illam
921 3445 1321 3514 quodammodo
1349 3413 1537 3517 parem
1569 3446 1622 3500 in
1648 3413 1959 3515 'utramque
1985 3413 2112 3516 par.

2220 3446 2309 3500 καὶ
2354 3445 2669 3500 ἀντιτείνειν
2716 3445 2855 3517 πρὸς
2894 3444 2993 3516 τὴν
3042 3442 3242 3498 κακίαν
3277 3444 3335 3496 ἐν
3369 3443 3537 3515 ἀρετῇ
3592 3442 3804 3514 βιῶσαι,

527 3541 638 3588 tem
670 3534 776 3589 vim
811 3535 1134 3592 facultatum
1189 3537 1277 3594 his
1323 3537 1504 3594 verbis
1555 3539 1846 3605 ostendat;
1897 3553 1967 3593 ne
2012 3538 2107 3608 qui

520 3625 635 3695 jam
679 3637 806 3683 ante
839 3630 1194 3698 przenolionis
1227 3629 1350 3700 ejus
1386 3617 1773 3688 ce'rtitudinem
1804 3632 2106 3698 audierint,

526 3719 564 3776 ii
594 3721 822 3790 proinde
854 3737 919 3776 ac
967 3723 1012 3778 si
1058 3734 1109 3779 et
1158 3739 1222 3779 ea
1277 3725 1658 3782 necessitatem
1711 3725 1962 3791 inferret,
2009 3737 2110 3779 nec

525 3809 806 3866 meliorem
841 3813 1009 3867 vitam
1041 3814 1328 3871 inStituere
1353 3817 1565 3872 arbitrii
1599 3816 1738 3872 foret
1768 3815 2110 3882 sui,animos

524 3902 784 3973 deinceps
807 3919 871 3960 ac
897 3920 1048 3974 spem
1072 3921 1292 3962 omnem
1324 3908 1606 3980 abjiciant,
1639 3909 1883 3978 adeoque
1909 3909 1961 3964 in
1985 3925 2111 3979 pec-

525 4003 708 4050 Catum
760 3995 830 4050 ab
882 3995 970 4050 illa
1029 3999 1422 4068 propemodum
1475 4000 1858 4070 impellantur;
1909 4001 2110 4057 deinde

525 4100 680 4151 vero,
713 4102 780 4141 ne
803 4088 895 4158 qui
928 4089 1053 4144 dum
1087 4090 1372 4160 prtevisum
1404 4106 1498 4147 eos
1519 4091 1720 4147 bonum
1760 4093 1974 4161 lateret,
2007 4110 2108 4162 pu-

527 4193 631 4249 gna
654 4195 777 4234 cum
830 4181 1182 4252 improbitate
1227 4196 1507 4257 suscepta,
1560 4187 1725 4240 vitam
1777 4202 1843 4242 ex
1882 4188 2110 4244 virtutis

527 4286 717 4326 norma
747 4274 1033 4330 instituere
1086 4278 1413 4346 potuissent,
1445 4294 1539 4334 eos
1583 4281 1708 4336 talis
1751 4291 1941 4336 contra
1972 4297 2109 4351 prae-

526 4365 680 4420 notio
707 4366 1050 4425 remissiores
1084 4385 1149 4425 ac
1195 4372 1488 4428 solutiores
1533 4372 1752 4436 efﬁciat,
1787 4375 1930 4445 quod
1981 4375 2105 4430 dum

522 4456 682 4526 plane
700 4459 896 4515 bonum
919 4461 1048 4517 illud
1074 4464 1314 4519 futurum
1340 4474 1614 4536 putarent,
1642 4467 1836 4520 minori
1860 4475 2108 4537 propter-

523 4561 589 4602 ea
620 4563 742 4604 curn
777 4561 999 4618 peccato
1040 4553 1208 4608 animi
1259 4555 1611 4611 contentione
1659 4565 1982 4626 pugnarent.
2017 4557 2108 4612 Sic

523 4641 669 4696 enim
697 4641 813 4712 ipsa
854 4648 1122 4715 pra-notio
1168 4646 1414 4702 futurum
1447 4663 1664 4718 quoque
1704 4650 1902 4704 bonum
1934 4651 2106 4718 impe-

525 4732 687 4789 diret.
713 4734 1077 4801 Quamobrem
1108 4739 1200 4810 qui
1243 4740 1435 4796 orbem
1478 4741 1793 4796 universum
1827 4741 2106 4811 praecipuo

525 4839 706 4882 rerum
739 4827 882 4883 bono
925 4829 1236 4886 moderatur
1277 4830 1441 4898 Deus,
1491 4831 1633 4887 idem
1687 4849 1786 4889 nos
1825 4836 2103 4903 sapienter

523 4920 747 4976 omnino
777 4920 975 4977 futuris
1004 4923 1056 4977 in
1088 4925 1252 4980 rebus
1295 4939 1471 4979 cteros
1499 4938 1618 4980 esse
1649 4927 1839 4980 voluit.
1895 4928 2098 4982 Earum

525 5011 670 5065 enim
698 5013 954 5082 cognitio,
981 5015 1057 5067 uti
1094 5027 1339 5070 nostrum
1385 5017 1648 5072 adversus
1692 5019 2102 5088 improbitatem

525 5103 781 5172 impetum
815 5107 1290 5176 constantiamque
1329 5109 1625 5180 frangeret,
1683 5109 1759 5165 ita
1797 5113 1922 5165 dum
1950 5122 2100 5168 certa

524 5195 743 5266 fixaque
767 5197 1064 5260 videretur.
1117 5199 1276 5270 longe
1307 5216 1407 5256 nos
1433 5201 1597 5257 citius
1627 5210 1795 5272 atque
1852 5202 2099 5274 facilius,

634 5289 678 5322 ‘7
705 5288 909 5347 Jerem.
944 5309 1093 5357 nrt,
1119 5293 1175 5348 '5.

594 5384 706 5460 (99)
748 5387 971 5449 Euseh.,
1004 5389 1436 5460 ἐπιτρεπτικοῖς.

748 5460 1043 5535 ᾼζρεθείςἱ
1065 5457 1443 5535 Philomatius}.
1476 5462 1669 5535 ᾑρέθη.

593 5529 676 5663 (Ἠ
692 5554 708 5596 ι
755 5529 986 5597 I’Ir.loc.,
1018 5531 1099 5584 ὅτι
1134 5531 1232 5601 μὲν
1261 5529 1352 5587 οὖν
1385 5535 1416 5605 ἡ
1448 5529 1776 5606 πρόγνωσις.

621 5602 708 5663 7‘2)
755 5600 982 5663 Plriloc.,
1031 5601 1377 5663 εἰρημένοις,
1423 5616 1479 5658 et
1514 5621 1633 5659 mox
1677 5605 1776 5659 Eu:

621 5602 726 5674 ἷίὶ)Δ
755 5600 1000 5674 Philam,
1031 5600 1342 5674 εἰρημένοις
1362 5643 1377 5667 ,
1405 5600 1633 5659 ’σιἰιιὸκ
1677 5605 1971 5666 Eusebius,
2007 5604 2103 5658 καὶ

519 5667 950 5747 ταῦταλέγεται.
989 5667 1388 5742 Ιιι1ἰ²;ι”1)1ιὶίοε.,
1415 5677 1477 5729 οὐ
1506 5675 2014 5747 προσποιησάμενος
2041 5675 2102 5728 τὸ

523 5743 952 5808 προεγνωκέναι.

621 5811 710 5886 ἶξ)
762 5813 1168 5886 ᾈκούσουσιν.
1211 5811 1436 5877 ΡΙιὶίυε..
1472 5817 1912 5886 μετανοήσουσιν.

625 5880 714 5951 74)
757 5881 991 5951 Philam,
1025 5880 1481 5955 προκαταπεσεῖν.

2214 3538 2361 3592 αἰτία
2389 3538 2616 3610 γένηται
2651 3540 2684 3610 ἡ
2719 3539 3030 3610 πρόγνωσις
3061 3535 3354 3599 ἐκλύσεως,
3401 3537 3500 3588 οὐκ
3537 3535 3620 3588 ἐτι
3657 3535 3806 3588 εύτόσ

2212 3649 2318 3696 νως
2354 3631 2665 3703 ἱσταμένοις
2691 3630 2833 3684 κατὰ
2862 3631 2962 3701 τῆς
2997 3626 3291 3699 ἁμαρτίας,
3327 3626 3402 3690 ὼς
3437 3627 3658 3691 πάντως
3695 3629 3806 3680 ἐσο-

2215 3725 2376 3796 μένου
2401 3724 2495 3778 τού
2524 3723 2927 3797 προειρημένου
2960 3721 3094 3793 (75).
3124 3719 3235 3774 Καὶ
3258 3719 3403 3774 οὕτω
3423 3719 3532 3790 γάρ
3555 3715 3680 3773 οἷον
3708 3721 3804 3790 ἐμ-

2211 3815 2391 3868 πόδιον
2425 3811 2716 3883 γένοιτ’ἂν
2753 3816 2786 3885 ή
2823 3813 3134 3885 πρόγνωσις
3168 3810 3265 3865 τοῦ
3316 3810 3577 3881 ἐσομένου
3615 3809 3802 3865 καλοῦ.

2210 3893 2396 3961 Πάντα
2431 3908 2564 3983 γοῦν
2613 3907 2900 3979 χρησίμως
2946 3908 2974 3959 ὁ
3007 3904 3140 3969 Θεὸς
3186 3903 3255 3957 τὰ
3302 3902 3445 3956 κατά
3476 3901 3568 3955 τὸν
3603 3901 3804 3974 κόσμον

2209 4001 2532 4072 οἰκονομῶν,
2567 4000 2803 4070 εὐλόγως
2831 3999 2982 4070 ἡμᾶς
3016 3997 3273 4070 καὶπρὸς
3305 3995 3362 4049 τὰ
3391 3994 3656 4066 μέλλοντα
3690 3995 3803 4049 ἐτύ-

2210 4095 2420 4165 φλωσεν
2441 4111 2453 4124 ·
2492 4096 2524 4164 ἡ
2572 4093 2682 4164 γὰρ
2718 4091 2921 4161 γνῶσις
2955 4089 3065 4159 (76)
3099 4089 3278 4143 αὐτῶν
3310 4090 3479 4160 ἀνῆκε
3523 4089 3622 4158 μὲν
3657 4089 3802 4160 ἡμᾶς

2207 4188 2316 4242 ἀπὸ
2339 4186 2432 4240 τοῦ
2467 4186 2648 4240 ἀθλεῖν
2679 4185 2824 4240 κατά
2854 4184 2956 4255 τῆς
2989 4183 3212 4248 κακίας,
3246 4183 3515 4254 ἐπέτρεψε
3544 4182 3589 4235 δ’
3628 4183 3698 4235 ἂν
3726 4182 3804 4236 δό-

2209 4281 2350 4350 ξασα
2419 4280 2802 4351 κατειλῆφθαι,
2857 4278 2995 4349 πρὸς
3057 4277 3119 4331 τὸ
3177 4277 3252 4349 μὴ
3309 4275 3806 4340 άντιπαλαίσαντας

2208 4376 2358 4446 ἡμᾶς
2387 4375 2454 4444 τῇ
2482 4371 2747 4445 ἁμαρτίᾳ,
2777 4372 2964 4441 τάχιον
2985 4370 3124 4440 αὐτῇ
3153 4368 3497 4440 ὑποχειρίους
3524 4367 3798 4437 γενέσθαι.

2210 4468 2362 4539 Ἀμα
2410 4468 2467 4521 δέ
2501 4468 2598 4521 καὶ
2643 4466 2948 4538 μαχόμενον
2987 4463 3195 4534 ἐγίνετο
3230 4463 3339 4534 (77)
3373 4461 3453 4534 τῷ
3495 4461 3666 4515 καλὸν
3715 4462 3804 4515 καὶ

2206 4561 2410 4630 ἀγαθὸν
2462 4559 2715 4629 γενέσθαι
2756 4557 2878 4611 τινὰ
2919 4556 2979 4610 τὸ
3008 4555 3106 4628 τὴν
3139 4556 3452 4627 πρόγνωσιν
3489 4554 3803 4626 ἐληλυθέναι

2207 4656 2288 4719 εἰς
2325 4654 2474 4708 τόνδε
2513 4653 2656 4714 τινά,
2709 4651 2793 4704 ὃτι
2826 4651 3044 4712 πάντως
3076 4647 3228 4701 ἔσται
3271 4647 3496 4716 ἀγαθός.
3539 4647 3689 4718 Πρὸς
3726 4640 3803 4708 οἷς

2206 4749 2315 4818 γάρ
2353 4746 2571 4819 ἔχομεν,
2606 4745 2700 4799 καὶ
2732 4743 3095 4814 σφοδρότητος
3129 4740 3240 4811 (78)
3265 4741 3360 4794 καὶ
3384 4741 3595 4804 τάσεως
3628 4739 3804 4793 πλείο-

2208 4857 2296 4903 νος
2327 4838 2486 4910 χρεία
2518 4837 2654 4910 πρὸς
2683 4835 2745 4889 τὸ
2777 4834 2942 4888 καλὸν
2971 4833 3067 4887 καὶ
3088 4832 3290 4901 ἀγαθὸν
3331 4831 3617 4901 γενέσθαι·
3665 4847 3800 4902 προ-

2209 4930 2614 5001 καταληφθεῖσα
2648 4928 2706 4982 δὲ
2751 4930 2784 4998 ἡ
2832 4925 3054 4996 γνῶσις,
3092 4924 3187 4978 τοῦ
3235 4924 3453 4988 πάντως
3496 4923 3660 4977 καλὸν
3713 4923 3803 4977 καὶ

2210 5023 2412 5093 ἀγαθὸν
2447 5022 2666 5078 ἔσεσθαι
2705 5020 2816 5092 (79)
2858 5017 3148 5073 ὑπεκλύειν
3179 5019 3279 5089 τὴν
3313 5017 3568 5088 ἄσκησιν.
3600 5017 3801 5087 Διόπερ

2213 5117 2598 5188 συμφερόντως
2628 5115 2729 5168 οὐκ
2753 5115 2910 5185 ἴσμεν
2938 5109 3065 5165 οὔτε
3099 5111 3147 5164 εί
3176 5108 3391 5179 ἀγαθοὶ,
3415 5108 3539 5163 οὔτε
3568 5110 3620 5162 εί
3646 5125 3802 5180 πονη-

2215 5209 2298 5281 ροὶ
2339 5206 2595 5278 ἐσόμεθα.

2283 5393 2392 5463 (75)
2441 5391 2738 5464 Philam/ia
2772 5409 2868 5461 pro
2906 5391 3308 5464 προειρημένου
3340 5387 3504 5443 habet
3535 5384 3725 5440 καλοῦ.

2285 5461 2396 5537 (76)
2441 5467 2487 5516 Γ
2490 5461 2696 5537 νῶοζις.
2736 5461 2966 5537 Philop,
3001 5461 3331 5537 πρόγνωσις.

2286 5525 2398 5608 (77)
2439 5525 2795 5602 Μαχόμενον
2817 5525 3066 5606 ἐγίνετοῖ
3098 5525 3152 5587 In
3185 5527 3483 5584 l’ltilocalia
3509 5527 3664 5583 deest
3687 5525 3798 5597 ἐγι-

2205 5625 2347 5662 νετο.

2277 5677 2388 5746 (⁸78)
2435 5674 2664 5742 Philae,
2701 5675 2935 5744 ἀγαθὸς,
2972 5674 3106 5746 πρὸς
3151 5665 3233 5735 οἷς
3278 5670 3493 5741 ἔχομεν.
3539 5667 3648 5722 Καὶ
3692 5663 3797 5735 γὰρ

2209 5748 2588 5818 σφοδῴτητος.

2280 5815 2388 5889 (79)
2430 5817 2651 5882 Euseb.,
2685 5815 2956 5884 γενέσθαι.
