3978 6498
252 374 317 433 ⁷3

1656 400 1723 455 ΙΝ
1759 401 2080 461 GENESIM.

3422 426 3486 481 τι

242 494 337 564 τῆς
361 494 454 548 τοῦ
473 492 642 562 δεῖνος
666 502 951 567 γενέσεως,
978 510 1381 580 παραστησάτω
1404 514 1501 584 τὴν
1520 515 1762 589 διαφορὰε

1875 555 1883 583 ι
1915 522 2133 577 deribus
2157 524 2295 580 eﬂici
2325 534 2607 596 concedet,
2634 536 2724 590 sed
2749 539 3073 609 cognitionis
3095 556 3283 597 eorum
3315 560 3478 601 causa

241 585 328 641 τοῦ
358 589 464 641 άπὸ
494 590 603 643 τῶν
640 593 885 666 ἀστέρων
910 596 1166 654 δύνασθαι
1195 602 1384 668 δεῖξαι,
1428 606 1510 658 ὅτι
1544 585 1669 662 τάδε
1707 611 1805 680 μὲν

239 678 474 748 νενόηται
494 680 668 755 ἀληθῆ
691 686 766 747 ὡς
792 688 899 740 ἀπὸ
917 689 1232 755 ποιούντων,
1260 694 1385 747 τάδε
1410 695 1465 749 δὲ
1487 698 1562 761 ὡς
1581 701 1688 753 ἀπὸ
1709 678 1804 773 ση-

240 773 531 841 μαινόντων
556 776 734 845 μόνον·
767 779 839 850 μὴ
871 779 1080 850 ἔχοντες
1105 783 1159 836 δὲ
1189 785 1367 840 δοῦναι
1387 789 1485 859 τὴν
1515 790 1799 865 διαφορὰν,

233 863 582 933 εὐγνωμόνως
622 870 1143 943 συγκαταθήσονται,
1172 878 1335 948 μηδὲν
1361 879 1469 934 τῶν
1495 883 1635 936 κατὰ
1675 863 1801 951 τοὺς

231 953 545 1024 ἀνθρώπους
601 959 709 1011 ἀπὸ
768 961 878 1015 τῶν
930 964 1174 1036 ἀστέρων
1231 968 1496 1036 γίνεσθαι,
1541 974 1677 1037 ἀλλ’,
1724 977 1800 1042 ὡς

232 1046 650 1117 προειρήκαμεν,
678 1051 725 1102 εί
747 1050 854 1122 ἄρα
876 1054 1254 1124 σημαίνεσθαι,
1283 1059 1358 1121 ὡς
1386 1063 1433 1113 εί
1465 1062 1537 1131 μὴ
1574 1064 1665 1116 καὶ
1688 1066 1798 1119 άπὸ

227 1134 326 1187 τῶν
360 1136 604 1208 ἀστέρων
635 1156 719 1203 τις
746 1141 1017 1212 ἐλάμϐανε
1041 1146 1109 1198 τὰ
1150 1148 1558 1218 παρεληλυθότα
1595 1156 1690 1207 καὶ
1727 1156 1796 1209 τά

227 1227 503 1297 μέλλοντα,
534 1230 647 1283 ἀλλ’
679 1234 786 1285 ἀπὸ
815 1234 908 1286 τοῦ
928 1236 1019 1288 νοῦ
1052 1238 1143 1290 τοῦ
1171 1240 1328 1304 Θεοῦ,
1358 1242 1447 1295 διά
1470 1262 1611 1307 τινος
1636 1247 1795 1316 λόγου

222 1323 577 1393 προφητικοί
613 1325 821 1397 Ὥσπερ
853 1327 960 1399 γάρ
997 1332 1485 1403 προαπεδείξαμεν,
1523 1336 1603 1389 ὅτι
1645 1340 1793 1393 οὐδὲν

220 1411 374 1465 λυπεῖ
394 1415 486 1467 τὸν
510 1416 636 1487 περὶ
658 1416 749 1469 τοῦ
780 1419 865 1487 ἐφ’
898 1421 1027 1489 ἡμῖν
1057 1422 1212 1490 λόγον
1243 1423 1303 1476 τὸ
1324 1425 1414 1477 τὸν
1438 1426 1570 1480 Θεὸν
1596 1429 1791 1485 εἰδέναι

218 1507 281 1560 τὰ
326 1509 755 1580 πραχθησόμενα
793 1512 1027 1584 ἑκάστῳ,
1076 1514 1249 1579 οὕτως
1295 1517 1418 1571 οὐδὲ
1463 1518 1530 1571 τὰ
1567 1526 1786 1592 σημεῖα,

214 1600 247 1653 ἃ
276 1600 465 1665 ἔταξεν
492 1603 519 1653 ὁ
551 1601 683 1665 Θεὸς
710 1605 789 1667 εἰς
828 1604 887 1657 τὸ
921 1608 1228 1677 σημαίνειν,
1264 1610 1542 1680 ἐμποδίζει
1576 1615 1686 1685 (95)
1727 1617 1788 1669 τὸ

214 1694 292 1762 ἐφ’
332 1695 495 1763 ἡμῖν’
546 1694 681 1747 ἀλλὰ
717 1698 1109 1769 παραπλησίως
1158 1700 1345 1773 βιϐλίῳ
1382 1707 1687 1774 περιέχοντι
1720 1709 1789 1762 τὰ

216 1783 473 1853 μέλλοντα
519 1789 868 1858 προφητικῶς
900 1791 927 1841 ὁ
958 1793 1065 1854 πᾶς
1093 1793 1317 1865 οὐρανὸς
1348 1795 1588 1864 δύναται,
1626 1801 1786 1854 οἱονεὶ

1916 614 1968 666 in
2004 615 2217 685 priores
2246 620 2384 674 alias
2406 623 2703 690 positiones
2735 629 3044 703 ﬁgurasque
3081 637 3366 701 translata,
3392 656 3481 693 so-

1913 701 2017 754 lam
2046 704 2452 764 bodiernositui
2480 712 2935 782 signiﬁcationem
2956 701 3233 795 relinquet
3254 744 3267 780 :
3290 731 3367 784 sic
3395 739 3481 785 ta~

1910 807 2033 847 men
2065 804 2121 861 ut
2153 800 2404 864 prazsenti
2442 803 2678 857 siderum
2702 813 2801 861 sub
2830 823 3009 866 ortum
3034 820 3166 871 certi
3195 817 3354 887 hujus
3384 823 3480 877 ho-

1910 882 2072 939 minis
2107 887 2453 945 collocationi
2499 903 2703 948 certam
2749 898 3053 958 futurorum
3087 882 3474 977 punctionem

1907 977 2088 1032 deberi
2112 980 2267 1035 velit;
2294 984 2396 1054 15
2429 985 2614 1042 all‘erat
2642 990 2731 1045 ille
2749 1007 2911 1061 porro
2937 996 3271 1058 disvrimiuis
3313 1007 3478 1059 ratio-

1908 1085 2050 1133 nem,
2065 1077 2417 1138 quamobrem
2436 1080 2536 1135 alia
2559 1093 2811 1153 tanquam
2828 1087 3014 1144 effecta
3033 1094 3079 1146 vi
3098 1095 3355 1159 siderum,
3370 1100 3473 1153 alia

1906 1166 2163 1229 lanquam
2186 1166 2254 1221 ab
2280 1167 2345 1222 iis
2370 1172 2525 1224 modo
2547 1174 2874 1249 signiﬁcata,
2897 1197 3021 1236 vere
3039 1191 3291 1255 cognosci
3314 1207 3475 1256 posse

1903 1252 2177 1308 defendat.
2207 1257 2360 1322 Quod
2388 1260 2462 1315 illi
2495 1264 2783 1323 discrimen
2814 1288 2937 1326 eum
2962 1277 3240 1345 assignare
3265 1283 3470 1338 nullum

1903 1342 2130 1407 possint,
2179 1348 2461 1403 nobiscum
2506 1354 2760 1425 deinceps
2818 1342 3241 1432 ingenueinihil
3284 1386 3468 1429 eorum

1900 1444 2017 1498 qua:
2045 1435 2110 1489 ad
2132 1436 2376 1495 homines
2408 1445 2739 1514 pertineant,
2763 1468 2791 1505 a
2819 1455 3085 1512 sideribus
3104 1459 3240 1515 eiliei
3264 1462 3470 1519 fatean-

1902 1531 2007 1584 tur,
2053 1527 2146 1581 sed
2182 1536 2411 1595 tantum,
2461 1536 2538 1589 ιιιί
2572 1539 2680 1605 jam
2714 1554 2843 1598 ante
2889 1547 3146 1615 diximus,
3191 1564 3469 1625 utcunque

1898 1613 2220 1715 signiﬁcari.
2261 1619 2411 1685 Quod
2450 1628 2673 1693 perinde
2706 1638 2930 1690 omnino
2959 1613 3222 1697 fueritiac
3258 1646 3302 1699 si
3346 1613 3467 1715 quis

1897 1722 1999 1761 non
2026 1706 2137 1774 jam
2168 1727 2231 1764 ex
2271 1713 2456 1770 iisdem
2489 1721 2779 1789 sideribus,
2826 1729 2917 1781 Sl‘d
2956 1747 3053 1799 per
3076 1734 3309 1804 aliquam
3336 1754 3463 1807 pro-

1895 1799 2155 1866 phetiam,
2193 1819 2257 1857 ex
2292 1805 2521 1874 ipsamet
2558 1812 2647 1866 Dei
2698 1832 2876 1875 mente
2907 1838 2997 1877 res
3029 1838 3121 1880 aut
3159 1799 3464 1896 prmteritas

212 1875 391 1943 βίϐλος
435 1877 511 1930 ὢν
542 1879 699 1944 Θεοῦ,
746 1882 1018 1953 περιέχειν
1051 1884 1118 1937 τὰ
1165 1886 1445 1955 μέλλοντα.
1495 1892 1695 1962 Διόπερ
1728 1892 1762 1945 ἐ·

1892 1898 1984 1943 aut
2010 1890 2219 1947 futuras
2246 1895 2601 1967 intelligeret.
2640 1904 3105 1972 Quemadmodum
3136 1875 3280 1974 ernim
3304 1938 3461 1993 supe-

211 1971 269 2038 τῇ
302 1975 580 2043 προσευχῇ
614 1973 705 2025 τοῦ
750 1974 948 2046 Ἰωσὴφ
980 1976 1089 2046 (94)
1127 1976 1348 2032 δύναται
1378 1981 1517 2035 οὕτω
1548 1983 1784 2035 νοεῖσθαι

206 2060 262 2113 τὸ
298 2061 590 2133 λεγόμενον
635 2064 739 2118 ὑπὸ
779 2065 873 2119 τοῦ
926 2067 1152 2121 Ἰακὼ6’
1206 2090 1225 2121 ι
1286 2072 1548 2141 Ἀνέγνων
1586 2074 1694 2145 γάρ
1728 2078 1784 2129 ἐν

206 2154 317 2213 ταῖς
366 2152 532 2219 πλαξὶ
573 2152 665 2206 τοῦ
695 2154 963 2226 οὐρανοῦ,
1006 2157 1102 2212 ὅσα
1154 2159 1488 2230 συμϐήσεται
1525 2162 1651 2232 ὑμῖν
1690 2164 1783 2216 καὶ

204 2249 308 2309 τοῖς
358 2250 496 2310 υἱοῖς
530 2248 697 2319 ὑμῶν.
737 2270 755 2300 ι
801 2250 954 2321 Τάχα
988 2252 1042 2305 δὲ
1074 2253 1168 2306 καὶ
1210 2254 1291 2318 τὸ,
1332 2275 1350 2305 ι
1380 2255 1724 2327 Είλιγήσεται
1753 2260 1782 2311 ὁ

199 2340 424 2409 οὐρανὸς
458 2340 532 2404 ὠς
581 2340 802 2411 βιϐλίον,
842 2363 860 2393 ι
896 2345 1020 2407 τοὺς
1062 2344 1254 2413 λόγους
1295 2348 1419 2411 τοὺς
1460 2351 1781 2421 περιεχομέ-

201 2450 341 2497 νους,
382 2436 750 2504 σημαντικοὺς
777 2435 885 2487 τῶν
919 2436 1213 2507 ἐσομένων,
1262 2438 1410 2511 δηλοῖ
1440 2441 1778 2513 ἀπαρτισθη-

205 2526 478 2595 σομένους.
531 2526 625 2579 καὶ
682 2526 747 2580 ἵν’
795 2527 967 2590 οὕτως
1010 2529 1168 2593 εἴπω,
1228 2529 1771 2602 πληρωθησομένους,

199 2616 382 2687 ὥσπερ
423 2617 667 2685 λέγονται
702 2619 757 2673 αἱ
790 2623 1116 2690 προφητεῖαι
1149 2621 1538 2692 πεπληρῶσθαι
1572 2622 1648 2694 τῷ
1680 2625 1772 2677 ἐκ·

199 2706 502 2780 ϐεϐηκέναι.
556 2711 667 2764 Καὶ⁷
714 2710 885 2776 οὕτως
926 2712 1077 2781 ἔσται
1126 2703 1206 2777 ε’ίς
1250 2717 1449 2785 σημεῖα
1485 2714 1555 2768 τὰ
1600 2715 1774 2787 ἄστρα

196 2802 473 2869 γεγονότα,
525 2802 667 2857 κατὰ
710 2804 809 2874 τὴν
856 2805 1117 2874 λέγουσαν
1150 2807 1337 2877 φωνήν
1362 2823 1374 2836 ·
1430 2826 1447 2857 ι
1486 2808 1771 2861 Ἔστωσαν

195 2894 269 2956 εἰς
314 2897 538 2965 σημεῖα.
598 2914 617 2946 ι
672 2895 729 2948 Ὁ
773 2896 830 2949 δὲ
894 2896 1179 2968 Ἱερεμίας,
1230 2897 1573 2970 ἐπιστρέφων
1621 2900 1769 2969 ἡμᾶς

193 2984 325 3057 πρὸς
356 2987 602 3051 ἑαυτοὺς,
637 2989 733 3041 καὶ
776 2988 1076 3060 περιαιρῶν
1107 2989 1268 3057 φόϐον
1299 2989 1389 3042 τὸν
1424 2990 1516 3043 ἐπὶ
1538 2994 1650 3054 τοῖς
1679 3008 1767 3043 νο-

195 3076 503 3148 μιζομένοις
551 3080 930 3151 σημαίνεσθαι,
973 3080 1115 3151 τάχα
1149 3080 1205 3133 δὲ
1248 3080 1343 3134 καὶ
1386 3081 1765 3151 ὑπολαμϐανο-

188 3169 369 3237 μένοις
414 3170 620 3223 ἐκεῖθεν
650 3171 925 3242 ἔρχεσθαι,
972 3170 1157 3242 φησιν’
1181 3190 1198 3221 ι
1236 3170 1365 3223 Ἀπὸ
1400 3170 1505 3224 τῶν
1525 3172 1762 3243 σημείων

190 3259 278 3313 τοῦ
307 3260 542 3333 οὐρανοῦ
579 3261 653 3333 μὴ
682 3262 951 3331 φοϐεῖσθε.
992 3282 1011 3315 ι

1893 1981 2006 2037 rius
2037 1994 2317 2043 ostensum
2348 2007 2377 2045 a
2411 1996 2564 2051 nobis
2592 2010 2696 2066 est,
2738 2006 2882 2069 quod
2919 2005 3089 2071 Deus,
3114 2026 3234 2080 quae
3270 2030 3296 2067 a
3327 1981 3461 2085 quo-

1888 2084 1991 2137 que
2042 2075 2351 2142 profectura
2407 2080 2541 2148 sint,
2589 2092 2771 2144 omnia
2818 2075 3163 2162 praenoverit,
3220 2103 3271 2156 id
3323 2075 3458 2160 nihil

1858 2176 2112 2245 'prorsus
2151 2170 2441 2230 voluntatis
2468 2188 2663 2234 nostra:
2690 2188 2937 2249 potestati
2967 2188 3183 2248 ollirere
3218 2210 3233 2248 :
3259 2196 3328 2249 ita
3359 2212 3457 2250 nec

1887 2253 2086 2319 eidem,
2120 2271 2238 2326 qua:
2274 2275 2450 2316 rerum
2491 2269 2640 2338 signa
2688 2271 2827 2327 Deus
2858 2290 2980 2331 esse
3007 2282 3203 2344 voluit,
3247 2283 3452 2339 incont-

1884 2340 2126 2406 modaut,
2147 2346 2240 2397 scd
2264 2345 2549 2407 voluminis
2579 2356 2806 2425 alicujus
2836 2363 3025 2432 instar,
3062 2340 3297 2425 futurum
3324 2388 3450 2441 pro-

1882 2433 2098 2501 phetica
2137 2439 2372 2498 dictione
2400 2448 2691 2517 complexi,
2726 2457 2980 2511 universo
3028 2476 3243 2533 quoque
3286 2468 3448 2532 cmlo,

1880 2528 1969 2592 qui
2007 2526 2097 2582 Dei
2134 2529 2269 2586 liber
2296 2537 2513 2601 quidam
2547 2550 2652 2605 est,
2681 2546 2948 2604 contineri
2987 2526 3172 2608 futura
3201 2568 3445 2624 possunt.

1876 2618 2067 2687 Itaque
2100 2624 2241 2679 hunc
2271 2628 2321 2681 in
2364 2635 2584 2686 modum
2615 2638 2840 2707 intelligi
2871 2652 3073 2711 potest,
3106 2618 3249 2714 quod
3282 2648 3329 2701 in
3353 2647 3451 2703 Jo-

1877 2712 2027 2779 sephi
2072 2720 2388 2782 precatione.
2418 2739 2445 2776 a
2478 2723 2680 2783 Jacoho
2718 2730 2957 2788 dicitur:
2999 2754 3018 2787 ι
3053 2736 3184 2808 Legi
3214 2739 3264 2792 in
3301 2741 3449 2793 tahur

1876 2800 2109 2871 liscueli,
2136 2823 2475 2883 quaecunque
2504 2820 2751 2873 accident
2782 2824 3001 2880 vobiset
3034 2826 3159 2882 ﬁliis
3182 2831 3396 2885 vestris.
3421 2852 3442 2885 ι

1874 2894 2182 2962 Quinetiam
2216 2902 2367 2969 illud,
2411 2926 2428 2958 ι
2454 2909 2887 2979 Complicabitur
2934 2918 3131 2973 cmlum
3164 2921 3320 2989 quasi
3376 2921 3442 2975 li-

1871 2988 1966 3043 ber
1998 2990 2064 3052 δ’.
2106 3011 2123 3043 ι
2155 3009 2220 3048 eo
2268 2997 2515 3053 fortassis
2582 3006 2848 3074 pertinet,
2902 3019 2961 3063 ut
3012 3011 3305 3080 impressas
3340 3013 3443 3081 ipsi

1872 3096 2051 3136 rerum
2085 3084 2385 3142 lutnrarmn
2426 3091 2860 3160 signiﬁcationes
2895 3099 3197 3171 perfectum
3254 3108 3443 3173 quasi-

1868 3189 1971 3242 que
2003 3178 2325 3245 completum
2358 3181 2420 3235 iri
2452 3184 2806 3255 dentonstret,
2838 3194 3294 3261 quemadmodum
3324 3195 3445 3264 ipso

1866 3281 2043 3320 rerum
2078 3270 2225 3323 exitu
2276 3276 2539 3344 completa
2586 3282 2969 3349 prophetarum
3010 3285 3264 3341 dicuntur
3309 3304 3438 3343 ora-

192 3355 325 3408 cula.
358 3358 537 3426 Atque
570 3357 641 3410 ita
696 3358 970 3427 signorum
1002 3367 1059 3411 ut
1124 3375 1239 3412 vice
1281 3358 1659 3427 fungerentur,
1729 3362 2022 3415 constituta
2067 3364 2325 3422 divinilus
2378 3381 2523 3425 astra
2574 3375 2796 3443 fuerint,
2834 3377 2986 3457 juxta
3024 3381 3151 3435 illud
3189 3398 3200 3431 :
3251 3402 3270 3435 ι
3319 3384 3441 3437 Sitit

189 3448 237 3503 in
286 3451 466 3522 signa.
500 3472 518 3504 ι
570 3453 886 3523 Quanquam
920 3454 1208 3518 Jeremias,
1266 3457 1340 3508 uti
1391 3464 1445 3509 ct
1502 3456 1657 3509 nobis
1705 3472 1802 3510 nos
1837 3458 1949 3526 ipse
2004 3461 2211 3527 reddat,
2264 3480 2433 3534 eoque
2481 3481 2621 3523 metu
2675 3473 2897 3540 liberet,
2948 3493 3105 3545 quem
3162 3496 3223 3534 ea
3286 3480 3440 3535 nobis

185 3541 377 3598 afferre
446 3558 694 3613 possent,
735 3563 855 3615 qua:
914 3548 982 3600 ab
1025 3548 1187 3602 astris
1232 3550 1315 3602 vel
1383 3550 1700 3620 signiﬁcari,
1743 3552 1825 3605 vel
1880 3555 2150 3623 proﬁcisci
2202 3561 2521 3631 quanquue
2570 3568 2871 3635 videantur,
2932 3572 3003 3626 ita
3062 3584 3281 3630 monet:
3318 3595 3335 3625 ι
3390 3576 3436 3627 Α

185 3636 349 3704 signis
377 3638 497 3691 caeli
530 3638 696 3690 nolite
726 3649 966 3693 metuere
996 3639 1063 3691 ⁵ο.
1103 3658 1120 3688 ι

251 3733 479 3803 Ἰδωμεν
518 3736 610 3787 καὶ
639 3735 886 3806 δεύτερον
918 3737 1278 3808 ἐπιχείρημα,
1312 3737 1428 3801 πῶς
1467 3740 1527 3791 οὐ
1560 3739 1751 3792 δύναν-

180 3840 261 3876 ται
289 3828 336 3878 οἱ
376 3826 603 3896 ἀστέρες
630 3824 766 3880 εἷναι
813 3830 1100 3899 ποιητικοί,
1130 3829 1242 3881 ἀλλ’
1275 3832 1323 3882 εἰ
1356 3830 1463 3901 ἄρα
1491 3850 1751 3903 σημαντι-

182 3916 276 3968 κοί.
338 3917 475 3970 Ἀπὸ
520 3918 625 3971 τῶν
680 3920 941 3973 πλείστων
978 3920 1087 3991 γὰρ
1134 3922 1273 3972 ὅσων
1320 3923 1585 3989 γενέσεων
1636 3925 1750 3977 ἐστι

180 4008 355 4061 λαϐεῖν
379 4009 447 4063 τὰ
473 4011 601 4081 περὶ
633 4011 749 4073 ἐνὸς
787 4011 1093 4083 ἀνθρώπων
1130 4011 1285 4063 τοῦτο
1316 4012 1371 4064 δέ
1400 4013 1521 4066 καθ’
1558 4014 1754 4067 ὑπόθε-

181 4115 256 4152 σιν
286 4101 541 4173 λέγομεν,
575 4104 978 4174 συγχωροῦντες
1010 4104 1070 4155 τὸ
1092 4106 1401 4175 ἐπιστήμην
1424 4106 1601 4159 αὐτῶν
1628 4107 1753 4159 ἀνα-

174 4191 540 4262 λαμϐάνεσθαι
571 4195 661 4247 ὑπ’
704 4194 1003 4265 ἀνθρώπων
1037 4194 1314 4248 δύνασθαι.
1357 4197 1495 4267 Φέρε
1525 4198 1634 4269 γὰρ
1666 4203 1746 4252 el-

176 4286 287 4335 πεῖν
324 4287 570 4356 περὶτοῦ
603 4287 747 4339 τόνδε
778 4286 1061 4340 πείσεσθαι
1085 4286 1224 4349 τόδε,
1267 4289 1359 4339 καὶ
1392 4289 1744 4359 τεθνήξεσθαι

174 4374 533 4440 περιπεσόντα
559 4374 779 4444 λῃσταῖς
806 4376 899 4428 καὶ
929 4375 1306 4446 ἀναιρεθέντα,
1345 4379 1476 4445 φασὶ
1512 4379 1623 4450 (95)
1656 4379 1744 4432 δύ-

171 4463 359 4516 νασθαι
386 4465 682 4536 λαμϐάνειν
715 4468 820 4521 ἀπό
850 4485 907 4520 τε
938 4469 1036 4538 τῆς
1074 4467 1210 4530 ἰδίας
1244 4469 1409 4520 αὑτοῦ
1454 4470 1742 4536 γενέσεως,

171 4554 267 4606 κᾶν
292 4557 432 4629 τύχῃ
474 4557 612 4627 ἔχων
640 4559 899 4627 ἀδελφοὺς
936 4546 1202 4624 πλείονας,
1239 4558 1347 4611 ἀπὸ
1382 4560 1481 4629 τῆς
1513 4561 1741 4613 ἑκάστου

167 4646 359 4701 αὐτῶν.
399 4649 682 4719 Περιέχειν
723 4651 831 4722 γὰρ
872 4650 1072 4705 οἴονται
1114 4653 1212 4723 τὴν
1256 4652 1484 4705 ἑκάστου
1534 4654 1744 4720 γένεσιν

1931 3739 2016 3793 10.
2044 3740 2161 3796 Jam
2190 3756 2316 3795 vero
2349 3744 2493 3796 aliud
2540 3757 2795 3814 prmterea
2832 3752 3111 3807 videamus
3145 3771 3435 3827 argumen-

1857 3839 1993 3895 tum,
2019 3834 2160 3900 quod
2193 3834 2460 3887 sideribus
2495 3837 2756 3892 ellicieudi
2800 3841 3033 3907 nullam,
3069 3850 3160 3899 sed
3194 3849 3429 3918 aliquam

1861 3932 2070 3977 tantum
2104 3923 2170 3991 (si
2212 3923 2293 3977 vel
2325 3924 2435 3991 ipsa
2482 3938 2657 3981 tamen
2694 3931 2808 3983 dari
2844 3936 3045 4003 potest)
3082 3939 3427 4007 signiﬁcandi

1857 4015 1964 4068 vim
1996 4015 2288 4086 relinquat.
2326 4018 2609 4075 Docebunt
2642 4025 2924 4081 enimvero
2953 4030 3106 4083 multi
3150 4034 3424 4090 hominum

1853 4115 2029 4173 ortus,
2063 4125 2181 4176 quae
2212 4114 2302 4166 uni
2330 4115 2595 4168 duntaxat
2635 4118 2840 4171 homini
2876 4130 3140 4175 eventura
3172 4126 3281 4179 sint
3313 4143 3327 4178 :
3372 4128 3424 4180 id

1854 4199 1998 4266 quod
2041 4208 2219 4253 tamen
2260 4218 2324 4255 ex
2368 4203 2649 4274 hypothesi
2692 4206 2895 4261 dictum
2929 4222 3048 4262 esse
3093 4210 3270 4277 velim,
3305 4230 3425 4281 per-

1856 4291 1981 4344 inde
2025 4304 2087 4343 ac
2132 4292 2175 4345 si
2222 4307 2409 4347 eorum
2456 4295 2507 4347 in
2543 4298 2907 4367 cognitionem
2958 4300 3204 4355 homines
3245 4306 3427 4358 venire

1852 4397 2012 4449 posse
2053 4380 2440 4439 concedamus.
2474 4388 2626 4452 Quod
2674 4389 2819 4441 enim
2868 4390 2956 4442 hic
3000 4403 3095 4445 aut
3145 4393 3235 4447 ille
3282 4398 3420 4450 certi

1849 4473 2125 4541 quidpiam
2150 4476 2428 4529 subiturus
2446 4479 2531 4538 sit,
2564 4489 2688 4547 puta
2711 4477 3043 4549 jugulandus
3064 4500 3091 4536 a
3119 4484 3423 4541 latronibus

1852 4564 1903 4615 in
1928 4578 2061 4631 quos
2093 4566 2382 4631 inciderit;
2418 4569 2519 4623 hoc
2540 4570 2629 4623 isti
2660 4571 2874 4637 quidem
2907 4575 3104 4640 partim
3138 4591 3203 4629 ex
3237 4578 3422 4646 singu-

1851 4654 1950 4708 lari
1980 4654 2094 4723 ejus
2127 4668 2270 4721 ortu,
2300 4662 2499 4726 partim
2532 4677 2593 4713 ex
2640 4660 2889 4725 fratrum,
2933 4663 2978 4716 si
3010 4665 3194 4733 plures
3226 4684 3421 4723 nume-

164 4741 387 4811 άδελφὸν
424 4744 531 4796 ὑπὸ
572 4744 781 4816 λῃστῶν
826 4744 1211 4814 τεθνηξόμενον
1255 4746 1457 4815 ὁμοίως
1507 4745 1600 4798 καὶ
1648 4746 1747 4815 τὴν

1875 4758 1957 4811 ct,
2010 4749 2345 4819 singulorum
2380 4753 2641 4807 natalitiis
2673 4754 2859 4809 haberi
2892 4772 3050 4825 posse
3099 4757 3415 4815 defendunt.

236 4836 279 4869 ⁸³
307 4838 412 4891 lsa.
444 4854 630 4902 xxxiv,
665 4838 716 4889 ὦ.
794 4839 840 4869 ⁸⁰
868 4837 1067 4892 Jerem.
1104 4854 1157 4903 χ,
1182 4837 1237 4891 2.

231 4957 342 5025 (95)
387 4959 541 5025 Apud
593 4956 880 5011 Eusebium
943 4959 1140 5028 legitur
1192 4960 1525 5027 ἐμποδίζειν,
1572 4962 1731 5016 male.

160 5024 383 5099 ibidem,
430 5024 566 5081 ἀλλὰ
622 5024 1021 5099 παραπλησίως
1059 5024 1267 5099 βιϐλίῳ,
1316 5042 1421 5085 etc.
1475 5032 1739 5087 Crederes

162 5095 335 5150 locum
368 5101 512 5153 hunc
556 5095 877 5166 respexisse
921 5095 1190 5154 Plotinum
1220 5095 1344 5154 cum
1385 5102 1463 5154 ait
1503 5102 1595 5155 lib.
1652 5118 1734 5166 ιιι,

161 5183 282 5242 eun.
318 5184 377 5242 tt.
405 5184 525 5237 cap.
554 5171 629 5242 77:
662 5172 841 5222 Ἔστω
867 5170 1045 5222 τοίνυν
1092 5169 1281 5241 ὥσπερ
1318 5171 1622 5242 γράμματα
1676 5175 1735 5225 ἐν

160 5238 370 5308 οὖρανῷ
422 5241 743 5309 γραφόμενα
771 5242 875 5303 ἀεὶ,
908 5242 955 5292 εί
1009 5238 1370 5310 γεγραμμένα
1420 5238 1513 5295 πάι
1558 5244 1735 5295 κινού-

201 5325 313 5371 ενα,
350 5311 609 5363 ποιοῦντα
650 5312 747 5380 μέν
778 5328 830 5363 τι
880 5311 1049 5387 μέργον
1092 5312 1186 5363 καὶ
1217 5311 1363 5387 ἄλλο.
1406 5313 1733 5387 Ἐπακολου-

201 5325 313 5371 ενα,
350 5326 609 5363 ποιουντα
650 5324 747 5380 μεν
778 5328 830 5363 τι
892 5324 1049 5381 εργον
1092 5324 1186 5363 και
1217 5324 1363 5364 αλλο.
1410 5324 1730 5387 Ἐπακολου-

158 5324 301 5456 θιήτω
328 5380 385 5432 δὲ
418 5380 560 5465 τῷδε.
596 5382 628 5451 ἡ
666 5384 792 5461 παρ’
837 5381 1012 5465 αὐτῶν
1068 5383 1333 5465 σημασία,
1388 5394 1492 5436 etc.
1552 5401 1569 5432 ι
1609 5386 1730 5465 _Sint

161 5445 319 5521 igitur
350 5445 491 5503 velut
530 5445 723 5505 littera:
747 5445 800 5504 in
831 5454 990 5515 cmlo,
1016 5445 1155 5521 qua)"
1178 5455 1506 5517 scribantur,
1542 5454 1622 5506 vel
1679 5455 1723 5508 si

150 5516 257 5582 jam
287 5521 492 5587 scripta
518 5530 665 5585 sunt,
693 5533 1012 5577 moveantur
1035 5516 1324 5590 perpetuo,
1358 5534 1409 5574 et
1436 5516 1535 5577 huc
1560 5524 1727 5578 aliud-

156 5602 255 5663 que
294 5605 431 5663 opus
454 5592 714 5645 eﬂiciant.
751 5592 905 5648 Unde
952 5593 1197 5663 sequitur
1251 5592 1575 5660 signiﬁcatio
1609 5610 1728 5663 qua:

153 5660 213 5731 ah
244 5660 379 5729 ipsis
412 5663 778 5730 portenditur,
810 5681 828 5714 ι
856 5674 963 5717 etc.
1007 5662 1069 5716 Et
1112 5677 1241 5714 enn.
1283 5678 1362 5725 ιιι,
1397 5664 1492 5716 lib.
1528 5680 1566 5725 ι,
1603 5660 1723 5731 cap.

154 5728 201 5805 6,
226 5728 293 5784 de
326 5728 489 5805 astris
520 5732 747 5805 loquens
767 5732 1196 5805 :Jllapéxerattrﬁe
1225 5733 1317 5785 καὶ
1346 5733 1510 5805 ἄλλην
1540 5728 1727 5805 χρείαν

154 5799 243 5881 τὴν
282 5801 380 5887 τηῦ
424 5804 504 5865 εἰς
565 5803 724 5885 αὐτὰ,
779 5799 987 5874 ὥσπερ
1025 5804 1349 5887 γράμματα,
1408 5799 1721 5887 βλέπῦίθταβν

153 5874 271 5934 τοὺς
295 5872 396 5942 τὴν
432 5871 689 5942 τοιαύτην
735 5871 1418 5945 γραμματικὴνείδότας,
1456 5876 1716 5945 ἀναγινώ-

353 5967 626 6027 ΡΑτῑιοι..
664 5969 776 6028 Gn.
817 5968 958 6029 ΧΗ.

1843 4981 1990 5039 σχειν
2022 4965 2089 5017 τὰ
2109 5034 2122 5039 Α
2134 4964 2395 5039 μέλλοντα
2415 5007 2428 5029 ,
2467 4966 2527 5019 ἐκ
2558 4966 2662 5019 τῶν
2698 4967 2990 5039 σχημάτων
3024 4968 3163 5022 κατὰ
3189 4970 3249 5022 τὸ
3283 4971 3417 5025 ἀνά-

1841 5034 1996 5102 λογον
2033 5026 2506 5119 μεθοδεύονταςίτὸ
2533 5026 2951 5119 σημαινόμενον.
3006 5041 3233 5119 (“Alteri
3281 5056 3418 5109 quo-

1842 5122 1948 5171 que
1971 5108 2087 5157 usui
2115 5117 2260 5171 sunt,
2293 5106 2435 5174 quod
2462 5124 2653 5175 nempe
2684 5106 2783 5176 qui
2803 5108 3065 5175 ejusmodi
3094 5106 3415 5164 litteratura:

1841 5177 2002 5240 periti
2035 5185 2268 5248 suut,iea
2306 5190 2563 5248 tanquam
2614 5179 2828 5233 litteras
2871 5178 3196 5247 aspicientes
3235 5180 3414 5248 legant

1840 5246 2044 5308 futura,
2078 5262 2143 5299 ex
2180 5247 2366 5318 ﬁguris
2392 5259 2606 5300 servata
2653 5248 2901 5318 analogia
2936 5246 3408 5318 isiguiﬁcatioucut

1840 5318 2122 5387 rimantes.
2159 5336 2176 5367 ι
2213 5317 2496 5387 Origenem
2521 5328 2697 5371 autem
2741 5317 2835 5372 hic
2864 5320 2975 5371 fere
3006 5317 3281 5384 αὐτολεξεί
3325 5336 3408 5373 se-

1836 5387 2022 5454 quitur
2052 5386 2346 5455 Procopius
2375 5388 2425 5440 in
2460 5386 2739 5441 Genesim.
2773 5389 3037 5444 Hunnus.

1907 5456 2017 5527 (9i)
2061 5457 2161 5510 Ἐν
2204 5456 2278 5525 τῇ
2328 5456 2637 5527 προσευχῇ
2675 5458 2781 5512 τοῦ
2833 5460 3063 5527 Ἰωσήφ,
3090 5468 3194 5513 etc.
3249 5457 3409 5512 Liber

1836 5529 2198 5651 apocriphus,
2231 5528 2529 5595 cujusmodi
2580 5532 2751 5582 libros
2781 5545 2924 5597 smpe
2975 5531 3165 5582 laudat
3213 5529 3406 5609 Orige-

1838 5613 1953 5651 nes.
2045 5601 2279 5651 audatur
2308 5608 2359 5651 et
2396 5609 2523 5651 tom.
2548 5599 2587 5651 V
2620 5600 2671 5651 in
2708 5597 2867 5651 Joan.
2900 5608 2955 5651 et
2988 5601 3055 5651 ab
3084 5599 3403 5651 Athanasm.

1838 5613 1953 5651 nes.
1998 5597 2279 5652 Laudatur
2308 5608 2359 5653 et
2396 5609 2523 5651 lout.
2548 5599 2587 5652 V
2620 5600 2671 5652 in
2708 5597 2867 5653 JOan.
2900 5608 2955 5653 et
2988 5601 3055 5652 ab
3084 5599 3403 5660 Athanasio,

1836 5670 1954 5742 sive
1979 5670 2227 5742 quisquis
2258 5679 2341 5724 est
2375 5682 2566 5723 aucmr
2594 5668 2919 5739 Sgnopseos,
2965 5678 3021 5722 et
3060 5684 3090 5723 a
3142 5668 3410 5742 Procopio

1838 5740 1892 5792 in
1919 5739 2118 5796 Genes.
2145 5738 2222 5791 lo.

1907 5810 2017 5879 (95)
2048 5810 2197 5878 Apud
2238 5808 2546 5873 Eusebium,
2580 5809 2731 5876 φησί.
