  <div class='ocr_page' id='page_1' title='image "/cluster/home/n/w/nwhite01/storage/ocr_20150623/12/hvd.32044019207638/041.png"; bbox 0 0 3978 6574; ppageno 0'>
   <div class='ocr_carea' id='block_1_1' title="bbox 589 422 2133 510">
    <p class='ocr_par' dir='ltr' id='par_1_1' title="bbox 589 422 2133 486">
     <span class='ocr_line' id='line_1_1' title="bbox 589 422 2133 486; baseline 0.004 -9"><span class='ocrx_word' id='word_1_1' title='bbox 589 422 664 478; x_wconf 71' lang='grc' dir='ltr'><strong>’τῖς</strong></span> <span class='ocrx_word' id='word_1_2' title='bbox 2031 426 2133 486; x_wconf 82' lang='lat' dir='ltr'><strong>om</strong></span> 
     </span>
    </p>
   </div>
   <div class='ocr_carea' id='block_1_2' title="bbox 2242 422 3792 510">
    <p class='ocr_par' dir='ltr' id='par_1_2' title="bbox 2243 427 3792 510">
     <span class='ocr_line' id='line_1_2' title="bbox 2243 427 3792 510; baseline 0.001 -26"><span class='ocrx_word' id='word_1_3' title='bbox 2243 427 2374 486; x_wconf 87' lang='lat' dir='ltr'><strong>NES</strong></span> <span class='ocrx_word' id='word_1_4' title='bbox 3743 457 3792 510; x_wconf 46' lang='grc' dir='ltr'>τί,</span> 
     </span>
    </p>
   </div>
   <div class='ocr_carea' id='block_1_3' title="bbox 592 541 2133 639">
    <p class='ocr_par' dir='ltr' id='par_1_3' title="bbox 592 541 2133 608">
     <span class='ocr_line' id='line_1_3' title="bbox 592 541 2133 608; baseline 0.001 -10"><span class='ocrx_word' id='word_1_5' title='bbox 592 543 803 598; x_wconf 75' lang='lat' dir='ltr'><strong>Fratris</strong></span> <span class='ocrx_word' id='word_1_6' title='bbox 832 543 975 600; x_wconf 89' lang='lat' dir='ltr'><strong>enim</strong></span> <span class='ocrx_word' id='word_1_7' title='bbox 1006 543 1205 598; x_wconf 65' lang='lat' dir='ltr'><strong>caulem</strong></span> <span class='ocrx_word' id='word_1_8' title='bbox 1242 541 1512 599; x_wconf 89' lang='lat' dir='ltr'><strong>latronum</strong></span> <span class='ocrx_word' id='word_1_9' title='bbox 1547 561 1707 599; x_wconf 90' lang='lat' dir='ltr'><strong>manu</strong></span> <span class='ocrx_word' id='word_1_10' title='bbox 1751 544 2009 608; x_wconf 84' lang='lat' dir='ltr'><strong>futuram,</strong></span> <span class='ocrx_word' id='word_1_11' title='bbox 2058 548 2133 600; x_wconf 88' lang='lat' dir='ltr'><strong>sin</strong></span> 
     </span>
    </p>
   </div>
   <div class='ocr_carea' id='block_1_4' title="bbox 2242 541 3794 639">
    <p class='ocr_par' dir='ltr' id='par_1_4' title="bbox 2269 547 3794 639">
     <span class='ocr_line' id='line_1_4' title="bbox 2269 547 3794 639; baseline 0.012 -40"><span class='ocrx_word' id='word_1_12' title='bbox 2269 547 2364 600; x_wconf 82' lang='grc' dir='ltr'>τοῦ</span> <span class='ocrx_word' id='word_1_13' title='bbox 2391 549 2595 620; x_wconf 81' lang='grc' dir='ltr'>πατρὸς</span> <span class='ocrx_word' id='word_1_14' title='bbox 2619 551 2713 603; x_wconf 63' lang='grc' dir='ltr'><strong>καὶ¹</strong></span> <span class='ocrx_word' id='word_1_15' title='bbox 2733 550 2831 622; x_wconf 79' lang='grc' dir='ltr'><strong>τὴν</strong></span> <span class='ocrx_word' id='word_1_16' title='bbox 2855 551 2957 621; x_wconf 75' lang='grc' dir='ltr'>τῆς</span> <span class='ocrx_word' id='word_1_17' title='bbox 2985 553 3210 625; x_wconf 81' lang='grc' dir='ltr'>μητρὸς,</span> <span class='ocrx_word' id='word_1_18' title='bbox 3237 553 3330 608; x_wconf 69' lang='grc' dir='ltr'><strong>καὶ</strong></span> <span class='ocrx_word' id='word_1_19' title='bbox 3349 555 3447 628; x_wconf 82' lang='grc' dir='ltr'><strong>τὴν</strong></span> <span class='ocrx_word' id='word_1_20' title='bbox 3466 559 3554 630; x_wconf 83' lang='grc' dir='ltr'><strong>τῆς</strong></span> <span class='ocrx_word' id='word_1_21' title='bbox 3574 568 3794 639; x_wconf 75' lang='grc' dir='ltr'><strong>γαμετῆς,</strong></span> 
     </span>
    </p>
   </div>
   <div class='ocr_carea' id='block_1_5' title="bbox 592 635 2170 712">
    <p class='ocr_par' dir='ltr' id='par_1_5' title="bbox 592 635 2170 712">
     <span class='ocr_line' id='line_1_5' title="bbox 592 635 2170 712; baseline 0.004 -25"><span class='ocrx_word' id='word_1_22' title='bbox 592 635 860 704; x_wconf 71' lang='grc' dir='ltr'>κιιΙυι-ιιιιι,</span> <span class='ocrx_word' id='word_1_23' title='bbox 897 649 1108 688; x_wconf 84' lang='lat' dir='ltr'><strong>necnon</strong></span> <span class='ocrx_word' id='word_1_24' title='bbox 1141 635 1384 703; x_wconf 86' lang='lat' dir='ltr'><strong>parentis</strong></span> <span class='ocrx_word' id='word_1_25' title='bbox 1419 637 1726 712; x_wconf 79' lang='lat' dir='ltr'><strong>utriusque,</strong></span> <span class='ocrx_word' id='word_1_26' title='bbox 1783 639 1890 691; x_wconf 78' lang='lat' dir='ltr'><strong>inin</strong></span> <span class='ocrx_word' id='word_1_27' title='bbox 1921 640 2170 710; x_wconf 77' lang='lat' dir='ltr'><strong>conjugis</strong></span> 
     </span>
    </p>
   </div>
   <div class='ocr_carea' id='block_1_6' title="bbox 589 726 2168 797">
    <p class='ocr_par' dir='ltr' id='par_1_6' title="bbox 589 726 2168 797">
     <span class='ocr_line' id='line_1_6' title="bbox 589 726 2168 797; baseline 0.003 -18"><span class='ocrx_word' id='word_1_28' title='bbox 589 727 780 789; x_wconf 90' lang='lat' dir='ltr'><strong>etiam,</strong></span> <span class='ocrx_word' id='word_1_29' title='bbox 819 726 1135 792; x_wconf 90' lang='lat' dir='ltr'><strong>liberorum,</strong></span> <span class='ocrx_word' id='word_1_30' title='bbox 1169 727 1276 797; x_wconf 73' lang='grc' dir='ltr'><strong>ιθ</strong></span> <span class='ocrx_word' id='word_1_31' title='bbox 1320 727 1667 791; x_wconf 89' lang='lat' dir='ltr'><strong>famulorum,</strong></span> <span class='ocrx_word' id='word_1_32' title='bbox 1706 743 1769 781; x_wconf 91' lang='lat' dir='ltr'><strong>ac</strong></span> <span class='ocrx_word' id='word_1_33' title='bbox 1824 731 2168 784; x_wconf 76' lang='lat' dir='ltr'><strong>necessario-</strong></span> 
     </span>
    </p>
   </div>
   <div class='ocr_carea' id='block_1_7' title="bbox 592 817 2165 889">
    <p class='ocr_par' dir='ltr' id='par_1_7' title="bbox 592 817 2165 889">
     <span class='ocr_line' id='line_1_7' title="bbox 592 817 2165 889; baseline 0.003 -18"><span class='ocrx_word' id='word_1_34' title='bbox 592 835 734 880; x_wconf 89' lang='lat' dir='ltr'><strong>rum,</strong></span> <span class='ocrx_word' id='word_1_35' title='bbox 759 819 1004 888; x_wconf 75' lang='lat' dir='ltr'><strong>adeoque</strong></span> <span class='ocrx_word' id='word_1_36' title='bbox 1030 817 1442 872; x_wconf 81' lang='lat' dir='ltr'><strong>interfectorum</strong></span> <span class='ocrx_word' id='word_1_37' title='bbox 1476 819 1715 889; x_wconf 86' lang='lat' dir='ltr'><strong>ipsorum</strong></span> <span class='ocrx_word' id='word_1_38' title='bbox 1754 818 2002 875; x_wconf 71' lang='lat' dir='ltr'><strong>fortassis</strong></span> <span class='ocrx_word' id='word_1_39' title='bbox 2045 830 2165 876; x_wconf 89' lang='lat' dir='ltr'><strong>ortu</strong></span> 
     </span>
    </p>
   </div>
   <div class='ocr_carea' id='block_1_8' title="bbox 590 910 2164 982">
    <p class='ocr_par' dir='ltr' id='par_1_8' title="bbox 590 910 2164 982">
     <span class='ocr_line' id='line_1_8' title="bbox 590 910 2164 982; baseline 0.003 -19"><span class='ocrx_word' id='word_1_40' title='bbox 590 911 856 965; x_wconf 82' lang='lat' dir='ltr'><strong>inclusam</strong></span> <span class='ocrx_word' id='word_1_41' title='bbox 889 910 1060 965; x_wconf 89' lang='lat' dir='ltr'><strong>teneri</strong></span> <span class='ocrx_word' id='word_1_42' title='bbox 1086 919 1300 980; x_wconf 88' lang='lat' dir='ltr'><strong>putant.</strong></span> <span class='ocrx_word' id='word_1_43' title='bbox 1329 910 1610 976; x_wconf 86' lang='lat' dir='ltr'><strong>Quomodo</strong></span> <span class='ocrx_word' id='word_1_44' title='bbox 1635 926 1767 982; x_wconf 86' lang='lat' dir='ltr'><strong>ergo</strong></span> <span class='ocrx_word' id='word_1_45' title='bbox 1800 912 1915 966; x_wconf 85' lang='lat' dir='ltr'><strong>ﬁeri</strong></span> <span class='ocrx_word' id='word_1_46' title='bbox 1953 923 2164 981; x_wconf 84' lang='lat' dir='ltr'><strong>potest,</strong></span> 
     </span>
    </p>
   </div>
   <div class='ocr_carea' id='block_1_9' title="bbox 589 1003 2164 1076">
    <p class='ocr_par' dir='ltr' id='par_1_9' title="bbox 589 1003 2164 1076">
     <span class='ocr_line' id='line_1_9' title="bbox 589 1003 2164 1076; baseline 0.002 -22"><span class='ocrx_word' id='word_1_47' title='bbox 589 1014 646 1056; x_wconf 91' lang='lat' dir='ltr'><strong>ut</strong></span> <span class='ocrx_word' id='word_1_48' title='bbox 674 1005 766 1075; x_wconf 92' lang='lat' dir='ltr'><strong>qui</strong></span> <span class='ocrx_word' id='word_1_49' title='bbox 813 1014 893 1059; x_wconf 92' lang='lat' dir='ltr'><strong>tot</strong></span> <span class='ocrx_word' id='word_1_50' title='bbox 918 1005 1144 1058; x_wconf 87' lang='lat' dir='ltr'><strong>aliorum</strong></span> <span class='ocrx_word' id='word_1_51' title='bbox 1172 1003 1384 1074; x_wconf 89' lang='lat' dir='ltr'><strong>(demus</strong></span> <span class='ocrx_word' id='word_1_52' title='bbox 1409 1005 1556 1059; x_wconf 92' lang='lat' dir='ltr'><strong>enim</strong></span> <span class='ocrx_word' id='word_1_53' title='bbox 1592 1005 1694 1059; x_wconf 90' lang='lat' dir='ltr'><strong>hoc</strong></span> <span class='ocrx_word' id='word_1_54' title='bbox 1734 1004 1976 1076; x_wconf 89' lang='lat' dir='ltr'><strong>interim)</strong></span> <span class='ocrx_word' id='word_1_55' title='bbox 2011 1014 2164 1057; x_wconf 84' lang='lat' dir='ltr'><strong>nata-</strong></span> 
     </span>
    </p>
   </div>
   <div class='ocr_carea' id='block_1_10' title="bbox 587 1096 2166 1166">
    <p class='ocr_par' dir='ltr' id='par_1_10' title="bbox 587 1096 2166 1166">
     <span class='ocr_line' id='line_1_10' title="bbox 587 1096 2166 1166; baseline 0.002 -20"><span class='ocrx_word' id='word_1_56' title='bbox 587 1096 716 1150; x_wconf 89' lang='lat' dir='ltr'><strong>litiis</strong></span> <span class='ocrx_word' id='word_1_57' title='bbox 772 1096 1101 1160; x_wconf 77' lang='lat' dir='ltr'><strong>involvitur,</strong></span> <span class='ocrx_word' id='word_1_58' title='bbox 1143 1096 1282 1151; x_wconf 91' lang='lat' dir='ltr'><strong>idem</strong></span> <span class='ocrx_word' id='word_1_59' title='bbox 1341 1107 1610 1152; x_wconf 90' lang='lat' dir='ltr'><strong>astrorum</strong></span> <span class='ocrx_word' id='word_1_60' title='bbox 1657 1111 1778 1166; x_wconf 71' lang='lat' dir='ltr'><strong>qua:</strong></span> <span class='ocrx_word' id='word_1_61' title='bbox 1811 1096 1936 1150; x_wconf 85' lang='lat' dir='ltr'><strong>huic</strong></span> <span class='ocrx_word' id='word_1_62' title='bbox 1986 1096 2166 1166; x_wconf 85' lang='lat' dir='ltr'><strong>petius</strong></span> 
     </span>
    </p>
   </div>
   <div class='ocr_carea' id='block_1_11' title="bbox 586 1189 2164 1260">
    <p class='ocr_par' dir='ltr' id='par_1_11' title="bbox 586 1189 2164 1260">
     <span class='ocr_line' id='line_1_11' title="bbox 586 1189 2164 1260; baseline -0.001 -16"><span class='ocrx_word' id='word_1_63' title='bbox 586 1190 922 1257; x_wconf 79' lang='lat' dir='ltr'><strong>generatioui</strong></span> <span class='ocrx_word' id='word_1_64' title='bbox 961 1205 1122 1258; x_wconf 84' lang='lat' dir='ltr'><strong>quam</strong></span> <span class='ocrx_word' id='word_1_65' title='bbox 1155 1189 1365 1242; x_wconf 75' lang='lat' dir='ltr'><strong>creteris</strong></span> <span class='ocrx_word' id='word_1_66' title='bbox 1405 1190 1719 1260; x_wconf 70' lang='lat' dir='ltr'><strong>prtesident,</strong></span> <span class='ocrx_word' id='word_1_67' title='bbox 1777 1189 2035 1259; x_wconf 87' lang='lat' dir='ltr'><strong>positioni</strong></span> <span class='ocrx_word' id='word_1_68' title='bbox 2069 1190 2164 1242; x_wconf 88' lang='lat' dir='ltr'><strong>ad-</strong></span> 
     </span>
    </p>
   </div>
   <div class='ocr_carea' id='block_1_12' title="bbox 585 1281 2162 1350">
    <p class='ocr_par' dir='ltr' id='par_1_12' title="bbox 585 1281 2162 1350">
     <span class='ocr_line' id='line_1_12' title="bbox 585 1281 2162 1350; baseline 0.002 -17"><span class='ocrx_word' id='word_1_69' title='bbox 585 1282 840 1337; x_wconf 90' lang='lat' dir='ltr'><strong>dicatur?</strong></span> <span class='ocrx_word' id='word_1_70' title='bbox 888 1281 1219 1336; x_wconf 86' lang='lat' dir='ltr'><strong>Incredibile</strong></span> <span class='ocrx_word' id='word_1_71' title='bbox 1274 1282 1418 1336; x_wconf 88' lang='lat' dir='ltr'><strong>enim</strong></span> <span class='ocrx_word' id='word_1_72' title='bbox 1473 1290 1577 1344; x_wconf 89' lang='lat' dir='ltr'><strong>est,</strong></span> <span class='ocrx_word' id='word_1_73' title='bbox 1631 1281 1982 1350; x_wconf 88' lang='lat' dir='ltr'><strong>positionem,</strong></span> <span class='ocrx_word' id='word_1_74' title='bbox 2041 1297 2162 1350; x_wconf 80' lang='lat' dir='ltr'><strong>quae</strong></span> 
     </span>
    </p>
   </div>
   <div class='ocr_carea' id='block_1_13' title="bbox 584 1372 2157 1443">
    <p class='ocr_par' dir='ltr' id='par_1_13' title="bbox 584 1372 2157 1443">
     <span class='ocr_line' id='line_1_13' title="bbox 584 1372 2157 1443; baseline 0.003 -18"><span class='ocrx_word' id='word_1_75' title='bbox 584 1372 850 1443; x_wconf 80' lang='lat' dir='ltr'><strong>singulari</strong></span> <span class='ocrx_word' id='word_1_76' title='bbox 883 1373 1336 1439; x_wconf 82' lang='lat' dir='ltr'><strong>uniuscujusdam</strong></span> <span class='ocrx_word' id='word_1_77' title='bbox 1357 1375 1498 1427; x_wconf 90' lang='lat' dir='ltr'><strong>ortui</strong></span> <span class='ocrx_word' id='word_1_78' title='bbox 1529 1372 1831 1442; x_wconf 66' lang='lat' dir='ltr'><strong>prmfuerit,</strong></span> <span class='ocrx_word' id='word_1_79' title='bbox 1855 1373 2157 1443; x_wconf 88' lang='lat' dir='ltr'><strong>hujusmodi</strong></span> 
     </span>
    </p>
   </div>
   <div class='ocr_carea' id='block_1_14' title="bbox 582 1464 2160 1534">
    <p class='ocr_par' dir='ltr' id='par_1_14' title="bbox 582 1464 2160 1534">
     <span class='ocr_line' id='line_1_14' title="bbox 582 1464 2160 1534; baseline -0.003 -12"><span class='ocrx_word' id='word_1_80' title='bbox 582 1466 760 1522; x_wconf 69' lang='lat' dir='ltr'><strong>critus</strong></span> <span class='ocrx_word' id='word_1_81' title='bbox 790 1479 1009 1520; x_wconf 90' lang='lat' dir='ltr'><strong>causam</strong></span> <span class='ocrx_word' id='word_1_82' title='bbox 1045 1464 1243 1530; x_wconf 86' lang='lat' dir='ltr'><strong>fuisse;</strong></span> <span class='ocrx_word' id='word_1_83' title='bbox 1277 1480 1396 1534; x_wconf 73' lang='lat' dir='ltr'><strong>qua:</strong></span> <span class='ocrx_word' id='word_1_84' title='bbox 1428 1480 1556 1518; x_wconf 89' lang='lat' dir='ltr'><strong>vero</strong></span> <span class='ocrx_word' id='word_1_85' title='bbox 1581 1475 1899 1521; x_wconf 69' lang='lat' dir='ltr'><strong>czeterorum</strong></span> <span class='ocrx_word' id='word_1_86' title='bbox 1931 1466 1982 1519; x_wconf 90' lang='lat' dir='ltr'><strong>in</strong></span> <span class='ocrx_word' id='word_1_87' title='bbox 2009 1475 2160 1520; x_wconf 85' lang='lat' dir='ltr'><strong>nata-</strong></span> 
     </span>
    </p>
   </div>
   <div class='ocr_carea' id='block_1_15' title="bbox 587 1556 2159 1626">
    <p class='ocr_par' dir='ltr' id='par_1_15' title="bbox 587 1556 2159 1626">
     <span class='ocr_line' id='line_1_15' title="bbox 587 1556 2159 1626; baseline 0.001 -14"><span class='ocrx_word' id='word_1_88' title='bbox 587 1559 722 1612; x_wconf 87' lang='lat' dir='ltr'><strong>litiis</strong></span> <span class='ocrx_word' id='word_1_89' title='bbox 753 1558 1062 1623; x_wconf 88' lang='lat' dir='ltr'><strong>exstiterit,</strong></span> <span class='ocrx_word' id='word_1_90' title='bbox 1105 1572 1325 1613; x_wconf 84' lang='lat' dir='ltr'><strong>causam</strong></span> <span class='ocrx_word' id='word_1_91' title='bbox 1365 1571 1470 1610; x_wconf 92' lang='lat' dir='ltr'><strong>non</strong></span> <span class='ocrx_word' id='word_1_92' title='bbox 1507 1556 1695 1625; x_wconf 90' lang='lat' dir='ltr'><strong>fuisse,</strong></span> <span class='ocrx_word' id='word_1_93' title='bbox 1730 1559 1821 1614; x_wconf 88' lang='lat' dir='ltr'><strong>sed</strong></span> <span class='ocrx_word' id='word_1_94' title='bbox 1854 1558 1971 1626; x_wconf 86' lang='lat' dir='ltr'><strong>ejus</strong></span> <span class='ocrx_word' id='word_1_95' title='bbox 2001 1563 2159 1614; x_wconf 90' lang='lat' dir='ltr'><strong>modo</strong></span> 
     </span>
    </p>
   </div>
   <div class='ocr_carea' id='block_1_16' title="bbox 579 1649 2159 1723">
    <p class='ocr_par' dir='ltr' id='par_1_16' title="bbox 579 1649 2159 1723">
     <span class='ocr_line' id='line_1_16' title="bbox 579 1649 2159 1723; baseline -0.003 -15"><span class='ocrx_word' id='word_1_96' title='bbox 579 1651 1033 1723; x_wconf 74' lang='lat' dir='ltr'><strong>significationem</strong></span> <span class='ocrx_word' id='word_1_97' title='bbox 1080 1651 1313 1720; x_wconf 88' lang='lat' dir='ltr'><strong>aliquam</strong></span> <span class='ocrx_word' id='word_1_98' title='bbox 1349 1651 1584 1706; x_wconf 89' lang='lat' dir='ltr'><strong>dedisse.</strong></span> <span class='ocrx_word' id='word_1_99' title='bbox 1632 1649 1744 1705; x_wconf 84' lang='lat' dir='ltr'><strong>Nec</strong></span> <span class='ocrx_word' id='word_1_100' title='bbox 1776 1650 1956 1706; x_wconf 91' lang='lat' dir='ltr'><strong>minus</strong></span> <span class='ocrx_word' id='word_1_101' title='bbox 1991 1650 2159 1704; x_wconf 84' lang='lat' dir='ltr'><strong>insul-</strong></span> 
     </span>
    </p>
   </div>
   <div class='ocr_carea' id='block_1_17' title="bbox 579 1741 2154 1814">
    <p class='ocr_par' dir='ltr' id='par_1_17' title="bbox 579 1741 2154 1814">
     <span class='ocr_line' id='line_1_17' title="bbox 579 1741 2154 1814; baseline -0.003 -14"><span class='ocrx_word' id='word_1_102' title='bbox 579 1761 698 1800; x_wconf 85' lang='lat' dir='ltr'><strong>sum</strong></span> <span class='ocrx_word' id='word_1_103' title='bbox 758 1744 943 1808; x_wconf 88' lang='lat' dir='ltr'><strong>fuerit,</strong></span> <span class='ocrx_word' id='word_1_104' title='bbox 996 1744 1248 1798; x_wconf 89' lang='lat' dir='ltr'><strong>omnibus</strong></span> <span class='ocrx_word' id='word_1_105' title='bbox 1285 1758 1349 1797; x_wconf 91' lang='lat' dir='ltr'><strong>ac</strong></span> <span class='ocrx_word' id='word_1_106' title='bbox 1383 1742 1612 1814; x_wconf 82' lang='lat' dir='ltr'><strong>singulis</strong></span> <span class='ocrx_word' id='word_1_107' title='bbox 1645 1742 1878 1810; x_wconf 91' lang='lat' dir='ltr'><strong>plurium</strong></span> <span class='ocrx_word' id='word_1_108' title='bbox 1930 1741 2154 1796; x_wconf 92' lang='lat' dir='ltr'><strong>istorum</strong></span> 
     </span>
    </p>
   </div>
   <div class='ocr_carea' id='block_1_18' title="bbox 579 1835 2152 1892">
    <p class='ocr_par' dir='ltr' id='par_1_18' title="bbox 579 1835 2152 1892">
     <span class='ocr_line' id='line_1_18' title="bbox 579 1835 2152 1892; baseline 0 0"><span class='ocrx_word' id='word_1_109' title='bbox 579 1839 838 1892; x_wconf 89' lang='lat' dir='ltr'><strong>natalitiis</strong></span> <span class='ocrx_word' id='word_1_110' title='bbox 890 1838 1127 1892; x_wconf 82' lang='lat' dir='ltr'><strong>hominis</strong></span> <span class='ocrx_word' id='word_1_111' title='bbox 1157 1837 1316 1890; x_wconf 91' lang='lat' dir='ltr'><strong>unius</strong></span> <span class='ocrx_word' id='word_1_112' title='bbox 1357 1837 1520 1891; x_wconf 60' lang='lat' dir='ltr'><strong>caedis</strong></span> <span class='ocrx_word' id='word_1_113' title='bbox 1560 1849 1782 1888; x_wconf 85' lang='lat' dir='ltr'><strong>causam</strong></span> <span class='ocrx_word' id='word_1_114' title='bbox 1821 1835 2102 1890; x_wconf 87' lang='lat' dir='ltr'><strong>includere</strong></span> <span class='ocrx_word' id='word_1_115' title='bbox 2137 1853 2152 1892; x_wconf 90' lang='lat'><strong>:</strong></span> 
     </span>
    </p>
   </div>
   <div class='ocr_carea' id='block_1_19' title="bbox 2271 642 3794 728">
    <p class='ocr_par' dir='ltr' id='par_1_19' title="bbox 2271 642 3794 728">
     <span class='ocr_line' id='line_1_19' title="bbox 2271 642 3794 728; baseline 0.012 -34"><span class='ocrx_word' id='word_1_116' title='bbox 2271 642 2365 694; x_wconf 71' lang='lat' dir='ltr'><strong>mi.</strong></span> <span class='ocrx_word' id='word_1_117' title='bbox 2407 642 2512 696; x_wconf 87' lang='grc' dir='ltr'><strong>τῶν</strong></span> <span class='ocrx_word' id='word_1_118' title='bbox 2541 643 2672 696; x_wconf 78' lang='grc' dir='ltr'><strong>υἱῶν</strong></span> <span class='ocrx_word' id='word_1_119' title='bbox 2705 643 2889 710; x_wconf 77' lang='grc' dir='ltr'>αὑτοῦ,</span> <span class='ocrx_word' id='word_1_120' title='bbox 2928 645 3022 697; x_wconf 89' lang='grc' dir='ltr'>κα¹ι</span> <span class='ocrx_word' id='word_1_121' title='bbox 3051 645 3160 698; x_wconf 81' lang='grc' dir='ltr'>τῶν</span> <span class='ocrx_word' id='word_1_122' title='bbox 3192 647 3440 713; x_wconf 79' lang='grc' dir='ltr'>οἰκετῶν,</span> <span class='ocrx_word' id='word_1_123' title='bbox 3472 654 3556 706; x_wconf 78' lang='grc' dir='ltr'>καὶ</span> <span class='ocrx_word' id='word_1_124' title='bbox 3586 657 3678 712; x_wconf 83' lang='grc' dir='ltr'><strong>τῶν</strong></span> <span class='ocrx_word' id='word_1_125' title='bbox 3706 660 3794 728; x_wconf 79' lang='grc' dir='ltr'>φιλ-</span> 
     </span>
    </p>
   </div>
   <div class='ocr_carea' id='block_1_20' title="bbox 2268 731 3797 818">
    <p class='ocr_par' dir='ltr' id='par_1_20' title="bbox 2268 731 3797 818">
     <span class='ocr_line' id='line_1_20' title="bbox 2268 731 3797 818; baseline 0.013 -34"><span class='ocrx_word' id='word_1_126' title='bbox 2268 731 2466 796; x_wconf 87' lang='grc' dir='ltr'>τάτων,</span> <span class='ocrx_word' id='word_1_127' title='bbox 2512 735 2650 806; x_wconf 84' lang='grc' dir='ltr'><strong>τάχα</strong></span> <span class='ocrx_word' id='word_1_128' title='bbox 2698 736 2754 788; x_wconf 81' lang='grc' dir='ltr'><strong>δὲ</strong></span> <span class='ocrx_word' id='word_1_129' title='bbox 2789 737 2882 790; x_wconf 73' lang='grc' dir='ltr'>καὶ</span> <span class='ocrx_word' id='word_1_130' title='bbox 2930 737 3108 790; x_wconf 84' lang='grc' dir='ltr'>αὐτῶν</span> <span class='ocrx_word' id='word_1_131' title='bbox 3139 738 3248 792; x_wconf 81' lang='grc' dir='ltr'>τῶν</span> <span class='ocrx_word' id='word_1_132' title='bbox 3293 742 3656 812; x_wconf 81' lang='grc' dir='ltr'>ἀναιρούντων.</span> <span class='ocrx_word' id='word_1_133' title='bbox 3701 751 3797 818; x_wconf 80' lang='grc' dir='ltr'><strong>Πῶς</strong></span> 
     </span>
    </p>
   </div>
   <div class='ocr_carea' id='block_1_21' title="bbox 2267 819 3794 905">
    <p class='ocr_par' dir='ltr' id='par_1_21' title="bbox 2267 819 3794 905">
     <span class='ocr_line' id='line_1_21' title="bbox 2267 819 3794 905; baseline 0.012 -29"><span class='ocrx_word' id='word_1_134' title='bbox 2267 819 2359 876; x_wconf 80' lang='grc' dir='ltr'>οὖν</span> <span class='ocrx_word' id='word_1_135' title='bbox 2387 824 2608 879; x_wconf 78' lang='grc' dir='ltr'>δυνατὸν</span> <span class='ocrx_word' id='word_1_136' title='bbox 2636 827 2728 880; x_wconf 78' lang='grc' dir='ltr'>τὸν</span> <span class='ocrx_word' id='word_1_137' title='bbox 2747 829 3037 893; x_wconf 81' lang='grc' dir='ltr'><strong>τοσαύταις</strong></span> <span class='ocrx_word' id='word_1_138' title='bbox 3062 831 3361 899; x_wconf 81' lang='grc' dir='ltr'>γενέσεσιν,</span> <span class='ocrx_word' id='word_1_139' title='bbox 3386 834 3471 887; x_wconf 84' lang='grc' dir='ltr'><strong>ἵνα</strong></span> <span class='ocrx_word' id='word_1_140' title='bbox 3498 838 3660 905; x_wconf 78' lang='grc' dir='ltr'>αὐτοῖς</span> <span class='ocrx_word' id='word_1_141' title='bbox 3671 845 3794 901; x_wconf 84' lang='grc' dir='ltr'>τοῦτο</span> 
     </span>
    </p>
   </div>
   <div class='ocr_carea' id='block_1_22' title="bbox 2270 919 3797 1013">
    <p class='ocr_par' dir='ltr' id='par_1_22' title="bbox 2270 919 3797 1013">
     <span class='ocr_line' id='line_1_22' title="bbox 2270 919 3797 1013; baseline 0.016 -45"><span class='ocrx_word' id='word_1_142' title='bbox 2270 919 3118 1013; x_wconf 13' lang='grc' dir='ltr'>συγχωρηῌϐῇ,ᾲᾉέμπεριεχόμενον</span> <span class='ocrx_word' id='word_1_143' title='bbox 3163 927 3406 996; x_wconf 83' lang='grc' dir='ltr'>γίνεσθαι</span> <span class='ocrx_word' id='word_1_144' title='bbox 3446 930 3543 985; x_wconf 80' lang='grc' dir='ltr'><strong>ὑπὸ</strong></span> <span class='ocrx_word' id='word_1_145' title='bbox 3577 935 3659 989; x_wconf 82' lang='grc' dir='ltr'><strong>τοῦ</strong></span> <span class='ocrx_word' id='word_1_146' title='bbox 3696 956 3797 1013; x_wconf 69' lang='grc' dir='ltr'>σχη-</span> 
     </span>
    </p>
   </div>
   <div class='ocr_carea' id='block_1_23' title="bbox 2270 1008 3794 1098">
    <p class='ocr_par' dir='ltr' id='par_1_23' title="bbox 2270 1008 3794 1098">
     <span class='ocr_line' id='line_1_23' title="bbox 2270 1008 3794 1098; baseline 0.018 -40"><span class='ocrx_word' id='word_1_147' title='bbox 2270 1008 2541 1078; x_wconf 79' lang='grc' dir='ltr'>ματισμοῦ</span> <span class='ocrx_word' id='word_1_148' title='bbox 2585 1011 2692 1064; x_wconf 85' lang='grc' dir='ltr'><strong>τῶν</strong></span> <span class='ocrx_word' id='word_1_149' title='bbox 2725 1013 2992 1085; x_wconf 80' lang='grc' dir='ltr'><strong>ἀστέρων,</strong></span> <span class='ocrx_word' id='word_1_150' title='bbox 3029 1017 3189 1088; x_wconf 86' lang='grc' dir='ltr'>τῆσδε</span> <span class='ocrx_word' id='word_1_151' title='bbox 3228 1019 3425 1089; x_wconf 78' lang='grc' dir='ltr'>μᾶλλον</span> <span class='ocrx_word' id='word_1_152' title='bbox 3456 1022 3547 1093; x_wconf 82' lang='grc' dir='ltr'><strong>τῆς</strong></span> <span class='ocrx_word' id='word_1_153' title='bbox 3577 1008 3794 1098; x_wconf 62' lang='grc' dir='ltr'>γενέσεως</span> 
     </span>
    </p>
   </div>
   <div class='ocr_carea' id='block_1_24' title="bbox 2265 1101 3797 1195">
    <p class='ocr_par' dir='ltr' id='par_1_24' title="bbox 2265 1101 3797 1195">
     <span class='ocr_line' id='line_1_24' title="bbox 2265 1101 3797 1195; baseline 0.014 -44"><span class='ocrx_word' id='word_1_154' title='bbox 2265 1101 2298 1170; x_wconf 84' lang='grc' dir='ltr'>ἢ</span> <span class='ocrx_word' id='word_1_155' title='bbox 2343 1101 2546 1195; x_wconf 83' lang='grc' dir='ltr'>τῶνδε;</span> <span class='ocrx_word' id='word_1_156' title='bbox 2595 1103 2879 1160; x_wconf 82' lang='grc' dir='ltr'>ἈπίΘανον</span> <span class='ocrx_word' id='word_1_157' title='bbox 2912 1108 3022 1180; x_wconf 81' lang='grc' dir='ltr'>γὰρ</span> <span class='ocrx_word' id='word_1_158' title='bbox 3069 1110 3162 1163; x_wconf 74' lang='grc' dir='ltr'><strong>καὶ</strong></span> <span class='ocrx_word' id='word_1_159' title='bbox 3201 1112 3262 1163; x_wconf 77' lang='grc' dir='ltr'>τὸ</span> <span class='ocrx_word' id='word_1_160' title='bbox 3295 1112 3552 1180; x_wconf 81' lang='grc' dir='ltr'>φάσκειν,</span> <span class='ocrx_word' id='word_1_161' title='bbox 3585 1119 3665 1171; x_wconf 82' lang='grc' dir='ltr'><strong>τὸν</strong></span> <span class='ocrx_word' id='word_1_162' title='bbox 3693 1139 3797 1195; x_wconf 79' lang='grc' dir='ltr'><strong>σχη-</strong></span> 
     </span>
    </p>
   </div>
   <div class='ocr_carea' id='block_1_25' title="bbox 2268 1194 3795 1274">
    <p class='ocr_par' dir='ltr' id='par_1_25' title="bbox 2268 1194 3795 1274">
     <span class='ocr_line' id='line_1_25' title="bbox 2268 1194 3795 1274; baseline 0.015 -29"><span class='ocrx_word' id='word_1_163' title='bbox 2268 1194 2536 1265; x_wconf 84' lang='grc' dir='ltr'>ματισμὸν</span> <span class='ocrx_word' id='word_1_164' title='bbox 2565 1195 2656 1250; x_wconf 79' lang='grc' dir='ltr'><strong>τὸν</strong></span> <span class='ocrx_word' id='word_1_165' title='bbox 2684 1198 2742 1250; x_wconf 81' lang='grc' dir='ltr'>ὲν</span> <span class='ocrx_word' id='word_1_166' title='bbox 2774 1201 2840 1269; x_wconf 84' lang='grc' dir='ltr'>τῇ</span> <span class='ocrx_word' id='word_1_167' title='bbox 2897 1200 3001 1272; x_wconf 80' lang='grc' dir='ltr'>ἰδίᾳ</span> <span class='ocrx_word' id='word_1_168' title='bbox 3043 1201 3196 1255; x_wconf 75' lang='grc' dir='ltr'>τοῦδέ</span> <span class='ocrx_word' id='word_1_169' title='bbox 3237 1221 3382 1268; x_wconf 86' lang='grc' dir='ltr'>τινος</span> <span class='ocrx_word' id='word_1_170' title='bbox 3425 1207 3620 1274; x_wconf 81' lang='grc' dir='ltr'>γενέσει</span> <span class='ocrx_word' id='word_1_171' title='bbox 3657 1194 3795 1270; x_wconf 77' lang='grc' dir='ltr'>ταῦτα</span> 
     </span>
    </p>
   </div>
   <div class='ocr_carea' id='block_1_26' title="bbox 2265 1288 3799 1379">
    <p class='ocr_par' dir='ltr' id='par_1_26' title="bbox 2265 1288 3799 1379">
     <span class='ocr_line' id='line_1_26' title="bbox 2265 1288 3799 1379; baseline 0.012 -38"><span class='ocrx_word' id='word_1_172' title='bbox 2265 1288 2642 1360; x_wconf 83' lang='grc' dir='ltr'><strong>πεποιηκέναι,</strong></span> <span class='ocrx_word' id='word_1_173' title='bbox 2669 1290 2762 1343; x_wconf 86' lang='grc' dir='ltr'><strong>τὸν</strong></span> <span class='ocrx_word' id='word_1_174' title='bbox 2792 1291 2847 1344; x_wconf 84' lang='grc' dir='ltr'>δὲ</span> <span class='ocrx_word' id='word_1_175' title='bbox 2881 1293 2938 1345; x_wconf 83' lang='grc' dir='ltr'><strong>ἐν</strong></span> <span class='ocrx_word' id='word_1_176' title='bbox 2969 1295 3034 1365; x_wconf 84' lang='grc' dir='ltr'>τῇ</span> <span class='ocrx_word' id='word_1_177' title='bbox 3061 1293 3229 1348; x_wconf 82' lang='grc' dir='ltr'>τῶνδε</span> <span class='ocrx_word' id='word_1_178' title='bbox 3257 1296 3466 1364; x_wconf 85' lang='grc' dir='ltr'>γενέσει</span> <span class='ocrx_word' id='word_1_179' title='bbox 3508 1300 3576 1371; x_wconf 82' lang='grc' dir='ltr'>μὴ</span> <span class='ocrx_word' id='word_1_180' title='bbox 3609 1320 3799 1379; x_wconf 66' lang='lat' dir='ltr'><strong>iret-ron;-</strong></span> 
     </span>
    </p>
   </div>
   <div class='ocr_carea' id='block_1_27' title="bbox 2263 1380 3796 1464">
    <p class='ocr_par' dir='ltr' id='par_1_27' title="bbox 2263 1380 3796 1464">
     <span class='ocr_line' id='line_1_27' title="bbox 2263 1380 3796 1464; baseline 0.007 -32"><span class='ocrx_word' id='word_1_181' title='bbox 2263 1380 2435 1446; x_wconf 80' lang='grc' dir='ltr'>κέναι,</span> <span class='ocrx_word' id='word_1_182' title='bbox 2465 1382 2600 1435; x_wconf 82' lang='grc' dir='ltr'>ἀλλὰ</span> <span class='ocrx_word' id='word_1_183' title='bbox 2632 1386 3036 1454; x_wconf 77' lang='grc' dir='ltr'>σεσημαγκέναι</span> <span class='ocrx_word' id='word_1_184' title='bbox 3073 1385 3253 1457; x_wconf 86' lang='grc' dir='ltr'>μόνον’</span> <span class='ocrx_word' id='word_1_185' title='bbox 3289 1389 3496 1460; x_wconf 76' lang='grc' dir='ltr'>ἠλίθιον</span> <span class='ocrx_word' id='word_1_186' title='bbox 3523 1393 3624 1464; x_wconf 79' lang='grc' dir='ltr'>γὰρ</span> <span class='ocrx_word' id='word_1_187' title='bbox 3651 1397 3704 1450; x_wconf 75' lang='grc' dir='ltr'>τὸ</span> <span class='ocrx_word' id='word_1_188' title='bbox 3738 1403 3796 1454; x_wconf 79' lang='grc' dir='ltr'><strong>εξ-</strong></span> 
     </span>
    </p>
   </div>
   <div class='ocr_carea' id='block_1_28' title="bbox 2263 1476 3798 1553">
    <p class='ocr_par' dir='ltr' id='par_1_28' title="bbox 2263 1476 3798 1553">
     <span class='ocr_line' id='line_1_28' title="bbox 2263 1476 3798 1553; baseline 0.012 -27"><span class='ocrx_word' id='word_1_189' title='bbox 2263 1477 2407 1539; x_wconf 84' lang='grc' dir='ltr'>πεῖν,</span> <span class='ocrx_word' id='word_1_190' title='bbox 2437 1476 2519 1528; x_wconf 82' lang='grc' dir='ltr'><strong>ὅτι</strong></span> <span class='ocrx_word' id='word_1_191' title='bbox 2565 1477 2598 1546; x_wconf 82' lang='grc' dir='ltr'>ἡ</span> <span class='ocrx_word' id='word_1_192' title='bbox 2648 1477 2862 1530; x_wconf 82' lang='grc' dir='ltr'>πάντων</span> <span class='ocrx_word' id='word_1_193' title='bbox 2899 1480 3113 1547; x_wconf 86' lang='grc' dir='ltr'>γένεσις</span> <span class='ocrx_word' id='word_1_194' title='bbox 3154 1484 3398 1553; x_wconf 84' lang='grc' dir='ltr'>περιεῖχε</span> <span class='ocrx_word' id='word_1_195' title='bbox 3445 1485 3562 1538; x_wconf 82' lang='grc' dir='ltr'>καθ’</span> <span class='ocrx_word' id='word_1_196' title='bbox 3607 1489 3798 1546; x_wconf 69' lang='grc' dir='ltr'>ἕκαστον</span> 
     </span>
    </p>
   </div>
   <div class='ocr_carea' id='block_1_29' title="bbox 2263 1567 3799 1650">
    <p class='ocr_par' dir='ltr' id='par_1_29' title="bbox 2263 1567 3799 1650">
     <span class='ocr_line' id='line_1_29' title="bbox 2263 1567 3799 1650; baseline 0.012 -32"><span class='ocrx_word' id='word_1_197' title='bbox 2263 1567 2541 1638; x_wconf 76' lang='grc' dir='ltr'>ποιητικὸν</span> <span class='ocrx_word' id='word_1_198' title='bbox 2572 1567 2682 1638; x_wconf 85' lang='grc'><strong>(96)</strong></span> <span class='ocrx_word' id='word_1_199' title='bbox 2717 1569 2810 1622; x_wconf 79' lang='grc' dir='ltr'>τοῦ</span> <span class='ocrx_word' id='word_1_200' title='bbox 2837 1570 2985 1624; x_wconf 82' lang='grc' dir='ltr'>τόνδε</span> <span class='ocrx_word' id='word_1_201' title='bbox 3015 1571 3394 1645; x_wconf 81' lang='grc' dir='ltr'>ἀναιρεθῆναι,</span> <span class='ocrx_word' id='word_1_202' title='bbox 3429 1575 3565 1630; x_wconf 83' lang='grc' dir='ltr'>ὥστε</span> <span class='ocrx_word' id='word_1_203' title='bbox 3593 1580 3646 1633; x_wconf 80' lang='grc' dir='ltr'>ἐν</span> <span class='ocrx_word' id='word_1_204' title='bbox 3675 1586 3799 1650; x_wconf 74' lang='grc' dir='ltr'>γενέο</span> 
     </span>
    </p>
   </div>
   <div class='ocr_carea' id='block_1_30' title="bbox 2263 1660 3800 1742">
    <p class='ocr_par' dir='ltr' id='par_1_30' title="bbox 2263 1660 3800 1742">
     <span class='ocr_line' id='line_1_30' title="bbox 2263 1660 3800 1742; baseline 0.011 -31"><span class='ocrx_word' id='word_1_205' title='bbox 2263 1676 2430 1723; x_wconf 87' lang='grc' dir='ltr'>σεσιν,</span> <span class='ocrx_word' id='word_1_206' title='bbox 2461 1660 2582 1714; x_wconf 83' lang='grc' dir='ltr'>καθ’</span> <span class='ocrx_word' id='word_1_207' title='bbox 2617 1660 2871 1716; x_wconf 83' lang='grc' dir='ltr'>ὑπόθεσιν</span> <span class='ocrx_word' id='word_1_208' title='bbox 2914 1663 3075 1734; x_wconf 90' lang='grc' dir='ltr'>λέγω,</span> <span class='ocrx_word' id='word_1_209' title='bbox 3116 1667 3456 1738; x_wconf 87' lang='grc' dir='ltr'>πεντήκοντα</span> <span class='ocrx_word' id='word_1_210' title='bbox 3491 1671 3800 1742; x_wconf 68' lang='grc' dir='ltr'>περιέχεσθαι</span> 
     </span>
    </p>
   </div>
   <div class='ocr_carea' id='block_1_31' title="bbox 2257 1751 3798 1838">
    <p class='ocr_par' dir='ltr' id='par_1_31' title="bbox 2257 1751 3798 1838">
     <span class='ocr_line' id='line_1_31' title="bbox 2257 1751 3798 1838; baseline 0.01 -35"><span class='ocrx_word' id='word_1_211' title='bbox 2257 1751 2317 1804; x_wconf 88' lang='grc' dir='ltr'><strong>τὸ</strong></span> <span class='ocrx_word' id='word_1_212' title='bbox 2355 1752 2504 1806; x_wconf 86' lang='grc' dir='ltr'>τόνδε</span> <span class='ocrx_word' id='word_1_213' title='bbox 2546 1754 2667 1808; x_wconf 80' lang='grc' dir='ltr'>τινὰ</span> <span class='ocrx_word' id='word_1_214' title='bbox 2704 1755 3074 1827; x_wconf 82' lang='grc' dir='ltr'>ἀναιρεθῆναι.</span> <span class='ocrx_word' id='word_1_215' title='bbox 3112 1761 3227 1813; x_wconf 83' lang='grc' dir='ltr'><strong>Οὐκ</strong></span> <span class='ocrx_word' id='word_1_216' title='bbox 3257 1757 3373 1814; x_wconf 81' lang='grc' dir='ltr'>οἶδα</span> <span class='ocrx_word' id='word_1_217' title='bbox 3413 1760 3460 1814; x_wconf 82' lang='grc' dir='ltr'><strong>δ’</strong></span> <span class='ocrx_word' id='word_1_218' title='bbox 3488 1762 3632 1827; x_wconf 83' lang='grc' dir='ltr'>ὅπως</span> <span class='ocrx_word' id='word_1_219' title='bbox 3669 1766 3798 1838; x_wconf 75' lang='grc' dir='ltr'><strong>δυνή-</strong></span> 
     </span>
    </p>
   </div>
   <div class='ocr_carea' id='block_1_32' title="bbox 2260 1842 3800 1922">
    <p class='ocr_par' dir='ltr' id='par_1_32' title="bbox 2260 1842 3800 1922">
     <span class='ocr_line' id='line_1_32' title="bbox 2260 1842 3800 1922; baseline 0.01 -28"><span class='ocrx_word' id='word_1_220' title='bbox 2260 1858 2440 1896; x_wconf 83' lang='grc' dir='ltr'>σονται</span> <span class='ocrx_word' id='word_1_221' title='bbox 2472 1842 2641 1897; x_wconf 81' lang='grc' dir='ltr'>σῶσαι</span> <span class='ocrx_word' id='word_1_222' title='bbox 2693 1845 2890 1904; x_wconf 78' lang='grc' dir='ltr'>τὸ,τῶν</span> <span class='ocrx_word' id='word_1_223' title='bbox 2914 1846 3013 1917; x_wconf 84' lang='grc' dir='ltr'><strong>μὲν</strong></span> <span class='ocrx_word' id='word_1_224' title='bbox 3044 1847 3103 1901; x_wconf 80' lang='grc' dir='ltr'>ὲν</span> <span class='ocrx_word' id='word_1_225' title='bbox 3144 1849 3377 1922; x_wconf 66' lang='grc' dir='ltr'><strong>Ἰουδαίᾳ</strong></span> <span class='ocrx_word' id='word_1_226' title='bbox 3411 1852 3590 1922; x_wconf 78' lang='grc' dir='ltr'>σχεδὸν</span> <span class='ocrx_word' id='word_1_227' title='bbox 3619 1855 3800 1910; x_wconf 84' lang='grc' dir='ltr'>πάντων</span> 
     </span>
    </p>
   </div>
   <div class='ocr_carea' id='block_1_33' title="bbox 577 1903 2133 2013">
    <p class='ocr_par' dir='ltr' id='par_1_33' title="bbox 577 1926 2107 2000">
     <span class='ocr_line' id='line_1_33' title="bbox 577 1926 2107 2000; baseline -0.001 -18"><span class='ocrx_word' id='word_1_228' title='bbox 577 1930 730 2000; x_wconf 89' lang='lat' dir='ltr'><strong>quasi</strong></span> <span class='ocrx_word' id='word_1_229' title='bbox 780 1930 1227 2000; x_wconf 81' lang='lat' dir='ltr'><strong>generationibus</strong></span> <span class='ocrx_word' id='word_1_230' title='bbox 1273 1940 1336 1980; x_wconf 81' lang='lat' dir='ltr'><strong>ex</strong></span> <span class='ocrx_word' id='word_1_231' title='bbox 1378 1926 1666 1998; x_wconf 84' lang='lat' dir='ltr'><strong>hypothesi</strong></span> <span class='ocrx_word' id='word_1_232' title='bbox 1712 1926 2107 1996; x_wconf 80' lang='lat' dir='ltr'><strong>quinquaginta</strong></span> 
     </span>
    </p>
   </div>
   <div class='ocr_carea' id='block_1_34' title="bbox 2242 1903 3802 2013">
    <p class='ocr_par' dir='ltr' id='par_1_34' title="bbox 2257 1903 3802 2013">
     <span class='ocr_line' id='line_1_34' title="bbox 2257 1903 3802 2013; baseline 0.008 -26"><span class='ocrx_word' id='word_1_233' title='bbox 2257 1934 2454 1988; x_wconf 84' lang='grc' dir='ltr'>τοιόνδε</span> <span class='ocrx_word' id='word_1_234' title='bbox 2488 1931 2625 1988; x_wconf 78' lang='grc' dir='ltr'>εἶναι</span> <span class='ocrx_word' id='word_1_235' title='bbox 2656 1903 3160 2010; x_wconf 68' lang='grc' dir='ltr'>τὸν-σχηματισμὸν</span> <span class='ocrx_word' id='word_1_236' title='bbox 3192 1941 3284 1994; x_wconf 73' lang='grc' dir='ltr'><strong>ἐπὶ</strong></span> <span class='ocrx_word' id='word_1_237' title='bbox 3316 1908 3417 2013; x_wconf 59' lang='grc' dir='ltr'><strong>τίῆς</strong></span> <span class='ocrx_word' id='word_1_238' title='bbox 3444 1903 3717 2012; x_wconf 55' lang='grc' dir='ltr'>γενέσεως,</span> <span class='ocrx_word' id='word_1_239' title='bbox 3742 1948 3802 2011; x_wconf 82' lang='grc' dir='ltr'><strong>ὡς</strong></span> 
     </span>
    </p>
   </div>
   <div class='ocr_carea' id='block_1_35' title="bbox 576 2020 2149 2090">
    <p class='ocr_par' dir='ltr' id='par_1_35' title="bbox 576 2020 2149 2090">
     <span class='ocr_line' id='line_1_35' title="bbox 576 2020 2149 2090; baseline -0.001 -15"><span class='ocrx_word' id='word_1_240' title='bbox 576 2022 709 2075; x_wconf 68' lang='lat' dir='ltr'><strong>verti</strong></span> <span class='ocrx_word' id='word_1_241' title='bbox 736 2022 893 2076; x_wconf 90' lang='lat' dir='ltr'><strong>unius</strong></span> <span class='ocrx_word' id='word_1_242' title='bbox 919 2021 1156 2076; x_wconf 90' lang='lat' dir='ltr'><strong>hominis</strong></span> <span class='ocrx_word' id='word_1_243' title='bbox 1189 2020 1394 2074; x_wconf 91' lang='lat' dir='ltr'><strong>occisio</strong></span> <span class='ocrx_word' id='word_1_244' title='bbox 1419 2021 1815 2090; x_wconf 87' lang='lat' dir='ltr'><strong>comprehensa</strong></span> <span class='ocrx_word' id='word_1_245' title='bbox 1853 2028 2149 2075; x_wconf 88' lang='lat' dir='ltr'><strong>teneretur.</strong></span> 
     </span>
    </p>
   </div>
   <div class='ocr_carea' id='block_1_36' title="bbox 573 2112 2146 2184">
    <p class='ocr_par' dir='ltr' id='par_1_36' title="bbox 573 2112 2146 2184">
     <span class='ocr_line' id='line_1_36' title="bbox 573 2112 2146 2184; baseline 0 -17"><span class='ocrx_word' id='word_1_246' title='bbox 573 2113 693 2168; x_wconf 86' lang='lat' dir='ltr'><strong>.latu</strong></span> <span class='ocrx_word' id='word_1_247' title='bbox 727 2114 1031 2184; x_wconf 77' lang='lat' dir='ltr'><strong>intelligere</strong></span> <span class='ocrx_word' id='word_1_248' title='bbox 1079 2112 1326 2182; x_wconf 88' lang='lat' dir='ltr'><strong>profecto</strong></span> <span class='ocrx_word' id='word_1_249' title='bbox 1357 2127 1460 2167; x_wconf 91' lang='lat' dir='ltr'><strong>non</strong></span> <span class='ocrx_word' id='word_1_250' title='bbox 1497 2128 1743 2182; x_wconf 89' lang='lat' dir='ltr'><strong>possum,</strong></span> <span class='ocrx_word' id='word_1_251' title='bbox 1789 2113 1879 2182; x_wconf 90' lang='lat' dir='ltr'><strong>qui</strong></span> <span class='ocrx_word' id='word_1_252' title='bbox 1928 2114 2146 2167; x_wconf 80' lang='lat' dir='ltr'><strong>tandem</strong></span> 
     </span>
    </p>
   </div>
   <div class='ocr_carea' id='block_1_37' title="bbox 571 2204 2144 2282">
    <p class='ocr_par' dir='ltr' id='par_1_37' title="bbox 571 2204 2144 2282">
     <span class='ocr_line' id='line_1_37' title="bbox 571 2204 2144 2282; baseline 0.001 -24"><span class='ocrx_word' id='word_1_253' title='bbox 571 2204 784 2259; x_wconf 79' lang='lat' dir='ltr'><strong>Judaeos</strong></span> <span class='ocrx_word' id='word_1_254' title='bbox 809 2219 1001 2258; x_wconf 91' lang='lat' dir='ltr'><strong>omnes</strong></span> <span class='ocrx_word' id='word_1_255' title='bbox 1035 2218 1096 2258; x_wconf 91' lang='lat' dir='ltr'><strong>ea</strong></span> <span class='ocrx_word' id='word_1_256' title='bbox 1133 2204 1281 2259; x_wconf 91' lang='lat' dir='ltr'><strong>nasci</strong></span> <span class='ocrx_word' id='word_1_257' title='bbox 1330 2214 1604 2282; x_wconf 79' lang='lat' dir='ltr'><strong>astrorum</strong></span> <span class='ocrx_word' id='word_1_258' title='bbox 1652 2204 1928 2273; x_wconf 86' lang='lat' dir='ltr'><strong>positione</strong></span> <span class='ocrx_word' id='word_1_259' title='bbox 1959 2204 2144 2259; x_wconf 81' lang='lat' dir='ltr'><strong>defen-</strong></span> 
     </span>
    </p>
   </div>
   <div class='ocr_carea' id='block_1_38' title="bbox 569 2297 2143 2366">
    <p class='ocr_par' dir='ltr' id='par_1_38' title="bbox 569 2297 2143 2366">
     <span class='ocr_line' id='line_1_38' title="bbox 569 2297 2143 2366; baseline 0.001 -19"><span class='ocrx_word' id='word_1_260' title='bbox 569 2299 722 2358; x_wconf 88' lang='lat' dir='ltr'><strong>dent,</strong></span> <span class='ocrx_word' id='word_1_261' title='bbox 760 2306 816 2350; x_wconf 92' lang='grc' dir='ltr'><strong>ιιι</strong></span> <span class='ocrx_word' id='word_1_262' title='bbox 856 2307 1050 2351; x_wconf 83' lang='lat' dir='ltr'><strong>octavo</strong></span> <span class='ocrx_word' id='word_1_263' title='bbox 1100 2297 1187 2351; x_wconf 91' lang='lat' dir='ltr'><strong>die</strong></span> <span class='ocrx_word' id='word_1_264' title='bbox 1232 2297 1548 2352; x_wconf 86' lang='lat' dir='ltr'><strong>circumcidi</strong></span> <span class='ocrx_word' id='word_1_265' title='bbox 1593 2311 1823 2351; x_wconf 92' lang='lat' dir='ltr'><strong>cunctos</strong></span> <span class='ocrx_word' id='word_1_266' title='bbox 1870 2306 2143 2366; x_wconf 74' lang='lat' dir='ltr'><strong>Oporteat,</strong></span> 
     </span>
    </p>
   </div>
   <div class='ocr_carea' id='block_1_39' title="bbox 573 2390 2147 2459">
    <p class='ocr_par' dir='ltr' id='par_1_39' title="bbox 573 2390 2147 2459">
     <span class='ocr_line' id='line_1_39' title="bbox 573 2390 2147 2459; baseline 0.001 -17"><span class='ocrx_word' id='word_1_267' title='bbox 573 2392 756 2458; x_wconf 85' lang='lat' dir='ltr'><strong>itaque</strong></span> <span class='ocrx_word' id='word_1_268' title='bbox 785 2405 1002 2444; x_wconf 88' lang='lat' dir='ltr'><strong>summa</strong></span> <span class='ocrx_word' id='word_1_269' title='bbox 1041 2401 1163 2443; x_wconf 91' lang='lat' dir='ltr'><strong>cute</strong></span> <span class='ocrx_word' id='word_1_270' title='bbox 1195 2390 1460 2455; x_wconf 88' lang='lat' dir='ltr'><strong>truncari,</strong></span> <span class='ocrx_word' id='word_1_271' title='bbox 1495 2390 1762 2459; x_wconf 87' lang='lat' dir='ltr'><strong>torqueri,</strong></span> <span class='ocrx_word' id='word_1_272' title='bbox 1809 2390 2018 2445; x_wconf 84' lang='lat' dir='ltr'><strong>ardenti</strong></span> <span class='ocrx_word' id='word_1_273' title='bbox 2062 2399 2147 2443; x_wconf 80' lang='lat' dir='ltr'><strong>tu-</strong></span> 
     </span>
    </p>
   </div>
   <div class='ocr_carea' id='block_1_40' title="bbox 571 2480 2144 2551">
    <p class='ocr_par' dir='ltr' id='par_1_40' title="bbox 571 2480 2144 2551">
     <span class='ocr_line' id='line_1_40' title="bbox 571 2480 2144 2551; baseline 0.003 -17"><span class='ocrx_word' id='word_1_274' title='bbox 571 2495 720 2535; x_wconf 89' lang='lat' dir='ltr'><strong>more</strong></span> <span class='ocrx_word' id='word_1_275' title='bbox 748 2480 1096 2545; x_wconf 81' lang='lat' dir='ltr'><strong>inﬂammari,</strong></span> <span class='ocrx_word' id='word_1_276' title='bbox 1132 2480 1360 2535; x_wconf 88' lang='lat' dir='ltr'><strong>lacerari</strong></span> <span class='ocrx_word' id='word_1_277' title='bbox 1399 2481 1731 2544; x_wconf 78' lang='lat' dir='ltr'><strong>vulneribus,</strong></span> <span class='ocrx_word' id='word_1_278' title='bbox 1756 2491 2031 2551; x_wconf 85' lang='lat' dir='ltr'><strong>postremo</strong></span> <span class='ocrx_word' id='word_1_279' title='bbox 2056 2483 2144 2538; x_wconf 84' lang='lat' dir='ltr'><strong>vix</strong></span> 
     </span>
    </p>
   </div>
   <div class='ocr_carea' id='block_1_41' title="bbox 570 2574 2145 2646">
    <p class='ocr_par' dir='ltr' id='par_1_41' title="bbox 570 2574 2145 2646">
     <span class='ocr_line' id='line_1_41' title="bbox 570 2574 2145 2646; baseline 0.003 -20"><span class='ocrx_word' id='word_1_280' title='bbox 570 2587 725 2630; x_wconf 90' lang='lat' dir='ltr'><strong>natos</strong></span> <span class='ocrx_word' id='word_1_281' title='bbox 757 2576 1095 2630; x_wconf 87' lang='lat' dir='ltr'><strong>medicorum</strong></span> <span class='ocrx_word' id='word_1_282' title='bbox 1122 2583 1239 2630; x_wconf 90' lang='lat' dir='ltr'><strong>arte</strong></span> <span class='ocrx_word' id='word_1_283' title='bbox 1271 2589 1335 2630; x_wconf 90' lang='lat' dir='ltr'><strong>ac</strong></span> <span class='ocrx_word' id='word_1_284' title='bbox 1368 2574 1620 2628; x_wconf 89' lang='lat' dir='ltr'><strong>manibus</strong></span> <span class='ocrx_word' id='word_1_285' title='bbox 1645 2575 1915 2646; x_wconf 82' lang='lat' dir='ltr'><strong>indigere;</strong></span> <span class='ocrx_word' id='word_1_286' title='bbox 1949 2575 2145 2632; x_wconf 89' lang='lat' dir='ltr'><strong>lsmae-</strong></span> 
     </span>
    </p>
   </div>
   <div class='ocr_carea' id='block_1_42' title="bbox 568 2669 2138 2738">
    <p class='ocr_par' dir='ltr' id='par_1_42' title="bbox 568 2669 2138 2738">
     <span class='ocr_line' id='line_1_42' title="bbox 568 2669 2138 2738; baseline 0.003 -19"><span class='ocrx_word' id='word_1_287' title='bbox 568 2669 690 2724; x_wconf 90' lang='lat' dir='ltr'><strong>litas</strong></span> <span class='ocrx_word' id='word_1_288' title='bbox 735 2679 921 2725; x_wconf 90' lang='lat' dir='ltr'><strong>contra</strong></span> <span class='ocrx_word' id='word_1_289' title='bbox 979 2683 1095 2732; x_wconf 88' lang='lat' dir='ltr'><strong>eos,</strong></span> <span class='ocrx_word' id='word_1_290' title='bbox 1153 2669 1243 2738; x_wconf 89' lang='lat' dir='ltr'><strong>qui</strong></span> <span class='ocrx_word' id='word_1_291' title='bbox 1281 2669 1538 2723; x_wconf 86' lang='lat' dir='ltr'><strong>Arabiam</strong></span> <span class='ocrx_word' id='word_1_292' title='bbox 1581 2677 1796 2734; x_wconf 89' lang='lat' dir='ltr'><strong>tenent,</strong></span> <span class='ocrx_word' id='word_1_293' title='bbox 1836 2684 1900 2723; x_wconf 90' lang='lat' dir='ltr'><strong>eo</strong></span> <span class='ocrx_word' id='word_1_294' title='bbox 1941 2671 2047 2724; x_wconf 91' lang='lat' dir='ltr'><strong>situ</strong></span> <span class='ocrx_word' id='word_1_295' title='bbox 2087 2671 2138 2725; x_wconf 91' lang='lat' dir='ltr'><strong>in</strong></span> 
     </span>
    </p>
   </div>
   <div class='ocr_carea' id='block_1_43' title="bbox 565 2759 2140 2824">
    <p class='ocr_par' dir='ltr' id='par_1_43' title="bbox 565 2759 2140 2824">
     <span class='ocr_line' id='line_1_43' title="bbox 565 2759 2140 2824; baseline 0.001 -11"><span class='ocrx_word' id='word_1_296' title='bbox 565 2762 740 2815; x_wconf 84' lang='lat' dir='ltr'><strong>lucem</strong></span> <span class='ocrx_word' id='word_1_297' title='bbox 767 2760 873 2824; x_wconf 88' lang='lat' dir='ltr'><strong>edi,</strong></span> <span class='ocrx_word' id='word_1_298' title='bbox 909 2768 966 2812; x_wconf 92' lang='grc' dir='ltr'><strong>ιιι</strong></span> <span class='ocrx_word' id='word_1_299' title='bbox 990 2773 1181 2814; x_wconf 80' lang='lat' dir='ltr'><strong>Omnes</strong></span> <span class='ocrx_word' id='word_1_300' title='bbox 1214 2761 1356 2814; x_wconf 89' lang='lat' dir='ltr'><strong>circa</strong></span> <span class='ocrx_word' id='word_1_301' title='bbox 1400 2774 1596 2813; x_wconf 89' lang='lat' dir='ltr'><strong>annum</strong></span> <span class='ocrx_word' id='word_1_302' title='bbox 1619 2759 1891 2813; x_wconf 91' lang='lat' dir='ltr'><strong>decimum</strong></span> <span class='ocrx_word' id='word_1_303' title='bbox 1923 2760 2140 2814; x_wconf 87' lang='lat' dir='ltr'><strong>tertium</strong></span> 
     </span>
    </p>
   </div>
   <div class='ocr_carea' id='block_1_44' title="bbox 563 2849 2139 2907">
    <p class='ocr_par' dir='ltr' id='par_1_44' title="bbox 563 2849 2139 2907">
     <span class='ocr_line' id='line_1_44' title="bbox 563 2849 2139 2907; baseline 0 -3"><span class='ocrx_word' id='word_1_304' title='bbox 563 2851 889 2907; x_wconf 83' lang='lat' dir='ltr'><strong>circumcidi</strong></span> <span class='ocrx_word' id='word_1_305' title='bbox 933 2866 1155 2905; x_wconf 80' lang='lat' dir='ltr'><strong>necesse</strong></span> <span class='ocrx_word' id='word_1_306' title='bbox 1201 2851 1291 2904; x_wconf 88' lang='lat' dir='ltr'><strong>sit.</strong></span> <span class='ocrx_word' id='word_1_307' title='bbox 1340 2849 1395 2904; x_wconf 90' lang='lat' dir='ltr'><strong>ld</strong></span> <span class='ocrx_word' id='word_1_308' title='bbox 1432 2851 1577 2905; x_wconf 91' lang='lat' dir='ltr'><strong>enim</strong></span> <span class='ocrx_word' id='word_1_309' title='bbox 1621 2849 1725 2905; x_wconf 88' lang='lat' dir='ltr'><strong>hoc</strong></span> <span class='ocrx_word' id='word_1_310' title='bbox 1759 2850 1824 2904; x_wconf 84' lang='lat' dir='ltr'><strong>tle</strong></span> <span class='ocrx_word' id='word_1_311' title='bbox 1855 2849 2139 2904; x_wconf 87' lang='lat' dir='ltr'><strong>hominum</strong></span> 
     </span>
    </p>
   </div>
   <div class='ocr_carea' id='block_1_45' title="bbox 633 3027 2140 3103">
    <p class='ocr_par' dir='ltr' id='par_1_45' title="bbox 633 3027 2140 3103">
     <span class='ocr_line' id='line_1_45' title="bbox 633 3027 2140 3103; baseline -0.003 -16"><span class='ocrx_word' id='word_1_312' title='bbox 633 3029 743 3101; x_wconf 90' lang='lat'><strong>(96)</strong></span> <span class='ocrx_word' id='word_1_313' title='bbox 781 3032 988 3103; x_wconf 83' lang='lat' dir='ltr'><strong>Viger.,</strong></span> <span class='ocrx_word' id='word_1_314' title='bbox 1019 3031 1081 3085; x_wconf 79' lang='grc' dir='ltr'>τὸ</span> <span class='ocrx_word' id='word_1_315' title='bbox 1109 3029 1408 3102; x_wconf 82' lang='grc' dir='ltr'>ποιητικόν.</span> <span class='ocrx_word' id='word_1_316' title='bbox 1443 3027 1502 3084; x_wconf 88' lang='lat' dir='ltr'><strong>ln</strong></span> <span class='ocrx_word' id='word_1_317' title='bbox 1552 3027 1859 3084; x_wconf 75' lang='lat' dir='ltr'><strong>Philocalia</strong></span> <span class='ocrx_word' id='word_1_318' title='bbox 1897 3029 2050 3085; x_wconf 90' lang='lat' dir='ltr'><strong>deest</strong></span> <span class='ocrx_word' id='word_1_319' title='bbox 2078 3027 2140 3083; x_wconf 80' lang='grc' dir='ltr'><strong>τὸ</strong></span> 
     </span>
    </p>
   </div>
   <div class='ocr_carea' id='block_1_46' title="bbox 562 3103 986 3172">
    <p class='ocr_par' dir='ltr' id='par_1_46' title="bbox 562 3103 986 3172">
     <span class='ocr_line' id='line_1_46' title="bbox 562 3103 986 3172; baseline -0.002 -16"><span class='ocrx_word' id='word_1_320' title='bbox 562 3103 864 3172; x_wconf 77' lang='grc' dir='ltr'>ποιητικόν.</span> <span class='ocrx_word' id='word_1_321' title='bbox 977 3161 986 3170; x_wconf 52' lang='grc'><strong>,</strong></span> 
     </span>
    </p>
   </div>
   <div class='ocr_carea' id='block_1_47' title="bbox 633 3167 2140 3244">
    <p class='ocr_par' dir='ltr' id='par_1_47' title="bbox 633 3167 2140 3244">
     <span class='ocr_line' id='line_1_47' title="bbox 633 3167 2140 3244; baseline -0.002 -17"><span class='ocrx_word' id='word_1_322' title='bbox 633 3167 745 3244; x_wconf 73' lang='lat'><strong>(97)</strong></span> <span class='ocrx_word' id='word_1_323' title='bbox 774 3167 1006 3237; x_wconf 50' lang='lat' dir='ltr'><strong>Philam,</strong></span> <span class='ocrx_word' id='word_1_324' title='bbox 1040 3172 1384 3243; x_wconf 77' lang='grc' dir='ltr'>ἑλκομένους.</span> <span class='ocrx_word' id='word_1_325' title='bbox 1427 3171 1561 3244; x_wconf 54' lang='lat' dir='ltr'><strong>Mor</strong></span> <span class='ocrx_word' id='word_1_326' title='bbox 1581 3169 1751 3225; x_wconf 91' lang='lat' dir='ltr'><strong>editio</strong></span> <span class='ocrx_word' id='word_1_327' title='bbox 1786 3167 1967 3238; x_wconf 83' lang='lat' dir='ltr'><strong>Vigeri</strong></span> <span class='ocrx_word' id='word_1_328' title='bbox 1993 3210 2008 3233; x_wconf 93' lang='lat'><strong>,</strong></span> <span class='ocrx_word' id='word_1_329' title='bbox 2045 3170 2140 3244; x_wconf 75' lang='grc' dir='ltr'><strong>καὶ</strong></span> 
     </span>
    </p>
   </div>
   <div class='ocr_carea' id='block_1_48' title="bbox 2256 2028 3803 2111">
    <p class='ocr_par' dir='ltr' id='par_1_48' title="bbox 2256 2028 3803 2111">
     <span class='ocr_line' id='line_1_48' title="bbox 2256 2028 3803 2111; baseline 0.009 -31"><span class='ocrx_word' id='word_1_330' title='bbox 2256 2028 2595 2100; x_wconf 80' lang='grc' dir='ltr'>όκταήμερον</span> <span class='ocrx_word' id='word_1_331' title='bbox 2635 2032 2831 2095; x_wconf 78' lang='grc' dir='ltr'>αὐτοὺς</span> <span class='ocrx_word' id='word_1_332' title='bbox 2873 2031 3168 2102; x_wconf 78' lang='grc' dir='ltr'>λαμϐάνειν</span> <span class='ocrx_word' id='word_1_333' title='bbox 3214 2037 3541 2107; x_wconf 82' lang='grc' dir='ltr'>περιτομὴν,</span> <span class='ocrx_word' id='word_1_334' title='bbox 3586 2039 3803 2111; x_wconf 76' lang='grc' dir='ltr'>ἀκρωτη-</span> 
     </span>
    </p>
   </div>
   <div class='ocr_carea' id='block_1_49' title="bbox 2258 2120 3802 2202">
    <p class='ocr_par' dir='ltr' id='par_1_49' title="bbox 2258 2120 3802 2202">
     <span class='ocr_line' id='line_1_49' title="bbox 2258 2120 3802 2202; baseline 0.006 -29"><span class='ocrx_word' id='word_1_335' title='bbox 2258 2120 2612 2193; x_wconf 78' lang='grc' dir='ltr'>ριαζομένους</span> <span class='ocrx_word' id='word_1_336' title='bbox 2662 2126 2756 2177; x_wconf 77' lang='grc' dir='ltr'>καὶ</span> <span class='ocrx_word' id='word_1_337' title='bbox 2819 2125 3177 2196; x_wconf 84' lang='grc' dir='ltr'>έλκουμένους</span> <span class='ocrx_word' id='word_1_338' title='bbox 3229 2126 3362 2198; x_wconf 82' lang='grc'>(97),</span> <span class='ocrx_word' id='word_1_339' title='bbox 3414 2130 3509 2182; x_wconf 80' lang='grc' dir='ltr'><strong>καὶ</strong></span> <span class='ocrx_word' id='word_1_340' title='bbox 3560 2130 3802 2202; x_wconf 75' lang='grc' dir='ltr'>φλεγμονῇ</span> 
     </span>
    </p>
   </div>
   <div class='ocr_carea' id='block_1_50' title="bbox 2255 2216 3822 2295">
    <p class='ocr_par' dir='ltr' id='par_1_50' title="bbox 2255 2216 3822 2295">
     <span class='ocr_line' id='line_1_50' title="bbox 2255 2216 3822 2295; baseline 0.006 -30"><span class='ocrx_word' id='word_1_341' title='bbox 2255 2216 2717 2286; x_wconf 84' lang='grc' dir='ltr'>περιπεσομένους</span> <span class='ocrx_word' id='word_1_342' title='bbox 2761 2217 2856 2269; x_wconf 73' lang='grc' dir='ltr'><strong>καὶ</strong></span> <span class='ocrx_word' id='word_1_343' title='bbox 2888 2217 3186 2289; x_wconf 84' lang='grc' dir='ltr'>τραύμασι,</span> <span class='ocrx_word' id='word_1_344' title='bbox 3237 2222 3332 2274; x_wconf 75' lang='grc' dir='ltr'>καὶ</span> <span class='ocrx_word' id='word_1_345' title='bbox 3381 2222 3498 2292; x_wconf 76' lang='grc' dir='ltr'><strong>ἅμα</strong></span> <span class='ocrx_word' id='word_1_346' title='bbox 3528 2227 3594 2295; x_wconf 81' lang='grc' dir='ltr'>τῇ</span> <span class='ocrx_word' id='word_1_347' title='bbox 3632 2226 3704 2288; x_wconf 82' lang='grc' dir='ltr'><strong>εὶς</strong></span> <span class='ocrx_word' id='word_1_348' title='bbox 3731 2224 3822 2276; x_wconf 68' lang='grc' dir='ltr'>τὸν</span> 
     </span>
    </p>
   </div>
   <div class='ocr_carea' id='block_1_51' title="bbox 2255 2304 3806 2388">
    <p class='ocr_par' dir='ltr' id='par_1_51' title="bbox 2255 2304 3806 2388">
     <span class='ocr_line' id='line_1_51' title="bbox 2255 2304 3806 2388; baseline 0.006 -30"><span class='ocrx_word' id='word_1_349' title='bbox 2255 2304 2369 2375; x_wconf 82' lang='grc' dir='ltr'>βίον</span> <span class='ocrx_word' id='word_1_350' title='bbox 2409 2309 2597 2380; x_wconf 80' lang='grc' dir='ltr'>εἰσόδῳ</span> <span class='ocrx_word' id='word_1_351' title='bbox 2653 2310 2852 2382; x_wconf 84' lang='grc' dir='ltr'>ἰατρῶν</span> <span class='ocrx_word' id='word_1_352' title='bbox 2883 2312 3199 2380; x_wconf 79' lang='grc' dir='ltr'>δεομένους·</span> <span class='ocrx_word' id='word_1_353' title='bbox 3231 2312 3340 2366; x_wconf 84' lang='grc' dir='ltr'><strong>τῶν</strong></span> <span class='ocrx_word' id='word_1_354' title='bbox 3371 2314 3428 2367; x_wconf 86' lang='grc' dir='ltr'><strong>δὲ</strong></span> <span class='ocrx_word' id='word_1_355' title='bbox 3464 2316 3522 2368; x_wconf 78' lang='grc' dir='ltr'>ἐν</span> <span class='ocrx_word' id='word_1_356' title='bbox 3571 2316 3806 2388; x_wconf 77' lang='grc' dir='ltr'>Ἰσμαηλέ-</span> 
     </span>
    </p>
   </div>
   <div class='ocr_carea' id='block_1_52' title="bbox 2251 2396 3804 2469">
    <p class='ocr_par' dir='ltr' id='par_1_52' title="bbox 2251 2396 3804 2469">
     <span class='ocr_line' id='line_1_52' title="bbox 2251 2396 3804 2469; baseline 0.004 -22"><span class='ocrx_word' id='word_1_357' title='bbox 2251 2411 2372 2458; x_wconf 87' lang='grc' dir='ltr'>ταις</span> <span class='ocrx_word' id='word_1_358' title='bbox 2399 2396 2508 2468; x_wconf 88' lang='lat'><strong>(98)</strong></span> <span class='ocrx_word' id='word_1_359' title='bbox 2535 2399 2647 2461; x_wconf 83' lang='grc' dir='ltr'>τοῖς</span> <span class='ocrx_word' id='word_1_360' title='bbox 2671 2397 2814 2451; x_wconf 76' lang='grc' dir='ltr'>κατὰ</span> <span class='ocrx_word' id='word_1_361' title='bbox 2838 2398 2936 2469; x_wconf 85' lang='grc' dir='ltr'>τὴν</span> <span class='ocrx_word' id='word_1_362' title='bbox 2973 2397 3229 2469; x_wconf 77' lang='grc' dir='ltr'>Ἀραϐίαν</span> <span class='ocrx_word' id='word_1_363' title='bbox 3265 2399 3492 2463; x_wconf 84' lang='grc' dir='ltr'>τοιόνδε,</span> <span class='ocrx_word' id='word_1_364' title='bbox 3522 2401 3595 2464; x_wconf 84' lang='grc' dir='ltr'><strong>ὡς</strong></span> <span class='ocrx_word' id='word_1_365' title='bbox 3628 2401 3804 2464; x_wconf 81' lang='grc' dir='ltr'>πάντας</span> 
     </span>
    </p>
   </div>
   <div class='ocr_carea' id='block_1_53' title="bbox 2253 2489 3805 2563">
    <p class='ocr_par' dir='ltr' id='par_1_53' title="bbox 2253 2489 3805 2563">
     <span class='ocr_line' id='line_1_53' title="bbox 2253 2489 3805 2563; baseline 0.003 -22"><span class='ocrx_word' id='word_1_366' title='bbox 2253 2489 2669 2561; x_wconf 83' lang='grc' dir='ltr'>περιτέμνεσθαι</span> <span class='ocrx_word' id='word_1_367' title='bbox 2691 2491 3186 2561; x_wconf 82' lang='grc' dir='ltr'>τρισκαιδεκαετεῖς</span> <span class='ocrx_word' id='word_1_368' title='bbox 3204 2510 3218 2522; x_wconf 77' lang='grc' dir='ltr'><strong><em>ο</em></strong></span> <span class='ocrx_word' id='word_1_369' title='bbox 3243 2491 3404 2545; x_wconf 80' lang='grc' dir='ltr'>τοῦτο</span> <span class='ocrx_word' id='word_1_370' title='bbox 3426 2491 3537 2562; x_wconf 87' lang='grc' dir='ltr'><strong>γὰρ</strong></span> <span class='ocrx_word' id='word_1_371' title='bbox 3563 2493 3805 2563; x_wconf 72' lang='grc' dir='ltr'>ἱστόρηται</span> 
     </span>
    </p>
   </div>
   <div class='ocr_carea' id='block_1_54' title="bbox 2254 2580 3801 2652">
    <p class='ocr_par' dir='ltr' id='par_1_54' title="bbox 2254 2580 3801 2652">
     <span class='ocr_line' id='line_1_54' title="bbox 2254 2580 3801 2652; baseline 0.007 -21"><span class='ocrx_word' id='word_1_372' title='bbox 2254 2580 2381 2650; x_wconf 74' lang='grc' dir='ltr'>περὶ</span> <span class='ocrx_word' id='word_1_373' title='bbox 2415 2581 2621 2642; x_wconf 82' lang='grc' dir='ltr'>αὐτῶν,</span> <span class='ocrx_word' id='word_1_374' title='bbox 2664 2581 2756 2633; x_wconf 74' lang='grc' dir='ltr'>καὶ</span> <span class='ocrx_word' id='word_1_375' title='bbox 2786 2581 2945 2634; x_wconf 82' lang='grc' dir='ltr'>πάλιν</span> <span class='ocrx_word' id='word_1_376' title='bbox 2977 2581 3142 2636; x_wconf 82' lang='grc' dir='ltr'>τῶνδὲ</span> <span class='ocrx_word' id='word_1_377' title='bbox 3174 2599 3335 2635; x_wconf 88' lang='grc' dir='ltr'>τινων</span> <span class='ocrx_word' id='word_1_378' title='bbox 3363 2581 3472 2634; x_wconf 81' lang='grc' dir='ltr'><strong>τῶν</strong></span> <span class='ocrx_word' id='word_1_379' title='bbox 3506 2582 3565 2634; x_wconf 82' lang='grc' dir='ltr'><strong>ἐν</strong></span> <span class='ocrx_word' id='word_1_380' title='bbox 3596 2583 3801 2652; x_wconf 65' lang='grc' dir='ltr'>Αἰθίοψι,</span> 
     </span>
    </p>
   </div>
   <div class='ocr_carea' id='block_1_55' title="bbox 2247 2671 3804 2748">
    <p class='ocr_par' dir='ltr' id='par_1_55' title="bbox 2247 2671 3804 2748">
     <span class='ocr_line' id='line_1_55' title="bbox 2247 2671 3804 2748; baseline 0.004 -26"><span class='ocrx_word' id='word_1_381' title='bbox 2247 2671 2419 2724; x_wconf 88' lang='grc' dir='ltr'>τοῖσδε</span> <span class='ocrx_word' id='word_1_382' title='bbox 2449 2671 2548 2735; x_wconf 85' lang='grc' dir='ltr'><strong>τὰς</strong></span> <span class='ocrx_word' id='word_1_383' title='bbox 2590 2671 2794 2743; x_wconf 82' lang='grc' dir='ltr'>κόγχας</span> <span class='ocrx_word' id='word_1_384' title='bbox 2826 2673 2934 2726; x_wconf 79' lang='grc' dir='ltr'>τῶν</span> <span class='ocrx_word' id='word_1_385' title='bbox 2967 2673 3208 2742; x_wconf 87' lang='grc' dir='ltr'>γονάτων</span> <span class='ocrx_word' id='word_1_386' title='bbox 3257 2673 3661 2748; x_wconf 84' lang='grc' dir='ltr'>περιαιρεῖσθαι</span> <span class='ocrx_word' id='word_1_387' title='bbox 3696 2677 3804 2744; x_wconf 70' lang='grc'><strong>(99).</strong></span> 
     </span>
    </p>
   </div>
   <div class='ocr_carea' id='block_1_56' title="bbox 2249 2761 3804 2836">
    <p class='ocr_par' dir='ltr' id='par_1_56' title="bbox 2249 2761 3804 2836">
     <span class='ocr_line' id='line_1_56' title="bbox 2249 2761 3804 2836; baseline 0.002 -23"><span class='ocrx_word' id='word_1_388' title='bbox 2249 2761 2340 2814; x_wconf 79' lang='grc' dir='ltr'>καὶ</span> <span class='ocrx_word' id='word_1_389' title='bbox 2371 2761 2480 2814; x_wconf 85' lang='grc' dir='ltr'><strong>τῶν</strong></span> <span class='ocrx_word' id='word_1_390' title='bbox 2527 2761 2837 2833; x_wconf 79' lang='grc' dir='ltr'>Ἀμαζόνων</span> <span class='ocrx_word' id='word_1_391' title='bbox 2866 2766 2991 2827; x_wconf 83' lang='grc' dir='ltr'>τοὺς</span> <span class='ocrx_word' id='word_1_392' title='bbox 3023 2765 3242 2836; x_wconf 79' lang='grc' dir='ltr'>ἐτέρους</span> <span class='ocrx_word' id='word_1_393' title='bbox 3272 2765 3380 2819; x_wconf 82' lang='grc' dir='ltr'><strong>τῶν</strong></span> <span class='ocrx_word' id='word_1_394' title='bbox 3419 2765 3657 2836; x_wconf 79' lang='grc' dir='ltr'>μαστῶν.</span> <span class='ocrx_word' id='word_1_395' title='bbox 3705 2765 3804 2826; x_wconf 83' lang='grc' dir='ltr'><strong>Πῶς</strong></span> 
     </span>
    </p>
   </div>
   <div class='ocr_carea' id='block_1_57' title="bbox 2251 2852 3810 2927">
    <p class='ocr_par' dir='ltr' id='par_1_57' title="bbox 2251 2852 3810 2927">
     <span class='ocr_line' id='line_1_57' title="bbox 2251 2852 3810 2927; baseline 0.003 -21"><span class='ocrx_word' id='word_1_396' title='bbox 2251 2852 2358 2926; x_wconf 82' lang='grc' dir='ltr'>γὰρ</span> <span class='ocrx_word' id='word_1_397' title='bbox 2385 2853 2557 2908; x_wconf 81' lang='grc' dir='ltr'>ταῦτα</span> <span class='ocrx_word' id='word_1_398' title='bbox 2577 2854 2820 2908; x_wconf 76' lang='grc' dir='ltr'>ποιοῦσιν</span> <span class='ocrx_word' id='word_1_399' title='bbox 2837 2854 2910 2926; x_wconf 88' lang='grc'><strong>(1)</strong></span> <span class='ocrx_word' id='word_1_400' title='bbox 2939 2857 2990 2909; x_wconf 82' lang='grc' dir='ltr'>οἱ</span> <span class='ocrx_word' id='word_1_401' title='bbox 3011 2856 3242 2927; x_wconf 84' lang='grc' dir='ltr'>ἀστέρες</span> <span class='ocrx_word' id='word_1_402' title='bbox 3263 2857 3440 2910; x_wconf 85' lang='grc' dir='ltr'>τοῖσδε</span> <span class='ocrx_word' id='word_1_403' title='bbox 3464 2860 3580 2922; x_wconf 83' lang='grc' dir='ltr'>τοῖς</span> <span class='ocrx_word' id='word_1_404' title='bbox 3605 2856 3810 2926; x_wconf 72' lang='grc' dir='ltr'>ἔθνεσιν;</span> 
     </span>
    </p>
   </div>
   <div class='ocr_carea' id='block_1_58' title="bbox 2249 3029 3810 3103">
    <p class='ocr_par' dir='ltr' id='par_1_58' title="bbox 2249 3029 3810 3103">
     <span class='ocr_line' id='line_1_58' title="bbox 2249 3029 3810 3103; baseline -0.001 -17"><span class='ocrx_word' id='word_1_405' title='bbox 2249 3029 2486 3087; x_wconf 88' lang='lat' dir='ltr'><strong>obtectis</strong></span> <span class='ocrx_word' id='word_1_406' title='bbox 2508 3030 2818 3088; x_wconf 88' lang='lat' dir='ltr'><strong>nominibus</strong></span> <span class='ocrx_word' id='word_1_407' title='bbox 2850 3031 3134 3102; x_wconf 83' lang='lat' dir='ltr'><strong>Scriptura</strong></span> <span class='ocrx_word' id='word_1_408' title='bbox 3160 3031 3589 3103; x_wconf 84' lang='lat' dir='ltr'><strong>nuncupaverit,</strong></span> <span class='ocrx_word' id='word_1_409' title='bbox 3620 3047 3685 3087; x_wconf 89' lang='lat' dir='ltr'><strong>ne</strong></span> <span class='ocrx_word' id='word_1_410' title='bbox 3733 3046 3810 3099; x_wconf 82' lang='lat' dir='ltr'><strong>per</strong></span> 
     </span>
    </p>
   </div>
   <div class='ocr_carea' id='block_1_59' title="bbox 2247 3103 3807 3172">
    <p class='ocr_par' dir='ltr' id='par_1_59' title="bbox 2247 3103 3807 3172">
     <span class='ocr_line' id='line_1_59' title="bbox 2247 3103 3807 3172; baseline -0.001 -17"><span class='ocrx_word' id='word_1_411' title='bbox 2247 3117 2312 3155; x_wconf 88' lang='lat' dir='ltr'><strong>ea</strong></span> <span class='ocrx_word' id='word_1_412' title='bbox 2345 3103 2598 3157; x_wconf 87' lang='lat' dir='ltr'><strong>vocabula</strong></span> <span class='ocrx_word' id='word_1_413' title='bbox 2649 3119 2769 3169; x_wconf 67' lang='lat' dir='ltr'><strong>quae</strong></span> <span class='ocrx_word' id='word_1_414' title='bbox 2826 3105 2875 3156; x_wconf 94' lang='lat' dir='ltr'><strong>iu</strong></span> <span class='ocrx_word' id='word_1_415' title='bbox 2928 3115 3176 3172; x_wconf 89' lang='lat' dir='ltr'><strong>promptu</strong></span> <span class='ocrx_word' id='word_1_416' title='bbox 3229 3114 3377 3166; x_wconf 91' lang='lat' dir='ltr'><strong>sunt,</strong></span> <span class='ocrx_word' id='word_1_417' title='bbox 3442 3103 3807 3171; x_wconf 81' lang='lat' dir='ltr'><strong>turpitudinem</strong></span> 
     </span>
    </p>
   </div>
   <div class='ocr_carea' id='block_1_60' title="bbox 2249 3172 3809 3242">
    <p class='ocr_par' dir='ltr' id='par_1_60' title="bbox 2249 3172 3809 3242">
     <span class='ocr_line' id='line_1_60' title="bbox 2249 3172 3809 3242; baseline 0.002 -19"><span class='ocrx_word' id='word_1_418' title='bbox 2249 3173 2603 3242; x_wconf 82' lang='lat' dir='ltr'><strong>signiﬁcaret.</strong></span> <span class='ocrx_word' id='word_1_419' title='bbox 2639 3172 2694 3226; x_wconf 91' lang='lat' dir='ltr'><strong>Si</strong></span> <span class='ocrx_word' id='word_1_420' title='bbox 2734 3173 3065 3228; x_wconf 89' lang='lat' dir='ltr'><strong>intellectum</strong></span> <span class='ocrx_word' id='word_1_421' title='bbox 3093 3186 3177 3227; x_wconf 85' lang='lat' dir='ltr'><strong>est</strong></span> <span class='ocrx_word' id='word_1_422' title='bbox 3205 3174 3519 3242; x_wconf 79' lang='lat' dir='ltr'><strong>exemplum</strong></span> <span class='ocrx_word' id='word_1_423' title='bbox 3546 3173 3686 3241; x_wconf 86' lang='lat' dir='ltr'><strong>quod</strong></span> <span class='ocrx_word' id='word_1_424' title='bbox 3713 3187 3809 3240; x_wconf 88' lang='lat' dir='ltr'><strong>pro-</strong></span> 
     </span>
    </p>
   </div>
   <div class='ocr_carea' id='block_1_61' title="bbox 559 3239 2133 3315">
    <p class='ocr_par' dir='ltr' id='par_1_61' title="bbox 559 3239 2133 3315">
     <span class='ocr_line' id='line_1_61' title="bbox 559 3239 2133 3315; baseline -0.008 -10"><span class='ocrx_word' id='word_1_425' title='bbox 559 3239 835 3315; x_wconf 68' lang='grc' dir='ltr'>φλέγμονῇ</span> <span class='ocrx_word' id='word_1_426' title='bbox 897 3239 1380 3314; x_wconf 80' lang='grc' dir='ltr'>περιπεσομένους.</span> <span class='ocrx_word' id='word_1_427' title='bbox 1436 3239 1681 3306; x_wconf 74' lang='grc' dir='ltr'>ΡΙιίιοε.,</span> <span class='ocrx_word' id='word_1_428' title='bbox 1736 3241 2133 3311; x_wconf 84' lang='grc' dir='ltr'>περιπεσουμέ-</span> 
     </span>
    </p>
   </div>
   <div class='ocr_carea' id='block_1_62' title="bbox 2242 3239 3814 3315">
    <p class='ocr_par' dir='ltr' id='par_1_62' title="bbox 2247 3239 3814 3315">
     <span class='ocr_line' id='line_1_62' title="bbox 2247 3239 3814 3315; baseline 0 -21"><span class='ocrx_word' id='word_1_429' title='bbox 2247 3239 2470 3315; x_wconf 75' lang='lat' dir='ltr'><strong>tulimus</strong></span> <span class='ocrx_word' id='word_1_430' title='bbox 2501 3243 2567 3297; x_wconf 82' lang='lat' dir='ltr'><strong>de</strong></span> <span class='ocrx_word' id='word_1_431' title='bbox 2596 3242 2729 3315; x_wconf 72' lang='lat' dir='ltr'><strong>Job.</strong></span> <span class='ocrx_word' id='word_1_432' title='bbox 2755 3244 2998 3314; x_wconf 87' lang='lat' dir='ltr'><strong>intellige</strong></span> <span class='ocrx_word' id='word_1_433' title='bbox 3025 3244 3155 3315; x_wconf 81' lang='lat' dir='ltr'><strong>milii</strong></span> <span class='ocrx_word' id='word_1_434' title='bbox 3192 3245 3343 3313; x_wconf 89' lang='lat' dir='ltr'><strong>quia,</strong></span> <span class='ocrx_word' id='word_1_435' title='bbox 3368 3239 3439 3297; x_wconf 26' lang='lat' dir='ltr'><strong>int</strong></span> <span class='ocrx_word' id='word_1_436' title='bbox 3472 3239 3676 3315; x_wconf 28' lang='lat' dir='ltr'><strong>indviro</strong></span> <span class='ocrx_word' id='word_1_437' title='bbox 3697 3239 3814 3310; x_wconf 59' lang='lat' dir='ltr'><strong>pra}-</strong></span> 
     </span>
    </p>
   </div>
   <div class='ocr_carea' id='block_1_63' title="bbox 556 3331 701 3378">
    <p class='ocr_par' dir='ltr' id='par_1_63' title="bbox 556 3331 701 3378">
     <span class='ocr_line' id='line_1_63' title="bbox 556 3331 701 3378; baseline -0.021 -9"><span class='ocrx_word' id='word_1_438' title='bbox 556 3331 701 3378; x_wconf 82' lang='grc' dir='ltr'>νους.</span> 
     </span>
    </p>
   </div>
   <div class='ocr_carea' id='block_1_64' title="bbox 627 3380 2136 3456">
    <p class='ocr_par' dir='ltr' id='par_1_64' title="bbox 627 3380 2136 3456">
     <span class='ocr_line' id='line_1_64' title="bbox 627 3380 2136 3456; baseline -0.007 -15"><span class='ocrx_word' id='word_1_439' title='bbox 627 3385 744 3456; x_wconf 14' lang='grc'>(98),</span> <span class='ocrx_word' id='word_1_440' title='bbox 781 3384 904 3438; x_wconf 81' lang='grc' dir='ltr'><strong>Τῶν</strong></span> <span class='ocrx_word' id='word_1_441' title='bbox 931 3384 1000 3438; x_wconf 81' lang='grc' dir='ltr'><strong>δὲ</strong></span> <span class='ocrx_word' id='word_1_442' title='bbox 1026 3385 1112 3456; x_wconf 60' lang='grc' dir='ltr'><strong>ἐν,</strong></span> <span class='ocrx_word' id='word_1_443' title='bbox 1129 3383 1543 3454; x_wconf 67' lang='grc' dir='ltr'>Ἰσμαηλίταις,</span> <span class='ocrx_word' id='word_1_444' title='bbox 1571 3390 1678 3456; x_wconf 85' lang='lat' dir='ltr'><strong>etc.</strong></span> <span class='ocrx_word' id='word_1_445' title='bbox 1701 3381 1809 3436; x_wconf 80' lang='lat' dir='ltr'><strong>Nec</strong></span> <span class='ocrx_word' id='word_1_446' title='bbox 1836 3380 1869 3433; x_wconf 92' lang='lat' dir='ltr'><strong>ii</strong></span> <span class='ocrx_word' id='word_1_447' title='bbox 1903 3389 2136 3442; x_wconf 85' lang='lat' dir='ltr'><strong>tantum,</strong></span> 
     </span>
    </p>
   </div>
   <div class='ocr_carea' id='block_1_65' title="bbox 557 3455 2137 3525">
    <p class='ocr_par' dir='ltr' id='par_1_65' title="bbox 557 3455 2137 3525">
     <span class='ocr_line' id='line_1_65' title="bbox 557 3455 2137 3525; baseline -0.002 -18"><span class='ocrx_word' id='word_1_448' title='bbox 557 3458 652 3509; x_wconf 87' lang='lat' dir='ltr'><strong>sed</strong></span> <span class='ocrx_word' id='word_1_449' title='bbox 683 3455 931 3525; x_wconf 64' lang='lat' dir='ltr'><strong>Egyptii</strong></span> <span class='ocrx_word' id='word_1_450' title='bbox 963 3455 1128 3510; x_wconf 88' lang='lat' dir='ltr'><strong>etiam</strong></span> <span class='ocrx_word' id='word_1_451' title='bbox 1177 3464 1466 3525; x_wconf 86' lang='lat' dir='ltr'><strong>appetente</strong></span> <span class='ocrx_word' id='word_1_452' title='bbox 1494 3455 1709 3507; x_wconf 87' lang='lat' dir='ltr'><strong>decimo</strong></span> <span class='ocrx_word' id='word_1_453' title='bbox 1743 3459 1940 3525; x_wconf 73' lang='lat' dir='ltr'><strong>quarto</strong></span> <span class='ocrx_word' id='word_1_454' title='bbox 1992 3466 2137 3525; x_wconf 77' lang='lat' dir='ltr'><strong>aule</strong></span> 
     </span>
    </p>
   </div>
   <div class='ocr_carea' id='block_1_66' title="bbox 558 3521 2136 3580">
    <p class='ocr_par' dir='ltr' id='par_1_66' title="bbox 558 3521 2136 3580">
     <span class='ocr_line' id='line_1_66' title="bbox 558 3521 2136 3580; baseline 0 -6"><span class='ocrx_word' id='word_1_455' title='bbox 558 3521 1096 3580; x_wconf 56' lang='lat' dir='ltr'><strong>rircutncit&#39;lebantnr</strong></span> <span class='ocrx_word' id='word_1_456' title='bbox 1147 3541 1161 3578; x_wconf 91' lang='lat'><strong>:</strong></span> <span class='ocrx_word' id='word_1_457' title='bbox 1214 3521 1374 3579; x_wconf 78' lang='lat' dir='ltr'><strong>testis</strong></span> <span class='ocrx_word' id='word_1_458' title='bbox 1432 3525 1754 3578; x_wconf 84' lang='lat' dir='ltr'><strong>Ambrosius</strong></span> <span class='ocrx_word' id='word_1_459' title='bbox 1812 3521 1910 3574; x_wconf 89' lang='lat' dir='ltr'><strong>lib.</strong></span> <span class='ocrx_word' id='word_1_460' title='bbox 1968 3537 2006 3574; x_wconf 92' lang='grc' dir='ltr'><strong>ιι</strong></span> <span class='ocrx_word' id='word_1_461' title='bbox 2061 3521 2136 3574; x_wconf 87' lang='lat' dir='ltr'><strong>De</strong></span> 
     </span>
    </p>
   </div>
   <div class='ocr_carea' id='block_1_67' title="bbox 554 3591 2135 3665">
    <p class='ocr_par' dir='ltr' id='par_1_67' title="bbox 554 3591 2135 3665">
     <span class='ocr_line' id='line_1_67' title="bbox 554 3591 2135 3665; baseline -0.004 -18"><span class='ocrx_word' id='word_1_462' title='bbox 554 3597 774 3660; x_wconf 75' lang='lat' dir='ltr'><strong>Abrah.,</strong></span> <span class='ocrx_word' id='word_1_463' title='bbox 807 3611 927 3665; x_wconf 88' lang='lat' dir='ltr'><strong>cap.</strong></span> <span class='ocrx_word' id='word_1_464' title='bbox 958 3597 1016 3650; x_wconf 83' lang='grc' dir='ltr'>Η</span> <span class='ocrx_word' id='word_1_465' title='bbox 1049 3615 1063 3650; x_wconf 89' lang='lat'>:</span> <span class='ocrx_word' id='word_1_466' title='bbox 1104 3615 1122 3647; x_wconf 82' lang='lat' dir='ltr'><strong>t</strong></span> <span class='ocrx_word' id='word_1_467' title='bbox 1153 3595 1394 3665; x_wconf 65' lang='lat' dir='ltr'><strong>Egyptii</strong></span> <span class='ocrx_word' id='word_1_468' title='bbox 1423 3593 1831 3665; x_wconf 81' lang='lat' dir='ltr'><strong>quartodecimo</strong></span> <span class='ocrx_word' id='word_1_469' title='bbox 1860 3607 2002 3665; x_wconf 87' lang='lat' dir='ltr'><strong>anno</strong></span> <span class='ocrx_word' id='word_1_470' title='bbox 2025 3591 2135 3644; x_wconf 86' lang='lat' dir='ltr'><strong>cir-</strong></span> 
     </span>
    </p>
   </div>
   <div class='ocr_carea' id='block_1_68' title="bbox 555 3663 2135 3726">
    <p class='ocr_par' dir='ltr' id='par_1_68' title="bbox 555 3663 2135 3726">
     <span class='ocr_line' id='line_1_68' title="bbox 555 3663 2135 3726; baseline -0.003 -11"><span class='ocrx_word' id='word_1_471' title='bbox 555 3663 1108 3726; x_wconf 36' lang='lat' dir='ltr'><strong>cumcidunt—mares,</strong></span> <span class='ocrx_word' id='word_1_472' title='bbox 1141 3676 1194 3721; x_wconf 91' lang='lat' dir='ltr'><strong>et</strong></span> <span class='ocrx_word' id='word_1_473' title='bbox 1223 3663 1457 3719; x_wconf 75' lang='lat' dir='ltr'><strong>fetutinas</strong></span> <span class='ocrx_word' id='word_1_474' title='bbox 1481 3663 1672 3718; x_wconf 90' lang='lat' dir='ltr'><strong>eodem</strong></span> <span class='ocrx_word' id='word_1_475' title='bbox 1706 3676 1850 3716; x_wconf 90' lang='lat' dir='ltr'><strong>anno</strong></span> <span class='ocrx_word' id='word_1_476' title='bbox 1896 3663 2135 3716; x_wconf 89' lang='lat' dir='ltr'><strong>circum-</strong></span> 
     </span>
    </p>
   </div>
   <div class='ocr_carea' id='block_1_69' title="bbox 552 3730 2133 3805">
    <p class='ocr_par' dir='ltr' id='par_1_69' title="bbox 552 3730 2133 3805">
     <span class='ocr_line' id='line_1_69' title="bbox 552 3730 2133 3805; baseline -0.004 -17"><span class='ocrx_word' id='word_1_477' title='bbox 552 3737 659 3788; x_wconf 89' lang='lat' dir='ltr'><strong>cidi</strong></span> <span class='ocrx_word' id='word_1_478' title='bbox 688 3735 908 3798; x_wconf 83' lang='lat' dir='ltr'><strong>ferunt,</strong></span> <span class='ocrx_word' id='word_1_479' title='bbox 939 3739 1080 3805; x_wconf 91' lang='lat' dir='ltr'><strong>quod</strong></span> <span class='ocrx_word' id='word_1_480' title='bbox 1117 3739 1183 3791; x_wconf 89' lang='lat' dir='ltr'><strong>ab</strong></span> <span class='ocrx_word' id='word_1_481' title='bbox 1210 3751 1277 3789; x_wconf 91' lang='lat' dir='ltr'><strong>eo</strong></span> <span class='ocrx_word' id='word_1_482' title='bbox 1310 3735 1562 3788; x_wconf 85' lang='lat' dir='ltr'><strong>videlicet</strong></span> <span class='ocrx_word' id='word_1_483' title='bbox 1589 3747 1730 3787; x_wconf 91' lang='lat' dir='ltr'><strong>anno</strong></span> <span class='ocrx_word' id='word_1_484' title='bbox 1764 3731 1986 3798; x_wconf 90' lang='lat' dir='ltr'><strong>incipiat</strong></span> <span class='ocrx_word' id='word_1_485' title='bbox 2037 3730 2133 3784; x_wconf 88' lang='lat' dir='ltr'><strong>fla-</strong></span> 
     </span>
    </p>
   </div>
   <div class='ocr_carea' id='block_1_70' title="bbox 551 3805 2133 3874">
    <p class='ocr_par' dir='ltr' id='par_1_70' title="bbox 551 3805 2133 3874">
     <span class='ocr_line' id='line_1_70' title="bbox 551 3805 2133 3874; baseline -0.004 -15"><span class='ocrx_word' id='word_1_486' title='bbox 551 3823 710 3874; x_wconf 84' lang='lat' dir='ltr'><strong>grare</strong></span> <span class='ocrx_word' id='word_1_487' title='bbox 740 3808 918 3874; x_wconf 84' lang='lat' dir='ltr'><strong>passio</strong></span> <span class='ocrx_word' id='word_1_488' title='bbox 945 3808 1138 3863; x_wconf 80' lang='lat' dir='ltr'><strong>virilis.</strong></span> <span class='ocrx_word' id='word_1_489' title='bbox 1167 3817 1222 3861; x_wconf 89' lang='lat' dir='ltr'><strong>et</strong></span> <span class='ocrx_word' id='word_1_490' title='bbox 1245 3805 1572 3858; x_wconf 86' lang='lat' dir='ltr'><strong>feminarum</strong></span> <span class='ocrx_word' id='word_1_491' title='bbox 1611 3813 1887 3874; x_wconf 64' lang='lat' dir='ltr'><strong>menstrua</strong></span> <span class='ocrx_word' id='word_1_492' title='bbox 1913 3807 2133 3874; x_wconf 78' lang='lat' dir='ltr'><strong>sumant</strong></span> 
     </span>
    </p>
   </div>
   <div class='ocr_carea' id='block_1_71' title="bbox 551 3871 2131 3936">
    <p class='ocr_par' dir='ltr' id='par_1_71' title="bbox 551 3871 2131 3936">
     <span class='ocr_line' id='line_1_71' title="bbox 551 3871 2131 3936; baseline -0.002 -11"><span class='ocrx_word' id='word_1_493' title='bbox 551 3871 810 3936; x_wconf 57' lang='lat' dir='ltr'><strong>Exordia;</strong></span> <span class='ocrx_word' id='word_1_494' title='bbox 860 3897 877 3928; x_wconf 76' lang='grc' dir='ltr'><strong>ι</strong></span> <span class='ocrx_word' id='word_1_495' title='bbox 917 3888 970 3928; x_wconf 88' lang='lat' dir='ltr'><strong>et</strong></span> <span class='ocrx_word' id='word_1_496' title='bbox 1007 3879 1206 3930; x_wconf 83' lang='lat' dir='ltr'><strong>Strabo</strong></span> <span class='ocrx_word' id='word_1_497' title='bbox 1252 3876 1346 3928; x_wconf 90' lang='lat' dir='ltr'><strong>lib.</strong></span> <span class='ocrx_word' id='word_1_498' title='bbox 1396 3889 1504 3928; x_wconf 78' lang='lat' dir='ltr'><strong>xvtt</strong></span> <span class='ocrx_word' id='word_1_499' title='bbox 1543 3889 1555 3926; x_wconf 89' lang='lat'><strong>:</strong></span> <span class='ocrx_word' id='word_1_500' title='bbox 1593 3873 1706 3925; x_wconf 71' lang='grc' dir='ltr'><strong>Καὶ</strong></span> <span class='ocrx_word' id='word_1_501' title='bbox 1734 3871 1889 3924; x_wconf 79' lang='grc' dir='ltr'>τοῦτο</span> <span class='ocrx_word' id='word_1_502' title='bbox 1931 3871 1987 3924; x_wconf 79' lang='grc' dir='ltr'><strong>δὲ</strong></span> <span class='ocrx_word' id='word_1_503' title='bbox 2022 3871 2131 3923; x_wconf 79' lang='grc' dir='ltr'>τῶν</span> 
     </span>
    </p>
   </div>
   <div class='ocr_carea' id='block_1_72' title="bbox 551 3941 2132 4017">
    <p class='ocr_par' dir='ltr' id='par_1_72' title="bbox 551 3941 2132 4017">
     <span class='ocr_line' id='line_1_72' title="bbox 551 3941 2132 4017; baseline -0.003 -20"><span class='ocrx_word' id='word_1_504' title='bbox 551 3945 898 4017; x_wconf 76' lang='grc' dir='ltr'>ζηλουμένων</span> <span class='ocrx_word' id='word_1_505' title='bbox 936 3946 1169 4016; x_wconf 76' lang='grc' dir='ltr'>μάλιστα</span> <span class='ocrx_word' id='word_1_506' title='bbox 1208 3946 1334 4016; x_wconf 82' lang='grc' dir='ltr'>παρ’</span> <span class='ocrx_word' id='word_1_507' title='bbox 1359 3945 1563 4017; x_wconf 76' lang='grc' dir='ltr'>αὐτοῖς,</span> <span class='ocrx_word' id='word_1_508' title='bbox 1597 3943 1661 4017; x_wconf 81' lang='grc' dir='ltr'><strong>τὸ</strong></span> <span class='ocrx_word' id='word_1_509' title='bbox 1696 3943 1874 3994; x_wconf 84' lang='grc' dir='ltr'>πάντα</span> <span class='ocrx_word' id='word_1_510' title='bbox 1897 3941 2132 4017; x_wconf 21' lang='grc' dir='ltr'>*τρέφειν</span> 
     </span>
    </p>
   </div>
   <div class='ocr_carea' id='block_1_73' title="bbox 549 4012 2132 4086">
    <p class='ocr_par' dir='ltr' id='par_1_73' title="bbox 549 4012 2132 4086">
     <span class='ocr_line' id='line_1_73' title="bbox 549 4012 2132 4086; baseline -0.003 -16"><span class='ocrx_word' id='word_1_511' title='bbox 549 4012 618 4070; x_wconf 77' lang='grc' dir='ltr'><em>τᾶ</em></span> <span class='ocrx_word' id='word_1_512' title='bbox 646 4012 961 4086; x_wconf 77' lang='grc' dir='ltr'>γεννώμενα</span> <span class='ocrx_word' id='word_1_513' title='bbox 985 4017 1190 4080; x_wconf 85' lang='grc' dir='ltr'>παιδία,</span> <span class='ocrx_word' id='word_1_514' title='bbox 1216 4012 1307 4069; x_wconf 66' lang='grc' dir='ltr'>καὶ</span> <span class='ocrx_word' id='word_1_515' title='bbox 1333 4015 1394 4068; x_wconf 88' lang='grc' dir='ltr'><strong>τὸ</strong></span> <span class='ocrx_word' id='word_1_516' title='bbox 1423 4013 1786 4086; x_wconf 71' lang='grc' dir='ltr'>περιτέμνειν,</span> <span class='ocrx_word' id='word_1_517' title='bbox 1825 4013 1918 4064; x_wconf 74' lang='grc' dir='ltr'><strong>καὶ</strong></span> <span class='ocrx_word' id='word_1_518' title='bbox 1938 4012 2004 4064; x_wconf 72' lang='grc' dir='ltr'>τὰ</span> <span class='ocrx_word' id='word_1_519' title='bbox 2036 4012 2132 4084; x_wconf 87' lang='grc' dir='ltr'><strong>θή-</strong></span> 
     </span>
    </p>
   </div>
   <div class='ocr_carea' id='block_1_74' title="bbox 550 4084 2130 4155">
    <p class='ocr_par' dir='ltr' id='par_1_74' title="bbox 550 4084 2130 4155">
     <span class='ocr_line' id='line_1_74' title="bbox 550 4084 2130 4155; baseline -0.001 -17"><span class='ocrx_word' id='word_1_520' title='bbox 550 4087 645 4140; x_wconf 81' lang='grc' dir='ltr'>λεα</span> <span class='ocrx_word' id='word_1_521' title='bbox 675 4084 978 4155; x_wconf 77' lang='grc' dir='ltr'>ἐκτέμνειν.</span> <span class='ocrx_word' id='word_1_522' title='bbox 1008 4107 1024 4136; x_wconf 77' lang='grc' dir='ltr'><strong>ι</strong></span> <span class='ocrx_word' id='word_1_523' title='bbox 1057 4090 1109 4138; x_wconf 88' lang='lat' dir='ltr'><strong>td</strong></span> <span class='ocrx_word' id='word_1_524' title='bbox 1133 4101 1349 4155; x_wconf 90' lang='lat' dir='ltr'><strong>quoque</strong></span> <span class='ocrx_word' id='word_1_525' title='bbox 1381 4086 1616 4138; x_wconf 80' lang='lat' dir='ltr'><strong>maxime</strong></span> <span class='ocrx_word' id='word_1_526' title='bbox 1655 4084 1910 4155; x_wconf 82' lang='lat' dir='ltr'><strong>student,</strong></span> <span class='ocrx_word' id='word_1_527' title='bbox 1936 4091 2004 4155; x_wconf 88' lang='lat' dir='ltr'><strong>ut</strong></span> <span class='ocrx_word' id='word_1_528' title='bbox 2038 4099 2130 4151; x_wconf 85' lang='lat' dir='ltr'><strong>ge-</strong></span> 
     </span>
    </p>
   </div>
   <div class='ocr_carea' id='block_1_75' title="bbox 552 4153 2131 4226">
    <p class='ocr_par' dir='ltr' id='par_1_75' title="bbox 552 4153 2131 4226">
     <span class='ocr_line' id='line_1_75' title="bbox 552 4153 2131 4226; baseline -0.001 -19"><span class='ocrx_word' id='word_1_529' title='bbox 552 4159 696 4210; x_wconf 85' lang='lat' dir='ltr'><strong>nitos</strong></span> <span class='ocrx_word' id='word_1_530' title='bbox 721 4153 964 4226; x_wconf 68' lang='lat' dir='ltr'><strong>quosque</strong></span> <span class='ocrx_word' id='word_1_531' title='bbox 990 4153 1227 4209; x_wconf 70' lang='lat' dir='ltr'><strong>infantes</strong></span> <span class='ocrx_word' id='word_1_532' title='bbox 1249 4153 1417 4216; x_wconf 76' lang='lat' dir='ltr'><strong>alant.</strong></span> <span class='ocrx_word' id='word_1_533' title='bbox 1450 4155 1668 4226; x_wconf 71' lang='lat' dir='ltr'><strong>eosdem</strong></span> <span class='ocrx_word' id='word_1_534' title='bbox 1694 4153 1857 4226; x_wconf 73' lang='lat' dir='ltr'><strong>etiam</strong></span> <span class='ocrx_word' id='word_1_535' title='bbox 1898 4153 2131 4226; x_wconf 67' lang='lat' dir='ltr'><strong>cit-cutu-</strong></span> 
     </span>
    </p>
   </div>
   <div class='ocr_carea' id='block_1_76' title="bbox 549 4220 2128 4292">
    <p class='ocr_par' dir='ltr' id='par_1_76' title="bbox 549 4220 2128 4292">
     <span class='ocr_line' id='line_1_76' title="bbox 549 4220 2128 4292; baseline -0.001 -14"><span class='ocrx_word' id='word_1_536' title='bbox 549 4220 754 4292; x_wconf 72' lang='lat' dir='ltr'><strong>a-idant,</strong></span> <span class='ocrx_word' id='word_1_537' title='bbox 791 4220 1015 4280; x_wconf 72' lang='lat' dir='ltr'><strong>feminas</strong></span> <span class='ocrx_word' id='word_1_538' title='bbox 1061 4242 1191 4279; x_wconf 74' lang='lat' dir='ltr'><strong>vero</strong></span> <span class='ocrx_word' id='word_1_539' title='bbox 1220 4228 1494 4280; x_wconf 78' lang='lat' dir='ltr'><strong>excidant.</strong></span> <span class='ocrx_word' id='word_1_540' title='bbox 1535 4242 1554 4274; x_wconf 77' lang='grc' dir='ltr'><strong>ι</strong></span> <span class='ocrx_word' id='word_1_541' title='bbox 1601 4223 1674 4276; x_wconf 92' lang='lat' dir='ltr'><strong>De</strong></span> <span class='ocrx_word' id='word_1_542' title='bbox 1725 4220 1997 4292; x_wconf 61' lang='lat' dir='ltr'><strong>Egyptiis</strong></span> <span class='ocrx_word' id='word_1_543' title='bbox 2048 4223 2128 4278; x_wconf 70' lang='lat' dir='ltr'><strong>lo-</strong></span> 
     </span>
    </p>
   </div>
   <div class='ocr_carea' id='block_1_77' title="bbox 547 4294 2128 4365">
    <p class='ocr_par' dir='ltr' id='par_1_77' title="bbox 547 4294 2128 4365">
     <span class='ocr_line' id='line_1_77' title="bbox 547 4294 2128 4365; baseline 0.001 -19"><span class='ocrx_word' id='word_1_544' title='bbox 547 4299 736 4365; x_wconf 90' lang='lat' dir='ltr'><strong>quitur</strong></span> <span class='ocrx_word' id='word_1_545' title='bbox 766 4316 777 4352; x_wconf 89' lang='lat'><strong>:</strong></span> <span class='ocrx_word' id='word_1_546' title='bbox 816 4305 870 4350; x_wconf 91' lang='lat' dir='ltr'><strong>at</strong></span> <span class='ocrx_word' id='word_1_547' title='bbox 905 4299 1125 4360; x_wconf 89' lang='lat' dir='ltr'><strong>tallitur,</strong></span> <span class='ocrx_word' id='word_1_548' title='bbox 1156 4312 1278 4349; x_wconf 90' lang='lat' dir='ltr'><strong>cum</strong></span> <span class='ocrx_word' id='word_1_549' title='bbox 1311 4294 1528 4365; x_wconf 75' lang='lat' dir='ltr'><strong>subiicit</strong></span> <span class='ocrx_word' id='word_1_550' title='bbox 1552 4294 1690 4346; x_wconf 88' lang='lat' dir='ltr'><strong>idem</strong></span> <span class='ocrx_word' id='word_1_551' title='bbox 1717 4294 1920 4365; x_wconf 66' lang='lat' dir='ltr'><strong>Judaeis</strong></span> <span class='ocrx_word' id='word_1_552' title='bbox 1948 4294 2128 4365; x_wconf 81' lang='lat' dir='ltr'><strong>luisse</strong></span> 
     </span>
    </p>
   </div>
   <div class='ocr_carea' id='block_1_78' title="bbox 548 4362 2127 4433">
    <p class='ocr_par' dir='ltr' id='par_1_78' title="bbox 548 4362 2127 4433">
     <span class='ocr_line' id='line_1_78' title="bbox 548 4362 2127 4433; baseline -0.001 -15"><span class='ocrx_word' id='word_1_553' title='bbox 548 4362 602 4418; x_wconf 83' lang='lat' dir='ltr'><strong>in</strong></span> <span class='ocrx_word' id='word_1_554' title='bbox 645 4383 769 4420; x_wconf 92' lang='lat' dir='ltr'><strong>usu.</strong></span> <span class='ocrx_word' id='word_1_555' title='bbox 805 4367 1072 4430; x_wconf 70' lang='lat' dir='ltr'><strong>Origenes</strong></span> <span class='ocrx_word' id='word_1_556' title='bbox 1103 4366 1290 4420; x_wconf 89' lang='lat' dir='ltr'><strong>homil.</strong></span> <span class='ocrx_word' id='word_1_557' title='bbox 1325 4366 1358 4417; x_wconf 84' lang='lat'><strong>5</strong></span> <span class='ocrx_word' id='word_1_558' title='bbox 1389 4362 1455 4417; x_wconf 83' lang='lat' dir='ltr'><strong>iu&#39;</strong></span> <span class='ocrx_word' id='word_1_559' title='bbox 1477 4363 1680 4417; x_wconf 84' lang='lat' dir='ltr'><strong>Jerem.</strong></span> <span class='ocrx_word' id='word_1_560' title='bbox 1720 4381 1733 4416; x_wconf 90' lang='lat'><strong>:</strong></span> <span class='ocrx_word' id='word_1_561' title='bbox 1764 4362 2127 4433; x_wconf 86' lang='grc' dir='ltr'>Περιτέμνον-</span> 
     </span>
    </p>
   </div>
   <div class='ocr_carea' id='block_1_79' title="bbox 545 4433 2123 4507">
    <p class='ocr_par' dir='ltr' id='par_1_79' title="bbox 545 4433 2123 4507">
     <span class='ocr_line' id='line_1_79' title="bbox 545 4433 2123 4507; baseline -0.003 -18"><span class='ocrx_word' id='word_1_562' title='bbox 545 4453 655 4499; x_wconf 88' lang='grc' dir='ltr'>ται,</span> <span class='ocrx_word' id='word_1_563' title='bbox 693 4439 832 4492; x_wconf 79' lang='grc' dir='ltr'>κατὰ</span> <span class='ocrx_word' id='word_1_564' title='bbox 864 4440 924 4491; x_wconf 82' lang='grc' dir='ltr'><strong>τὸ</strong></span> <span class='ocrx_word' id='word_1_565' title='bbox 951 4436 1205 4507; x_wconf 76' lang='grc' dir='ltr'>αἰσθητὸν</span> <span class='ocrx_word' id='word_1_566' title='bbox 1237 4437 1400 4506; x_wconf 84' lang='grc' dir='ltr'>λέγω,</span> <span class='ocrx_word' id='word_1_567' title='bbox 1429 4435 1496 4507; x_wconf 20' lang='grc' dir='ltr'>οὐ.</span> <span class='ocrx_word' id='word_1_568' title='bbox 1517 4433 1691 4507; x_wconf 63' lang='grc' dir='ltr'><strong>μόνονΔ</strong></span> <span class='ocrx_word' id='word_1_569' title='bbox 1711 4435 1859 4507; x_wconf 19' lang='grc' dir='ltr'>οῖᾷέκ</span> <span class='ocrx_word' id='word_1_570' title='bbox 1903 4450 2123 4507; x_wconf 76' lang='grc' dir='ltr'>περιτο-</span> 
     </span>
    </p>
   </div>
   <div class='ocr_carea' id='block_1_80' title="bbox 545 4502 2119 4594">
    <p class='ocr_par' dir='ltr' id='par_1_80' title="bbox 545 4502 2119 4594">
     <span class='ocr_line' id='line_1_80' title="bbox 545 4502 2119 4594; baseline -0.001 -33"><span class='ocrx_word' id='word_1_571' title='bbox 545 4507 659 4594; x_wconf 49' lang='grc' dir='ltr'><strong>εῇς</strong></span> <span class='ocrx_word' id='word_1_572' title='bbox 680 4509 819 4594; x_wconf 67' lang='grc' dir='ltr'>κατὰ</span> <span class='ocrx_word' id='word_1_573' title='bbox 851 4509 947 4594; x_wconf 39' lang='grc' dir='ltr'>τὸν,</span> <span class='ocrx_word' id='word_1_574' title='bbox 971 4502 1222 4594; x_wconf 47' lang='lat' dir='ltr'><strong>Meditari</strong></span> <span class='ocrx_word' id='word_1_575' title='bbox 1239 4502 1421 4594; x_wconf 45' lang='grc' dir='ltr'>νόμον,</span> <span class='ocrx_word' id='word_1_576' title='bbox 1609 4502 2119 4594; x_wconf 89' lang='grc'><strong>.</strong></span> 
     </span>
    </p>
   </div>
   <div class='ocr_carea' id='block_1_81' title="bbox 554 4571 2196 4664">
    <p class='ocr_par' dir='ltr' id='par_1_81' title="bbox 554 4571 2196 4664">
     <span class='ocr_line' id='line_1_81' title="bbox 554 4571 2196 4664; baseline 0.002 -37"><span class='ocrx_word' id='word_1_577' title='bbox 554 4571 665 4664; x_wconf 49' lang='lat' dir='ltr'><strong>Tibi:</strong></span> <span class='ocrx_word' id='word_1_578' title='bbox 715 4580 1024 4648; x_wconf 80' lang='grc' dir='ltr'>Αἰγυπτίων</span> <span class='ocrx_word' id='word_1_579' title='bbox 1077 4571 1315 4640; x_wconf 69' lang='grc' dir='ltr'>εἰδώλοιέ</span> <span class='ocrx_word' id='word_1_580' title='bbox 1365 4577 1623 4664; x_wconf 47' lang='grc' dir='ltr'>οἱῖερεῖς</span> <span class='ocrx_word' id='word_1_581' title='bbox 1665 4571 2117 4664; x_wconf 60' lang='grc' dir='ltr'><strong>¹περιτέμνονται.</strong></span> <span class='ocrx_word' id='word_1_582' title='bbox 2156 4611 2196 4664; x_wconf 82' lang='lat' dir='ltr'><strong>D</strong></span> 
     </span>
    </p>
   </div>
   <div class='ocr_carea' id='block_1_82' title="bbox 549 4643 2121 4713">
    <p class='ocr_par' dir='ltr' id='par_1_82' title="bbox 549 4643 2121 4713">
     <span class='ocr_line' id='line_1_82' title="bbox 549 4643 2121 4713; baseline 0.001 -17"><span class='ocrx_word' id='word_1_583' title='bbox 549 4664 570 4696; x_wconf 72' lang='grc' dir='ltr'><strong>ι</strong></span> <span class='ocrx_word' id='word_1_584' title='bbox 593 4643 1398 4708; x_wconf 77' lang='lat' dir='ltr'><strong>Circnuiciduntur,sceundmn</strong></span> <span class='ocrx_word' id='word_1_585' title='bbox 1435 4647 1486 4700; x_wconf 91' lang='lat' dir='ltr'><strong>id</strong></span> <span class='ocrx_word' id='word_1_586' title='bbox 1514 4643 1678 4713; x_wconf 56' lang='lat' dir='ltr'><strong>&#39;quod</strong></span> <span class='ocrx_word' id='word_1_587' title='bbox 1722 4643 1980 4697; x_wconf 88' lang='lat' dir='ltr'><strong>sensibile</strong></span> <span class='ocrx_word' id='word_1_588' title='bbox 2035 4658 2121 4703; x_wconf 80' lang='lat' dir='ltr'><strong>est</strong></span> 
     </span>
    </p>
   </div>
   <div class='ocr_carea' id='block_1_83' title="bbox 544 4715 2121 4785">
    <p class='ocr_par' dir='ltr' id='par_1_83' title="bbox 544 4715 2121 4785">
     <span class='ocr_line' id='line_1_83' title="bbox 544 4715 2121 4785; baseline 0.001 -18"><span class='ocrx_word' id='word_1_589' title='bbox 544 4716 786 4784; x_wconf 89' lang='lat' dir='ltr'><strong>inquam,</strong></span> <span class='ocrx_word' id='word_1_590' title='bbox 813 4735 917 4772; x_wconf 90' lang='lat' dir='ltr'><strong>non</strong></span> <span class='ocrx_word' id='word_1_591' title='bbox 943 4717 1114 4772; x_wconf 89' lang='lat' dir='ltr'><strong>solum</strong></span> <span class='ocrx_word' id='word_1_592' title='bbox 1151 4717 1202 4770; x_wconf 94' lang='lat' dir='ltr'><strong>hi</strong></span> <span class='ocrx_word' id='word_1_593' title='bbox 1233 4719 1400 4785; x_wconf 77' lang='lat' dir='ltr'><strong>quiex</strong></span> <span class='ocrx_word' id='word_1_594' title='bbox 1432 4715 2002 4785; x_wconf 82' lang='lat' dir='ltr'><strong>circutncisionesunt</strong></span> <span class='ocrx_word' id='word_1_595' title='bbox 2034 4733 2121 4785; x_wconf 74' lang='lat' dir='ltr'><strong>se-</strong></span> 
     </span>
    </p>
   </div>
   <div class='ocr_carea' id='block_1_84' title="bbox 543 4783 2114 4858">
    <p class='ocr_par' dir='ltr' id='par_1_84' title="bbox 543 4783 2114 4858">
     <span class='ocr_line' id='line_1_84' title="bbox 543 4783 2114 4858; baseline 0.001 -21"><span class='ocrx_word' id='word_1_596' title='bbox 543 4783 778 4858; x_wconf 61' lang='lat' dir='ltr'><strong>cundum</strong></span> <span class='ocrx_word' id='word_1_597' title='bbox 838 4788 1006 4855; x_wconf 82' lang='lat' dir='ltr'><strong>legem</strong></span> <span class='ocrx_word' id='word_1_598' title='bbox 1048 4783 1280 4858; x_wconf 26' lang='lat' dir='ltr'><strong>llloysis‘,</strong></span> <span class='ocrx_word' id='word_1_599' title='bbox 1319 4801 1531 4858; x_wconf 11' lang='lat' dir='ltr'><strong>verum,</strong></span> <span class='ocrx_word' id='word_1_600' title='bbox 1577 4785 1746 4858; x_wconf 84' lang='lat' dir='ltr'><strong>etiam</strong></span> <span class='ocrx_word' id='word_1_601' title='bbox 1775 4783 1896 4858; x_wconf 28' lang='lat' dir='ltr'><strong>-alii</strong></span> <span class='ocrx_word' id='word_1_602' title='bbox 1941 4784 2114 4858; x_wconf 80' lang='lat' dir='ltr'><strong>multi.</strong></span> 
     </span>
    </p>
   </div>
   <div class='ocr_carea' id='block_1_85' title="bbox 543 4854 2115 4928">
    <p class='ocr_par' dir='ltr' id='par_1_85' title="bbox 543 4854 2115 4928">
     <span class='ocr_line' id='line_1_85' title="bbox 543 4854 2115 4928; baseline -0.001 -17"><span class='ocrx_word' id='word_1_603' title='bbox 543 4854 926 4928; x_wconf 64' lang='lat' dir='ltr'><strong>ngyptiorum</strong></span> <span class='ocrx_word' id='word_1_604' title='bbox 957 4857 1114 4911; x_wconf 87' lang='lat' dir='ltr'><strong>idolis</strong></span> <span class='ocrx_word' id='word_1_605' title='bbox 1139 4854 1455 4928; x_wconf 74' lang='lat' dir='ltr'><strong>sacerdotes</strong></span> <span class='ocrx_word' id='word_1_606' title='bbox 1488 4854 2024 4928; x_wconf 53' lang='lat' dir='ltr'><strong>circumciduntur.)</strong></span> <span class='ocrx_word' id='word_1_607' title='bbox 2060 4855 2115 4909; x_wconf 93' lang='lat' dir='ltr'><strong>ln</strong></span> 
     </span>
    </p>
   </div>
   <div class='ocr_carea' id='block_1_86' title="bbox 541 4923 2116 4995">
    <p class='ocr_par' dir='ltr' id='par_1_86' title="bbox 541 4923 2116 4995">
     <span class='ocr_line' id='line_1_86' title="bbox 541 4923 2116 4995; baseline 0.001 -17"><span class='ocrx_word' id='word_1_608' title='bbox 541 4923 704 4995; x_wconf 84' lang='lat' dir='ltr'><strong>quein</strong></span> <span class='ocrx_word' id='word_1_609' title='bbox 740 4929 913 4982; x_wconf 90' lang='lat' dir='ltr'><strong>locum</strong></span> <span class='ocrx_word' id='word_1_610' title='bbox 945 4927 1189 4982; x_wconf 89' lang='lat' dir='ltr'><strong>nonnihil</strong></span> <span class='ocrx_word' id='word_1_611' title='bbox 1225 4926 1366 4979; x_wconf 88' lang='lat' dir='ltr'><strong>infra</strong></span> <span class='ocrx_word' id='word_1_612' title='bbox 1409 4926 1922 4981; x_wconf 89' lang='lat' dir='ltr'><strong>commentabimur.</strong></span> <span class='ocrx_word' id='word_1_613' title='bbox 1961 4923 2116 4980; x_wconf 88' lang='lat' dir='ltr'><strong>Nunc</strong></span> 
     </span>
    </p>
   </div>
   <div class='ocr_carea' id='block_1_87' title="bbox 543 4995 2114 5064">
    <p class='ocr_par' dir='ltr' id='par_1_87' title="bbox 543 4995 2114 5064">
     <span class='ocr_line' id='line_1_87' title="bbox 543 4995 2114 5064; baseline 0.001 -18"><span class='ocrx_word' id='word_1_614' title='bbox 543 4999 800 5064; x_wconf 90' lang='lat' dir='ltr'><strong>quoniam</strong></span> <span class='ocrx_word' id='word_1_615' title='bbox 830 4998 896 5051; x_wconf 90' lang='lat' dir='ltr'><strong>de</strong></span> <span class='ocrx_word' id='word_1_616' title='bbox 920 4997 1170 5052; x_wconf 88' lang='lat' dir='ltr'><strong>muliebri</strong></span> <span class='ocrx_word' id='word_1_617' title='bbox 1198 4995 1617 5050; x_wconf 90' lang='lat' dir='ltr'><strong>circumcisione</strong></span> <span class='ocrx_word' id='word_1_618' title='bbox 1663 4995 1994 5049; x_wconf 89' lang='lat' dir='ltr'><strong>mentionem</strong></span> <span class='ocrx_word' id='word_1_619' title='bbox 2027 4995 2114 5048; x_wconf 86' lang='lat' dir='ltr'><strong>in-</strong></span> 
     </span>
    </p>
   </div>
   <div class='ocr_carea' id='block_1_88' title="bbox 537 5065 2113 5135">
    <p class='ocr_par' dir='ltr' id='par_1_88' title="bbox 537 5065 2113 5135">
     <span class='ocr_line' id='line_1_88' title="bbox 537 5065 2113 5135; baseline 0.001 -17"><span class='ocrx_word' id='word_1_620' title='bbox 537 5067 786 5134; x_wconf 84' lang='lat' dir='ltr'><strong>jecerunt</strong></span> <span class='ocrx_word' id='word_1_621' title='bbox 817 5069 1013 5121; x_wconf 88' lang='lat' dir='ltr'><strong>Strabo</strong></span> <span class='ocrx_word' id='word_1_622' title='bbox 1045 5078 1100 5121; x_wconf 90' lang='lat' dir='ltr'><strong>et</strong></span> <span class='ocrx_word' id='word_1_623' title='bbox 1150 5067 1509 5133; x_wconf 83' lang='lat' dir='ltr'><strong>AmbrOsius,</strong></span> <span class='ocrx_word' id='word_1_624' title='bbox 1565 5067 1729 5118; x_wconf 88' lang='lat' dir='ltr'><strong>ritum</strong></span> <span class='ocrx_word' id='word_1_625' title='bbox 1776 5065 1948 5132; x_wconf 89' lang='lat' dir='ltr'><strong>ipsius</strong></span> <span class='ocrx_word' id='word_1_626' title='bbox 1985 5081 2113 5135; x_wconf 87' lang='lat' dir='ltr'><strong>ape-</strong></span> 
     </span>
    </p>
   </div>
   <div class='ocr_carea' id='block_1_89' title="bbox 545 5136 2108 5207">
    <p class='ocr_par' dir='ltr' id='par_1_89' title="bbox 545 5136 2108 5207">
     <span class='ocr_line' id='line_1_89' title="bbox 545 5136 2108 5207; baseline -0.001 -18"><span class='ocrx_word' id='word_1_627' title='bbox 545 5137 766 5192; x_wconf 82' lang='lat' dir='ltr'><strong>rictntts.</strong></span> <span class='ocrx_word' id='word_1_628' title='bbox 809 5137 882 5190; x_wconf 83' lang='lat' dir='ltr'><strong>Ea</strong></span> <span class='ocrx_word' id='word_1_629' title='bbox 922 5137 978 5191; x_wconf 90' lang='lat' dir='ltr'><strong>fit</strong></span> <span class='ocrx_word' id='word_1_630' title='bbox 1015 5139 1315 5191; x_wconf 87' lang='lat' dir='ltr'><strong>resectione</strong></span> <span class='ocrx_word' id='word_1_631' title='bbox 1341 5136 1442 5206; x_wconf 83' lang='grc' dir='ltr'>τῆς</span> <span class='ocrx_word' id='word_1_632' title='bbox 1475 5136 1712 5207; x_wconf 79' lang='grc' dir='ltr'>νύμφης,</span> <span class='ocrx_word' id='word_1_633' title='bbox 1747 5150 2024 5207; x_wconf 74' lang='lat' dir='ltr'><strong>quzepars</strong></span> <span class='ocrx_word' id='word_1_634' title='bbox 2056 5139 2108 5189; x_wconf 91' lang='lat' dir='ltr'><strong>in</strong></span> 
     </span>
    </p>
   </div>
   <div class='ocr_carea' id='block_1_90' title="bbox 541 5205 2108 5278">
    <p class='ocr_par' dir='ltr' id='par_1_90' title="bbox 541 5205 2108 5278">
     <span class='ocr_line' id='line_1_90' title="bbox 541 5205 2108 5278; baseline 0 -19"><span class='ocrx_word' id='word_1_635' title='bbox 541 5209 861 5261; x_wconf 80' lang='lat' dir='ltr'><strong>australium</strong></span> <span class='ocrx_word' id='word_1_636' title='bbox 942 5209 1243 5275; x_wconf 71' lang='lat' dir='ltr'><strong>prtesertitu</strong></span> <span class='ocrx_word' id='word_1_637' title='bbox 1319 5205 1598 5278; x_wconf 79' lang='lat' dir='ltr'><strong>regionum</strong></span> <span class='ocrx_word' id='word_1_638' title='bbox 1647 5205 2108 5278; x_wconf 23' lang='lat' dir='ltr'><strong>‘mulieribusﬂita</strong></span> 
     </span>
    </p>
   </div>
   <div class='ocr_carea' id='block_1_91' title="bbox 539 5276 2096 5336">
    <p class='ocr_par' dir='ltr' id='par_1_91' title="bbox 539 5276 2096 5336">
     <span class='ocr_line' id='line_1_91' title="bbox 539 5276 2096 5336; baseline -0.001 -5"><span class='ocrx_word' id='word_1_639' title='bbox 539 5280 825 5336; x_wconf 82' lang='lat' dir='ltr'><strong>excrescit.</strong></span> <span class='ocrx_word' id='word_1_640' title='bbox 853 5287 910 5330; x_wconf 93' lang='lat' dir='ltr'><strong>ut</strong></span> <span class='ocrx_word' id='word_1_641' title='bbox 937 5279 1081 5332; x_wconf 90' lang='lat' dir='ltr'><strong>ferro</strong></span> <span class='ocrx_word' id='word_1_642' title='bbox 1109 5280 1180 5332; x_wconf 91' lang='lat' dir='ltr'><strong>sit</strong></span> <span class='ocrx_word' id='word_1_643' title='bbox 1204 5276 1526 5332; x_wconf 88' lang='lat' dir='ltr'><strong>coercenda.</strong></span> <span class='ocrx_word' id='word_1_644' title='bbox 1549 5278 1607 5330; x_wconf 74' lang='grc' dir='ltr'><strong>ιιι</strong></span> <span class='ocrx_word' id='word_1_645' title='bbox 1640 5276 1867 5329; x_wconf 90' lang='lat' dir='ltr'><strong>tradunt</strong></span> <span class='ocrx_word' id='word_1_646' title='bbox 1898 5277 2096 5331; x_wconf 90' lang='lat' dir='ltr'><strong>medici</strong></span> 
     </span>
    </p>
   </div>
   <div class='ocr_carea' id='block_1_92' title="bbox 540 5347 2106 5418">
    <p class='ocr_par' dir='ltr' id='par_1_92' title="bbox 540 5347 2106 5418">
     <span class='ocr_line' id='line_1_92' title="bbox 540 5347 2106 5418; baseline 0 -18"><span class='ocrx_word' id='word_1_647' title='bbox 540 5349 778 5418; x_wconf 79' lang='lat' dir='ltr'><strong>insignes</strong></span> <span class='ocrx_word' id='word_1_648' title='bbox 800 5348 999 5403; x_wconf 83' lang='lat' dir='ltr'><strong>Paulus</strong></span> <span class='ocrx_word' id='word_1_649' title='bbox 1026 5347 1277 5417; x_wconf 65' lang='lat' dir='ltr'><strong>[Egineta</strong></span> <span class='ocrx_word' id='word_1_650' title='bbox 1328 5348 1420 5400; x_wconf 85' lang='lat' dir='ltr'><strong>lib.</strong></span> <span class='ocrx_word' id='word_1_651' title='bbox 1448 5362 1531 5418; x_wconf 80' lang='lat' dir='ltr'><strong>vr,</strong></span> <span class='ocrx_word' id='word_1_652' title='bbox 1561 5362 1684 5415; x_wconf 86' lang='lat' dir='ltr'><strong>cap.</strong></span> <span class='ocrx_word' id='word_1_653' title='bbox 1711 5348 1802 5407; x_wconf 82' lang='lat'><strong>70,</strong></span> <span class='ocrx_word' id='word_1_654' title='bbox 1831 5355 1896 5418; x_wconf 78' lang='lat' dir='ltr'><strong>et</strong></span> <span class='ocrx_word' id='word_1_655' title='bbox 1917 5347 2106 5400; x_wconf 80' lang='lat' dir='ltr'><strong>Aetius</strong></span> 
     </span>
    </p>
   </div>
   <div class='ocr_carea' id='block_1_93' title="bbox 540 5415 2106 5486">
    <p class='ocr_par' dir='ltr' id='par_1_93' title="bbox 540 5415 2106 5486">
     <span class='ocr_line' id='line_1_93' title="bbox 540 5415 2106 5486; baseline -0.004 -12"><span class='ocrx_word' id='word_1_656' title='bbox 540 5415 772 5474; x_wconf 65' lang='lat' dir='ltr'><strong>Tetfabl.</strong></span> <span class='ocrx_word' id='word_1_657' title='bbox 809 5435 882 5484; x_wconf 88' lang='lat' dir='ltr'><strong>Iv,</strong></span> <span class='ocrx_word' id='word_1_658' title='bbox 913 5435 1077 5474; x_wconf 80' lang='lat' dir='ltr'><strong>serui.</strong></span> <span class='ocrx_word' id='word_1_659' title='bbox 1104 5415 1166 5481; x_wconf 50' lang='lat' dir='ltr'><strong>1i,</strong></span> <span class='ocrx_word' id='word_1_660' title='bbox 1203 5435 1322 5485; x_wconf 85' lang='lat' dir='ltr'><strong>cap.</strong></span> <span class='ocrx_word' id='word_1_661' title='bbox 1351 5419 1472 5472; x_wconf 77' lang='grc'><strong>103.</strong></span> <span class='ocrx_word' id='word_1_662' title='bbox 1503 5417 1746 5484; x_wconf 86' lang='lat' dir='ltr'><strong>Quorum</strong></span> <span class='ocrx_word' id='word_1_663' title='bbox 1779 5415 1956 5470; x_wconf 86' lang='lat' dir='ltr'><strong>hicita</strong></span> <span class='ocrx_word' id='word_1_664' title='bbox 1983 5433 2106 5486; x_wconf 89' lang='lat' dir='ltr'><strong>per-</strong></span> 
     </span>
    </p>
   </div>
   <div class='ocr_carea' id='block_1_94' title="bbox 535 5489 2101 5559">
    <p class='ocr_par' dir='ltr' id='par_1_94' title="bbox 535 5489 2101 5559">
     <span class='ocr_line' id='line_1_94' title="bbox 535 5489 2101 5559; baseline -0.002 -17"><span class='ocrx_word' id='word_1_665' title='bbox 535 5491 612 5556; x_wconf 79' lang='lat' dir='ltr'><strong>git</strong></span> <span class='ocrx_word' id='word_1_666' title='bbox 649 5508 662 5543; x_wconf 92' lang='lat'>:</span> <span class='ocrx_word' id='word_1_667' title='bbox 701 5489 1071 5559; x_wconf 69' lang='lat' dir='ltr'><strong>«Quapropter</strong></span> <span class='ocrx_word' id='word_1_668' title='bbox 1095 5489 1375 5559; x_wconf 62' lang='lat' dir='ltr'><strong>Egyptiis</strong></span> <span class='ocrx_word' id='word_1_669' title='bbox 1395 5492 1568 5543; x_wconf 84' lang='lat' dir='ltr'><strong>visum</strong></span> <span class='ocrx_word' id='word_1_670' title='bbox 1598 5497 1700 5547; x_wconf 88' lang='lat' dir='ltr'><strong>est,</strong></span> <span class='ocrx_word' id='word_1_671' title='bbox 1728 5499 1779 5539; x_wconf 92' lang='lat' dir='ltr'><strong>ut</strong></span> <span class='ocrx_word' id='word_1_672' title='bbox 1811 5496 2101 5554; x_wconf 73' lang='lat' dir='ltr'><strong>antequam</strong></span> 
     </span>
    </p>
   </div>
   <div class='ocr_carea' id='block_1_95' title="bbox 535 5557 2101 5632">
    <p class='ocr_par' dir='ltr' id='par_1_95' title="bbox 535 5557 2101 5632">
     <span class='ocr_line' id='line_1_95' title="bbox 535 5557 2101 5632; baseline 0 -24"><span class='ocrx_word' id='word_1_673' title='bbox 535 5560 793 5614; x_wconf 83' lang='lat' dir='ltr'><strong>exuberet</strong></span> <span class='ocrx_word' id='word_1_674' title='bbox 817 5557 968 5632; x_wconf 67' lang='lat' dir='ltr'><strong>(pars</strong></span> <span class='ocrx_word' id='word_1_675' title='bbox 997 5561 1084 5632; x_wconf 89' lang='lat' dir='ltr'><strong>illa</strong></span> <span class='ocrx_word' id='word_1_676' title='bbox 1122 5557 1387 5628; x_wconf 81' lang='lat' dir='ltr'><strong>corporis)</strong></span> <span class='ocrx_word' id='word_1_677' title='bbox 1425 5569 1755 5632; x_wconf 80' lang='lat' dir='ltr'><strong>amputetur,</strong></span> <span class='ocrx_word' id='word_1_678' title='bbox 1781 5567 1923 5632; x_wconf 73' lang='lat' dir='ltr'><strong>tunc</strong></span> <span class='ocrx_word' id='word_1_679' title='bbox 1962 5573 2101 5632; x_wconf 58' lang='lat' dir='ltr'><strong>piar-</strong></span> 
     </span>
    </p>
   </div>
   <div class='ocr_carea' id='block_1_96' title="bbox 535 5626 2100 5699">
    <p class='ocr_par' dir='ltr' id='par_1_96' title="bbox 535 5626 2100 5699">
     <span class='ocr_line' id='line_1_96' title="bbox 535 5626 2100 5699; baseline 0 -17"><span class='ocrx_word' id='word_1_680' title='bbox 535 5632 692 5699; x_wconf 90' lang='lat' dir='ltr'><strong>cipue</strong></span> <span class='ocrx_word' id='word_1_681' title='bbox 725 5626 847 5687; x_wconf 84' lang='lat' dir='ltr'><strong>cum</strong></span> <span class='ocrx_word' id='word_1_682' title='bbox 883 5631 1092 5685; x_wconf 83' lang='lat' dir='ltr'><strong>nobiles</strong></span> <span class='ocrx_word' id='word_1_683' title='bbox 1124 5626 1364 5699; x_wconf 73' lang='lat' dir='ltr'><strong>virgines</strong></span> <span class='ocrx_word' id='word_1_684' title='bbox 1397 5642 1522 5681; x_wconf 90' lang='lat' dir='ltr'><strong>sunt</strong></span> <span class='ocrx_word' id='word_1_685' title='bbox 1569 5628 1859 5683; x_wconf 67' lang='lat' dir='ltr'><strong>elocandm.</strong></span> <span class='ocrx_word' id='word_1_686' title='bbox 1892 5645 1911 5677; x_wconf 79' lang='grc' dir='ltr'><strong>ι</strong></span> <span class='ocrx_word' id='word_1_687' title='bbox 1967 5626 2100 5682; x_wconf 79' lang='lat' dir='ltr'><strong>Reut</strong></span> 
     </span>
    </p>
   </div>
   <div class='ocr_carea' id='block_1_97' title="bbox 538 5699 2101 5769">
    <p class='ocr_par' dir='ltr' id='par_1_97' title="bbox 538 5699 2101 5769">
     <span class='ocr_line' id='line_1_97' title="bbox 538 5699 2101 5769; baseline 0.001 -20"><span class='ocrx_word' id='word_1_688' title='bbox 538 5706 705 5769; x_wconf 85' lang='lat' dir='ltr'><strong>tangit</strong></span> <span class='ocrx_word' id='word_1_689' title='bbox 731 5704 992 5769; x_wconf 79' lang='lat' dir='ltr'><strong>Origenes</strong></span> <span class='ocrx_word' id='word_1_690' title='bbox 1013 5717 1134 5756; x_wconf 89' lang='lat' dir='ltr'><strong>cum</strong></span> <span class='ocrx_word' id='word_1_691' title='bbox 1159 5702 1235 5754; x_wconf 85' lang='lat' dir='ltr'><strong>ait</strong></span> <span class='ocrx_word' id='word_1_692' title='bbox 1263 5700 1450 5756; x_wconf 86' lang='lat' dir='ltr'><strong>homil.</strong></span> <span class='ocrx_word' id='word_1_693' title='bbox 1475 5701 1508 5752; x_wconf 84' lang='lat'><strong>6</strong></span> <span class='ocrx_word' id='word_1_694' title='bbox 1539 5699 1591 5752; x_wconf 91' lang='lat' dir='ltr'><strong>in</strong></span> <span class='ocrx_word' id='word_1_695' title='bbox 1636 5699 1832 5752; x_wconf 83' lang='lat' dir='ltr'><strong>Ezeclt.</strong></span> <span class='ocrx_word' id='word_1_696' title='bbox 1867 5715 1881 5750; x_wconf 88' lang='lat'><strong>:</strong></span> <span class='ocrx_word' id='word_1_697' title='bbox 1938 5715 1956 5746; x_wconf 79' lang='grc' dir='ltr'><strong>ι</strong></span> <span class='ocrx_word' id='word_1_698' title='bbox 1994 5700 2101 5750; x_wconf 85' lang='lat' dir='ltr'><strong>Ad-</strong></span> 
     </span>
    </p>
   </div>
   <div class='ocr_carea' id='block_1_98' title="bbox 533 5769 2098 5838">
    <p class='ocr_par' dir='ltr' id='par_1_98' title="bbox 533 5769 2098 5838">
     <span class='ocr_line' id='line_1_98' title="bbox 533 5769 2098 5838; baseline 0.001 -19"><span class='ocrx_word' id='word_1_699' title='bbox 533 5785 748 5824; x_wconf 78' lang='lat' dir='ltr'><strong>versum</strong></span> <span class='ocrx_word' id='word_1_700' title='bbox 787 5774 1056 5827; x_wconf 87' lang='lat' dir='ltr'><strong>masculos</strong></span> <span class='ocrx_word' id='word_1_701' title='bbox 1088 5773 1263 5826; x_wconf 89' lang='lat' dir='ltr'><strong>virtus</strong></span> <span class='ocrx_word' id='word_1_702' title='bbox 1292 5772 1408 5838; x_wconf 85' lang='lat' dir='ltr'><strong>ejus</strong></span> <span class='ocrx_word' id='word_1_703' title='bbox 1436 5771 1487 5822; x_wconf 91' lang='lat' dir='ltr'><strong>in</strong></span> <span class='ocrx_word' id='word_1_704' title='bbox 1525 5770 1723 5822; x_wconf 88' lang='lat' dir='ltr'><strong>lumbis</strong></span> <span class='ocrx_word' id='word_1_705' title='bbox 1756 5779 1872 5833; x_wconf 89' lang='lat' dir='ltr'><strong>est;</strong></span> <span class='ocrx_word' id='word_1_706' title='bbox 1901 5769 2098 5821; x_wconf 86' lang='lat' dir='ltr'><strong>adver-</strong></span> 
     </span>
    </p>
   </div>
   <div class='ocr_carea' id='block_1_99' title="bbox 534 5838 2098 5907">
    <p class='ocr_par' dir='ltr' id='par_1_99' title="bbox 534 5838 2098 5907">
     <span class='ocr_line' id='line_1_99' title="bbox 534 5838 2098 5907; baseline 0.001 -18"><span class='ocrx_word' id='word_1_707' title='bbox 534 5855 651 5892; x_wconf 86' lang='lat' dir='ltr'><strong>sum</strong></span> <span class='ocrx_word' id='word_1_708' title='bbox 681 5841 906 5895; x_wconf 84' lang='lat' dir='ltr'><strong>feminas</strong></span> <span class='ocrx_word' id='word_1_709' title='bbox 926 5844 1096 5894; x_wconf 90' lang='lat' dir='ltr'><strong>virtus</strong></span> <span class='ocrx_word' id='word_1_710' title='bbox 1124 5843 1240 5907; x_wconf 82' lang='lat' dir='ltr'><strong>ejus</strong></span> <span class='ocrx_word' id='word_1_711' title='bbox 1274 5842 1326 5894; x_wconf 91' lang='lat' dir='ltr'><strong>in</strong></span> <span class='ocrx_word' id='word_1_712' title='bbox 1362 5841 1616 5893; x_wconf 86' lang='lat' dir='ltr'><strong>umbilico</strong></span> <span class='ocrx_word' id='word_1_713' title='bbox 1650 5841 1852 5892; x_wconf 88' lang='lat' dir='ltr'><strong>ventris</strong></span> <span class='ocrx_word' id='word_1_714' title='bbox 1881 5847 1982 5892; x_wconf 91' lang='lat' dir='ltr'><strong>est.</strong></span> <span class='ocrx_word' id='word_1_715' title='bbox 2035 5838 2098 5891; x_wconf 85' lang='lat' dir='ltr'><strong>Et</strong></span> 
     </span>
    </p>
   </div>
   <div class='ocr_carea' id='block_1_100' title="bbox 534 5910 2093 5982">
    <p class='ocr_par' dir='ltr' id='par_1_100' title="bbox 534 5910 2093 5982">
     <span class='ocr_line' id='line_1_100' title="bbox 534 5910 2093 5982; baseline 0.002 -23"><span class='ocrx_word' id='word_1_716' title='bbox 534 5915 653 5964; x_wconf 74' lang='lat' dir='ltr'><strong>ride</strong></span> <span class='ocrx_word' id='word_1_717' title='bbox 704 5915 970 5982; x_wconf 84' lang='lat' dir='ltr'><strong>quomodo</strong></span> <span class='ocrx_word' id='word_1_718' title='bbox 1005 5915 1228 5966; x_wconf 75' lang='lat' dir='ltr'><strong>honeste</strong></span> <span class='ocrx_word' id='word_1_719' title='bbox 1281 5914 1377 5965; x_wconf 80' lang='lat' dir='ltr'><strong>viri</strong></span> <span class='ocrx_word' id='word_1_720' title='bbox 1442 5911 1790 5978; x_wconf 83' lang='lat' dir='ltr'><strong>mulierisque</strong></span> <span class='ocrx_word' id='word_1_721' title='bbox 1845 5910 2093 5980; x_wconf 82' lang='lat' dir='ltr'><strong>genitalia</strong></span> 
     </span>
    </p>
   </div>
   <div class='ocr_carea' id='block_1_101' title="bbox 2242 3313 3811 3379">
    <p class='ocr_par' dir='ltr' id='par_1_101' title="bbox 2242 3313 3811 3379">
     <span class='ocr_line' id='line_1_101' title="bbox 2242 3313 3811 3379; baseline 0.001 -17"><span class='ocrx_word' id='word_1_722' title='bbox 2242 3313 2450 3379; x_wconf 86' lang='lat' dir='ltr'><strong>putiutn</strong></span> <span class='ocrx_word' id='word_1_723' title='bbox 2479 3314 2910 3376; x_wconf 90' lang='lat' dir='ltr'><strong>circumciditur,</strong></span> <span class='ocrx_word' id='word_1_724' title='bbox 2939 3313 3023 3368; x_wconf 81' lang='lat' dir='ltr'><strong>sic</strong></span> <span class='ocrx_word' id='word_1_725' title='bbox 3051 3316 3100 3366; x_wconf 93' lang='lat' dir='ltr'><strong>in</strong></span> <span class='ocrx_word' id='word_1_726' title='bbox 3130 3314 3334 3367; x_wconf 84' lang='lat' dir='ltr'><strong>femina</strong></span> <span class='ocrx_word' id='word_1_727' title='bbox 3360 3313 3666 3368; x_wconf 89' lang='lat' dir='ltr'><strong>umbilicus</strong></span> <span class='ocrx_word' id='word_1_728' title='bbox 3711 3328 3811 3364; x_wconf 88' lang='lat' dir='ltr'><strong>am-</strong></span> 
     </span>
    </p>
   </div>
   <div class='ocr_carea' id='block_1_102' title="bbox 2241 3383 3811 3452">
    <p class='ocr_par' dir='ltr' id='par_1_102' title="bbox 2241 3383 3811 3452">
     <span class='ocr_line' id='line_1_102' title="bbox 2241 3383 3811 3452; baseline -0.001 -19"><span class='ocrx_word' id='word_1_729' title='bbox 2241 3393 2478 3450; x_wconf 90' lang='lat' dir='ltr'><strong>putatur.</strong></span> <span class='ocrx_word' id='word_1_730' title='bbox 2505 3401 2524 3434; x_wconf 75' lang='grc' dir='ltr'><strong>ι</strong></span> <span class='ocrx_word' id='word_1_731' title='bbox 2557 3383 2710 3450; x_wconf 87' lang='lat' dir='ltr'><strong>Quod</strong></span> <span class='ocrx_word' id='word_1_732' title='bbox 2745 3385 2911 3451; x_wconf 78' lang='lat' dir='ltr'><strong>igitur</strong></span> <span class='ocrx_word' id='word_1_733' title='bbox 2935 3384 3256 3438; x_wconf 86' lang='lat' dir='ltr'><strong>necessitate</strong></span> <span class='ocrx_word' id='word_1_734' title='bbox 3287 3385 3532 3452; x_wconf 88' lang='lat' dir='ltr'><strong>prituum</strong></span> <span class='ocrx_word' id='word_1_735' title='bbox 3559 3385 3811 3436; x_wconf 81' lang='lat' dir='ltr'><strong>invectum</strong></span> 
     </span>
    </p>
   </div>
   <div class='ocr_carea' id='block_1_103' title="bbox 2237 3453 3814 3522">
    <p class='ocr_par' dir='ltr' id='par_1_103' title="bbox 2237 3453 3814 3522">
     <span class='ocr_line' id='line_1_103' title="bbox 2237 3453 3814 3522; baseline -0.003 -16"><span class='ocrx_word' id='word_1_736' title='bbox 2237 3464 2343 3514; x_wconf 89' lang='lat' dir='ltr'><strong>est,</strong></span> <span class='ocrx_word' id='word_1_737' title='bbox 2380 3453 2640 3521; x_wconf 78' lang='lat' dir='ltr'><strong>religione</strong></span> <span class='ocrx_word' id='word_1_738' title='bbox 2670 3454 3012 3522; x_wconf 87' lang='lat' dir='ltr'><strong>postmodum</strong></span> <span class='ocrx_word' id='word_1_739' title='bbox 3038 3464 3357 3522; x_wconf 89' lang='lat' dir='ltr'><strong>usurpatum</strong></span> <span class='ocrx_word' id='word_1_740' title='bbox 3405 3454 3512 3506; x_wconf 89' lang='lat' dir='ltr'><strong>fttit</strong></span> <span class='ocrx_word' id='word_1_741' title='bbox 3538 3492 3553 3516; x_wconf 92' lang='lat'><strong>,</strong></span> <span class='ocrx_word' id='word_1_742' title='bbox 3585 3453 3725 3522; x_wconf 91' lang='lat' dir='ltr'><strong>quod</strong></span> <span class='ocrx_word' id='word_1_743' title='bbox 3770 3463 3814 3502; x_wconf 77' lang='lat' dir='ltr'><strong>et</strong></span> 
     </span>
    </p>
   </div>
   <div class='ocr_carea' id='block_1_104' title="bbox 2241 3523 3811 3593">
    <p class='ocr_par' dir='ltr' id='par_1_104' title="bbox 2241 3523 3811 3593">
     <span class='ocr_line' id='line_1_104' title="bbox 2241 3523 3811 3593; baseline 0 -19"><span class='ocrx_word' id='word_1_744' title='bbox 2241 3524 2408 3593; x_wconf 90' lang='lat' dir='ltr'><strong>aliqui</strong></span> <span class='ocrx_word' id='word_1_745' title='bbox 2446 3524 2512 3578; x_wconf 90' lang='lat' dir='ltr'><strong>de</strong></span> <span class='ocrx_word' id='word_1_746' title='bbox 2545 3524 2693 3577; x_wconf 83' lang='lat' dir='ltr'><strong>virili</strong></span> <span class='ocrx_word' id='word_1_747' title='bbox 2725 3525 3143 3579; x_wconf 90' lang='lat' dir='ltr'><strong>circumcisione</strong></span> <span class='ocrx_word' id='word_1_748' title='bbox 3166 3523 3374 3591; x_wconf 76' lang='lat' dir='ltr'><strong>opinati</strong></span> <span class='ocrx_word' id='word_1_749' title='bbox 3409 3534 3571 3586; x_wconf 90' lang='lat' dir='ltr'><strong>sunt,</strong></span> <span class='ocrx_word' id='word_1_750' title='bbox 3604 3533 3660 3575; x_wconf 89' lang='lat' dir='ltr'><strong>ut</strong></span> <span class='ocrx_word' id='word_1_751' title='bbox 3683 3532 3811 3593; x_wconf 78' lang='lat' dir='ltr'><strong>post-</strong></span> 
     </span>
    </p>
   </div>
   <div class='ocr_carea' id='block_1_105' title="bbox 2236 3590 3817 3648">
    <p class='ocr_par' dir='ltr' id='par_1_105' title="bbox 2236 3590 3817 3648">
     <span class='ocr_line' id='line_1_105' title="bbox 2236 3590 3817 3648; baseline -0.002 -2"><span class='ocrx_word' id='word_1_752' title='bbox 2236 3607 2299 3646; x_wconf 90' lang='lat' dir='ltr'><strong>ea</strong></span> <span class='ocrx_word' id='word_1_753' title='bbox 2336 3590 2624 3648; x_wconf 57' lang='lat' dir='ltr'><strong>&#39;dicemus.</strong></span> <span class='ocrx_word' id='word_1_754' title='bbox 2677 3594 2846 3648; x_wconf 88' lang='lat' dir='ltr'><strong>Porro</strong></span> <span class='ocrx_word' id='word_1_755' title='bbox 2887 3594 3024 3648; x_wconf 90' lang='lat' dir='ltr'><strong>hanc</strong></span> <span class='ocrx_word' id='word_1_756' title='bbox 3053 3590 3512 3648; x_wconf 88' lang='lat' dir='ltr'><strong>consuetudinem</strong></span> <span class='ocrx_word' id='word_1_757' title='bbox 3544 3590 3817 3647; x_wconf 83' lang='lat' dir='ltr'><strong>circumci-</strong></span> 
     </span>
    </p>
   </div>
   <div class='ocr_carea' id='block_1_106' title="bbox 2235 3662 3817 3732">
    <p class='ocr_par' dir='ltr' id='par_1_106' title="bbox 2235 3662 3817 3732">
     <span class='ocr_line' id='line_1_106' title="bbox 2235 3662 3817 3732; baseline -0.004 -14"><span class='ocrx_word' id='word_1_758' title='bbox 2235 3663 2531 3732; x_wconf 85' lang='lat' dir='ltr'><strong>dendarnm</strong></span> <span class='ocrx_word' id='word_1_759' title='bbox 2583 3666 2870 3718; x_wconf 90' lang='lat' dir='ltr'><strong>mulierum</strong></span> <span class='ocrx_word' id='word_1_760' title='bbox 2921 3665 3188 3732; x_wconf 82' lang='lat' dir='ltr'><strong>hodieque</strong></span> <span class='ocrx_word' id='word_1_761' title='bbox 3236 3665 3486 3718; x_wconf 88' lang='lat' dir='ltr'><strong>retinere</strong></span> <span class='ocrx_word' id='word_1_762' title='bbox 3543 3662 3817 3732; x_wconf 71' lang='lat' dir='ltr'><strong>A‘Zgyptios</strong></span> 
     </span>
    </p>
   </div>
   <div class='ocr_carea' id='block_1_107' title="bbox 2234 3731 3814 3804">
    <p class='ocr_par' dir='ltr' id='par_1_107' title="bbox 2234 3731 3814 3804">
     <span class='ocr_line' id='line_1_107' title="bbox 2234 3731 3814 3804; baseline -0.001 -20"><span class='ocrx_word' id='word_1_763' title='bbox 2234 3731 2416 3788; x_wconf 85' lang='lat' dir='ltr'><strong>ferunt</strong></span> <span class='ocrx_word' id='word_1_764' title='bbox 2447 3735 2483 3788; x_wconf 92' lang='lat' dir='ltr'><strong>ii</strong></span> <span class='ocrx_word' id='word_1_765' title='bbox 2514 3734 2605 3803; x_wconf 91' lang='lat' dir='ltr'><strong>qui</strong></span> <span class='ocrx_word' id='word_1_766' title='bbox 2658 3734 2903 3803; x_wconf 87' lang='lat' dir='ltr'><strong>regiones</strong></span> <span class='ocrx_word' id='word_1_767' title='bbox 2927 3731 3402 3804; x_wconf 82' lang='lat' dir='ltr'><strong>illaslustrarttnt,</strong></span> <span class='ocrx_word' id='word_1_768' title='bbox 3434 3731 3732 3804; x_wconf 83' lang='lat' dir='ltr'><strong>ignemque</strong></span> <span class='ocrx_word' id='word_1_769' title='bbox 3759 3735 3814 3804; x_wconf 83' lang='lat' dir='ltr'><strong>ad</strong></span> 
     </span>
    </p>
   </div>
   <div class='ocr_carea' id='block_1_108' title="bbox 2233 3802 3816 3872">
    <p class='ocr_par' dir='ltr' id='par_1_108' title="bbox 2233 3802 3816 3872">
     <span class='ocr_line' id='line_1_108' title="bbox 2233 3802 3816 3872; baseline -0.002 -15"><span class='ocrx_word' id='word_1_770' title='bbox 2233 3802 2679 3871; x_wconf 84' lang='lat' dir='ltr'><strong>compescendam</strong></span> <span class='ocrx_word' id='word_1_771' title='bbox 2725 3802 2915 3872; x_wconf 21' lang='lat' dir='ltr'><strong>ipartis</strong></span> <span class='ocrx_word' id='word_1_772' title='bbox 2983 3802 3140 3870; x_wconf 90' lang='lat' dir='ltr'><strong>hujus</strong></span> <span class='ocrx_word' id='word_1_773' title='bbox 3200 3802 3480 3858; x_wconf 78' lang='lat' dir='ltr'><strong>lttxurieni</strong></span> <span class='ocrx_word' id='word_1_774' title='bbox 3562 3802 3816 3856; x_wconf 85' lang='lat' dir='ltr'><strong>adhiberi.</strong></span> 
     </span>
    </p>
   </div>
   <div class='ocr_carea' id='block_1_109' title="bbox 2235 3873 3819 3942">
    <p class='ocr_par' dir='ltr' id='par_1_109' title="bbox 2235 3873 3819 3942">
     <span class='ocr_line' id='line_1_109' title="bbox 2235 3873 3819 3942; baseline -0.001 -15"><span class='ocrx_word' id='word_1_775' title='bbox 2235 3873 2438 3928; x_wconf 88' lang='lat' dir='ltr'><strong>Scribit</strong></span> <span class='ocrx_word' id='word_1_776' title='bbox 2473 3873 2863 3928; x_wconf 86' lang='lat' dir='ltr'><strong>Belloniuslib.</strong></span> <span class='ocrx_word' id='word_1_777' title='bbox 2891 3889 2948 3928; x_wconf 91' lang='grc' dir='ltr'><strong>ιιι</strong></span> <span class='ocrx_word' id='word_1_778' title='bbox 2974 3873 3213 3940; x_wconf 82' lang='lat' dir='ltr'><strong>Observ.,</strong></span> <span class='ocrx_word' id='word_1_779' title='bbox 3261 3888 3385 3942; x_wconf 89' lang='lat' dir='ltr'><strong>cap.</strong></span> <span class='ocrx_word' id='word_1_780' title='bbox 3449 3873 3551 3934; x_wconf 77' lang='grc'><strong>28.</strong></span> <span class='ocrx_word' id='word_1_781' title='bbox 3623 3887 3819 3926; x_wconf 72' lang='lat' dir='ltr'><strong>murem</strong></span> 
     </span>
    </p>
   </div>
   <div class='ocr_carea' id='block_1_110' title="bbox 2234 3943 3817 4012">
    <p class='ocr_par' dir='ltr' id='par_1_110' title="bbox 2234 3943 3817 4012">
     <span class='ocr_line' id='line_1_110' title="bbox 2234 3943 3817 4012; baseline -0.003 -15"><span class='ocrx_word' id='word_1_782' title='bbox 2234 3944 2375 3998; x_wconf 91' lang='lat' dir='ltr'><strong>hunc</strong></span> <span class='ocrx_word' id='word_1_783' title='bbox 2407 3960 2627 3998; x_wconf 85' lang='lat' dir='ltr'><strong>servare</strong></span> <span class='ocrx_word' id='word_1_784' title='bbox 2662 3944 2894 3999; x_wconf 90' lang='lat' dir='ltr'><strong>feminas</strong></span> <span class='ocrx_word' id='word_1_785' title='bbox 2927 3947 2976 3997; x_wconf 91' lang='lat' dir='ltr'><strong>in</strong></span> <span class='ocrx_word' id='word_1_786' title='bbox 3009 3943 3194 3998; x_wconf 88' lang='lat' dir='ltr'><strong>Persia</strong></span> <span class='ocrx_word' id='word_1_787' title='bbox 3220 3984 3236 4010; x_wconf 94' lang='lat'><strong>,</strong></span> <span class='ocrx_word' id='word_1_788' title='bbox 3267 3955 3323 3998; x_wconf 90' lang='lat' dir='ltr'><strong>et</strong></span> <span class='ocrx_word' id='word_1_789' title='bbox 3351 3944 3611 4012; x_wconf 71' lang='lat' dir='ltr'><strong>Captntas</strong></span> <span class='ocrx_word' id='word_1_790' title='bbox 3665 3943 3817 3995; x_wconf 88' lang='lat' dir='ltr'><strong>etiam</strong></span> 
     </span>
    </p>
   </div>
   <div class='ocr_carea' id='block_1_111' title="bbox 2233 4012 3822 4084">
    <p class='ocr_par' dir='ltr' id='par_1_111' title="bbox 2233 4012 3822 4084">
     <span class='ocr_line' id='line_1_111' title="bbox 2233 4012 3822 4084; baseline 0 -17"><span class='ocrx_word' id='word_1_791' title='bbox 2233 4015 2285 4067; x_wconf 91' lang='lat' dir='ltr'><strong>iu</strong></span> <span class='ocrx_word' id='word_1_792' title='bbox 2325 4015 2628 4084; x_wconf 61' lang='lat' dir='ltr'><strong>Ethiopia,</strong></span> <span class='ocrx_word' id='word_1_793' title='bbox 2667 4014 2873 4069; x_wconf 86' lang='lat' dir='ltr'><strong>Christi</strong></span> <span class='ocrx_word' id='word_1_794' title='bbox 2928 4015 3056 4069; x_wconf 90' lang='lat' dir='ltr'><strong>licet</strong></span> <span class='ocrx_word' id='word_1_795' title='bbox 3105 4029 3302 4067; x_wconf 89' lang='lat' dir='ltr'><strong>nomen</strong></span> <span class='ocrx_word' id='word_1_796' title='bbox 3351 4012 3672 4082; x_wconf 80' lang='lat' dir='ltr'><strong>professas.</strong></span> <span class='ocrx_word' id='word_1_797' title='bbox 3722 4012 3822 4067; x_wconf 83' lang='lat' dir='ltr'><strong>Leo</strong></span> 
     </span>
    </p>
   </div>
   <div class='ocr_carea' id='block_1_112' title="bbox 2229 4084 3820 4153">
    <p class='ocr_par' dir='ltr' id='par_1_112' title="bbox 2229 4084 3820 4153">
     <span class='ocr_line' id='line_1_112' title="bbox 2229 4084 3820 4153; baseline -0.001 -16"><span class='ocrx_word' id='word_1_798' title='bbox 2229 4084 2541 4147; x_wconf 85' lang='lat' dir='ltr'><strong>Africanus,</strong></span> <span class='ocrx_word' id='word_1_799' title='bbox 2577 4087 2670 4142; x_wconf 85' lang='lat' dir='ltr'><strong>lib.</strong></span> <span class='ocrx_word' id='word_1_800' title='bbox 2705 4099 2820 4147; x_wconf 78' lang='lat' dir='ltr'><strong>rttt,</strong></span> <span class='ocrx_word' id='word_1_801' title='bbox 2854 4092 3042 4138; x_wconf 83' lang='lat' dir='ltr'><strong>narrat.</strong></span> <span class='ocrx_word' id='word_1_802' title='bbox 3061 4084 3426 4138; x_wconf 84' lang='lat' dir='ltr'><strong>Muhammedi</strong></span> <span class='ocrx_word' id='word_1_803' title='bbox 3462 4085 3592 4153; x_wconf 86' lang='lat' dir='ltr'><strong>lege</strong></span> <span class='ocrx_word' id='word_1_804' title='bbox 3619 4085 3670 4136; x_wconf 88' lang='lat' dir='ltr'><strong>id</strong></span> <span class='ocrx_word' id='word_1_805' title='bbox 3698 4099 3820 4152; x_wconf 69' lang='lat' dir='ltr'><strong>prte-</strong></span> 
     </span>
    </p>
   </div>
   <div class='ocr_carea' id='block_1_113' title="bbox 2230 4154 3822 4224">
    <p class='ocr_par' dir='ltr' id='par_1_113' title="bbox 2230 4154 3822 4224">
     <span class='ocr_line' id='line_1_113' title="bbox 2230 4154 3822 4224; baseline -0.002 -15"><span class='ocrx_word' id='word_1_806' title='bbox 2230 4157 2417 4220; x_wconf 84' lang='lat' dir='ltr'><strong>scribi,</strong></span> <span class='ocrx_word' id='word_1_807' title='bbox 2447 4157 2697 4224; x_wconf 88' lang='lat' dir='ltr'><strong>quamvis</strong></span> <span class='ocrx_word' id='word_1_808' title='bbox 2738 4158 2790 4208; x_wconf 92' lang='lat' dir='ltr'><strong>in</strong></span> <span class='ocrx_word' id='word_1_809' title='bbox 2841 4154 3079 4224; x_wconf 63' lang='lat' dir='ltr'><strong>Egypto</strong></span> <span class='ocrx_word' id='word_1_810' title='bbox 3115 4163 3319 4208; x_wconf 90' lang='lat' dir='ltr'><strong>tantum</strong></span> <span class='ocrx_word' id='word_1_811' title='bbox 3372 4162 3434 4206; x_wconf 87' lang='lat' dir='ltr'><strong>et.</strong></span> <span class='ocrx_word' id='word_1_812' title='bbox 3485 4155 3660 4224; x_wconf 78' lang='lat' dir='ltr'><strong>Syria</strong></span> <span class='ocrx_word' id='word_1_813' title='bbox 3691 4156 3822 4207; x_wconf 88' lang='lat' dir='ltr'><strong>obti-</strong></span> 
     </span>
    </p>
   </div>
   <div class='ocr_carea' id='block_1_114' title="bbox 2231 4224 3826 4294">
    <p class='ocr_par' dir='ltr' id='par_1_114' title="bbox 2231 4224 3826 4294">
     <span class='ocr_line' id='line_1_114' title="bbox 2231 4224 3826 4294; baseline -0.001 -18"><span class='ocrx_word' id='word_1_814' title='bbox 2231 4235 2375 4291; x_wconf 78' lang='lat' dir='ltr'><strong>neat,</strong></span> <span class='ocrx_word' id='word_1_815' title='bbox 2442 4240 2744 4294; x_wconf 90' lang='lat' dir='ltr'><strong>munusque</strong></span> <span class='ocrx_word' id='word_1_816' title='bbox 2797 4225 2848 4278; x_wconf 85' lang='lat' dir='ltr'><strong>id</strong></span> <span class='ocrx_word' id='word_1_817' title='bbox 2899 4227 3052 4280; x_wconf 91' lang='lat' dir='ltr'><strong>obire</strong></span> <span class='ocrx_word' id='word_1_818' title='bbox 3098 4224 3312 4280; x_wconf 80' lang='lat' dir='ltr'><strong>vetulas</strong></span> <span class='ocrx_word' id='word_1_819' title='bbox 3364 4228 3683 4291; x_wconf 84' lang='lat' dir='ltr'><strong>quasdam,</strong></span> <span class='ocrx_word' id='word_1_820' title='bbox 3740 4239 3826 4293; x_wconf 89' lang='lat' dir='ltr'><strong>per</strong></span> 
     </span>
    </p>
   </div>
   <div class='ocr_carea' id='block_1_115' title="bbox 2228 4294 3826 4350">
    <p class='ocr_par' dir='ltr' id='par_1_115' title="bbox 2228 4294 3826 4350">
     <span class='ocr_line' id='line_1_115' title="bbox 2228 4294 3826 4350; baseline -0.001 -2"><span class='ocrx_word' id='word_1_821' title='bbox 2228 4297 2379 4350; x_wconf 90' lang='lat' dir='ltr'><strong>vicos</strong></span> <span class='ocrx_word' id='word_1_822' title='bbox 2419 4295 2566 4350; x_wconf 82' lang='lat' dir='ltr'><strong>Cairi</strong></span> <span class='ocrx_word' id='word_1_823' title='bbox 2619 4295 2984 4350; x_wconf 90' lang='lat' dir='ltr'><strong>ministerium</strong></span> <span class='ocrx_word' id='word_1_824' title='bbox 3025 4309 3183 4349; x_wconf 91' lang='lat' dir='ltr'><strong>suum</strong></span> <span class='ocrx_word' id='word_1_825' title='bbox 3228 4294 3624 4349; x_wconf 88' lang='lat' dir='ltr'><strong>venditantes.</strong></span> <span class='ocrx_word' id='word_1_826' title='bbox 3667 4295 3826 4348; x_wconf 85' lang='lat' dir='ltr'><strong>Porro</strong></span> 
     </span>
    </p>
   </div>
   <div class='ocr_carea' id='block_1_116' title="bbox 2229 4363 3828 4435">
    <p class='ocr_par' dir='ltr' id='par_1_116' title="bbox 2229 4363 3828 4435">
     <span class='ocr_line' id='line_1_116' title="bbox 2229 4363 3828 4435; baseline 0.001 -20"><span class='ocrx_word' id='word_1_827' title='bbox 2229 4364 2346 4419; x_wconf 58' lang='lat' dir='ltr'><strong>haec</strong></span> <span class='ocrx_word' id='word_1_828' title='bbox 2384 4365 2640 4435; x_wconf 84' lang='lat' dir='ltr'><strong>Origenis</strong></span> <span class='ocrx_word' id='word_1_829' title='bbox 2674 4370 2799 4418; x_wconf 87' lang='lat' dir='ltr'><strong>dum</strong></span> <span class='ocrx_word' id='word_1_830' title='bbox 2847 4373 3199 4435; x_wconf 71' lang='lat' dir='ltr'><strong>reprmsentat</strong></span> <span class='ocrx_word' id='word_1_831' title='bbox 3249 4363 3602 4433; x_wconf 86' lang='lat' dir='ltr'><strong>Proc0pitts,</strong></span> <span class='ocrx_word' id='word_1_832' title='bbox 3659 4365 3828 4433; x_wconf 80' lang='lat' dir='ltr'><strong>ahqua</strong></span> 
     </span>
    </p>
   </div>
   <div class='ocr_carea' id='block_1_117' title="bbox 2225 4434 3826 4504">
    <p class='ocr_par' dir='ltr' id='par_1_117' title="bbox 2225 4434 3826 4504">
     <span class='ocr_line' id='line_1_117' title="bbox 2225 4434 3826 4504; baseline -0.003 -16"><span class='ocrx_word' id='word_1_833' title='bbox 2225 4450 2290 4488; x_wconf 77' lang='lat' dir='ltr'><strong>ex</strong></span> <span class='ocrx_word' id='word_1_834' title='bbox 2328 4434 2770 4504; x_wconf 30' lang='lat' dir='ltr'><strong>parte’tnntavit,</strong></span> <span class='ocrx_word' id='word_1_835' title='bbox 2812 4437 2856 4488; x_wconf 91' lang='lat' dir='ltr'><strong>si</strong></span> <span class='ocrx_word' id='word_1_836' title='bbox 2903 4436 3061 4491; x_wconf 89' lang='lat' dir='ltr'><strong>modo</strong></span> <span class='ocrx_word' id='word_1_837' title='bbox 3100 4434 3336 4504; x_wconf 31' lang='lat' dir='ltr'><strong>Latinas</strong></span> <span class='ocrx_word' id='word_1_838' title='bbox 3366 4436 3826 4504; x_wconf 85' lang='lat' dir='ltr'><strong>interpretationi</strong></span> 
     </span>
    </p>
   </div>
   <div class='ocr_carea' id='block_1_118' title="bbox 2224 4503 3592 4574">
    <p class='ocr_par' dir='ltr' id='par_1_118' title="bbox 2224 4503 3592 4574">
     <span class='ocr_line' id='line_1_118' title="bbox 2224 4503 3592 4574; baseline 0.002 -20"><span class='ocrx_word' id='word_1_839' title='bbox 2224 4503 2385 4574; x_wconf 79' lang='lat' dir='ltr'><strong>quam</strong></span> <span class='ocrx_word' id='word_1_840' title='bbox 2425 4507 2490 4559; x_wconf 85' lang='lat' dir='ltr'><strong>ad</strong></span> <span class='ocrx_word' id='word_1_841' title='bbox 2522 4522 2738 4559; x_wconf 88' lang='lat' dir='ltr'><strong>manum</strong></span> <span class='ocrx_word' id='word_1_842' title='bbox 2771 4506 2964 4569; x_wconf 84' lang='lat' dir='ltr'><strong>habeo,</strong></span> <span class='ocrx_word' id='word_1_843' title='bbox 3003 4507 3136 4558; x_wconf 86' lang='lat' dir='ltr'><strong>litles</strong></span> <span class='ocrx_word' id='word_1_844' title='bbox 3159 4515 3264 4558; x_wconf 86' lang='lat' dir='ltr'><strong>est.</strong></span> <span class='ocrx_word' id='word_1_845' title='bbox 3298 4503 3592 4574; x_wconf 64' lang='lat' dir='ltr'><strong>&quot;uanus.</strong></span> 
     </span>
    </p>
   </div>
   <div class='ocr_carea' id='block_1_119' title="bbox 2299 4573 3834 4645">
    <p class='ocr_par' dir='ltr' id='par_1_119' title="bbox 2299 4573 3834 4645">
     <span class='ocr_line' id='line_1_119' title="bbox 2299 4573 3834 4645; baseline -0.001 -17"><span class='ocrx_word' id='word_1_846' title='bbox 2299 4577 2413 4645; x_wconf 78' lang='lat'><strong>(99)</strong></span> <span class='ocrx_word' id='word_1_847' title='bbox 2437 4575 2892 4645; x_wconf 81' lang='grc' dir='ltr'>Περιαιρεῒσθαι.</span> <span class='ocrx_word' id='word_1_848' title='bbox 2933 4575 3357 4643; x_wconf 83' lang='lat' dir='ltr'><strong>llituantopodes</strong></span> <span class='ocrx_word' id='word_1_849' title='bbox 3385 4573 3715 4645; x_wconf 67' lang='lat' dir='ltr'><strong>ASthiopes</strong></span> <span class='ocrx_word' id='word_1_850' title='bbox 3743 4575 3834 4629; x_wconf 85' lang='lat' dir='ltr'><strong>hos</strong></span> 
     </span>
    </p>
   </div>
   <div class='ocr_carea' id='block_1_120' title="bbox 2225 4647 3829 4716">
    <p class='ocr_par' dir='ltr' id='par_1_120' title="bbox 2225 4647 3829 4716">
     <span class='ocr_line' id='line_1_120' title="bbox 2225 4647 3829 4716; baseline 0.001 -19"><span class='ocrx_word' id='word_1_851' title='bbox 2225 4660 2345 4699; x_wconf 90' lang='lat' dir='ltr'><strong>esse</strong></span> <span class='ocrx_word' id='word_1_852' title='bbox 2384 4651 2640 4700; x_wconf 80' lang='lat' dir='ltr'><strong>censebat</strong></span> <span class='ocrx_word' id='word_1_853' title='bbox 2669 4647 2877 4698; x_wconf 80' lang='lat' dir='ltr'><strong>anticus</strong></span> <span class='ocrx_word' id='word_1_854' title='bbox 2920 4660 3070 4699; x_wconf 88' lang='lat' dir='ltr'><strong>meus</strong></span> <span class='ocrx_word' id='word_1_855' title='bbox 3105 4661 3350 4699; x_wconf 89' lang='lat' dir='ltr'><strong>summus</strong></span> <span class='ocrx_word' id='word_1_856' title='bbox 3413 4655 3478 4698; x_wconf 85' lang='lat' dir='ltr'><strong>et</strong></span> <span class='ocrx_word' id='word_1_857' title='bbox 3545 4648 3829 4716; x_wconf 82' lang='lat' dir='ltr'><strong>popularis</strong></span> 
     </span>
    </p>
   </div>
   <div class='ocr_carea' id='block_1_121' title="bbox 2224 4715 3832 4785">
    <p class='ocr_par' dir='ltr' id='par_1_121' title="bbox 2224 4715 3832 4785">
     <span class='ocr_line' id='line_1_121' title="bbox 2224 4715 3832 4785; baseline -0.001 -17"><span class='ocrx_word' id='word_1_858' title='bbox 2224 4716 2530 4785; x_wconf 85' lang='lat' dir='ltr'><strong>Stephanus</strong></span> <span class='ocrx_word' id='word_1_859' title='bbox 2560 4717 2884 4778; x_wconf 91' lang='lat' dir='ltr'><strong>monachus,</strong></span> <span class='ocrx_word' id='word_1_860' title='bbox 2920 4730 3174 4785; x_wconf 84' lang='lat' dir='ltr'><strong>maguum</strong></span> <span class='ocrx_word' id='word_1_861' title='bbox 3211 4715 3284 4768; x_wconf 90' lang='lat' dir='ltr'><strong>rei</strong></span> <span class='ocrx_word' id='word_1_862' title='bbox 3317 4715 3642 4772; x_wconf 62' lang='lat' dir='ltr'><strong>litterariae</strong></span> <span class='ocrx_word' id='word_1_863' title='bbox 3691 4717 3832 4771; x_wconf 83' lang='lat' dir='ltr'><strong>colu-</strong></span> 
     </span>
    </p>
   </div>
   <div class='ocr_carea' id='block_1_122' title="bbox 2223 4785 3837 4856">
    <p class='ocr_par' dir='ltr' id='par_1_122' title="bbox 2223 4785 3837 4856">
     <span class='ocr_line' id='line_1_122' title="bbox 2223 4785 3837 4856; baseline -0.001 -18"><span class='ocrx_word' id='word_1_864' title='bbox 2223 4802 2368 4841; x_wconf 88' lang='lat' dir='ltr'><strong>men.</strong></span> <span class='ocrx_word' id='word_1_865' title='bbox 2400 4787 2571 4841; x_wconf 88' lang='lat' dir='ltr'><strong>Erant</strong></span> <span class='ocrx_word' id='word_1_866' title='bbox 2598 4789 2738 4854; x_wconf 85' lang='lat' dir='ltr'><strong>apud</strong></span> <span class='ocrx_word' id='word_1_867' title='bbox 2767 4785 3053 4854; x_wconf 66' lang='lat' dir='ltr'><strong>IEtliiopes</strong></span> <span class='ocrx_word' id='word_1_868' title='bbox 3099 4787 3317 4854; x_wconf 90' lang='lat' dir='ltr'><strong>quidatn</strong></span> <span class='ocrx_word' id='word_1_869' title='bbox 3375 4786 3837 4856; x_wconf 83' lang='lat' dir='ltr'><strong>llttnantopodes</strong></span> 
     </span>
    </p>
   </div>
   <div class='ocr_carea' id='block_1_123' title="bbox 2221 4855 3837 4924">
    <p class='ocr_par' dir='ltr' id='par_1_123' title="bbox 2221 4855 3837 4924">
     <span class='ocr_line' id='line_1_123' title="bbox 2221 4855 3837 4924; baseline -0.001 -17"><span class='ocrx_word' id='word_1_870' title='bbox 2221 4857 2372 4919; x_wconf 77' lang='lat' dir='ltr'><strong>dicti,</strong></span> <span class='ocrx_word' id='word_1_871' title='bbox 2406 4860 2507 4911; x_wconf 92' lang='lat' dir='ltr'><strong>hoc</strong></span> <span class='ocrx_word' id='word_1_872' title='bbox 2539 4867 2624 4910; x_wconf 89' lang='lat' dir='ltr'><strong>est</strong></span> <span class='ocrx_word' id='word_1_873' title='bbox 2653 4857 2923 4923; x_wconf 87' lang='lat' dir='ltr'><strong>loripedes</strong></span> <span class='ocrx_word' id='word_1_874' title='bbox 2944 4894 2958 4919; x_wconf 94' lang='lat'><strong>,</strong></span> <span class='ocrx_word' id='word_1_875' title='bbox 2994 4858 3138 4924; x_wconf 86' lang='lat' dir='ltr'><strong>quod</strong></span> <span class='ocrx_word' id='word_1_876' title='bbox 3167 4856 3427 4909; x_wconf 83' lang='lat' dir='ltr'><strong>cruribus</strong></span> <span class='ocrx_word' id='word_1_877' title='bbox 3488 4855 3609 4910; x_wconf 89' lang='lat' dir='ltr'><strong>lori</strong></span> <span class='ocrx_word' id='word_1_878' title='bbox 3668 4855 3837 4910; x_wconf 81' lang='lat' dir='ltr'><strong>instar</strong></span> 
     </span>
    </p>
   </div>
   <div class='ocr_carea' id='block_1_124' title="bbox 2217 4925 3839 4995">
    <p class='ocr_par' dir='ltr' id='par_1_124' title="bbox 2217 4925 3839 4995">
     <span class='ocr_line' id='line_1_124' title="bbox 2217 4925 3839 4995; baseline 0.001 -17"><span class='ocrx_word' id='word_1_879' title='bbox 2217 4926 2371 4980; x_wconf 85' lang='lat' dir='ltr'><strong>flexis</strong></span> <span class='ocrx_word' id='word_1_880' title='bbox 2401 4936 2455 4981; x_wconf 91' lang='lat' dir='ltr'><strong>et</strong></span> <span class='ocrx_word' id='word_1_881' title='bbox 2503 4926 2662 4979; x_wconf 82' lang='lat' dir='ltr'><strong>ﬂuxis</strong></span> <span class='ocrx_word' id='word_1_882' title='bbox 2689 4940 2910 4993; x_wconf 89' lang='lat' dir='ltr'><strong>serpere</strong></span> <span class='ocrx_word' id='word_1_883' title='bbox 2953 4929 3132 4994; x_wconf 86' lang='lat' dir='ltr'><strong>potius</strong></span> <span class='ocrx_word' id='word_1_884' title='bbox 3171 4940 3332 4993; x_wconf 86' lang='lat' dir='ltr'><strong>quant</strong></span> <span class='ocrx_word' id='word_1_885' title='bbox 3403 4925 3654 4995; x_wconf 82' lang='lat' dir='ltr'><strong>ingredi</strong></span> <span class='ocrx_word' id='word_1_886' title='bbox 3699 4926 3839 4981; x_wconf 79' lang='lat' dir='ltr'><strong>vide-</strong></span> 
     </span>
    </p>
   </div>
   <div class='ocr_carea' id='block_1_125' title="bbox 2218 4995 3840 5053">
    <p class='ocr_par' dir='ltr' id='par_1_125' title="bbox 2218 4995 3840 5053">
     <span class='ocr_line' id='line_1_125' title="bbox 2218 4995 3840 5053; baseline -0.001 -3"><span class='ocrx_word' id='word_1_887' title='bbox 2218 5007 2427 5053; x_wconf 83' lang='lat' dir='ltr'><strong>rentur.</strong></span> <span class='ocrx_word' id='word_1_888' title='bbox 2468 4997 2542 5052; x_wconf 86' lang='lat' dir='ltr'><strong>De</strong></span> <span class='ocrx_word' id='word_1_889' title='bbox 2572 4999 2657 5051; x_wconf 83' lang='lat' dir='ltr'><strong>his</strong></span> <span class='ocrx_word' id='word_1_890' title='bbox 2694 4995 2829 5050; x_wconf 82' lang='lat' dir='ltr'><strong>Mela</strong></span> <span class='ocrx_word' id='word_1_891' title='bbox 2861 5008 2916 5050; x_wconf 89' lang='lat' dir='ltr'><strong>et</strong></span> <span class='ocrx_word' id='word_1_892' title='bbox 2958 4996 3177 5050; x_wconf 84' lang='lat' dir='ltr'><strong>Solinus</strong></span> <span class='ocrx_word' id='word_1_893' title='bbox 3207 4998 3278 5049; x_wconf 84' lang='lat' dir='ltr'><strong>ita</strong></span> <span class='ocrx_word' id='word_1_894' title='bbox 3331 4995 3632 5051; x_wconf 76' lang='lat' dir='ltr'><strong>videnlur</strong></span> <span class='ocrx_word' id='word_1_895' title='bbox 3665 4999 3840 5051; x_wconf 56' lang='lat' dir='ltr'><strong>disse.</strong></span> 
     </span>
    </p>
   </div>
   <div class='ocr_carea' id='block_1_126' title="bbox 2219 5067 3840 5137">
    <p class='ocr_par' dir='ltr' id='par_1_126' title="bbox 2219 5067 3840 5137">
     <span class='ocr_line' id='line_1_126' title="bbox 2219 5067 3840 5137; baseline -0.001 -19"><span class='ocrx_word' id='word_1_896' title='bbox 2219 5080 2359 5133; x_wconf 88' lang='lat' dir='ltr'><strong>rere,</strong></span> <span class='ocrx_word' id='word_1_897' title='bbox 2397 5070 2552 5137; x_wconf 89' lang='lat' dir='ltr'><strong>quasi</strong></span> <span class='ocrx_word' id='word_1_898' title='bbox 2590 5070 2640 5120; x_wconf 89' lang='lat' dir='ltr'><strong>id</strong></span> <span class='ocrx_word' id='word_1_899' title='bbox 2683 5067 2874 5120; x_wconf 92' lang='lat' dir='ltr'><strong>vitium</strong></span> <span class='ocrx_word' id='word_1_900' title='bbox 2930 5077 3036 5120; x_wconf 90' lang='lat' dir='ltr'><strong>tota</strong></span> <span class='ocrx_word' id='word_1_901' title='bbox 3073 5067 3266 5137; x_wconf 82' lang='lat' dir='ltr'><strong>aliqua</strong></span> <span class='ocrx_word' id='word_1_902' title='bbox 3286 5080 3433 5135; x_wconf 85' lang='lat' dir='ltr'><strong>gens</strong></span> <span class='ocrx_word' id='word_1_903' title='bbox 3473 5070 3558 5120; x_wconf 83' lang='lat' dir='ltr'><strong>ab</strong></span> <span class='ocrx_word' id='word_1_904' title='bbox 3589 5078 3724 5121; x_wconf 87' lang='lat' dir='ltr'><strong>ortu</strong></span> <span class='ocrx_word' id='word_1_905' title='bbox 3762 5080 3840 5118; x_wconf 84' lang='lat' dir='ltr'><strong>rc-</strong></span> 
     </span>
    </p>
   </div>
   <div class='ocr_carea' id='block_1_127' title="bbox 2221 5136 3846 5204">
    <p class='ocr_par' dir='ltr' id='par_1_127' title="bbox 2221 5136 3846 5204">
     <span class='ocr_line' id='line_1_127' title="bbox 2221 5136 3846 5204; baseline 0 -14"><span class='ocrx_word' id='word_1_906' title='bbox 2221 5136 2424 5193; x_wconf 80' lang='lat' dir='ltr'><strong>tulerit.</strong></span> <span class='ocrx_word' id='word_1_907' title='bbox 2457 5138 2599 5198; x_wconf 88' lang='lat' dir='ltr'><strong>Bene</strong></span> <span class='ocrx_word' id='word_1_908' title='bbox 2628 5151 2757 5191; x_wconf 85' lang='lat' dir='ltr'><strong>vero</strong></span> <span class='ocrx_word' id='word_1_909' title='bbox 2807 5141 2889 5192; x_wconf 88' lang='lat' dir='ltr'><strong>est</strong></span> <span class='ocrx_word' id='word_1_910' title='bbox 2913 5137 3055 5204; x_wconf 91' lang='lat' dir='ltr'><strong>quod</strong></span> <span class='ocrx_word' id='word_1_911' title='bbox 3116 5151 3182 5190; x_wconf 86' lang='lat' dir='ltr'><strong>ex</strong></span> <span class='ocrx_word' id='word_1_912' title='bbox 3237 5136 3501 5204; x_wconf 83' lang='lat' dir='ltr'><strong>Origene</strong></span> <span class='ocrx_word' id='word_1_913' title='bbox 3570 5137 3846 5192; x_wconf 86' lang='lat' dir='ltr'><strong>discimus</strong></span> 
     </span>
    </p>
   </div>
   <div class='ocr_carea' id='block_1_128' title="bbox 2216 5206 3842 5270">
    <p class='ocr_par' dir='ltr' id='par_1_128' title="bbox 2216 5206 3842 5270">
     <span class='ocr_line' id='line_1_128' title="bbox 2216 5206 3842 5270; baseline -0.002 -9"><span class='ocrx_word' id='word_1_914' title='bbox 2216 5209 2350 5264; x_wconf 87' lang='lat' dir='ltr'><strong>tales</strong></span> <span class='ocrx_word' id='word_1_915' title='bbox 2380 5219 2498 5264; x_wconf 89' lang='lat' dir='ltr'><strong>arte</strong></span> <span class='ocrx_word' id='word_1_916' title='bbox 2545 5209 2715 5263; x_wconf 89' lang='lat' dir='ltr'><strong>factos</strong></span> <span class='ocrx_word' id='word_1_917' title='bbox 2772 5206 2962 5267; x_wconf 79' lang='lat' dir='ltr'><strong>fuisse,</strong></span> <span class='ocrx_word' id='word_1_918' title='bbox 3001 5222 3108 5261; x_wconf 87' lang='lat' dir='ltr'><strong>non</strong></span> <span class='ocrx_word' id='word_1_919' title='bbox 3168 5216 3407 5270; x_wconf 88' lang='lat' dir='ltr'><strong>natura;</strong></span> <span class='ocrx_word' id='word_1_920' title='bbox 3491 5224 3611 5261; x_wconf 86' lang='lat' dir='ltr'><strong>nec</strong></span> <span class='ocrx_word' id='word_1_921' title='bbox 3673 5219 3842 5262; x_wconf 82' lang='lat' dir='ltr'><strong>lotam</strong></span> 
     </span>
    </p>
   </div>
   <div class='ocr_carea' id='block_1_129' title="bbox 2212 5278 3843 5349">
    <p class='ocr_par' dir='ltr' id='par_1_129' title="bbox 2212 5278 3843 5349">
     <span class='ocr_line' id='line_1_129' title="bbox 2212 5278 3843 5349; baseline -0.004 -16"><span class='ocrx_word' id='word_1_922' title='bbox 2212 5293 2449 5349; x_wconf 86' lang='lat' dir='ltr'><strong>gentem,</strong></span> <span class='ocrx_word' id='word_1_923' title='bbox 2486 5280 2584 5334; x_wconf 90' lang='lat' dir='ltr'><strong>sed</strong></span> <span class='ocrx_word' id='word_1_924' title='bbox 2605 5281 2865 5349; x_wconf 81' lang='lat' dir='ltr'><strong>quosdam</strong></span> <span class='ocrx_word' id='word_1_925' title='bbox 2896 5287 3100 5332; x_wconf 67' lang='lat' dir='ltr'><strong>tanton:</strong></span> <span class='ocrx_word' id='word_1_926' title='bbox 3134 5278 3646 5349; x_wconf 13' lang='lat' dir='ltr'><strong>genuum‘patella</strong></span> <span class='ocrx_word' id='word_1_927' title='bbox 3677 5279 3843 5331; x_wconf 75' lang='lat' dir='ltr'><strong>fuisse</strong></span> 
     </span>
    </p>
   </div>
   <div class='ocr_carea' id='block_1_130' title="bbox 2212 5345 3849 5417">
    <p class='ocr_par' dir='ltr' id='par_1_130' title="bbox 2212 5345 3849 5417">
     <span class='ocr_line' id='line_1_130' title="bbox 2212 5345 3849 5417; baseline -0.002 -15"><span class='ocrx_word' id='word_1_928' title='bbox 2212 5345 2498 5404; x_wconf 75' lang='lat' dir='ltr'><strong>mulctatos</strong></span> <span class='ocrx_word' id='word_1_929' title='bbox 2525 5367 2540 5416; x_wconf 86' lang='lat'><strong>;</strong></span> <span class='ocrx_word' id='word_1_930' title='bbox 2572 5345 2667 5403; x_wconf 85' lang='lat' dir='ltr'><strong>eos</strong></span> <span class='ocrx_word' id='word_1_931' title='bbox 2699 5346 2938 5402; x_wconf 85' lang='lat' dir='ltr'><strong>fortasse</strong></span> <span class='ocrx_word' id='word_1_932' title='bbox 2983 5345 3314 5417; x_wconf 53' lang='lat' dir='ltr'><strong>quos&#39;douii</strong></span> <span class='ocrx_word' id='word_1_933' title='bbox 3364 5347 3672 5403; x_wconf 80' lang='lat' dir='ltr'><strong>desidere</strong></span> <span class='ocrx_word' id='word_1_934' title='bbox 3742 5350 3849 5400; x_wconf 80' lang='lat' dir='ltr'><strong>vel-</strong></span> 
     </span>
    </p>
   </div>
   <div class='ocr_carea' id='block_1_131' title="bbox 2209 5417 3845 5487">
    <p class='ocr_par' dir='ltr' id='par_1_131' title="bbox 2209 5417 3845 5487">
     <span class='ocr_line' id='line_1_131' title="bbox 2209 5417 3845 5487; baseline -0.001 -16"><span class='ocrx_word' id='word_1_935' title='bbox 2209 5421 2344 5484; x_wconf 91' lang='lat' dir='ltr'><strong>lent,</strong></span> <span class='ocrx_word' id='word_1_936' title='bbox 2376 5438 2480 5474; x_wconf 90' lang='lat' dir='ltr'><strong>non</strong></span> <span class='ocrx_word' id='word_1_937' title='bbox 2516 5423 2582 5474; x_wconf 87' lang='lat' dir='ltr'><strong>ad</strong></span> <span class='ocrx_word' id='word_1_938' title='bbox 2620 5421 2760 5474; x_wconf 86' lang='lat' dir='ltr'><strong>bella</strong></span> <span class='ocrx_word' id='word_1_939' title='bbox 2795 5421 2978 5483; x_wconf 83' lang='lat' dir='ltr'><strong>exire,</strong></span> <span class='ocrx_word' id='word_1_940' title='bbox 3027 5433 3273 5487; x_wconf 65' lang='lat' dir='ltr'><strong>quosiue</strong></span> <span class='ocrx_word' id='word_1_941' title='bbox 3315 5417 3692 5487; x_wconf 84' lang='lat' dir='ltr'><strong>domesticis</strong></span> <span class='ocrx_word' id='word_1_942' title='bbox 3730 5420 3845 5472; x_wconf 77' lang='lat' dir='ltr'><strong>olli-</strong></span> 
     </span>
    </p>
   </div>
   <div class='ocr_carea' id='block_1_132' title="bbox 2207 5486 3849 5560">
    <p class='ocr_par' dir='ltr' id='par_1_132' title="bbox 2207 5486 3849 5560">
     <span class='ocr_line' id='line_1_132' title="bbox 2207 5486 3849 5560; baseline -0.002 -16"><span class='ocrx_word' id='word_1_943' title='bbox 2207 5493 2309 5544; x_wconf 84' lang='lat' dir='ltr'><strong>ciis</strong></span> <span class='ocrx_word' id='word_1_944' title='bbox 2333 5504 2387 5546; x_wconf 90' lang='lat' dir='ltr'><strong>et</strong></span> <span class='ocrx_word' id='word_1_945' title='bbox 2417 5492 2668 5560; x_wconf 86' lang='lat' dir='ltr'><strong>privatis,</strong></span> <span class='ocrx_word' id='word_1_946' title='bbox 2703 5505 2810 5544; x_wconf 90' lang='lat' dir='ltr'><strong>non</strong></span> <span class='ocrx_word' id='word_1_947' title='bbox 2845 5486 3246 5558; x_wconf 74' lang='lat' dir='ltr'><strong>campeStrihus</strong></span> <span class='ocrx_word' id='word_1_948' title='bbox 3279 5486 3359 5540; x_wconf 91' lang='lat' dir='ltr'><strong>vel</strong></span> <span class='ocrx_word' id='word_1_949' title='bbox 3404 5488 3684 5556; x_wconf 83' lang='lat' dir='ltr'><strong>publicis</strong></span> <span class='ocrx_word' id='word_1_950' title='bbox 3726 5492 3849 5542; x_wconf 85' lang='lat' dir='ltr'><strong>des-</strong></span> 
     </span>
    </p>
   </div>
   <div class='ocr_carea' id='block_1_133' title="bbox 2207 5562 2562 5616">
    <p class='ocr_par' dir='ltr' id='par_1_133' title="bbox 2207 5562 2562 5616">
     <span class='ocr_line' id='line_1_133' title="bbox 2207 5562 2562 5616; baseline 0.008 -3"><span class='ocrx_word' id='word_1_951' title='bbox 2207 5562 2314 5614; x_wconf 90' lang='lat' dir='ltr'><strong>tina</strong></span> <span class='ocrx_word' id='word_1_952' title='bbox 2326 5574 2464 5616; x_wconf 88' lang='lat' dir='ltr'><strong>rent.</strong></span> <span class='ocrx_word' id='word_1_953' title='bbox 2484 5562 2562 5616; x_wconf 90' lang='lat' dir='ltr'><strong>lo.</strong></span> 
     </span>
    </p>
   </div>
   <div class='ocr_carea' id='block_1_134' title="bbox 2275 5629 3852 5704">
    <p class='ocr_par' dir='ltr' id='par_1_134' title="bbox 2275 5629 3852 5704">
     <span class='ocr_line' id='line_1_134' title="bbox 2275 5629 3852 5704; baseline -0.003 -18"><span class='ocrx_word' id='word_1_954' title='bbox 2275 5632 2350 5704; x_wconf 87' lang='grc' dir='ltr'>(ι)</span> <span class='ocrx_word' id='word_1_955' title='bbox 2386 5631 2520 5698; x_wconf 87' lang='grc' dir='ltr'><strong>Πῶς</strong></span> <span class='ocrx_word' id='word_1_956' title='bbox 2544 5634 2657 5703; x_wconf 78' lang='grc' dir='ltr'>γὰρ</span> <span class='ocrx_word' id='word_1_957' title='bbox 2694 5629 3231 5704; x_wconf 27' lang='grc' dir='ltr'>ταῦταᾼποιοῦσιν,</span> <span class='ocrx_word' id='word_1_958' title='bbox 3271 5637 3382 5684; x_wconf 88' lang='lat' dir='ltr'><strong>etc.</strong></span> <span class='ocrx_word' id='word_1_959' title='bbox 3431 5629 3619 5686; x_wconf 86' lang='lat' dir='ltr'><strong>Trita</strong></span> <span class='ocrx_word' id='word_1_960' title='bbox 3658 5630 3852 5704; x_wconf 74' lang='lat' dir='ltr'><strong>illaet</strong></span> 
     </span>
    </p>
   </div>
   <div class='ocr_carea' id='block_1_135' title="bbox 2203 5701 3850 5773">
    <p class='ocr_par' dir='ltr' id='par_1_135' title="bbox 2203 5701 3850 5773">
     <span class='ocr_line' id='line_1_135' title="bbox 2203 5701 3850 5773; baseline -0.001 -19"><span class='ocrx_word' id='word_1_961' title='bbox 2203 5701 2515 5773; x_wconf 82' lang='lat' dir='ltr'><strong>pervulgata</strong></span> <span class='ocrx_word' id='word_1_962' title='bbox 2552 5701 2838 5758; x_wconf 29' lang='lat' dir='ltr'><strong>’aitversus</strong></span> <span class='ocrx_word' id='word_1_963' title='bbox 2877 5701 3261 5757; x_wconf 87' lang='lat' dir='ltr'><strong>Genethliacos</strong></span> <span class='ocrx_word' id='word_1_964' title='bbox 3299 5712 3690 5770; x_wconf 79' lang='lat' dir='ltr'><strong>argumenta</strong></span> <span class='ocrx_word' id='word_1_965' title='bbox 3744 5701 3850 5773; x_wconf 72' lang='lat' dir='ltr'><strong>sibi</strong></span> 
     </span>
    </p>
   </div>
   <div class='ocr_carea' id='block_1_136' title="bbox 2201 5771 3858 5898">
    <p class='ocr_par' dir='ltr' id='par_1_136' title="bbox 2201 5771 3858 5898">
     <span class='ocr_line' id='line_1_136' title="bbox 2201 5771 3858 5898; baseline 0.004 -75"><span class='ocrx_word' id='word_1_966' title='bbox 2201 5771 2682 5898; x_wconf 49' lang='lat' dir='ltr'><strong>quicilt&#39;lt‘itinticus</strong></span> <span class='ocrx_word' id='word_1_967' title='bbox 2703 5791 2824 5844; x_wconf 86' lang='lat' dir='ltr'><strong>cap.</strong></span> <span class='ocrx_word' id='word_1_968' title='bbox 2868 5775 2922 5838; x_wconf 80' lang='lat' dir='ltr'><strong>l,</strong></span> <span class='ocrx_word' id='word_1_969' title='bbox 2964 5774 3122 5838; x_wconf 87' lang='lat' dir='ltr'><strong>lib.t,</strong></span> <span class='ocrx_word' id='word_1_970' title='bbox 3174 5787 3295 5841; x_wconf 76' lang='lat' dir='ltr'><strong>qua:</strong></span> <span class='ocrx_word' id='word_1_971' title='bbox 3333 5775 3583 5831; x_wconf 85' lang='lat' dir='ltr'><strong>deinde</strong></span> <span class='ocrx_word' id='word_1_972' title='bbox 3643 5789 3777 5846; x_wconf 86' lang='lat' dir='ltr'><strong>cap.</strong></span> <span class='ocrx_word' id='word_1_973' title='bbox 3826 5771 3858 5823; x_wconf 79' lang='grc'><strong>5</strong></span> 
     </span>
     <span class='ocr_line' id='line_1_137' title="bbox 2201 5857 3124 5898; baseline 0.001 0"><span class='ocrx_word' id='word_1_974' title='bbox 2201 5862 2346 5898; x_wconf 81' lang='lat' dir='ltr'><strong>ttsso</strong></span> <span class='ocrx_word' id='word_1_975' title='bbox 2375 5857 2463 5898; x_wconf 82' lang='grc' dir='ltr'>νιι.</span> <span class='ocrx_word' id='word_1_976' title='bbox 2512 5861 2564 5898; x_wconf 86' lang='lat' dir='ltr'><strong>o.</strong></span> <span class='ocrx_word' id='word_1_977' title='bbox 3120 5889 3124 5893; x_wconf 94' lang='lat'><strong>.</strong></span> 
     </span>
    </p>
   </div>
   <div class='ocr_carea' id='block_1_137' title="bbox 2201 5857 3124 5901">
    <p class='ocr_par' dir='ltr' id='par_1_137' title="bbox 2201 5857 3124 5901">
     <span class='ocr_line' id='line_1_138' title="bbox 2201 5857 3124 5901; baseline -0.005 -3"><span class='ocrx_word' id='word_1_978' title='bbox 2201 5857 2463 5901; x_wconf 75' lang='lat' dir='ltr'><strong>(IlSSOlVll.</strong></span> <span class='ocrx_word' id='word_1_979' title='bbox 2490 5857 2564 5898; x_wconf 83' lang='lat' dir='ltr'><strong>ID.</strong></span> <span class='ocrx_word' id='word_1_980' title='bbox 3120 5889 3124 5893; x_wconf 95' lang='lat'><strong>.</strong></span> 
     </span>
    </p>
   </div>
  </div>
