3978 6566
244 432 306 487 77
1651 424 1717 481 IN
1750 422 2073 483 GENESIM.
2811 405 2816 410 ’
3411 427 3480 481 7s

243 550 427 625 Οἶμαι,
457 553 560 616 ὅτι,
596 551 643 603 εί
670 551 1064 622 ὲπιστὴσαιμεν
1098 549 1195 621 (9.),
1225 549 1344 603 οὐδὲ
1373 550 1530 621 μέχρι
1559 548 1650 602 τοῦ
1688 549 1801 619 στῆε

1919 559 2118 619 genere
2147 557 2596 603 commemorant.
2640 548 2907 606 Prmterca
2937 552 3028 623 qui
3065 553 3179 618 liat,
3214 566 3269 607 ut
3313 555 3485 610 certis

244 663 327 698 σαι
365 641 704 714 δυνησόμεθά
748 659 800 693 τι
843 641 1038 711 ἀληθὲς
1073 641 1242 692 εἰπεῖν
1294 640 1432 711 περὶ.
1467 639 1663 691 αὐτῶν.
1709 639 1813 690 Το-

245 735 442 790 σούτων
474 733 530 786 δὲ
573 732 884 804 φερομένων
921 732 1054 786 ὁδῶν
1103 731 1542 804 προγνωστικῶν,
1581 731 1680 783 οὐκ
1715 725 1811 782 οἶδ’

240 832 382 892 ὅπως
411 826 699 894 ἐξώκειλαν
725 827 771 879 οί
799 825 1073 898 ἅνθρωποι
1095 826 1186 878 ἐπὶ
1213 825 1273 877 τὸ
1296 823 1391 894 τὴν
1422 823 1519 893 μὲν
1549 824 1814 875 οἰωνιστι-

240 924 335 993 κὴν
369 922 462 975 καὶ
497 920 594 991 τὴν
630 919 854 989 θυτικὴν
903 917 976 988 μὴ
1011 916 1190 984 λέγειν
1223 915 1499 987 περιέχειν
1525 913 1586 966 τὸ
1623 912 1810 966 ποιοῦν

238 1015 423 1077 αἴτιον,
462 1011 594 1066 ἀλλὰ
628 1011 912 1080 σημαίνειν
947 1009 1124 1079 μόνον,
1161 1008 1252 1060 καὶ
1280 1007 1376 1077 τὴν
1417 1006 1809 1076 ἀστεροσκοπι-

238 1106 336 1173 κὴν
363 1105 459 1175 (5),
480 1105 578 1155 οὐκ
606 1103 682 1154 ἔτι
710 1101 765 1153 δὲ
796 1100 892 1170 τὴν
928 1098 1417 1167 τενεθλιαλογικήν.
1452 1098 1514 1149 Ei
1546 1096 1653 1167 γὰρ
1683 1096 1803 1147 em—

236 1197 579 1267 γινώσκεται,
605 1194 692 1246 ἵνα
725 1194 819 1245 καὶ⁸
849 1189 1204 1264 χαρισώμεθα
1230 1189 1289 1242 τὸ
1314 1187 1694 1257 γινώσκεσθαι,
1727 1187 1808 1255 γί-

235 1304 380 1339 νεται
399 1285 454 1337 δὲ
481 1283 685 1336 ἐκεῖθεν
707 1282 825 1334 ὅθεν
854 1283 886 1351 ἡ
913 1281 1112 1349 γνῶσις
1141 1279 1495 1349 λαμϐάνεται,
1525 1278 1576 1330 τί
1611 1277 1806 1348 μᾶλλον

234 1377 340 1433 ἀπὺ
382 1376 488 1429 τῶν
532 1376 775 1445 ἀστέρων
811 1374 883 1443 (ὁ)
924 1373 955 1444 ἢ
1001 1372 1108 1426 ἀπὸ
1142 1371 1250 1424 τῶν
1287 1371 1488 1423 οἰωνῶν
1541 1369 1689 1422 ἔσται
1739 1370 1806 1424 τὰ

232 1468 522 1538 γινόμενας
588 1466 681 1520 καὶ
721 1465 916 1535 μᾶλλον
953 1464 1030 1532 (5)
1075 1464 1180 1515 ἀπὸ
1211 1462 1338 1516 τῶν
1367 1460 1568 1514 οἰωνῶν
1589 1501 1602 1524 ,
1635 1460 1666 1530 ἣ
1699 1460 1806 1513 ἀπὸ

230 1559 338 1612 τῶν
371 1559 690 1628 σπλάγχνων
718 1556 824 1609 τῶν
845 1555 1138 1626 θυομένων,
1169 1555 1201 1625 ἢ
1234 1553 1340 1606 ἀπὸ
1364 1551 1470 1605 τῶν
1488 1551 1805 1645 διαττὸντων

228 1649 506 1721 ἀστέρων;
557 1648 740 1702 Ταῦτα
777 1648 874 1718 μὲν
904 1642 994 1699 οὖν
1025 1647 1116 1698 ἐπὶ
1152 1645 1244 1698 τοῦ
1277 1642 1550 1715 παρόντος
1581 1643 1804 1714 ἀρκέσει

229 1743 308 1804 είς
359 1742 635 1811 ἀναίρεσιν
685 1738 776 1792 τοῦ
826 1736 1141 1808 ποιητικοὺς
1203 1731 1340 1788 εἶναι
1388 1736 1512 1797 τοὺς
1570 1734 1804 1805 ἀστέρας

229 1835 334 1889 τῶν
368 1834 738 1906 ἀνθρωπίνων.

1918 637 2240 706 quibusdam
2274 637 2415 706 apud
2449 639 2736 695 nonnullos
2783 641 3075 714 [Ethiopiaa
3128 643 3352 714 populos
3390 660 3482 714 ge-

1916 745 2081 785 nuum
2109 729 2343 798 patella),
2372 717 2737 787 Amazonibus
2764 749 3118 790 mammarum
3138 736 3304 791 altera
3335 753 3486 791 rese-

1914 831 2084 876 cetur.
2117 821 2400 888 Quomodo
2433 823 2574 876 enim
2613 823 2726 877 hmo
2775 827 2939 880 certis
2974 827 3234 882 duntaxat
3273 828 3324 882 in
3355 844 3489 898 gen-

1915 913 2057 968 tibus
2088 914 2326 968 siderum
2353 913 2436 968 vis
2470 913 2706 968 efﬁciat?
2734 915 2995 984 Equidem
3019 919 3098 972 sic
3130 920 3402 985 existimo,
3438 918 3485 973 si

1913 1005 2329 1070 attenderimns,
2357 1004 2471 1059 veri
2499 1006 2637 1061 nihil
2670 1007 2772 1062 hoc
2821 1008 2872 1060 in
2918 1025 3136 1078 genere,
3173 1011 3223 1065 in
3257 1027 3362 1080 quo
3397 1010 3483 1064 vel

1913 1095 2103 1150 leviter
2132 1096 2343 1151 hzerere
2395 1097 2576 1162 liceat,
2606 1098 2903 1169 excogitari
2938 1116 2966 1153 a
2999 1101 3153 1155 nobis
3205 1103 3484 1172 asserique

1911 1201 2090 1255 posse.
2126 1187 2392 1241 Caeterum
2423 1203 2542 1241 cum
2575 1199 2680 1242 tam
2714 1191 2896 1242 multae
2922 1194 3292 1259 praenoscendi
3338 1203 3485 1248 artes

1909 1276 2390 1344 circumferantur,
2423 1293 2526 1332 non
2564 1280 2718 1334 video
2749 1284 3100 1350 quamobrem
3135 1283 3186 1336 in
3237 1284 3285 1336 id
3319 1286 3485 1352 potis-

1910 1368 2106 1422 simum
2141 1370 2388 1426 homines
2419 1371 2768 1442 impegerint,
2803 1382 2860 1426 nt
2890 1373 3138 1435 augurali
3159 1383 3210 1434 et
3235 1374 3486 1445 haruspi-

1907 1461 2043 1514 cina:
2085 1470 2246 1530 atque
2293 1471 2565 1518 astrorum
2609 1465 3025 1519 considerationi
3065 1465 3331 1521 eﬂiciendi
3376 1468 3480 1520 vim

1908 1565 2191 1624 negarent,
2240 1555 2582 1626 signiﬁcandi
2637 1566 2846 1612 tantum
2903 1559 3287 1624 concederent,
3339 1561 3479 1614 idem

1909 1654 2088 1698 tamen
2115 1644 2179 1697 de
2197 1659 2259 1697 ea
2279 1661 2398 1712 qua:
2434 1647 2483 1699 in
2507 1647 2872 1701 natalitiorum
2892 1648 3324 1704 consideratione
3359 1665 3482 1704 ver-

1907 1743 2080 1794 Satur,
2135 1750 2240 1787 non
2290 1735 2391 1805 1'7
2440 1739 2701 1792 sentiant.
2752 1737 2885 1790 Nam
2919 1739 2962 1792 si
3012 1741 3263 1808 cognosci
3298 1739 3481 1793 lutnra

1903 1835 2129 1898 possunt
2158 1826 2282 1897 (hoc
2327 1829 2470 1882 enim
2524 1830 2577 1882 in
2629 1833 2915 1900 przesentia
2945 1832 3157 1900 demus)
3183 1877 3196 1900 ,
3231 1835 3483 1904 idemque

227 1927 557 1999 cognitionis
603 1925 813 1978 illorum
861 1933 941 1975 est
983 1920 1394 1987 elfectionisqne
1456 1919 1825 1988 principium:
1865 1932 1960 1971 cur
2010 1918 2062 1971 in
2115 1917 2303 1972 stellas
2350 1920 2550 1987 potius,
2618 1935 2778 1988 quam
2828 1920 2878 1974 in
2937 1938 3085 1988 aves,
3129 1938 3314 1978 eorum
3363 1941 3484 1994 quae

233 2025 390 2085 linnt,
429 2036 588 2075 causa
631 2018 974 2072 conferatur?
1033 2016 1115 2069 vel
1148 2032 1250 2070 cur
1285 2015 1475 2068 aribus
1525 2015 1712 2067 eadem
1782 2012 1977 2080 potius.
2044 2028 2206 2082 quam
2261 2024 2353 2066 aut
2387 2015 2728 2068 victimarum
2772 2017 2934 2082 extis,
2979 2027 3070 2071 attt
3121 2017 3481 2073 discurrenti-

225 2118 324 2170 bus
366 2115 533 2167 astris
559 2111 899 2181 assignetur?
953 2111 1220 2164 llactenns
1259 2108 1476 2177 quidem
1513 2122 1540 2159 a
1577 2107 1734 2159 nobis
1767 2145 1780 2169 ,
1811 2115 2070 2175 quantum
2107 2107 2192 2162 hic
2222 2106 2371 2160 locus
2395 2107 2722 2177 postulabat,
2756 2109 3032 2164 confutata
3074 2109 3163 2164 illa
3213 2114 3480 2166 sententia

223 2213 326 2267 est,
362 2219 483 2274 qui?
513 2218 693 2257 rerum
719 2203 1076 2256 humanarum
1109 2200 1444 2255 eﬂ‘ectionem
1471 2197 1786 2252 asideribus
1830 2199 2066 2267 pendere
2091 2199 2384 2253 statuebat.

294 2299 474 2369 Ὅπερ
503 2297 558 2350 δὲ
597 2297 1113 2368 συγκεχωρήκαμεν,
1148 2296 1208 2348 οὐ
1240 2293 1347 2366 γὰρ
1380 2293 1567 2346 ἐλύπει
1594 2293 1686 2346 τὸν
1713 2292 1804 2345 λό-
1839 2302 1880 2360 Β

222 2407 338 2462 γον,
395 2390 471 2452 ὡς
521 2389 624 2441 τῶν
660 2387 962 2460 ἀνθρώπων
1006 2388 1322 2458 δυναμένων
1363 2385 1804 2456 καταλαμϐάνειν

219 2482 349 2542 τοὺς
388 2479 667 2550 οὐρανίους
699 2481 1106 2550 σχηματισμοὺς
1139 2478 1322 2531 καὶτὰ
1356 2479 1577 2547 σημεῖα,
1607 2475 1702 2527 καὶ
1729 2467 1804 2528 ὧν

220 2572 338 2622 ἔστι
392 2571 610 2640 σημεῖα,
657 2567 814 2622 τοῦτο
853 2569 984 2640 φέρε
1021 2567 1113 2622 νῦν
1136 2567 1476 2639 ἐξετάσωμεν
1517 2570 1563 2620 εἰ
1609 2566 1805 2636 ἀληθές

219 2664 360 2714 ἐστι.
393 2662 531 2714 Φασὶ
558 2661 734 2716 τοίνυν
758 2662 806 2713 οἱ
840 2661 966 2732 περὶ
996 2661 1168 2714 ταῦτα
1199 2660 1381 2724 δεινοὶ,
1424 2660 1515 2715 τὸν
1548 2659 1803 2730 μέλλοντα

217 2751 288 2803 τὰ
313 2748 458 2804 κατὰ
490 2751 588 2821 τὴν
618 2750 1092 2822 γενεθλιαλογικὴν
1122 2749 1337 2819 ἀληθῶς
1365 2748 1804 2820 καταλαμϐάνειν

215 2842 422 2896 ειδέναι
445 2843 507 2895 οὐ
541 2843 701 2912 μόνον
725 2826 785 2894 τὶ
807 2842 947 2896 κατὰ
980 2843 1176 2895 πόστου
1212 2841 1285 2912 (6)
1331 2841 1802 2913 δωδεκατημορίου

215 2934 370 2988 ἐστὶν
393 2934 783 3004 ὁκαλούμενος
811 2933 1004 3005 ἀστὴρ,
1032 2932 1166 2986 ἀλλὰ
1197 2934 1288 2985 καὶ
1331 2931 1468 2986 κατὰ
1496 2932 1652 2996 ποίας
1690 2931 1805 3002 μοί-

124 3045 130 3056 ’
215 3041 321 3096 ρας
357 3024 453 3077 τοῦ
485 3024 973 3094 δωδεκατημορίου,
1012 3024 1106 3076 καὶ
1134 3023 1271 3078 κατὰ
1304 3024 1458 3077 ποίου
1487 3021 1798 3094 ἑξηκοστοῦ·

211 3118 262 3170 οί
307 3116 368 3170 δὲ
425 3115 802 3187 ἀκριϐέστεροι
852 3117 945 3168 καὶ
998 3116 1136 3169 κατὰ
1177 3115 1328 3169 ποίου
1374 3114 1668 3188 ἑξηκοστοῦ
1712 3114 1805 3168 τοῦ

241 3207 536 3279 ξηκοστοῦ.
573 3209 680 3265 Καὶ
727 3207 882 3262 τοῦτό
929 3225 1058 3276 φασι
1101 3209 1209 3261 δεῖν
1241 3211 1412 3262 ποιεῖν
1458 3210 1542 3278 ἐφ’
1571 3209 1802 3263 ἑκάστου

211 3299 325 3353 τῶν
384 3300 752 3372 πλανωμένων
781 3299 1100 3367 ἐξετάζοντα
1147 3301 1244 3374 τὴν
1300 3301 1480 3374 σχέσιν
1527 3301 1625 3374 τὴν
1670 3301 1804 3374 πρὸς

1983 2293 2071 2348 ll.
2103 2293 2258 2362 Quod
2286 2302 2466 2350 autem
2517 2295 2676 2366 paulo
2707 2307 2848 2361 ante,
2885 2312 3006 2353 cum
3043 2309 3304 2368 susceptae
3345 2299 3482 2353 nihil

1913 2386 2259 2455 disputationi
2304 2385 2573 2453 oﬂiceret,
2609 2387 2750 2441 ultro
2780 2389 3188 2453 concessimus,
3230 2391 3482 2446 caelestes

1915 2476 2034 2531 illas
2087 2476 2406 2546 positiones,
2457 2479 2631 2548 signa,
2682 2489 2737 2534 et
2772 2495 2832 2534 ea
2870 2496 3099 2549 quorum
3137 2483 3289 2551 signa
3331 2495 3479 2544 Sttttl,

1911 2565 2184 2622 facultatis
2224 2567 2475 2622 humana:
2521 2567 2724 2622 viribus
2774 2571 2997 2639 intelligi
3041 2587 3204 2639 posse
3232 2587 3249 2622 :
3286 2571 3338 2625 id
3389 2587 3482 2625 ve-

1913 2675 2100 2714 rumne
2129 2661 2198 2714 sit
2227 2675 2367 2715 nunc
2401 2661 2616 2714 demum
2651 2663 3023 2730 exquiramus.
3045 2662 3285 2717 Primum
3317 2664 3484 2734 igitur

1910 2752 2042 2806 artis
2068 2752 2229 2823 hujus
2264 2752 2508 2820 magistri
2534 2751 2758 2819 docent,
2787 2755 2880 2823 qui
2907 2755 2971 2808 ad
3003 2772 3180 2810 veram
3218 2771 3281 2811 ac
3305 2758 3483 2826 perfe-

1909 2853 2050 2897 ctam
2089 2858 2272 2897 rerum
2320 2844 2782 2913 genethliacarum
2834 2847 3199 2913 cognitionem
3251 2848 3478 2917 aspiret,

1912 2935 2204 2987 tenendum
2241 2934 2368 2987 huic.
2390 2949 2512 2990 esse
2536 2951 2643 2989 non
2663 2937 2819 2990 modo
2848 2952 3083 3006 quanam
3105 2938 3157 2991 in
3184 2949 3336 3008 parte
3357 2937 3483 2992 duo-

1909 3026 2135 3087 decima.
2168 3026 2263 3080 sed
2292 3028 2456 3081 etiam
2479 3043 2716 3098 quanam
2756 3030 2808 3084 in
2836 3031 2982 3085 illius
3003 3032 3334 3087 duodecimae
3358 3048 3482 3102 par-

1917 3118 2104 3184 ticula,
2138 3119 2245 3172 imo
2291 3134 2462 3190 ecqua
2498 3123 2714 3176 tandem
2749 3123 2799 3175 in
2849 3123 3186 3194 sexagesima
3233 3136 3482 3180 versetur

1913 3209 2524 3263 astrmn.Addnntvero
2546 3209 2639 3278 qui
2671 3225 2783 3264 rem
2814 3209 3482 3280 expenduntaccuratius,

1911 3317 2143 3370 quatiant
2205 3301 2258 3354 in
2320 3301 2465 3356 illius
2518 3302 2871 3370 sexagesima:
2920 3303 3280 3374 sexagesima.
3323 3302 3478 3370 Quod

287 3532 370 3603 (Ξ)
405 3533 476 3585 El
505 3531 961 3603 ἐπιστιήσαιμεν.
998 3533 1090 3587 Sic
1123 3539 1272 3587 recte
1296 3530 1460 3603 habet
1483 3529 1797 3603 Philoralia,

1911 3545 2091 3595 causa,
2139 3541 2193 3586 et
2224 3532 2386 3586 unius
2438 3531 2504 3586 ad
2545 3531 2744 3594 aliam.
2798 3547 3096 3602 eorumque
3147 3533 3214 3589 ad
3275 3545 3478 3591 terram

205 3602 364 3656 male
390 3617 524 3656 vero
554 3605 695 3671 apud
731 3601 1020 3658 Eiisebium
1045 3604 1261 3672 legitur,
1323 3601 1614 3672 ἐπιστήσαι
1675 3601 1799 3672 μέν,

205 3673 365 3741 quod
395 3672 600 3726 ideirco
628 3674 858 3739 Vigerus
880 3673 1242 3742 expungebat.

277 3743 367 3812 (5)
402 3742 514 3813 Kal
542 3742 654 3810 τὴν
685 3741 1223 3812 ἀστεροσκοπὶκήν,
1255 3750 1364 3796 etc.
1408 3741 1638 3813 Vigerus
1663 3741 1801 3813 lege-

203 3810 550 3896 βαίζορκέτι
588 3815 686 3896 τὴν
715 3810 1181 3896 ἀστεροσκοπικὴν
1231 3813 1326 3866 καὶ
1369 3810 1801 3894 τῆν’γενεθλια-

200 3883 470 3952 λογικήν.
501 3883 606 3935 Sed
637 3883 782 3936 recta
816 3883 1032 3938 videtur
1082 3895 1137 3936 et
1194 3898 1349 3948 sana,
1380 3899 1500 3952 quae
1537 3885 1588 3936 itt
1647 3893 1798 3936 textu

204 3965 414 4007 nostro
452 3962 556 4012 est,
590 3953 772 4024 lectio.
817 3955 1274 4024 Ἀστεροσκοπική
1299 3955 1443 4024 enim
1487 3954 1677 4008 eadem
1713 3961 1799 4024 est

198 4039 331 4094 quae
353 4031 410 4075 et
446 4023 902 4092 μετεωρολογική.
929 4022 1233 4094 Μετεώρων
1261 4022 1410 4094 enim
1461 4025 1682 4077 nomine
1721 4023 1801 4076 si-

202 4093 349 4146 dera
389 4108 609 4159 qnoqne
639 4096 1005 4148 continentur.
1032 4097 1096 4148 At
1125 4093 1565 4162 γενεθλιαλογική
1598 4110 1657 4145 ea
1693 4101 1796 4157 est,

199 4177 336 4230 qum
409 4173 475 4236 et
529 4163 1000 4233 ἀποτελεσματική
1037 4206 1050 4226 ,
1117 4180 1210 4217 sen
1266 4165 1668 4236 προγνωστική,
1705 4177 1798 4236 seu

200 4233 697 4305 mtnztxmqttam
731 4245 784 4288 et
803 4232 1156 4305 ἀστρολογίαν
1196 4232 1488 4305 appellant.
1527 4232 1682 4286 Prior
1713 4232 1797 4284 illa

200 4303 366 4376 circa
401 4303 700 4376 stellarum
733 4303 923 4357 motus
958 4315 1008 4359 et
1063 4303 1476 4376 σχηματισμούς
1505 4313 1796 4376 versatur,

195 4374 427 4441 quibus
470 4372 648 4425 futura
691 4375 1058 4429 hominibusa
1090 4372 1196 4430 iliis
1219 4372 1514 4441 signiﬁcari
1564 4384 1616 4428 et
1675 4389 1800 4441 por-

196 4445 365 4496 tendi
399 4442 602 4496 ethnici
637 4445 979 4498 crediderunt
1008 4461 1020 4496 :
1062 4461 1184 4499 nam
1244 4446 1377 4498 solis
1409 4453 1538 4511 puta
1567 4483 1581 4505 ,
1626 4443 1798 4496 lume-

194 4527 313 4583 que
345 4512 606 4583 defectus
642 4514 862 4567 deorum
902 4516 1035 4567 iram
1089 4515 1336 4568 nuntiare
1366 4516 1466 4567 sibi
1511 4528 1799 4582 persuase-

194 4581 370 4639 runt.
397 4581 509 4650 Ipsi
549 4597 763 4652 quoque
787 4585 1080 4639 Christiani
1115 4584 1475 4653 siguajndicii
1509 4581 1792 4652 postremi,

195 4667 318 4706 non
345 4669 613 4715 causam,
643 4653 694 4706 in
730 4654 860 4717 sole,
891 4654 1013 4708 luna
1050 4665 1104 4709 et
1144 4655 1316 4710 stellis
1356 4653 1537 4705 futura
1588 4653 1792 4712 sciunt,

195 4725 508 4791 multaque
534 4725 603 4776 ab
644 4724 725 4776 his
763 4727 1028 4791 portendi,
1069 4741 1175 4779 non
1206 4723 1366 4778 eﬂici.
1403 4724 1536 4777 Vide
1571 4723 1797 4776 omnino

188 4795 482 4848 Basilium
515 4795 664 4847 hom.
697 4793 730 4847 6
768 4795 819 4847 in
850 4794 1131 4859 Hexaem.;
1169 4793 1514 4848 Ambrosium
1547 4794 1598 4846 in
1634 4805 1798 4861 Opere

1905 3603 2192 3656 collatione
2219 3603 2537 3672 contingere
2588 3603 2933 3657 manifestum
2991 3615 3091 3658 est.
3130 3605 3311 3658 Altera
3353 3622 3480 3660 vero

1900 3682 1983 3725 est
2015 3673 2243 3725 scientia
2277 3689 2379 3740 qua
2412 3672 2780 3741 explanantur
2806 3683 2859 3726 et
2900 3676 3232 3727 mutationes
3253 3684 3307 3727 et
3349 3690 3479 3740 0pc-

1903 3757 1958 3815 ra
2007 3755 2126 3815 quae
2169 3743 2418 3797 accidunt
2445 3783 2460 3802 .
2504 3751 2559 3795 et
2599 3743 2960 3815 complentur
3006 3753 3230 3812 propter
3281 3744 3480 3815 ﬁguras

1901 3813 2164 3865 circuitus
2185 3828 2370 3865 earum
2398 3813 2673 3882 naturales
2701 3814 2780 3866 eis
2817 3814 2868 3865 in
2900 3815 3058 3867 rebus
3086 3827 3221 3882 quas
3239 3813 3474 3869 circum-

1902 3882 2054 3935 dant.
2097 3901 2116 3934 ι
2158 3882 2223 3937 Ει
2269 3894 2396 3936 ante
2439 3881 2789 3937 Ptolemaeum
2837 3881 3238 3939 Mattilius’lib.
3303 3901 3319 3940 ι
3379 3887 3478 3938 Αε-

1902 3961 2040 4005 ινοη.
2071 3967 2091 4004 ἔ

2443 4042 2604 4096 Juvat
2633 4045 2708 4095 ire
2738 4060 2828 4108 per
2856 4044 3026 4109 ipsum

1975 4115 2136 4175 Aera.
2164 4123 2211 4168 et
2237 4115 2488 4168 immenso
2517 4117 2830 4180 spatiantem
2857 4116 3026 4167 vivere
3061 4121 3212 4174 caelo,

1973 4183 2265 4253 Signaque,
2295 4196 2339 4237 et
2377 4187 2627 4236 adversos
2656 4184 2929 4251 stellarum
2962 4199 3171 4237 noscere
3197 4199 3404 4238 cursus.

1975 4254 2128 4317 Quod
2165 4257 2330 4308 solum
2358 4254 2556 4306 novisse
2583 4270 2767 4316 parum
2788 4258 2876 4306 "est
2902 4268 2922 4306 .'
2953 4253 3233 4314 inmensius
3265 4254 3378 4320 ipsa

1974 4324 2123 4378 Scire
2141 4326 2296 4393 juvat
2323 4325 2498 4392 magni
2537 4334 2744 4392 penitus
2775 4324 3067 4388 pra’cordia
3095 4323 3303 4378 mundi.

1901 4439 2170 4492 (laterum
2203 4437 2446 4490 eamdem
2503 4435 2642 4488 hanc
2696 4434 2948 4503 Origenis
3001 4434 3472 4489 ratiocinationem

1903 4518 2301 4576 persequuntur
2333 4517 2404 4576 iet
2461 4514 2741 4576 expoliunt
2795 4504 3357 4576 Basili_ns__hotnil_._A6
3419 4506 3470 4558 in

1907 4572 2190 4642 Herae—mg
2225 4572 2546 4630 Ambrosius
2599 4575 2692 4627 lib.
2735 4590 2808 4639 tv,
2839 4590 2889 4627 c.
2941 4574 2995 4627 4.
3026 4572 3187 4638 Hex.;
3224 4574 3476 4641 Philopo-

1902 4665 2004 4703 nns
2051 4649 2144 4702 lib.
2178 4663 2231 4702 tv
2261 4646 2400 4714 Περὶ
2438 4644 2551 4714 τῆς
2598 4643 3007 4713 κοσμοποιίας,
3041 4659 3162 4714 cap.
3199 4643 3287 4700 18.
3331 4643 3476 4700 llus-

1901 4734 2042 4773 TIUS.

1976 4809 2052 4884 (4)
2089 4812 2149 4866 Tl
2167 4807 2408 4884 μᾶλλον
2435 4806 2552 4884 dxi)
2576 4805 2692 4884 τίὲν
2716 4805 3012 4884 ροςτέρῳν,
3043 4805 3472 4884 _etc._P19tinns.

187 4865 562 4949 cognomini,
597 4863 689 4917 lib.
726 4880 798 4931 tv,
827 4867 1042 4949 eam},
1097 4868 1189 4949 sed
1245 4864 1547 4932 prtcsertim
1592 4863 1795 4949 Proco-

1911 4863 2276 4943 amil'm'fub.
2303 4897 2340 4938 ι,
2371 4895 2488 4944 cap.
2510 4878 2542 4930 5
2573 4897 2587 4930 ;
2616 4878 2679 4949 Εἰ
2711 4877 2754 4929 δ’
2784 4863 2977 4949 ὅτιέῑς
3000 4863 3103 4946 τὴν
3128 4876 3235 4949 τῶν
3261 4863 3474 4949 ἄστρων

188 4935 362 5000 pium
406 4934 461 4986 in
511 4933 712 4987 Cenes.
748 4951 784 4999 ι,
822 4933 910 4988 H.
940 4934 1418 4990 Genetliliacorum
1467 4943 1647 4986 autem
1698 4934 1794 4985 do-

186 5006 397 5058 ctrina
429 5003 792 5057 lmmanarum
813 5020 1015 5067 rerum,
1045 5007 1164 5059 sive
1188 5019 1316 5059 casu
1334 5003 1790 5073 contingentium,

186 5076 323 5127 sive
361 5083 570 5143 sponte
601 5084 873 5142 gestarum
898 5075 1348 5144 signiﬁcationem
1371 5081 1426 5128 et
1449 5071 1682 5144 causam
1719 5071 1794 5124 si-

181 5142 447 5200 deribus
482 5145 692 5197 tribuit.
727 5145 794 5197 At
827 5142 1082 5214 quoniam
1132 5145 1404 5198 veteribus
1448 5142 1562 5197 fere
1621 5151 1796 5195 astro-

187 5219 399 5267 nomis
433 5213 677 5286 solemne
710 5213 856 5276 fuit,’
880 5231 984 5269 non
1040 5214 1507 5286 ἀστεροσκοπικήν
1549 5222 1792 5286 tantum,

184 5295 246 5338 et
275 5282 782 5355 γενεθλιαλογικήν
809 5286 1080 5349 excolere,
1105 5282 1198 5339 sed
1223 5282 1472 5352 priorem
1490 5284 1652 5355 etiam
1698 5296 1795 5349 po-

184 5352 477 5410 sterioris
511 5371 709 5420 causa;
739 5352 1116 5423 astrorumque
1169 5355 1451 5408 scientiam
1493 5354 1558 5405 ad
1595 5352 1800 5404 futuro-

186 5441 324 5480 rum
390 5425 790 5493 praznotionent
842 5436 1184 5488 convertere,
1220 5425 1344 5478 inde
1377 5423 1575 5476 factum
1607 5432 1690 5493 est
1740 5432 1798 5474 ut

185 5491 462 5563 utraque
488 5495 556 5546 ad
590 5495 754 5548 futuri
780 5498 1060 5551 scientiam
1095 5496 1366 5563 pertinere
1390 5495 1532 5547 dicta
1555 5494 1642 5546 sit.
1674 5491 1800 5545 Pto-

184 5569 450 5621 lemazus
482 5580 715 5634 procem.
750 5566 1079 5620 Tatrabibl.:
1115 5585 1132 5617 ι
1170 5565 1365 5618 Rerum
1402 5565 1454 5617 in
1492 5564 1690 5632 quibus
1714 5571 1796 5616 est

186 5636 712 5706 prognosticabilis
735 5638 974 5691 scientia:
995 5637 1269 5691 stellarum
1294 5635 1550 5706 cognitio,
1571 5647 1795 5706 magnas

179 5705 239 5762 et
275 5707 618 5778 praecipuas
664 5711 798 5761 duas
851 5721 972 5762 esse
1027 5705 1517 5778 deprehendimus._
1552 5705 1791 5778 Quarum

181 5773 388 5832 altéra
435 5773 558 5845 qua:
587 5779 864 5846 praecedit,
899 5789 952 5832 et
980 5787 1065 5832 est
1093 5777 1313 5846 fortior,
1331 5783 1413 5829 est
1443 5773 1796 5846 scientia_so-

182 5852 257 5904 lis
291 5858 362 5903 et
408 5842 602 5909 Ιιὶιιωζ
636 5842 856 5902 necnon
893 5851 1134 5914 quinque
1198 5844 1477 5900 stellarum
1531 5842 1797 5898 erratica-

182 5937 322 5976 rum
389 5916 608 5986 ﬁguras
638 5916 1049 5983 demonstrans,
1092 5931 1226 5987 quas
1281 5930 1502 5972 suorum
1556 5921 1794 5968 motuum

1898 4951 2078 5022 σχέσιν
2110 4951 2341 5022 ὁρῶντες
2370 4949 2507 5022 περὶ.
2533 4947 2776 5000 ἑκάστων
2795 4946 3025 5022 ,λέγουσι
3046 4947 3153 5022 ,Ατὰ
3176 4946 3474 5022 γιγνόμενα

1896 5017 2025 5088 παρ’
2053 5017 2274 5074 ἐκείνων
2306 5017 2574 5088 ποιεῖσθαι
2607 5017 2993 5088 τεκμαίρονται
3018 5056 3048 5088 ,_
3063 5017 3264 5087 ὁμοίως
3292 5017 3357 5071 ἂν
3384 5021 3475 5072 καὶ

1896 5094 1944 5144 οἱ
1977 5081 2155 5159 ὄρνεις
2186 5089 2456 5159 ποιητικοί
2489 5081 2562 5159 ὧν
2604 5081 2954 5159 σημαίνουσιν
2997 5081 3136 5150 εἷεν,
3173 5089 3268 5140 καὶ
3298 5088 3474 5141 πάντα

1897 5165 1976 5224 εἰς
2006 5158 2042 5215 ἃ
2079 5158 2365 5232 βλέποντες
2391 5159 2439 5232 οἱ
2485 5158 2707 5232 μάντεις
2742 5158 3116 5232 προλέγουσιν.
3168 5175 3186 5208 ι
3230 5159 3324 5232 Sin
3357 5175 3477 5232 Δειη-

1899 5241 2006 5286 tem
2032 5227 2095 5285 ei
2121 5246 2186 5285 eo
2219 5232 2363 5299 quod
2410 5227 2782 5299 habitudinem
2839 5229 3115 5299 stellarum
3167 5227 3472 5299 suspicien-

1905 5313 1986 5356 tes
2016 5297 2249 5371 singulis
2270 5299 2450 5354 futura
2485 5298 2890 5371 praenuntiant,
2923 5298 3008 5371 ab
3031 5297 3148 5371 illis
3175 5298 3290 5371 fieri
3340 5314 3475 5365 quo-

1874 5387 2009 5442 que
2037 5367 2329 5442 opinentur
2363 5369 2646 5442 :perinde
2669 5368 2718 5421 id
2745 5381 2804 5420 se
2842 5367 3091 5442 habebit,
3133 5382 3199 5442 ac
3224 5368 3291 5442 __s_i
3347 5382 3476 5422 aves

1901 5437 2088 5496 eorum
2123 5457 2244 5508 qua:
2269 5439 2602 5517 significant,
2635 5452 2811 5517 causae
2839 5437 3050 5491 forent:
3113 5438 3474 5517 similiterque

1901 5515 1945 5567 si
1981 5513 2204 5576 omnia,
2258 5509 2490 5580 quorum
2525 5509 3068 5580 inspectionegvates
3126 5509 3474 5580 praesagiunt,

1901 5584 2084 5637 facere
2120 5575 2293 5636 etiaui
2340 5595 2459 5649 qua:
2489 5575 2820 5648 siguilicant,
2869 5578 3204 5631 dicerentur.
3242 5594 3262 5628 ι
3330 5575 3406 5632 In.

1937 5674 2182 5799 [ψέξαι
2211 5674 2473 5746 μᾶλλον.
2511 5675 2706 5744 Vigcro
2732 5671 3011 5742 legendum
3043 5669 3343 5737 ridebatur,
3377 5668 3475 5725 καὶ

1985 5763 2062 5799 μα
2125 5763 2206 5799 ον.

1900 5763 1952 5800 τι
1983 5763 2206 5818 μαλλον.

1974 5837 2049 5907 (ϐ)
2072 5838 2330 5890 Πόστου.
2364 5835 2504 5891 Idem
2535 5833 2746 5907 legebat
2777 5831 2950 5883 ποίου.
2976 5831 3240 5907 Caeterum
3271 5830 3470 5886 Proco—

1905 5903 2190 5978 pius'Gaz.
2226 5910 2277 5961 in
2306 5907 2504 5962 Cenes.
2542 5907 2681 5958 hunc
2713 5905 2889 5956 locum
2923 5903 3232 5970 exscripsit.
