3978 6504
539 423 564 477 'i
579 420 610 474 9
1977 421 2320 481 ORIGENES
3720 435 3788 489 80

542 551 684 604 idem
725 547 822 618 ipsi
861 548 912 600 in
940 544 1178 615 quolibet
1205 546 1504 601 errantium
1539 547 1780 602 siderum
1805 545 2099 602 faciendun

2215 549 2339 613 τοὺς
2379 547 2659 612 ἀπλανεῖς.
2697 551 2865 605 Πάλιν
2904 547 2970 605 αὖ
3004 551 3095 604 ἐπὶ
3116 550 3208 604 τοῦ
3243 550 3560 605 ἀνατολικοῦ
3592 552 3674 624 ὁρί
3709 569 3791 607 ον-

540 656 660 696 esse
701 639 1037 710 pra-cipiunt,
1069 649 1306 692 mutuam
1345 641 1709 708 singulorum,
1744 655 1867 695 cum
1897 640 1965 695 iis
1995 654 2113 708 qua:

541 733 647 789 fixa
679 743 899 797 vocant,
947 733 1412 802 comparationem
1461 750 1524 788 ac
1579 741 1891 801 respectum
1944 731 2112 786 vesti-

541 826 734 894 gando.
763 824 964 879 Deinde
993 825 1145 877 aiunt
1178 824 1229 877 in
1263 825 1380 894 ipso
1426 839 1642 894 quoque
1680 823 1928 880 orientali
1965 825 2114 878 hori-

541 927 721 981 zonte,
764 933 867 972 non
923 919 1210 973 videndum
1246 932 1369 972 esse
1403 917 1585 982 modo,
1630 931 1878 986 quaenam
1909 918 2114 973 duode-

540 1011 675 1064 ciana
708 1027 835 1078 pars
867 1011 919 1064 in
950 1025 1073 1064 eum
1104 1011 1313 1076 subeat,
1353 1010 1446 1065 sed
1481 1011 1647 1064 etiam
1689 1025 1938 1078 quaenam
1969 1010 2111 1065 illius

539 1101 876 1157 duodecima:
933 1101 1213 1172 particula,
1257 1115 1484 1170 quaeque
1536 1101 1694 1168 hujus
1745 1103 2108 1171 sexagesima,

541 1198 789 1266 primane
841 1212 907 1250 an
957 1197 1219 1250 secunda.
1279 1194 1739 1261 Quemadmodum
1800 1212 1934 1266 ergo
1994 1196 2108 1251 fieri

539 1284 730 1352 possit,
758 1296 814 1337 ut
839 1301 960 1338 cum
995 1285 1148 1348 hora,
1191 1283 1235 1338 si
1267 1284 1430 1338 latius
1460 1299 1573 1338 rem
1605 1286 1862 1351 mstimes,
1907 1286 2112 1343 duode-

540 1377 694 1432 cimze
724 1378 894 1448 partis
936 1377 1216 1430 dimidium
1248 1378 1644 1446 complectatur
1669 1418 1684 1442 ,
1714 1381 2108 1450 sexagesimam

541 1470 584 1524 is
614 1480 793 1524 teneat
829 1471 919 1538 qui
959 1470 1214 1523 horarum
1238 1470 1522 1526 divisionis
1551 1471 1853 1540 analogiam
1889 1486 1995 1526 non
2030 1482 2110 1527 te-

539 1563 700 1614 neat?
732 1560 971 1628 Exempli
1005 1561 1200 1630 gratia,
1225 1575 1450 1615 noscere
1478 1562 1568 1630 qui
1617 1563 1842 1630 poterit,
1899 1574 2108 1618 certum

539 1653 682 1707 hunc
715 1653 988 1707 hominem
1033 1653 1165 1708 hora
1215 1665 1429 1724 quarta,
1485 1665 1638 1724 parte
1673 1656 1818 1709 horae
1863 1656 2106 1722 dimidia,

536 1755 754 1814 quarta,
783 1753 996 1809 octava,
1041 1744 1252 1798 decima
1281 1754 1462 1810 sexta,
1488 1746 1723 1800 secunda
1742 1753 1798 1798 et
1827 1745 2104 1800 tricesima

539 1849 721 1892 natum
755 1853 873 1892 esse
900 1839 922 1890 ?
951 1853 1072 1891 nam
1102 1846 1322 1906 propter
1345 1840 1512 1900 home,
1544 1853 1646 1891 non
1673 1837 1894 1907 integra:
1923 1837 2100 1900 modo,

537 1931 631 1985 sed
661 1931 822 1984 etiam
853 1931 1086 1984 definita:
1117 1931 1275 1999 hujus
1304 1939 1575 1999 certaeque
1625 1929 1905 1998 particulzn
1953 1930 2106 2000 igno—

539 2024 830 2088 rationem,
865 2024 1152 2091 plurimum
1187 2037 1328 2090 sa-pe
1360 2021 1566 2085 volunt,
1602 2021 1656 2074 in
1691 2037 1754 2076 ea
1779 2036 1899 2090 quae
1942 2023 2104 2088 signi-

537 2117 791 2184 ficantur,
821 2116 1097 2170 varietatis
1131 2115 1394 2170 incidere.
1423 2115 1486 2168 Et
1517 2114 1568 2168 in
1596 2115 1828 2184 geminis
1855 2115 2104 2185 quidem,

535 2217 594 2261 ut
620 2208 844 2263 alterius
871 2216 1023 2260 ortus
1045 2206 1111 2260 ab
1139 2206 1328 2271 altero,
1351 2217 1628 2261 momento
1650 2221 1790 2275 smpe
1815 2222 1940 2271 uno,
1975 2223 2109 2276 pun-

534 2308 727 2368 ctoque
753 2298 1012 2367 temporis
1047 2297 1351 2364 dirimatur,
1388 2298 1570 2352 multa:
1604 2307 1780 2352 tamen
1811 2311 2109 2354 occurrunt

533 2399 643 2445 tam
660 2406 884 2444 casuum
904 2406 1065 2460 quam
1098 2405 1278 2445 rerum
1299 2391 1741 2460 negotiorumque
1773 2391 2103 2456 varietates;

535 2483 754 2552 partim,
775 2494 831 2536 ut
851 2483 947 2551 ipsi
970 2483 1140 2547 aiunt,
1160 2482 1303 2551 quod
1343 2481 1622 2536 stellarum
1656 2482 1902 2537 diversus
1925 2484 1978 2536 in
2002 2484 2108 2554 18

537 2584 768 2640 utroque
813 2579 1088 2639 respectus
1132 2569 1321 2634 fuerit,
1361 2571 1560 2640 partim
1590 2570 1733 2640 quod
1779 2569 1958 2627 minus
1985 2588 2104 2627 cer-

535 2675 643 2717 tam
678 2663 847 2729 illam,
876 2679 998 2732 quae
1028 2664 1080 2716 in
1123 2663 1458 2717 horizontem
1490 2665 1722 2727 subiret,
1762 2669 1936 2734 partis
1961 2666 2100 2734 signi

535 2754 872 2810 duodecimae
909 2753 1232 2824 particulam
1264 2751 1300 2808 ii
1333 2757 1608 2810 tenuerint
1640 2757 1731 2826 qui
1767 2757 2104 2828 exploratam

531 2859 655 2901 sese
683 2847 869 2900 horam
905 2845 1156 2900 habuisse
1191 2855 1529 2915 putaverant.
1564 2845 1698 2901 Nam
1731 2849 1832 2902 hoc
1862 2849 2102 2918 quidem,

532 2951 731 3006 parsne
757 2937 906 2990 hora:
940 2935 1215 2990 tricesima
1263 2947 1416 2989 ortus
1446 2937 1728 3006 utriusque
1761 2937 2102 2994 intervallum

531 3029 830 3092 exstiterit,
857 3037 1096 3084 statuere
1125 3044 1286 3083 nemo
1329 3038 1525 3098 potest.
1567 3029 1762 3084 Verum
1801 3033 1850 3084 id
1889 3047 2104 3100 quoque

533 3138 628 3190 per
663 3137 761 3176 nos
814 3123 1074 3190 habeant,
1107 3133 1166 3178 ut
1199 3123 1470 3192 exquisite
1520 3125 1710 3178 horam
1743 3135 1926 3180 tenere
1977 3142 2103 3196 pos-

2214 656 2306 702 τος
2327 638 2528 708 δεήσει,
2565 642 2749 709 φασὶν,
2783 643 2910 696 ἰδεῖν
2942 643 3001 696 οὺ
3040 644 3198 713 μόνον
3236 643 3297 696 τὸ
3325 644 3792 715 δωδεκατημόριον

2215 732 2366 783 ποῖον
2416 725 2484 801 ἦν
2531 732 2615 784 ἐπ’
2671 733 2858 797 αὑτοῦ,
2886 733 3021 787 ἀλλὰ
3067 735 3159 787 καὶ
3203 735 3301 806 τὴν
3344 738 3559 806 μοῖραν,
3603 736 3694 790 καὶ
3733 737 3791 790 τὸ

2215 820 2502 892 ἑξηκοστὸν
2536 824 2634 896 τῆς
2664 825 2878 897 μοίρας,
2905 826 2966 878 τὸ
3002 826 3215 898 πρῶτον
3245 826 3276 897 ἦ
3305 825 3364 880 τὸ
3395 827 3543 879 δεῦτε
3555 844 3642 898 ρον
3670 827 3790 899 £51;-

2214 914 2423 967 κοστόν.
2453 915 2576 978 Πῶς
2593 916 2792 980 τοίνυν,
2823 917 2921 987 τῆς
2950 916 3096 988 ὥρας
3128 917 3321 969 πλατεῖ
3338 917 3478 987 λόγῳ
3501 918 3668 989 ἥμισυ
3687 918 3790 972 δω-

2211 1006 2605 1078 δεκατημορίου
2659 1009 3038 1079 περιεχούσης,
3097 1008 3319 1062 δύναταί
3377 1027 3458 1072 τις
3507 1010 3690 1063 λαϐεῖν
3731 1011 3790 1065 τὸ

2213 1098 2521 1171 ἑξηκοστὸν,
2585 1101 2660 1171 μὴ
2692 1101 2827 1170 ἔχων
2875 1103 2972 1173 τὴν
3005 1102 3295 1171 ἀναλογίαν
3337 1102 3437 1172 τῆς
3478 1101 3790 1174 διαιρέσεως

2211 1192 2319 1246 τῶν
2352 1193 2530 1264 ὡρῶν,
2567 1193 2729 1260 ὥστε,
2769 1193 2900 1265 φέρε
2942 1195 3135 1259 εἰπεῖν,
3178 1195 3399 1260 εἰδέναι,
3426 1195 3507 1248 ὅτι
3532 1195 3789 1267 γεγέννη-

2211 1303 2299 1338 ται
2327 1289 2355 1339 ό
2385 1285 2529 1339 δεῖνα
2571 1285 2689 1360 ὥρᾳ
2735 1287 2989 1359 τετάρτῃ,
3026 1290 3120 1340 καὶ
3151 1288 3340 1358 ἡμίσει
3373 1286 3542 1358 ὥρας,
3575 1288 3670 1342 καὶ
3701 1305 3787 1341 τε-

2212 1379 2412 1451 τάρτῳ,
2443 1380 2630 1450 ὀγδόῳ,
2680 1381 2775 1433 καὶ
2819 1381 3207 1451 ἑκκαιδεκάτῳ,
3243 1381 3335 1434 καὶ
3359 1380 3785 1452 δυοτριακοστῷἶ

2213 1473 2500 1542 παραπολὺ
2547 1473 2655 1544 γάρ
2707 1490 2836 1542 φασι
2875 1473 3270 1544 παραλλάττειν
3313 1471 3383 1526 τὰ
3416 1473 3788 1544 σημαινόμενα

2211 1563 2359 1634 παρὰ
2399 1563 2494 1633 τὴν
2522 1565 2795 1632 ἀγνωσίαν
2838 1565 2902 1617 οὺ
2929 1565 3028 1634 τῆς
3061 1564 3136 1635 (7)
3171 1563 3299 1634 ὅλης
3324 1563 3492 1636 ὥρας.
3519 1563 3656 1618 ἀλλὰ
3699 1565 3790 1619 καὶ

2210 1653 2302 1706 τοῦ
2333 1657 2700 1725 ποστημορίου
2735 1655 2922 1726 αὐτῆς.
2974 1657 3060 1707 Ἐν
3086 1655 3215 1724 γοῦν
3253 1658 3364 1718 τοῖς
3404 1655 3647 1726 διδύμοις
3669 1673 3791 1724 γεν-

2209 1746 2468 1816 νωμένοις
2488 1748 2743 1812 πολλάκις
2760 1749 2818 1800 τὸ
2847 1745 3046 1819 μεταξὺ
3069 1749 3162 1801 καὶ
3178 1749 3460 1818 ἀκαριαῖον
3477 1747 3626 1820 ὥρας
3651 1747 3785 1811 ἐστὶ,

2210 1836 2302 1887 καὶ
2347 1837 2535 1891 πολλαὶ⁴
2577 1839 2923 1910 παραλλαγαὶ
2961 1837 3066 1891 τῶν
3097 1837 3501 1908 συμϐαινόντων
3541 1837 3636 1891 καὶ
3683 1837 3787 1890 τῶν

2214 1931 2602 2000 πραττομένων
2635 1929 2722 1982 ἐπ’
2764 1929 2942 1982 αὐτῶν
2978 1929 3308 1992 ἀπαντῶσιν,
3344 1927 3418 1992 ὦς
3445 1945 3608 1997 φασιν
3649 1929 3787 1980 ἐκεῖ·

2211 2039 2310 2086 νοι,
2341 2022 2490 2087 παρὰ
2539 2023 2638 2094 τὴν
2671 2021 2849 2075 αἰτίαν
2889 2019 2988 2090 τῆς
3015 2020 3249 2090 σχέσεως
3278 2019 3386 2072 τῶν
3423 2020 3669 2089 ἀστέρων
3697 2020 3787 2073 καὶ

2209 2113 2269 2164 τὸ
2304 2114 2487 2184 μόριον
2514 2113 2606 2166 τοῦ
2635 2111 3105 2184 δωδεκατημορίου
3134 2112 3194 2164 τὸ
3221 2111 3370 2182 παρὰ
3394 2109 3486 2163 τὸν
3515 2109 3781 2181 ὁρίζοντα,

2209 2203 2268 2255 οὑ
2303 2204 2845 2275 καταλαμϐανόμενον
2863 2203 2967 2256 ὑπὸ
2988 2203 3094 2257 τῶν
3119 2201 3490 2273 νομιζομένων
3518 2202 3618 2272 τὴν
3639 2200 3784 2270 ὥραν

2208 2297 2591 2371 τετηρηκέναι.
2612 2297 2801 2359 Οὐδεὶς
2824 2296 2928 2368 γὰρ
2945 2296 3166 2350 δύναται
3181 2294 3379 2364 λέγειν,
3407 2294 3563 2348 ὅτιτὸ
3584 2291 3781 2364 μεταξῦ

2212 2387 2362 2440 τοῦδε
2407 2388 2507 2457 τῆς
2533 2386 2798 2456 γενέσεως
2826 2389 2961 2460 πρὸς
2975 2387 3073 2457 τὴν
3105 2386 3259 2440 τοῦδέ
3291 2387 3437 2439 ἐστιν
3452 2384 3603 2457 ὥρας
3626 2401 3783 2456 τρια-

2209 2480 2417 2532 κοστόν.
2460 2479 2596 2532 Ἀλλ’
2619 2478 2758 2532 ἔστω
2779 2478 3264 2551 συγκεχωρημένον
3294 2477 3475 2540 αὐτοῖς
3503 2476 3623 2528 τόδε
3645 2475 3782 2529 κατὰ

2205 2572 2266 2624 τὸ
2291 2571 2538 2625 ἐκλαϐεῖν
2571 2570 2668 2642 τὴν
2695 2570 2862 2643 ὤραν.
2889 2571 3118 2642 Φέρεται
3157 2570 3220 2640 δὴ
3255 2567 3513 2640 θεώρημα
3540 2567 3618 2638 (8)
3651 2568 3783 2621 ἀπο-

2206 2661 2446 2716 δεικνύον
2470 2663 2560 2716 τὸν
2595 2661 2856 2726 ζωδιακὸν
2898 2661 3095 2715 κύκλον
3127 2660 3326 2732 ὁμοίως
3351 2663 3464 2724 τοῖς
3496 2659 3783 2730 πλανωμέ-

2207 2771 2318 2818 νοις
2351 2738 2610 2827 φέρεσθαι
2659 2754 2766 2808 ἀπὸ
2813 2753 3034 2825 δυσμῶν
3084 2753 3176 2807 ἐπὶ
3207 2753 3469 2817 ἀνατολὰς
3499 2753 3566 2806 δι’
3594 2750 3783 2806 ἑκατὸν

2207 2848 2342 2900 ἐτῶν
2375 2851 2565 2918 μοῖραν
2601 2847 2748 2918 μίαν,
2795 2847 2888 2900 καὶ
2918 2846 3076 2899 τοῦτο
3104 2846 3182 2917 τῷ
3214 2845 3390 2916 πολλῷ
3425 2846 3602 2916 χρόνῳ
3635 2846 3783 2899 ἐναλ-

2207 2939 2419 2992 λάττειν
2446 2939 2544 3010 τὴν
2577 2939 2724 2995 θέσιν
2772 2938 2880 2991 τῶν
2924 2937 3429 3010 δωδεκατημορίων·
3459 2938 3648 3010 ἐτέρου
3691 2937 3784 3008 μὲν

2205 3035 2562 3104 τυγχάνοντος
2597 3031 2692 3085 τοῦ
2748 3029 2942 3102 νοητοῦ
2987 3031 3470 3101 δωδεκατημορίου⁹
3507 3031 3698 3100 ἐτέρου
3730 3030 3784 3083 δὲ

2207 3125 2299 3179 τοῦ
2353 3126 2551 3179 ὡσανεὶ⁹
2587 3123 2950 3194 μορφώματος
2976 3122 3089 3176 ἀλλ’
3122 3124 3186 3176 ἐκ
3225 3123 3318 3176 τοῦ
3352 3123 3540 3194 νοητοῦ
3569 3125 3644 3193 (9)
3682 3124 3781 3187 ζω-

531 3215 664 3267 sint.
703 3214 900 3268 Fertur
951 3230 1082 3268 sane
1145 3215 1445 3282 theorema,
1481 3217 1772 3272 ostendens
1824 3219 2099 3274 zodiacum

2208 3216 2344 3281 δίου,
2409 3218 2544 3288 ὅπερ
2575 3216 2634 3268 οὐ
2690 3217 2828 3269 πάνυ
2869 3232 2920 3266 τι
2977 3214 3198 3268 δυνατὸν
3249 3215 3780 3286 καταλαμϐάνεσθαι.

531 3306 815 3372 circulum,
849 3309 1073 3376 perinde
1097 3316 1153 3360 ut
1177 3310 1444 3376 planetas,
1482 3309 1681 3364 deferri
1721 3313 1788 3364 ab
1820 3326 2016 3366 occasu
2051 3313 2102 3367 in

532 3409 734 3467 ortum,
770 3400 911 3454 intra
945 3409 1163 3454 centum
1194 3415 1387 3468 annos,
1421 3403 1586 3472 gradu
1615 3418 1756 3466 uno;
1791 3404 1883 3472 qui
1927 3413 2103 3461 motus

533 3493 793 3559 longioris
828 3507 1116 3561 progressu
1150 3493 1432 3560 temporis,
1465 3495 1518 3549 in
1552 3494 2102 3562 positionemduode-

529 3583 792 3638 cimarum
823 3585 1060 3652 partium
1096 3585 1376 3638 varietatis
1399 3585 1690 3653 plurimum
1717 3585 1944 3654 inferat;
1974 3603 2095 3642 cum

527 3678 840 3732 duodecima
861 3693 988 3746 pars
1007 3677 1112 3732 alia
1146 3678 1236 3743 sit,
1270 3693 1390 3746 quae
1425 3687 1605 3734 mente
1627 3679 1956 3748 concipitur,
1993 3681 2096 3736 alia

527 3784 646 3838 qua:
675 3769 828 3840 quasi
871 3784 1036 3824 sensu
1086 3770 1414 3824 informatur
1452 3789 1463 3823 :
1495 3772 1572 3825 sic
1620 3781 1798 3826 tamen
1836 3783 1894 3825 ut
1927 3789 1993 3828 ex
2035 3789 2097 3827 ea

530 3873 759 3928 tantum,
795 3878 915 3931 qua:
951 3873 1130 3915 mente
1165 3863 1490 3931 concipitur,
1528 3878 1754 3932 qumque
1793 3866 1904 3930 vix,
1939 3880 2000 3919 ac
2031 3881 2099 3920 ne

531 3955 620 4006 vix
647 3955 865 4023 quidem
891 3954 1058 4007 teneri
1085 3964 1236 4009 certo
1254 3966 1455 4024 potest,
1487 3956 1561 4008 rei
1583 3956 1782 4009 veritas
1811 3956 2097 4011 habeatur.

531 4044 726 4099 Verum
774 4046 826 4100 id
852 4047 1015 4100 etiam
1045 4062 1073 4098 a
1106 4047 1262 4100 nobis
1293 4026 1474 4107 detur,
1503 4056 1561 4098 ut
1590 4055 1682 4099 aut
1715 4047 1930 4117 signum
1967 4050 2095 4106 illud

527 4139 670 4207 quod
713 4150 892 4190 mente
931 4137 1258 4205 concipitur,
1299 4147 1446 4191 certo
1483 4136 1652 4191 teneri
1689 4147 1874 4206 queat,
1900 4150 1993 4192 aut
2029 4158 2092 4196 ex

528 4243 594 4282 eo
630 4226 820 4281 saltem
848 4226 994 4295 quod
1026 4239 1186 4278 sensu
1221 4224 1564 4287 informatur,
1589 4237 1778 4276 verum
1836 4225 2091 4296 intelligi;

528 4328 798 4373 astrorum
831 4328 981 4373 certe
1009 4317 1224 4387 quidem
1265 4315 1502 4380 illorum,
1530 4330 1651 4384 quae
1687 4315 1738 4368 in
1763 4316 1924 4370 situm
1950 4319 2095 4387 ejus-

528 4409 671 4462 modi
722 4408 1060 4478 figurantun
1107 4415 1460 4470 concurrunt,
1507 4419 1667 4475 quam
1702 4403 1800 4473 ipsi
1856 4419 2096 4462 contem-

625 4522 776 4588 7)οὐ
803 4522 932 4589 τῆς.
974 4523 1174 4592 Viget,
1200 4523 1261 4574 οὐ
1295 4521 1452 4591 μόνον
1478 4521 1598 4590 τῆς.

623 4597 676 4661 8)
712 4592 950 4660 φέρεται
983 4591 1057 4645 δὲ
1076 4591 1363 4660 θεώρημα,
1399 4600 1504 4662 etc.
1534 4592 1710 4644 Motus
1740 4591 1824 4646 hic
1864 4602 1966 4658 est,
2001 4597 2091 4662 qui

524 4661 907 4731 praeessionis
959 4665 1405 4733 atquinoctiorum
1440 4661 1507 4714 ab
1558 4663 1884 4733 astronomis
1938 4661 2098 4733 vulgo

528 4734 860 4803 appellatur,
887 4749 995 4800 quo
1018 4732 1185 4786 stella:
1212 4733 1330 4784 fixa:
1350 4731 1416 4783 ab
1443 4731 1753 4803 mquinoctii
1784 4742 1838 4803 et
1872 4731 2092 4788 solstii’ii

527 4801 843 4857 cardinibus
905 4804 1182 4871 digressa).
1241 4817 1399 4869 super
1431 4802 1565 4868 polis
1601 4801 1829 4871 zodiaci,
1888 4804 1967 4866 εἰς
2031 4806 2099 4858 τὰ

526 4874 766 4944 ἑπόμενα
795 4870 1048 4944 paulatim
1083 4873 1214 4944 verti
1243 4881 1529 4944 comperta'
1551 4880 1695 4944 sunt.
1733 4870 1882 4944 Ilunc
1919 4885 2094 4928 autent

528 4940 757 5007 motum,
785 4940 852 4997 ex
885 4942 1306 5005 Timocharidis,
1351 4940 1664 5008 Hipparchi,
1700 4943 1921 5009 suisque
1959 4945 2096 4998 adeo

527 5014 1022 5076 observationibus,
1059 5021 1276 5066 centum
1331 5025 1592 5063 annorum
1639 5011 1814 5075 spatio
1865 5015 2095 5080 gradum

529 5100 694 5138 unum
737 5084 1020 5138 absolvere
1075 5083 1398 5135 Ptolemaeus
1433 5081 1624 5150 statuit
1657 5081 1753 5133 lib.
1788 5097 1851 5134 vn
1911 5081 2092 5150 Magn.

524 5163 810 5208 construct.
840 5195 854 5219 ,
895 5169 1016 5222 cap.
1047 5153 1080 5206 2
1117 5170 1128 5204 :
1176 5154 1263 5214 Ὠς
1308 5155 1370 5203 ἐκ
1417 5149 1620 5222 τούτων
1646 5149 1759 5222 τὴν
1815 5151 1911 5222 τῆς
1967 5149 2094 5221 μιᾶς

527 5226 722 5296 μοίρας
750 5225 829 5287 εἰς
856 5224 923 5276 τά
944 5221 1184 5296 ἑπόμενα
1223 5221 1614 5296 παραχώρησιν
1642 5221 1916 5296 ἕνεκατὸν
1946 5222 2094 5296 sm.

523 5290 632 5349 στα
669 5296 808 5348 ἔτεσι
865 5290 1232 5364 γεγενημένην
1287 5290 1583 5364 εὑρῆσθαι,
1628 5290 1876 5364 καθάπερ
1926 5293 2021 5364 καὶ
2066 5295 2094 5344 ό

525 5313 623 5349 στα
669 5309 808 5348 ετεσι
865 5309 1232 5364 γεγενημενην
1287 5309 1583 5414 ευρησυαι,
1628 5309 1876 5360 καυαπερ
1926 5309 2019 5344 και
2066 5309 2094 5344 ο

525 5368 829 5436 Ἵππαρχος
864 5362 1237 5436 ὑπονενοηκὼς
1270 5381 1343 5432 φα
1371 5379 1538 5415 νεται.
1577 5379 1596 5436 ς
1640 5363 1706 5436 Ut
1730 5378 1793 5414 ex
1825 5363 1888 5414 iis
1936 5363 2094 5416 unius

523 5432 830 5505 gradusin
879 5432 1288 5505 consequentia
1322 5432 1628 5505 progressio
1684 5433 1823 5505 intra
1870 5442 2091 5485 centum

525 5501 911 5577 propemodum
945 5520 1128 5577 annos
1153 5501 1350 5577 confici
1396 5501 1734 5577 deprehensa
1775 5501 1880 5577 sit,
1903 5516 2093 5570 quem-

526 5573 812 5632 admodum
845 5587 898 5631 et
941 5576 1281 5644 Hipparchus
1309 5574 1613 5642 suspicatus
1643 5586 1764 5626 esse
1795 5573 2030 5624 videtur.
2066 5589 2084 5622 ι

525 5645 604 5700 Ex
636 5662 742 5715 quo
796 5647 1026 5701 efficitur
1073 5645 1248 5699 56000
1301 5659 1567 5715 annorum
1612 5645 1850 5715 _decurs_u
1917 5652 2089 5695 totum

524 5713 782 5770 circulum
808 5718 944 5771 fixas
983 5718 1254 5781 evolvere,
1279 5714 1370 5784 qui
1406 5729 1581 5768 annus
1612 5713 1926 5784 Platonicus
1947 5753 1961 5777 ,
1994 5727 2088 5764 seu

525 5800 698 5840 anuus
729 5803 955 5856 magnus
985 5788 1182 5840 dicitur
1214 5803 1240 5839 a
1274 5783 1566 5856 nonnullis.
1607 5783 1926 5856 'l'ardiorem
1959 5796 2085 5856 vero

525 5857 667 5910 hunc
692 5852 892 5910 motum
930 5859 1132 5910 faciunt
1161 5857 1354 5911 tabulae
1381 5854 1751 5924 Alphonsinte,
1780 5855 1851 5906 ita
1878 5860 1934 5904 ιιι
1959 5852 2086 5906 totis

523 5926 697 5982 40000
724 5929 882 5982 annis
918 5929 1197 5997 periodum
1224 5928 1367 5982 hanc
1395 5925 1594 5980 absolvi
1639 5937 1733 5977 rex
1773 5923 2086 5994 Alphonsus

2217 3313 2396 3364 Ἔστω
2420 3310 2475 3362 δὲ
2505 3311 2596 3363 καὶ
2623 3308 2780 3360 τοῦτο
2798 3308 3283 3379 συγκεχωρημένον
3300 3308 3408 3378 (l0)
3423 3307 3484 3360 τὸ
3515 3309 3786 3378 καταλαμρ

2212 3402 2466 3458 ϐάνεσθαι
2496 3401 2557 3454 τὸ
2590 3402 2776 3472 νοητὸν
2823 3400 3306 3471 δωδεκατημόριον,
3353 3401 3384 3471 ἢ
3417 3399 3678 3453 δύνασθαι
3723 3402 3784 3453 ὲκ

2208 3495 2300 3550 τοῦ
2333 3492 2590 3565 αἰσθητοῦ
2625 3492 3094 3564 δωδεκατημορίου
3150 3490 3518 3562 λαμϐάνεσθαι
3549 3491 3612 3545 τὸ
3651 3491 3782 3562 ἀλη-

2209 3589 2318 3652 θέςυ
2369 3587 2504 3640 ἀλλὰ
2528 3586 2626 3658 τήν
2647 3603 2710 3656 γε
2727 3584 3024 3657 σύγκρασιν
3059 3584 3187 3655 παρ’
3220 3583 3400 3646 αὐτοῖς
3447 3583 3781 3655 καλουμένην

2201 3678 2310 3730 τῶν
2344 3679 2402 3730 ἐν
2443 3677 2619 3729 τοῖσδε
2649 3677 2762 3739 τοῖς
2796 3677 3195 3745 σχηματισμοῖς
3230 3675 3630 3743 τυγχανόντων,
3690 3675 3780 3730 καὶ

2201 3771 2352 3824 αὐτοὶ
2392 3769 2832 3840 ὁμολογήσουσιν,
2885 3767 2982 3838 οὐχ
3023 3761 3127 3820 οἶοί
3167 3783 3226 3819 τε
3275 3766 3442 3819 σῶσαι
3476 3767 3620 3820 κατὰ
3654 3769 3780 3822 πᾶν.

2201 3861 2616 3933 ἀμαυρουμένου
2646 3860 2738 3913 τοῦ
2764 3860 3114 3932 δηλουμένου,
3149 3859 3278 3930 φέρε
3313 3860 3504 3921 εἰπεῖν,
3537 3861 3781 3931 χείρονος

2203 3954 2310 4008 ἀπὸ
2334 3953 2482 4007 τοῦδε
2515 3954 2646 4023 (Η),
2681 3953 2768 4006 διὰ
2790 3953 2852 4006 τὸ
2874 3953 3258 4006 ὲπιϐλὲπεσθαι
3290 3952 3452 4006 αὐτὸν
3488 3952 3598 4006 ὑπὸ
3630 3954 3780 4007 τοῦδε

2201 4049 2295 4102 τοῦ
2327 4049 2652 4121 κρείττονος,
2690 4049 2784 4101 καὶ
2817 4047 2906 4099 ἐπὶ
2929 4047 3164 4110 τοσόνδε,
3199 4045 3231 4116 ἦ
3258 4045 3470 4098 τοσόνδε
3503 4045 3778 4116 ἀμαυρου-

2206 4140 2387 4210 μένου·
2424 4138 2682 4202 πολλάκις
2705 4137 2865 4191 πάλιν
2887 4138 2983 4208 τῆς
3014 4135 3385 4207 ἀμαυρώσεως
3409 4135 3506 4206 τῆς
3533 4133 3630 4188 τοῦ
3668 4135 3778 4205 χεί-

2206 4253 2356 4306 ρονος
2387 4235 2492 4290 ὑπὸ
2518 4236 2618 4305 τῆς
2662 4233 2998 4302 ἐπιϐλέσξνιεως
3026 4233 3124 4303 τῆς
3154 4231 3246 4284 τοῦ
3281 4231 3588 4302 κρείττονος
3613 4233 3782 4302 ὲμπο-

2200 4328 2506 4398 διζομὲνης,
2553 4331 2616 4381 ὲκ
2654 4326 2748 4380 τοῦ
2791 4325 2988 4397 ἕτερον,
3019 4325 3215 4377 οὑτωσὶ
3244 4323 3644 4394 ἐσχηματίσθαι
3675 4341 3781 4394 χει-

2205 4420 2372 4491 ρόνων
2403 4419 2531 4472 ὄντα
2557 4416 2907 4488 σημαντικόν.
2943 4415 3053 4469 Καὶ
3069 4409 3240 4485 οἶμαι,
3265 4413 3635 4484 ἐπιστήσαντα
3661 4429 3781 4466 τινα

2132 4535 2174 4588 D
2204 4535 2516 4589 crediderit.
2548 4540 2618 4589 At
2649 4532 2994 4588 brevioribus
3017 4547 3135 4586 eam
3166 4530 3356 4592 spatiis
3393 4529 3782 4582 determinavit

2201 4605 2576 4674 Albategnius.
2612 4621 2711 4674 nec
2744 4604 2866 4672 plus
2901 4618 3061 4668 quant
3088 4600 3264 4674 “25760
3290 4614 3460 4654 annos
3484 4600 3534 4652 ei
3565 4599 3776 4674 tribuit,

2201 4671 2591 4743 quippe'quam
2621 4673 2688 4727 66
2721 4671 2938 4742 quoque
2959 4687 3098 4723 anno
3135 4672 3361 4743 gradum
3388 4685 3552 4743 unum
3588 4671 3777 4743 exple-

2203 4738 2260 4796 re
2293 4738 2712 4811 deprehenderit
2741 4738 2761 4798 ἐ
2806 4738 2966 4810 quam
3009 4738 3330 4811 settléltli‘atlt
3373 4738 3773 4792 obserVatinui-

2201 4811 2302 4867 bus
2337 4809 2450 4870 suis
2497 4816 2652 4882 longe
2699 4809 3126 4868 accuratissimis
3182 4809 3248 4863 ad
3297 4825 3505 4882 verum
3514 4811 3774 4882 proxime

2202 4885 2462 4938 accedere
2495 4879 2840 4938 confirmavit
2876 4883 3094 4950 'l‘ycho,
3131 4896 3254 4932 nam
3302 4879 3441 4950 intra
3461 4879 3542 4950 _67
3601 4896 3777 4932 anuo-

2201 4967 2319 5005 rum
2352 4956 2583 5022 spatium
2626 4955 2794 5023 gradu
2831 4947 2938 5023 uno
2968 4951 3104 5023 fixas
3137 4947 3618 5023 sicei‘snépeva
3647 4963 3778 5016 pro-

2198 5018 2685 5091 gredi,'totutnque
2715 5021 2844 5074 illud
2871 5020 3198 5091 curriculum
3223 5018 3398 5091 ιξζι120
3424 5019 3584 5070 annis
3608 5034 3777 5091 pera-

2198 5088 2357 5159 grare
2383 5088 2668 5162 comperit.
2697 5091 2814 5162 Jam
2853 5105 3007 5154 vero,
3035 5099 3094 5142 ut
3134 5088 3521 5162 ad_0rigenem
3575 5089 3775 5162 redea-

2199 5177 2338 5225 mus,
2365 5159 2570 5216 motum
2612 5179 2642 5216 a
2697 5161 2988 5214 Ptolemzeo
3051 5159 3405 5213 constitutum
3458 5159 3775 5226 respexisse

2196 5245 2316 5285 eum
2359 5233 2548 5302 liquet.
2582 5232 2840 5302 IIUETtUS.

2269 5303 2346 5374 (9)
2383 5296 2536 5374 Ἆλλῗ
2567 5303 2635 5355 ἐκ
2665 5301 2768 5355 τοῦ
2790 5299 3032 5374 νοητοῦ,
3062 5307 3169 5374 etc.
3216 5296 3348 5374 Loci
3377 5296 3532 5374 hujus
3557 5296 3772 5350 hiatum

2196 5366 2372 5442 oratiu
2403 5373 2634 5442 pendula
2672 5370 3152 5442 arguit.‘llunc_sic
3175 5368 3428 5442 explebat
3467 5366 3705 5442 Vigerus
3757 5382 3772 5418 :

2193 5435 2807 5516 @qavst'poptpdipatog,
2836 5439 2896 5491 οὐ
2925 5437 3461 5516 μὲνλαμϐανομένου
3492 5435 3589 5515 ⁸εοῦ
3642 5436 3750 5516 ᾁλη
3779 5465 3781 5468 -

2194 5511 2318 5575 θοῦς
2346 5505 2963 5583 ἐ;κ’το’ῦ’μοριριςῦματοςζ
2986 5509 3100 5562 ἀλλ’
3125 5505 3199 5560 ἐκ
3226 5505 3319 5560 τοῦ
3345 5505 3558 5583 νοητοῦ,
3595 5515 3713 5560 etc.

2264 5530 2318 5575 υς
2346 5530 2411 5565 εκ
2441 5530 2534 5564 του
2569 5530 2953 5634 μορῖωματος,
2986 5530 3084 5562 aut
3135 5530 3199 5560 εκ
3226 5530 3319 5560 του
3345 5530 3558 5576 νοητου,
3595 5530 3713 5560 csc.

2264 5584 2377 5654 (l0)
2421 5583 2677 5654 Ἕστωίδ
2735 5576 3635 5654 καὶᾼτρῦτο-συγκεχωρημέγον,
3673 5587 3780 5653 etc.

2196 5647 2328 5707 Vide
2359 5647 2410 5706 in
2442 5655 2585 5707 hunc
2609 5653 2789 5708 locum
2819 5649 3144 5705 Salmasium
3181 5649 3254 5701 Ile
3281 5652 3434 5700 anuis
3453 5647 3784 5700 climacteri-

2193 5723 2288 5784 cis,
2323 5739 2443 5793 pag.
2472 5722 2596 5777 til9.

2264 5783 2656 5864 (li)'Vigcr.,
2705 5792 2980 5862 χείρονος-
3040 5788 3190 5842 τοῦδε
3232 5788 3286 5841 δὲ
3335 5787 3617 5859 χείρονος,
3673 5783 3782 5837 ἀπὸ

2192 5863 2365 5919 τοῦδε.
