3978 6502
272 406 333 463 81
1676 406 1745 463 ΙΝ
1778 406 2098 463 GENESIM.
3450 416 3482 467 8

272 417 333 463 81
1677 417 1742 463 ΙΝ
1778 417 1849 463 Gl

271 511 383 571 τοῖς
417 506 621 570 τόποις,
657 503 969 574 ἀπογνῶναι
997 501 1093 573 τὴν
1135 500 1263 572 περὶ
1289 500 1494 555 τούτων
1524 501 1848 572 κατάληψιν,

1954 417 2098 463 ιδιΜ.
3450 417 3519 471 82

1956 503 2289 573 perationem
2345 505 2632 574 appellant,
2690 504 2962 576 exquisite
3000 505 3096 560 abs
3136 519 3254 560 sese
3302 506 3518 561 defendi

268 599 524 672 οὐδαμῶς
569 597 874 670 ἀνθρώποις
927 583 1270 666 ἐκκειμένην,
1305 594 1421 649 ἀλλ’
1453 595 1500 647 εί
1531 593 1638 665 ἄρα
1689 595 1846 668 μέχρι

265 695 362 750 τοῦ
398 693 742 766 σημανθῆναι
777 692 936 763 μόνον
962 689 1287 760 φθάνουσαν.
1319 689 1380 741 Εἰ
1408 688 1464 741 δέ
1496 706 1578 752 τις
1609 690 1666 741 ὲν
1682 689 1848 758 πείρᾳ

267 783 559 854 γεγένηται
591 779 699 832 τῶν
743 777 1103 850 πραγμάτων,
1132 776 1330 847 μᾶλλον
1364 777 1569 830 εἴσεται
1589 776 1650 828 τὸ
1689 777 1745 829 ὲν
1771 774 1850 846 τῷ

268 877 626 950 στοχάζεσθαι
660 875 1037 930 ἀποπτωτικὸν
1082 873 1188 926 τῶν
1229 871 1513 941 λεγόντων,
1544 872 1638 924 καὶ
1670 869 1848 925 αὐτῶν

267 968 762 1040 συγγραψαμένων,
788 967 932 1038 ἢπερ
947 965 1293 1036 νομιζόμενον
1315 964 1423 1034 (12)
1450 963 1844 1016 ὲπιτευκτικόν.

268 1058 402 1118 Και
423 1062 648 1125 Ἡσαΐας
680 1059 828 1128 γοῦν,
859 1058 932 1122 ὼς
957 1058 1018 1111 ού
1033 1056 1343 1127 δυναμένων
1371 1055 1573 1108 τούτων
1601 1055 1850 1124 εὑρίσκε-

268 1158 395 1211 σθαι
448 1156 552 1208 ὑπὸ
581 1152 899 1226 ἀνθρώπων,
937 1152 1069 1221 φησὶ
1116 1149 1251 1220 πρὸς
1290 1149 1387 1220 τὴν
1438 1147 1711 1219 θυγατέρα
1742 1145 1848 1198 τῶν

266 1246 577 1307 Χαλδαίων,
607 1244 714 1297 τῶν
747 1244 918 1296 ταῦτα
954 1241 1190 1312 μάλιστα
1233 1240 1383 1311 παρά
1430 1241 1636 1302 πάντας
1678 1242 1850 1306 ἐπαγ-

263 1339 624 1410 γελλομένωνο
666 1356 684 1388 ι
725 1336 1014 1406 Στήτωσαν
1045 1333 1108 1403 δὴ
1163 1332 1257 1384 καὶ
1311 1330 1641 1384 σωσάτωσὰν
1696 1347 1752 1381 σε
1800 1330 1849 1380 οἱ

265 1431 585 1502 ἀστρολόγοι
610 1427 702 1482 τοῦ
735 1426 985 1497 ούρανοῦ·
1021 1422 1496 1492 ἁναγγειλὰτωσάν
1527 1439 1605 1474 σοι
1639 1422 1688 1473 τί
1723 1420 1848 1490 μέλ-

262 1520 349 1574 λει
397 1520 489 1573 ἐπὶ
538 1519 597 1571 σὲ
630 1517 900 1588 ἔρχεσθαι·
935 1534 952 1566 ι
996 1514 1082 1566 διὰ
1113 1513 1221 1584 γὰρ
1245 1511 1448 1564 τούτων
1481 1511 1844 1581 διδασκόμεθα

268 1609 346 1678 μὴ
377 1605 636 1660 δύνασθαι
658 1607 783 1666 τοὺς
824 1602 962 1656 πάνυ
1003 1603 1128 1672 περὶ
1158 1601 1326 1654 ταῦτα
1360 1600 1673 1670 φιλομαθεῖς
1713 1617 1846 1672 προ-

262 1699 482 1770 δηλοῦν,
547 1698 582 1752 ἃ
637 1696 952 1766 βεϐούληται
1015 1695 1215 1768 Κύριος
1267 1693 1480 1764 ἑκάστῳ
1531 1693 1671 1746 ἔθνει
1712 1694 1848 1744 ἐπα-

264 1793 483 1860 γαγεῖν.

1949 606 2055 644 non
2133 605 2291 660 posse
2373 591 2703 647 fatebuntur.
2782 595 3060 663 Contingit
3132 596 3273 650 enim
3332 597 3521 665 saepis-

1949 685 2120 747 sime,
2168 694 2225 736 ut
2286 683 2368 736 vel
2447 683 2745 739 infestioris
2795 685 2954 755 hujus
3029 687 3161 741 astri
3218 687 3320 748 vis,
3378 689 3521 757 quod

1948 777 2192 840 emersit,
2245 776 2472 830 alterius
2506 776 2765 833 felicioris
2808 791 3032 850 aspectu
3067 779 3235 848 magis
3269 779 3522 834 minusve

1951 868 2272 922 retundatur
2306 885 2321 922 :
2359 869 2440 924 vel
2483 878 2542 923 ut
2582 870 2633 924 id
2702 871 2874 941 ipsum
2928 872 3220 941 quominus
3279 872 3516 936 eveniat,

1951 957 2211 1014 felicioris
2244 970 2496 1030 aspectus
2542 961 2820 1031 impediat,
2870 971 3161 1032 propterea
3209 965 3354 1032 quod
3389 963 3522 1018 alte-

1951 1053 2162 1106 rum-in
2193 1054 2298 1108 hoc
2321 1054 2426 1107 situ
2468 1054 2560 1118 sit,
2595 1054 2864 1108 deteriora
2907 1055 3240 1124 signiﬁcans.
3278 1054 3355 1109 Ac
3387 1055 3519 1109 mihi

1949 1157 2080 1196 sane
2125 1144 2196 1198 ita
2249 1144 2574 1212 persuadeo,
2618 1144 2866 1214 quisquis
2903 1145 2954 1198 in
3003 1146 3243 1197 locorum
3293 1145 3519 1198 istorum

1949 1233 2334 1301 disquisitione
2379 1233 2709 1300 versabitur,
2758 1234 3226 1302 pronuntiaturum
3254 1248 3374 1287 eum
3414 1233 3522 1287 uti-

1948 1340 2073 1392 que,
2118 1334 2453 1393 perspectam
2487 1325 2938 1394 exploratamque
2973 1325 3282 1378 mortalium
3318 1326 3520 1380 nemini

1949 1432 2138 1470 eorum
2180 1417 2444 1470 rationem
2483 1431 2625 1482 esse,
2655 1418 2747 1470 sed
2781 1417 2829 1470 ei
2856 1419 3118 1471 duntaxat
3157 1417 3261 1470 vim
3311 1417 3519 1486 signiﬁ-

1947 1508 2103 1562 (aridi
2137 1507 2370 1576 aliquam
2405 1509 2471 1562 ad
2506 1523 2775 1562 summum
2808 1509 3034 1563 concedi
3068 1522 3245 1578 posse.
3293 1508 3393 1572 Qui
3424 1524 3522 1560 au-

1950 1607 2054 1652 tem
2089 1613 2175 1653 res
2197 1599 2342 1666 ipsas
2362 1598 2702 1666 experientia
2735 1599 2847 1667 ipse
2875 1614 2969 1652 sua
2996 1599 3329 1666 probaverit,
3359 1612 3522 1666 agno-

1949 1700 2064 1746 scet
2103 1690 2193 1744 ille
2229 1689 2476 1760 profecto
2513 1690 2564 1743 id
2599 1690 2881 1744 hominum
2928 1705 3098 1759 genus
3138 1690 3190 1742 in
3223 1689 3338 1742 suis
3380 1689 3540 1755 illis,‘

1951 1799 2089 1854 quas
2119 1792 2212 1836 aut
2244 1797 2375 1836 voce
2410 1790 2503 1835 aut
2535 1782 2741 1850 scripto
2771 1781 3105 1849 concipiunt,
3132 1781 3524 1848 praesensioni-

267 1885 373 1939 bus
427 1885 582 1952 longe
631 1881 826 1951 sacpius
894 1882 1174 1945 aberrare,
1247 1898 1432 1951 quam,
1484 1883 1628 1950 quod
1688 1880 1786 1935 sibi
1845 1879 2074 1948 ﬁngunt,
2136 1891 2327 1931 verum
2375 1877 2658 1945 attingere.
2715 1873 3080 1940 Quamobrem
3134 1874 3299 1928 Isaias
3332 1913 3347 1938 ,
3381 1873 3524 1942 quod

263 1991 332 2027 ea
380 1983 530 2028 certo
558 1975 624 2025 ab
656 1973 962 2027 hominibus
1015 1973 1160 2027 nullo
1197 1974 1356 2027 modo
1405 1973 1572 2028 teneri
1630 1974 1872 2042 possint,
1935 1969 2312 2024 Chaldaeorum
2359 1967 2542 2031 ﬁliam,
2573 1967 2661 2034 qui
2713 1967 2852 2020 hanc
2891 1966 3166 2020 divinandi
3203 1974 3374 2020 artem
3421 1963 3525 2018 sibi

263 2081 378 2135 pra:
404 2063 654 2119 omnibus
678 2065 982 2132 sumebant,
1015 2066 1226 2119 hunciu
1259 2067 1473 2120 modum
1503 2066 1818 2134 compellat:
1857 2083 1875 2116 ι
1929 2063 2086 2118 Stcnt
2124 2077 2252 2117 vero
2276 2077 2336 2116 ac
2366 2062 2575 2115 salvent
2617 2071 2668 2116 te
2699 2060 2954 2130 astrologi
3001 2059 3122 2114 caeli
3152 2075 3164 2110 :
3201 2058 3525 2112 annuntient

265 2158 366 2212 tibi
394 2159 534 2228 quod
563 2173 725 2228 super
754 2169 804 2212 te
843 2169 1126 2213 uenturum
1152 2169 1234 2214 est
1259 2161 1304 2192 ⁵¹
1330 2178 1342 2213 ι
1376 2179 1393 2212 ι
1428 2161 1624 2230 quibus
1659 2177 1758 2214 nos
1789 2175 1920 2215 sane
1944 2159 2128 2214 docuit
2159 2173 2223 2211 ne
2255 2158 2320 2210 ab
2352 2156 2461 2211 illis
2488 2156 2704 2226 quidem
2733 2157 2883 2226 ipsis,
2915 2155 3004 2224 qui
3037 2170 3122 2210 res
3146 2157 3278 2209 istas
3304 2168 3520 2209 summo

264 2263 324 2307 et
356 2255 625 2339 acerrimo
659 2255 840 2308 studio
879 2266 1296 2328 prosequuntur,
1341 2258 1469 2327 quid
1523 2275 1740 2327 quoque
1764 2258 1959 2328 popqu
2012 2256 2189 2310 facere
2223 2255 2484 2309 Dominus
2509 2256 2779 2320 statuerit,
2812 2253 3164 2324 praenuntiari
3219 2266 3398 2320 posse.

340 2347 457 2400 Νῦν
489 2348 596 2420 γὰρ
629 2349 704 2414 ὡς
739 2349 874 2422 πρὸς
925 2351 1022 2421 τὴν
1051 2351 1193 2416 λέξιν
1238 2353 1346 2423 (l3)
1399 2355 1459 2408 τὸ
1509 2355 1846 2427 προφητικὸν

2022 2353 2127 2423 19
2166 2353 2254 2407 ιιι.
2317 2350 2434 2407 Jam
2487 2353 2685 2406 dictum
2740 2353 3055 2420 propbetze.
3103 2351 3278 2418 quoad
3322 2347 3524 2402 nudam

261 2439 648 2511 ὲξειλήφαμενο
669 2444 716 2494 εί
736 2441 792 2494 δέ
817 2459 979 2513 φησιν
1006 2444 1034 2495 ὁ
1065 2443 1256 2496 Ἰακὼϐ
1276 2447 1639 2514 ἀνεγνωκέναι
1654 2450 1711 2500 έν
1731 2450 1851 2511 ταῖς

263 2532 432 2598 πλαξὶ
477 2533 570 2586 τοῦ
610 2535 837 2606 ούρανοῦ
881 2535 990 2607 (14)
1033 2537 1102 2590 τά
1154 2538 1543 2611 συμϐησόμενα
1576 2544 1685 2604 τοῖς
1717 2543 1852 2605 υἱοῖς

266 2626 454 2689 αὐτοῦ,
490 2629 582 2681 καὶ
603 2630 724 2682 ὅσον
758 2630 849 2682 ἐπὶ
892 2629 1063 2701 τούτῳ
1089 2632 1356 2700 ἀντιλέγοι
1383 2653 1468 2698 τις
1501 2636 1565 2688 ἂν
1590 2637 1741 2706 ἡμῖν,
1769 2635 1849 2688 ὅτι

264 2717 484 2770 ἐναντία
515 2711 595 2781 οἷς
627 2719 926 2790 εἰρήκαμεν
957 2720 1208 2791 δηλοῦται
1229 2721 1317 2774 διὰ
1352 2723 1448 2794 τῆς
1471 2723 1712 2795 Γραφῆς’
1741 2723 1850 2778 ὲλέ·

264 2825 439 2879 γομεν
488 2809 595 2882 γὰρ
649 2809 932 2881 ἄνθρωπον
979 2812 1375 2884 ἀκαταλήπτως
1425 2813 1567 2884 ἔχειν
1610 2815 1719 2867 τῶν
1749 2833 1847 2884 ση-

266 2897 460 2968 μείων·
492 2901 520 2952 ὁ
547 2899 604 2951 δὲ
641 2899 833 2952 Ἰακώϐ
876 2917 1038 2970 φησιν
1067 2903 1432 2971 ἀνεγνωκέναι
1458 2905 1513 2957 ὲν
1538 2907 1654 2968 ταῖς
1688 2904 1849 2971 πλαξὶ

262 2988 362 3042 τοῦ
397 2990 648 3061 οὐρανοῦ·
684 2992 1314 3065 ἀπολογησόμεθα,ὃτιοὶ
1344 2995 1464 3048 καθ’
1496 2997 1642 3065 ἡμᾶς
1675 2996 1846 3064 σοφοὶ,

266 3081 541 3152 πνεύματι
579 3085 946 3156 περισσοτέρῳ
987 3086 1322 3158 χρησάμενοι
1362 3086 1464 3156 τῆς
1505 3087 1850 3160 ἀνθρωπίνης

263 3174 503 3242 φύσεως,
538 3177 638 3229 οὐκ
678 3176 1050 3246 ἀνθρωπίνως,
1095 3180 1251 3244 θείως
1297 3179 1354 3233 δὲ
1399 3179 1737 3234 διδάσκονται
1779 3181 1848 3236 τὰ

261 3265 572 3338 ἀπόρρητα·
605 3267 792 3338 ὥσπερ
821 3270 849 3320 ὁ
898 3269 1128 3334 Παῦλος,
1172 3271 1362 3339 λέγων’
1403 3292 1420 3324 ι
1478 3273 1722 3327 Ἤκουσα
1752 3276 1849 3346 ἄῤ-

262 3360 410 3430 ρητα
445 3361 691 3431 ῥήματα,
714 3361 749 3414 ἃ.
771 3363 872 3414 οὐκ
897 3362 1014 3426 ἐξὸν
1052 3362 1322 3436 ἀνθρώπῳ
1360 3363 1607 3434 λαλῆσαι·
1651 3386 1668 3417 ι
1702 3369 1848 3420 ῐσασι

261 3451 377 3522 γάρ
410 3451 628 3520 τροπῶν
673 3453 910 3522 ἀλλαγὰς
940 3456 1032 3507 καὶ
1069 3455 1368 3526 μεταϐολὰς
1409 3457 1632 3528 καιρῶν,
1668 3460 1846 3511 ὲνιαυο

259 3540 378 3593 τῶν
431 3540 682 3607 κύκλους,
733 3544 825 3596 καὶ
868 3545 1114 3616 ἀστέρων
1149 3545 1344 3609 θέσεις,
1393 3547 1492 3599 οὐκ
1519 3548 1611 3600 ἀπ’
1648 3548 1849 3619 ἀνθρώ-

263 3649 408 3695 πων,
442 3633 562 3686 οὐδὲ
599 3634 668 3688 δι’
714 3633 1035 3707 ἀνθρώπων,
1069 3635 1204 3688 ἀλλά
1236 3636 1330 3689 τοῦ
1364 3637 1674 3709 πνεύματος
1717 3641 1850 3694 ἀπο-

265 3722 636 3787 καλύπτοντας
668 3705 870 3790 αὐτοῖς,
900 3727 993 3780 καὶ
1028 3727 1305 3798 καθαρῶς,
1333 3729 1406 3791 ὼς
1433 3705 1574 3782 θέλει
1606 3733 1634 3784 ὁ
1695 3729 1844 3796 Θεὸς,
1876 3705 1917 3763 C

263 3813 336 3867 τὰ
360 3813 480 3867 θεῖα
515 3816 968 3885 ἀπαγγέλλοντος.
1002 3821 1112 3873 Καὶ⁵
1144 3819 1319 3884 ἄλλως
1350 3820 1406 3872 δὲ
1443 3823 1470 3873 ὁ
1513 3821 1704 3875 Ἰακὼϐ
1741 3823 1850 3894 μεί-

263 3905 377 3970 ζων
399 3905 432 3975 ἦ
465 3905 606 3959 κατά
631 3906 924 3978 ’ἄνθρωπον
949 3904 1037 3980 ἦν,
1069 3910 1370 3981 πτερνίζων
1390 3909 1480 3964 τὸν
1509 3911 1732 3982 ἀδελφὸν
1754 3913 1850 3967 αὑ-

262 3996 385 4063 τοῦ,
426 3998 520 4052 καὶ
544 4001 835 4069 ὁμολογῶν-
865 4001 924 4054 ὲν
955 4002 1092 4074 αὐτῇ
1124 4003 1295 4074 ταύτῃ
1338 4005 1403 4075 τῇ
1441 4003 1624 4074 βίϐλῳ,
1660 4007 1750 4075 ἀφ’
1782 4001 1850 4078 ἦς

265 4089 621 4160 παρεθέμεθα
654 4092 734 4144 τόο
767 4111 786 4143 ι
838 4093 1104 4162 Ἀνέγνων
1136 4095 1193 4146 ὲν
1225 4099 1344 4159 ταῖς
1376 4096 1538 4163 πλαξὶ
1563 4096 1657 4150 τοῦ
1695 4099 1852 4168 ούρα-

264 4180 382 4245 νοῦ,
413 4201 432 4232 ι
468 4179 606 4236 εἶναι
636 4185 1043 4256 ἀρχιχιλίαρχος
1071 4186 1352 4256 δυνάμεως
1375 4188 1602 4259 Κυρίου,
1629 4189 1722 4242 καὶ
1745 4189 1852 4241 ὅνο-

269 4291 349 4346 μα
378 4273 548 4328 πάλαι
574 4277 909 4348 κεκτημένος
961 4277 1197 4349 Ἰσραήλο
1228 4279 1364 4350 ὅπερ
1410 4281 1467 4331 ἐν
1503 4279 1710 4350 σώματι
1745 4281 1852 4334 λειο

266 4365 516 4438 τουργῶν
569 4369 948 4440 ἀναγνωρίζει,
1004 4370 1512 4442 ὑπομιμνήσκοντος
1551 4373 1711 4426 αὐτὸν
1757 4372 1850 4428 τοῦ

265 4457 613 4529 ἀρχαγγέλου
642 4460 866 4532 Ούριήλ.

342 4551 498 4605 Μετά
523 4552 695 4606 ταῦτα
710 4553 953 4608 λείπεται
985 4552 1342 4621 ἐξετάσαικαὶ
1359 4556 1710 4628 παραστῆσαι
1741 4559 1852 4620 τοῖς

265 4643 638 4709 πιστεύουσιν,
668 4646 747 4698 ὄτι
771 4648 850 4710 είς
890 4651 1088 4718 σημεῖα
1127 4651 1334 4702 κεῖνται
1366 4651 1416 4700 οἱ
1443 4649 1726 4722 φωστῆρες
1758 4649 1852 4702 τοῦ

265 4736 526 4806 ούρανοῦ·
555 4737 796 4810 σανθήσῃ
815 4738 873 4790 δὲ
905 4739 1009 4791 ὑπὸ
1042 4741 1147 4792 τῶν
1181 4741 1595 4811 περιεργότερον
1623 4741 1856 4814 φερομέ-

265 4847 376 4883 νων
428 4831 508 4892 ei;
554 4831 680 4893 τοὺς
709 4831 927 4896 τόπους,
965 4833 1049 4895 τίς
1082 4834 1114 4901 ἡ
1149 4833 1296 4885 αἰτία
1330 4833 1424 4886 τοῦ
1463 4833 1635 4886 ταῦτα
1657 4833 1724 4886 τὰ
1761 4851 1855 4904 ση-

268 4925 404 4994 μεῖα
430 4923 520 4976 τὸν
545 4922 676 4976 Θεὸν
708 4924 1063 4994 πεποιηκέναι
1117 4927 1173 4977 ὲν
1198 4924 1274 4995 τῷ
1306 4924 1537 4995 οὐρανῷ.
1575 4927 1686 4978 Καὶ
1709 4925 1854 4979 ἔστιν

265 5017 446 5069 εἰπεῖν
480 5013 696 5085 πρῶτον
722 5015 840 5085 μὲν,
873 5015 953 5068 ὅτι
987 5015 1312 5086 πιστεύομεν
1350 5014 1419 5068 τὰ
1438 5015 1538 5084 τῆς
1571 5016 1853 5086 μεγαλειό-

265 5124 433 5177 τητος
463 5106 558 5159 τοῦ
591 5107 683 5158 νοῦ
710 5105 800 5159 τοῦ
830 5105 964 5158 Θεοῦ
996 5109 1172 5160 πᾶσαν
1218 5107 1417 5175 γνῶσιν
1449 5107 1546 5179 τὴν
1575 5109 1704 5178 περὶ
1733 5107 1854 5160 ἐκά-

274 5213 396 5251 ετου
418 5196 528 5249 τῶν
549 5197 716 5250 ὄντων
746 5195 1246 5268 ὲμπεριειληιρότος,
1273 5195 1412 5249 ὥστε
1441 5196 1572 5267 μηδὲ
1603 5197 1663 5249 τὸ
1693 5198 1853 5267 τυχὸν

268 5291 363 5342 καὶ
421 5287 772 5360 νομιζόμενον
819 5287 1096 5359 ἐλάχιστον
1128 5287 1409 5341 λανθάνειν
1456 5287 1552 5355 τὴν
1605 5288 1853 5359 θειὸτητα

336 5446 381 5478 ⁸¹
414 5443 541 5498 lsai.
575 5460 740 5509 xuii,
775 5447 861 5498 l7.
958 5443 1004 5474 ⁸²
1039 5442 1081 5497 ll
1108 5443 1232 5498 Cor.
1259 5458 1356 5506 xu,
1385 5443 1437 5496 4.

342 5592 359 5658 (
370 5588 460 5662 12)
499 5589 875 5662 Vi_ger.._l‘,7:s_p
900 5589 960 5642 τὸ
985 5587 1357 5662 νομιζόμενον.

338 5655 454 5730 (15)
493 5655 626 5714 Νὗν
666 5655 796 5729 γὰρ,
829 5655 908 5726 ὥς
959 5655 1108 5726 πρὸς
1158 5655 1272 5725 τὴν
1313 5655 1504 5730 τῖἐξιν,
1535 5665 1641 5712 etc.
1693 5656 1846 5730 Haud

264 5726 405 5787 satis
438 5726 570 5786 'scio
622 5726 908 5784 cur’hanc
954 5732 1240 5798 przeseutis
1304 5726 1590 5797 fragmenti
1647 5729 1844 5782 seriem

267 5818 435 5884 quam
465 5801 702 5884 exhibet
723 5799 1200 5884 Ρζιὶιρεφορκξὲ,
1226 5798 1489 5884 ‘aliasl‘g'é,
1527 5799 1579 5852 in
1611 5813 1706 5884 sua
1735 5799 1849 5878 edi-

274 5868 428 5927 tione
458 5871 706 5927 omiserit
740 5869 1073 5924 clarissimus
1104 5868 1348 5925 lluetius.
1383 5869 1650 5925 Caeterum
1685 5869 1848 5937 hujus

1957 2444 2218 2510 litteram,
2248 2446 2599 2514 exposuimus
2642 2464 2654 2500 :
2691 2444 2734 2498 si
2771 2458 2901 2497 vero
2935 2441 3102 2496 Jacob
3134 2443 3210 2494 ait
3249 2441 3444 2510 legisse
3469 2456 3528 2495 se

1955 2537 2010 2591 in
2042 2538 2242 2591 tabulis
2269 2537 2393 2591 cadi
2431 2552 2550 2606 quae
2579 2536 2702 2590 ﬁliis
2734 2537 2844 2590 suis
2873 2543 3130 2588 eventura
3170 2542 3333 2597 sunt,
3365 2540 3528 2600 atque

1955 2629 2159 2684 idcirco
2208 2629 2365 2682 nobis
2413 2638 2652 2698 Opponat
2694 2627 2892 2695 aliquis
2935 2625 3212 2680 contraria
3259 2625 3358 2688 iis,
3409 2639 3528 2692 qua:

1951 2721 2207 2783 diximus,
2250 2734 2344 2789 per
2374 2719 2686 2786 Scripturas
2727 2718 2990 2773 declarari
3022 2737 3033 2771 :
3063 2716 3336 2769 hominem
3381 2715 3527 2768 enim

1904 2808 2272 2868 ~dicebamus
2325 2813 2477 2882 signa
2537 2827 2642 2865 non
2700 2825 2860 2881 posse
2912 2810 3407 2878 comprehendere;
3475 2815 3530 2860 at

1950 2903 2118 2960 Jacob
2147 2906 2199 2959 in
2234 2904 2432 2958 tabulis
2460 2905 2581 2959 coeli
2618 2905 2694 2958 ait
2723 2919 2779 2958 se
2812 2904 3006 2972 legisse
3033 2922 3045 2956 :
3080 2901 3528 2971 respondebimus

1952 3007 2166 3053 nostros
2205 2998 2512 3066 sapientes,
2555 2997 2936 3051 execllentiore
2982 2996 3174 3064 Spiritu
3224 3010 3384 3063 quam
3429 3010 3530 3064 pro

1951 3091 2186 3144 humana
2207 3101 2398 3144 natura
2435 3106 2580 3156 usos,
2616 3105 2718 3143 non
2763 3090 3099 3151 humanitus,
3129 3090 3221 3142 sed
3265 3088 3528 3142 divinitus

1951 3196 2150 3235 arcana
2182 3182 2430 3247 edoceri;
2462 3182 2918 3251 quemadmodum
2951 3180 3149 3234 Paulus
3171 3180 3308 3234 dixit
3341 3197 3354 3233 :
3390 3181 3531 3234 «Au-

1950 3274 2056 3326 divi
2089 3287 2284 3327 arcana
2323 3274 2482 3327 verba
2510 3289 2629 3341 quze
2671 3288 2774 3326 non
2807 3273 2934 3326 licet
2966 3274 3170 3327 homini
3210 3273 3356 3342 loqui
3393 3273 3473 3338 ⁸¹;
3505 3293 3523 3324 ι

1949 3368 2128 3422 sciunt
2163 3361 2318 3419 enim
2362 3364 2781 3419 conversiouum
2836 3367 3167 3420 mutationes
3211 3376 3265 3420 et
3321 3376 3531 3437 tempo-

1951 3473 2090 3522 rum,
2119 3472 2382 3510 annorum
2417 3455 2666 3518 circulos,
2697 3457 2935 3516 siderum
2965 3457 3283 3525 positiones,
3320 3473 3426 3511 non
3461 3456 3532 3510 ab

1951 3549 2277 3612 hominibus,
2329 3563 2503 3616 neque
2541 3563 2634 3615 per
2681 3549 2950 3613 homines,
3003 3549 3099 3603 sed
3157 3550 3349 3618 spiritu
3397 3564 3529 3618 ape-

1952 3642 2126 3695 riente
2181 3640 2333 3708 ipsis,
2379 3650 2433 3694 et
2484 3656 2618 3708 pure
2655 3640 2945 3708 nudoque,
2987 3649 3048 3693 ut
3073 3640 3188 3694 vult
3232 3642 3392 3707 Deus,
3442 3657 3532 3696 res

1953 3733 2163 3787 divinas
2196 3733 2534 3786 enuntiante.
2587 3729 2721 3784 Nam
2765 3741 2820 3785 et
2867 3729 3032 3785 Jacob
3087 3731 3306 3786 homine
3356 3733 3530 3800 major

1952 3833 2089 3888 erat,
2135 3823 2334 3893 quippe
2393 3823 2483 3892 qui
2536 3823 2914 3892 supplantaret
2972 3821 3196 3877 fratrem
3253 3838 3433 3889 suum,
3478 3834 3532 3878 ct

1954 3914 2189 3968 fateatur
2233 3915 2284 3967 in
2331 3929 2397 3967 eo
2473 3914 2589 3982 ipso
2649 3913 2808 3978 libro,
2862 3928 2928 3969 ex
2984 3929 3090 3983 quo
3157 3915 3527 3985 protulimus:

1957 4023 1974 4056 ι
2017 4005 2144 4074 Legi
2169 4005 2222 4058 in
2257 4004 2456 4058 tabulis
2483 4005 2626 4067 coali,
2653 4024 2670 4056 ι
2705 4020 2763 4059 se
2786 4020 2907 4060 esse
2940 4007 3242 4075 principem
3281 4006 3530 4061 tribuno-

1956 4109 2070 4146 rum
2099 4096 2370 4148 exercitus
2405 4095 2638 4160 Domini,
2670 4097 3065 4166 etjampridem
3089 4099 3290 4152 habere
3333 4113 3528 4152 nomen

1954 4182 2114 4238 Israel
2150 4205 2160 4239 :
2198 4186 2340 4255 quod
2378 4188 2592 4254 quidem
2625 4202 2853 4255 corpore
2906 4188 3223 4242 ministraus
3259 4203 3522 4258 recogno-

1955 4278 2075 4338 scit,
2133 4277 2184 4330 in
2241 4280 2563 4332 memoriam
2611 4290 2939 4342 revocante.
2977 4281 3261 4350 ipsumque
3306 4284 3530 4336 submo-

1957 4380 2120 4423 nente
2162 4369 2312 4425 Uriel
2341 4354 2699 4440 archangelo.

2027 4549 2113 4602 15.
2145 4546 2265 4604 Jam
2304 4547 2572 4620 reliquum
2614 4558 2697 4604 est
2739 4559 2796 4603 ut
2847 4551 3182 4621 disputemus
3235 4562 3292 4609 et
3343 4553 3531 4623 expli-

1955 4657 2141 4698 cemus
2171 4643 2518 4698 credent-ibus
2538 4683 2551 4707 ,
2598 4642 2650 4695 in
2686 4644 2838 4713 signa
2883 4645 3056 4712 posita
3086 4660 3204 4700 esse
3233 4645 3522 4701 luminaria

1956 4736 2114 4802 rmli;
2153 4735 2249 4791 sed
2283 4737 2555 4803 urgebunt
2592 4744 2642 4787 te
2668 4736 2763 4802 qui
2793 4735 3088 4804 Scriptura:
3130 4739 3276 4792 locos
3303 4751 3530 4791 accura-

1956 4832 2062 4886 tius
2089 4819 2477 4898 pervestigant,
2506 4835 2561 4880 et
2590 4829 2858 4896 rogabunt
2892 4842 3012 4896 quae
3046 4844 3212 4883 causa
3237 4830 3309 4884 sit
3334 4844 3530 4898 quam-

1958 4924 2150 4979 obrem
2217 4923 2359 4977 Deus
2433 4923 2547 4976 hanc
2593 4921 2742 4991 signa
2791 4920 2844 4973 in
2877 4921 3018 4974 coelo
3064 4921 3269 4975 l‘ecerit.
3328 4918 3534 4985 Quibus

1959 5017 2192 5083 primum
2228 5013 2662 5084 respondendum
2699 5022 2820 5076 est,
2859 5013 3082 5067 credere
3121 5028 3220 5066 nos
3261 5011 3532 5081 magnitu-

1960 5109 2138 5162 dinem
2169 5107 2364 5162 divina:
2401 5107 2599 5162 mentis
2644 5121 2862 5160 omnem
2907 5105 3150 5158 notitiam
3194 5105 3528 5174 singularum

1961 5215 2142 5252 rerum
2179 5198 2231 5254 in
2263 5213 2322 5254 se
2355 5198 2818 5268 comprehendere
2841 5238 2854 5263 ,
2883 5197 2953 5250 ita
2989 5208 3044 5250 ut
3073 5212 3245 5266 neque
3280 5197 3532 5249 minutis-

1961 5291 2122 5358 sima,
2171 5299 2226 5346 et
2262 5305 2382 5360 quae
2436 5289 2592 5345 nihili
2643 5291 2978 5361 penduntur,
3025 5290 3194 5357 ipsius
3254 5287 3532 5342 divinitati

1956 5591 2118 5644 seriei
2150 5589 2527 5659 interpretatio
2555 5589 2746 5661 Latina
2778 5594 2859 5661 est
2894 5584 3124 5661 Joannis
3150 5580 3360 5661 Taripi.

2027 5662 2138 5731 (H)
2192 5646 2306 5713 Ἐν*¹
2332 5663 2461 5724 τοῖς
2497 5660 2683 5723 πλαξὶ
2725 5659 2828 5711 τοῦ
2872 5653 3154 5731 οὐρανοῦἶ
3193 5646 3525 5731 νὶιίθυίοεῐμ.

1954 5720 2157 5785 Λιθθτίἱ
2188 5720 2701 5785 Ρδὺιῆοἰῖροειὶςονιιι
2752 5720 3272 5796 pseudepigrapbum
3319 5720 3534 5775 Vcteﬁs

1957 5802 2312 5865 Testamenti,
2347 5817 2469 5872 pag.
2501 5801 2595 5854 551
2633 5809 2685 5854 et
2715 5814 2866 5865 seqq.
