3942 6394
489 379 558 436 85
1947 374 2291 433 ORIGENES
3664 381 3695 434 8
3711 381 3732 437 ί

489 495 662 553 latere
695 497 903 569 possint
927 544 936 553 .
963 497 1106 568 quod
1132 498 1390 555 nimirum
1419 501 1657 556 ostendit
1683 515 1805 556 eum
1833 513 2039 554 numert

2163 495 2350 560 αὐτοῦ,
2375 495 2533 563 δόξαν
2582 498 2681 569 μὲν
2715 497 2958 571 περιέχει
2987 496 3080 552 τοῦ
3107 497 3270 551 οἱονεὶ
3298 498 3496 570 ἄπειρα
3521 499 3736 572 ἀριθμῷ
3789 528 3802 541 -

490 589 657 644 veluti
687 591 898 644 inﬁnita
925 591 974 644 in
1007 606 1066 646 se
1099 594 1593 662 comprehendere,
1629 608 1734 648 non
1774 593 2057 664 pchpicua

489 682 954 738 detnonsuatioue
979 722 994 748 .
1025 687 1117 737 sed
1152 684 1258 739 ﬁde
1281 725 1297 750 ,
1344 700 1464 755 qua:
1505 685 1756 756 ingenitae
1801 686 1966 740 menti
2002 693 2058 739 et

491 773 796 827 universam
826 785 1074 828 naturam
1103 776 1450 831 atttcccllcttti
1479 779 1789 834 conveniat.
1820 777 1974 844 Quod
1999 787 2060 834 ut

489 865 824 933 experientia
860 867 929 920 ab
963 866 1030 920 iis
1063 867 1154 935 qui
1191 869 1428 938 majores
1457 869 1682 926 homine
1727 881 1887 936 sunt,
1927 883 1982 927 et
2025 887 2056 927 ιι

487 957 695 1010 sanctis
729 957 1002 1013 mentibus
1023 960 1271 1030 corporis
1301 960 1517 1016 vinculo
1538 962 1730 1018 solutis
1753 977 1816 1017 ac
1848 962 2054 1030 liberis,

487 1047 840 1116 intelligatur,
876 1057 1133 1120 tanquam
1185 1051 1396 1106 litteras
1443 1061 1498 1107 et
1552 1055 1906 1110 characteres
1959 1070 2058 1124 per

485 1135 789 1191 caelestium
851 1139 1066 1192 orbium
1125 1141 1533 1197 conversionem
1606 1145 1736 1200 fecit
1799 1145 1850 1198 in
1919 1145 2057 1202 cmlo

487 1231 650 1291 Deus,
686 1231 773 1284 tthi
824 1243 881 1288 et
929 1233 1070 1288 docti
1105 1235 1408 1289 etdoceudi
1441 1237 1596 1306 signa
1651 1237 1744 1293 Dei
1789 1239 2053 1309 legerent.

486 1321 592 1375 Nec
625 1338 753 1377 vero
775 1325 1078 1380 mirandum
1112 1337 1193 1380 est
1235 1327 1423 1391 Deum,
1462 1341 1519 1382 ttt
1547 1346 1604 1386 se
1637 1332 1809 1386 beatis
1831 1334 2054 1389 demon-

483 1420 638 1476 stret,
673 1413 917 1480 qurcdam
965 1413 1180 1483 fecisse,
1225 1431 1346 1472 cum
1387 1417 1663 1474 Pharaoni
1703 1422 1848 1477 dicat
1900 1423 2050 1478 Scri-

483 1513 700 1569 ptttrazt
726 1504 848 1560 Ideo
866 1506 1094 1562 excitavi
1127 1518 1198 1575 te,
1245 1520 1302 1564 ttt
1336 1513 1676 1566 ostenderem
1708 1513 1761 1565 itt
1797 1523 1848 1567 te
1881 1515 2053 1567 virtu-

485 1603 591 1646 tem
627 1609 825 1658 meam,
864 1604 920 1650 et
963 1607 1020 1650 ut
1045 1615 1238 1654 nomen
1272 1618 1450 1656 meum
1503 1605 1553 1655 in
1613 1605 1860 1660 universa
1907 1618 2049 1663 terra

481 1687 889 1756 pcrvttlgaretur
918 1689 985 1744 ⁸³.
1019 1711 1040 1745 ι
1080 1693 1137 1748 Si
1166 1696 1311 1749 enint
1345 1708 1653 1752 asset-vatus
1692 1711 1773 1754 est
1815 1700 2049 1766 Pharao,

481 1787 537 1831 ut
560 1778 667 1848 20
700 1780 1068 1837 declararetnr
1097 1790 1332 1852 potentia
1365 1787 1480 1851 Dei,
1513 1803 1569 1844 et
1613 1807 1808 1846 nomen
1842 1793 1957 1862 cjus
1995 1795 2047 1848 in

479 1869 728 1924 universa
755 1881 893 1927 terra
922 1864 1348 1945 praedicaretur,
1370 1881 1746 1939 animadverte
1791 1896 2048 1955 quantam

479 1960 894 2017 declarationem
937 1966 1153 2023 virtutis
1177 1967 1269 2023 Dei
1313 1973 1560 2026 carlcstia
1599 1974 1752 2043 signa
1795 1990 2047 2044 compre-

479 2050 742 2118 hendant,
768 2071 891 2110 cum
933 2073 960 2111 a
1005 2058 1179 2128 primo
1238 2077 1357 2117 arvo
1402 2065 1467 2119 ad
1522 2069 2042 2123 consummationem

475 2143 660 2196 steculi
729 2145 888 2215 digno
952 2149 1042 2204 Dei
1119 2151 1255 2207 libro
1324 2158 1464 2210 co3lo
1544 2158 1800 2227 impressa
1864 2161 2044 2214 omnia

474 2240 530 2286 ct
608 2235 868 2306 inscripta
945 2239 1074 2294 sint.
1167 2241 1371 2299 Deinde
1447 2247 1674 2316 c0njicio
1754 2247 2046 2303 virtutibus

474 2326 627 2387 illis.
691 2330 888 2398 quibus
951 2347 1038 2388 res
1109 2334 1357 2390 humana:
1446 2349 1725 2406 reguntur,
1799 2340 2043 2408 quredam

472 2418 626 2488 signa
681 2419 889 2486 inesse,
951 2432 1009 2477 ut
1077 2425 1179 2480 alia
1253 2436 1458 2482 tantum
1517 2442 1876 2501 cognoscant,
1938 2431 2043 2487 alia

471 2509 635 2562 etiam
679 2510 956 2580 efficiant;
993 2518 1449 2583 quemadmodum
1508 2521 1559 2575 in
1611 2523 1785 2579 sacris
1845 2528 2043 2580 nostris

474 2599 627 2654 libris
683 2605 926 2670 quaedam
970 2609 1169 2676 scripta
1229 2622 1357 2665 sunt
1411 2622 1467 2665 ut
1511 2628 1902 2683 cognoscamus
1931 2658 1946 2681 ,
1986 2626 2043 2674 ut

416 2733 421 2738 .
473 2697 656 2751 mttndi
715 2698 984 2768 opificium
1047 2712 1101 2756 et
1166 2703 1270 2756 alia
1322 2706 1616 2774 mysteria;
1679 2709 1924 2778 quaedam
1985 2721 2042 2767 ut

469 2805 863 2862 cognoscamus
886 2802 940 2847 et
973 2792 1257 2862 faciamus,
1294 2806 1353 2850 ut
1380 2804 1650 2868 prmécpta
1697 2809 1752 2855 et
1785 2804 2038 2858 mandata

472 2881 589 2936 Dei.
627 2883 815 2950 Itaque
859 2883 972 2937 ﬁcti
1021 2895 1197 2952 potest
1237 2896 1296 2942 ut
1333 2888 1581 2945 (mlestes
1643 2891 1856 2956 littera),
1905 2909 2040 2962 quas

469 2972 644 3040 angeli
695 2982 750 3027 et
800 2975 993 3030 divina:
1045 2977 1269 3034 virtutes
1328 2978 1508 3051 legere
1559 2983 1720 3040 facile
1773 2997 2035 3055 possunt,

467 3067 713 3133 quaedam
768 3069 1085 3124 contineant
1145 3071 1213 3126 ab
1263 3073 1468 3144 angelis
1517 3084 1571 3130 et
1635 3077 1728 3132 Dei
1777 3079 2038 3134 tuinistris

2159 587 2330 653 οὕτως
2352 589 2512 643 αὑτὸν
2543 590 3024 662 ἐμπεριειληφέναι
3047 591 3106 643 ἐν
3132 589 3328 660 ἐαυτῷ,
3354 589 3412 642 οὐ
3441 589 3547 660 μὴν
3580 591 3737 663 ἐναρ-

2157 681 2228 752 γῆ
2258 680 2354 752 τὴν
2376 682 2666 748 ἀπόδειξιν,
2697 682 2832 736 ἀλλά
2864 682 3316 752 πεπιστευμένην,
3349 682 3424 745 ὡς
3473 681 3739 754 ἁρμόζου-

2159 791 2259 828 σαν
2285 775 2363 846 τῷ
2394 776 2672 847 ἀγεννήτῳ
2700 775 2776 846 νῷ
2821 776 2913 828 καὶ
2946 777 3084 846 ὑπὲρ
3117 777 3297 828 πᾶσαν
3343 776 3502 844 φύσιν
3535 775 3739 846 τυγχά-

2158 883 2317 919 νοντι.
2363 867 2459 920 "Iv'
2505 863 2597 920 οῦν
2639 871 2705 938 τῇ
2737 867 2900 939 πείρᾳ
2923 866 3080 920 τοῦτο
3108 866 3586 937 καταλαμϐάνηται
3630 866 3737 924 ὑπὸ

2156 957 2263 1012 τῶν
2307 958 2567 1030 μειζόνων
2598 960 2631 1030 ἢ
2667 959 2807 1012 κατὰ
2831 959 3134 1031 ἄνθρωπον,
3169 959 3263 1012 καί
3291 958 3398 1011 τῶν
3439 959 3608 1027 ἁγίων
3642 959 3740 1030 ψυ-

2157 1050 2264 1123 χῶν
2287 1051 2382 1105 τοῦ
2410 1052 2757 1122 ἐνεστηκότος
2782 1051 2980 1122 δεσμοῦ
3010 1050 3461 1121 ἀπηλλαγμένων,
3496 1051 3738 1123 ὡσπερεὶ

2155 1143 2460 1214 γράμματα
2505 1143 2598 1194 καὶ
2638 1143 2990 1214 χαρακτῆρας
3041 1142 3135 1196 καὶ⁸
3177 1142 3266 1196 διὰ
3296 1143 3393 1213 τῆς
3425 1142 3534 1197 τῶν
3580 1143 3737 1214 οὐρα-

2157 1231 2284 1283 νίων
2303 1231 2603 1302 περιφορᾶς
2635 1231 2889 1302 ἐποίησεν
2933 1232 2991 1282 ἐν
3016 1231 3228 1302 οὐρανῷ
3250 1234 3278 1285 ό
3302 1233 3434 1296 Θεὸς
3458 1236 3582 1298 τοὺς
3605 1234 3737 1286 δεδι-

2155 1321 2454 1393 δαγμένους
2494 1322 2586 1374 καὶ
2610 1321 3094 1393 διδαχθησομένους
3123 1321 3513 1391 ἀναγινώσκειν
3539 1323 3606 1376 τά
3637 1341 3735 1394 σηο

2158 1419 2282 1486 μεῖα
2324 1416 2419 1469 τοῦ
2465 1416 2618 1470 Θεοῦ.
2649 1417 2722 1470 Οὐ
2749 1415 3057 1487 θαυμαστὸν
3081 1416 3139 1469 δὲ
3171 1417 3263 1469 καὶ
3295 1416 3433 1488 ὑπὲρ
3461 1416 3736 1482 ἐνδείξεως

2153 1509 2250 1578 τῆς
2287 1507 2419 1579 πρὸς
2457 1509 2582 1571 τοὺς
2624 1506 2924 1578 μακαρίους
2954 1508 3126 1560 ποιεῖν
3171 1523 3291 1559 τινα
3321 1505 3411 1558 τὸν
3441 1506 3594 1570 Θεὸν,
3637 1507 3737 1578 τῆς

2153 1599 2376 1670 Γραφῆς
2403 1599 2664 1668 λεγούσης
2700 1597 2778 1669 τῷ
2823 1595 3042 1668 Φαραώ·
3076 1614 3096 1647 ι
3146 1596 3239 1660 Et;
3261 1595 3392 1650 αὐτὸ
3418 1596 3574 1649 τοῦτο
3610 1597 3736 1668 ἐξῆ-

2153 1693 2311 1764 γειρά
2360 1709 2440 1754 σε,
2467 1694 2614 1756 ὅπως
2661 1691 2978 1760 ἐνδείξωμαι
3010 1691 3066 1742 ἐν
3095 1690 3178 1742 σοὶ
3203 1689 3299 1760 τὴν
3327 1689 3553 1760 δύναμίν
3607 1708 3733 1760 μου,

2155 1785 2247 1838 καὶ
2292 1786 2440 1848 ὅπως
2482 1783 2738 1854 διαγγελῇ
2775 1783 2834 1836 τὸ
2866 1781 3035 1852 ὄνομά
3077 1799 3177 1852 μου
3209 1783 3266 1834 ἐν
3313 1781 3458 1853 πάσῃ
3490 1783 3554 1850 τῇ
3579 1784 3675 1850 γῇ.
3711 1800 3730 1832 ι

2081 1848 2122 1900 Β
2155 1879 2215 1930 El
2249 1877 2355 1947 γὰρ
2384 1848 2675 1948 διετηρηθη
2711 1848 2926 1947 ’φαραὼ
2960 1848 3108 1946 ⁷ὑπὲρ
3146 1848 3737 1944 ἐνδείξεως-δυνάμεως

2149 1969 2307 2029 Θεοῦ,
2335 1971 2425 2021 καὶ
2457 1968 2765 2037 διαγγελίας
2791 1967 2885 2022 τοῦ
2919 1968 3181 2038 ὀνόματος
3203 1967 3364 2020 αὑτοῦ
3396 1969 3452 2021 ἐν
3490 1967 3639 2038 πάσῃ
3667 1969 3733 2038 τῇ

2149 2064 2241 2131 γῇ,
2272 2059 2441 2112 ἐννόει
2477 2060 2644 2130 πόσην
2667 2059 2886 2125 ἔνδειξιν
2911 2059 3194 2129 δυνάμεως
3223 2058 3356 2111 Θεοῦ
3394 2058 3635 2130 περιέχει
3668 2057 3735 2110 τὰ

2147 2153 2371 2224 οὐράνια
2417 2152 2638 2221 σημεῖα,
2674 2151 2888 2204 πάντων
2928 2151 3035 2204 τῶν
3064 2152 3160 2204 ἀπ’
3191 2150 3385 2211 αἰῶνος
3415 2149 3518 2211 ἕως
3545 2165 3733 2201 συντε-

2146 2245 2295 2308 λείας
2322 2243 2780 2314 ἐντετυπωμένων
2800 2246 2864 2314 τῇ
2894 2243 3019 2314 ἀξία
3051 2243 3215 2314 βίϐλῳ
3241 2242 3332 2296 τοῦ
3362 2242 3494 2295 Θεοῦ
3531 2241 3607 2312 τῷ
3631 2242 3725 2295 οὐ·

2150 2335 2314 2408 ρανῷ.
2368 2335 2626 2406 Δεύτερον
2657 2333 2712 2387 δὲ
2749 2332 3082 2405 στοχάζομαι
3134 2338 3254 2398 ταῖς
3301 2334 3368 2387 τὰ
3415 2332 3732 2404 ἀνθρώπινα
3803 2393 3814 2402 ε

2145 2427 2552 2499 οἰκονομούσαις
2600 2426 2892 2496 δυνάμεσιν
2937 2426 3314 2495 ἐγκεῖσθαιτὰ
3362 2427 3580 2496 σημεῖα,
3643 2425 3734 2479 ἵνα

2142 2521 2265 2574 τινὰ
2289 2521 2386 2591 μὲν
2407 2519 2714 2589 γινώσκωσι
2744 2519 2922 2590 μόνον,
2953 2520 3073 2573 τινὰ
3087 2520 3143 2573 δέ
3170 2519 3450 2590 ἐνεργῶσι·
3477 2518 3732 2592 καθάπερ

2143 2614 2201 2665 ἐν
2234 2615 2352 2676 ταῖς
2381 2612 2509 2684 παρ’
2544 2614 2674 2683 ἡμῖν
2705 2610 2904 2680 βίϐλοις
2935 2611 2969 2665 ἃ
2999 2613 3096 2683 μὲν
3125 2612 3430 2682 γέγραπται
3454 2612 3540 2664 ἵνα
3565 2608 3732 2679 γινὼ-

2145 2721 2383 2775 σκωμεν,
2428 2697 2538 2756 οἷον
2579 2702 2646 2756 τὰ
2685 2703 2811 2776 περὶ
2846 2703 3200 2774 κοσμοποιίας
3235 2704 3327 2756 καὶ
3357 2701 3490 2756 ἄλλα
3514 2703 3729 2773 μυστή-

2147 2815 2251 2868 ρια·
2279 2798 2313 2852 ἃ
2344 2798 2401 2852 δέ
2441 2797 2529 2852 ἵνα
2559 2796 2914 2866 γινώσκοντες
2961 2796 3225 2869 ποιῶμεν,
3260 2796 3447 2868 ὥσπερ
3479 2795 3546 2849 τὰ
3597 2796 3730 2869 περὶ

2141 2894 2239 2956 τὰς
2272 2894 2492 2958 ἐντολὰς
2517 2894 2610 2947 καὶ
2645 2894 2714 2949 τὰ
2742 2895 3134 2966 προστάγματα
3161 2893 3255 2948 τοῦ
3289 2893 3444 2949 Θεοῦ.
3489 2893 3730 2964 Ἐνδὲχε-
3771 2957 3776 2960 _

2141 3000 2230 3036 ται
2256 2983 2320 3054 δὴ
2348 2985 2416 3038 τά
2439 2985 2668 3056 οὐράνια
2691 2987 3014 3057 γράμματα,
3037 2985 3072 3040 ἃ
3093 2985 3313 3055 ἄγγελοι
3340 2986 3432 3039 καὶ
3463 2984 3728 3054 δυνάμεις

2143 3074 2279 3130 θεῖαι
2316 3075 2709 3146 ἀναγινώσκειν
2753 3078 2934 3142 καλῶς
2965 3077 3236 3141 δύνανται,
3283 3077 3559 3150 περιέχειν
3604 3077 3727 3130 τινὰ

470 3157 717 3230 legenda,
768 3167 825 3214 ιιι
877 3175 1064 3216 eorum
1125 3165 1764 3238 cognitioneltetentur;
1826 3171 1928 3226 alia
1976 3182 2038 3229 ut

2145 3169 2241 3238 μὲν
2270 3169 2796 3244 ἀναγνωσθησόμενα
2830 3171 2934 3224 ὑπὸ
2961 3171 3067 3225 τῶν
3098 3171 3338 3240 ἀγγέλων
3359 3171 3453 3224 καὶ
3477 3170 3726 3242 λειτουρ-

467 3251 720 3306 mandata
749 3253 1024 3324 accipiant
1057 3265 1110 3310 et
1137 3255 1393 3312 eﬂiciant.
1421 3258 1608 3331 Neque
1648 3263 1744 3318 abs
1791 3279 1846 3319 re
1885 3265 2038 3321 dixe-

467 3342 662 3412 rimus,
705 3346 880 3402 simile
917 3349 1045 3417 quid
1087 3349 1187 3422 legi
1239 3354 1435 3408 emtum
1475 3365 1527 3410 ct
1554 3365 1697 3412 astra
1724 3359 2034 3416 continere:

464 3435 509 3490 si
540 3450 667 3492 vero
692 3438 926 3510 pejores,
965 3454 1019 3498 et
1046 3444 1164 3499 alia:
1185 3446 1252 3501 ab
1285 3447 1502 3503 homine
1535 3449 1762 3506 virtutes
1787 3454 2036 3521 quaedam

461 3544 495 3581 e
555 3533 813 3600 prteuotis
865 3543 918 3589 et
979 3536 1031 3590 in
1085 3538 1228 3593 cmlo
1281 3541 1557 3610 expressis
1618 3543 2035 3614 designatisque

463 3620 687 3688 faciant,
721 3623 851 3679 nihil
871 3637 955 3682 est
988 3643 1210 3687 necesse
1236 3631 1380 3701 ipsas
1405 3634 1605 3689 divinis
1628 3635 1828 3691 litteris
1849 3639 2038 3691 admo-

463 3715 607 3768 nitas
656 3715 838 3772 facere
892 3733 1014 3788 quae
1063 3723 1359 3779 moliuntur
1392 3727 1527 3780 :sed
1579 3729 2034 3796 quemadmodum

463 3802 711 3858 homines
734 3804 985 3873 injuriam
1024 3809 1301 3878 facientes,
1328 3830 1425 3869 nec
1449 3815 1682 3871 scientes
1709 3821 2037 3887 praenovisse

465 3893 630 3944 neum
661 3893 807 3948 hunc
839 3896 939 3950 abs
970 3912 1029 3952 se
1067 3899 1258 3966 injuria
1284 3901 1536 3958 affectum
1581 3905 1670 3968 iri,
1724 3920 1821 3974 per
1881 3923 2035 3960 suam

465 3983 871 4052 improbitatem
921 3988 1174 4058 injuriam
1227 3991 1467 4057 faciunt;
1511 3995 1590 4050 sic
1621 3996 1730 4051 Deo
1780 3999 2036 4067 oppositae

464 4073 718 4140 virtutes,
763 4091 885 4146 quae
928 4079 1189 4136 malitiam
1224 4084 1504 4140 Immittqu
1540 4088 1748 4143 scelera
1795 4091 2036 4158 cogitan-

463 4167 596 4221 tium
641 4185 1042 4241 pracnoverunt,
1079 4180 1296 4247 propria
1334 4179 1386 4235 id
1414 4189 1471 4235 et
1502 4181 1807 4251 turpissima
1843 4183 2038 4238 volun-

462 4268 573 4314 tate
594 4263 900 4330 perficiunt.
927 4264 1084 4322 Sacri
1109 4278 1289 4324 autem
1314 4271 1510 4341 angeli,
1537 4273 1842 4328 administri
1868 4276 2032 4345 spiri-

463 4364 572 4414 tus,
597 4365 650 4407 et
689 4355 740 4408 in
799 4357 1159 4414 ministerium
1213 4364 1363 4418 missi
1417 4363 1463 4395 “
1511 4376 1661 4420 certe
1712 4374 1970 4435 tanquam
2001 4383 2032 4422 ιι

462 4443 556 4498 Dei
576 4446 690 4515 lege
708 4448 1034 4517 accipientes
1051 4451 1250 4521 scripta
1271 4453 1547 4518 mandata,
1568 4465 1712 4510 recte
1742 4465 1798 4513 et
1818 4458 2030 4524 ordine,

2138 3259 2250 3328 γῶν
2283 3260 2376 3314 τοῦ
2418 3260 2575 3327 Θεοῦ,
2616 3261 2704 3315 ἵνα
2750 3261 3150 3334 εὐφραίνωνται
3176 3259 3550 3330 γινώσκοντες·
3601 3258 3727 3315 τινὰ

2137 3353 2192 3406 δὲ
2232 3351 2472 3422 ὡσπερεὶ
2515 3354 2732 3417 ἐντολὰς
2792 3353 3160 3425 λαμϐάνοντες
3204 3353 3417 3407 ποιῶσι.
3466 3351 3576 3405 Καὶ
3621 3351 3728 3423 οὐχ

2137 3439 2571 3511 ἁμαρτησόμεθα
2601 3442 2661 3494 τὸ
2685 3441 2949 3510 ἀνάλογον
2977 3445 3086 3505 τοῖς
3107 3444 3164 3496 ἐν
3195 3441 3272 3513 τῷ
3303 3442 3452 3513 νόμῳ
3472 3441 3725 3511 λέγοντες

2136 3531 2278 3602 ἔχειν
2304 3533 2395 3586 τὸν
2427 3533 2650 3604 οὐρανὸν
2695 3535 2790 3588 καὶ
2823 3535 2949 3598 τοὺς
2981 3535 3236 3607 ἀστέρας·
3275 3533 3369 3588 ἐὰν
3396 3534 3450 3587 δέ
3478 3534 3725 3604 χείρονες

2137 3625 2230 3679 καὶ
2259 3625 2443 3695 ἕτεραι
2475 3624 2568 3678 τοῦ
2603 3625 2890 3697 ἀνθρώπου
2935 3627 3204 3699 ἐνέργειαι
3234 3627 3426 3681 ποιῶσί
3461 3643 3581 3680 τινα
3607 3627 3722 3680 τῶν

2137 3717 2602 3788 προεγνωσμένων
2650 3721 2744 3772 καὶ
2791 3722 3204 3792 σημαινομένων
3242 3723 3299 3776 ἐν
3326 3719 3558 3791 οὐρανῷ,
3615 3722 3724 3775 οὐκ

2135 3807 2346 3877 ἀνάγκη
2382 3807 2473 3859 καὶ
2519 3806 2686 3871 αὐτὰς
2734 3808 2841 3862 ἀπὸ
2893 3809 3000 3862 τῶν
3033 3808 3168 3862 Θεοῦ
3209 3807 3550 3880 γραμμάτων
3584 3807 3724 3861 ὐπο-

2138 3898 2582 3968 μιμνησκομένας
2625 3901 2798 3953 ποιεῖν
2821 3899 2857 3954 ἃ,
2890 3900 3224 3973 ἐνεργοῦσιν·
3255 3900 3369 3956 ἀλλ’
3405 3900 3594 3970 ὥσπερ
3619 3900 3721 3954 ἄν-

2137 3985 2342 4057 θρωποι
2371 3987 2700 4052 ἀδικοῦντες,
2724 3989 2785 4042 οὑ
2809 3990 3168 4060 μανθάνοντες
3201 3990 3606 4062 προεγνωκέναι
3624 3991 3722 4045 τὸν

2133 4077 2265 4130 Θεὸν
2284 4077 2346 4131 τὸ
2383 4078 2531 4131 τόνδε
2561 4079 2683 4133 τινὰ
2713 4079 3063 4152 ἀδικήσεσθαι
3089 4082 3180 4134 ὑπ’
3202 4081 3397 4146 αὐτῶν,
3431 4079 3724 4150 ἐνεργοῦσι

2132 4169 2194 4223 τὸ
2221 4168 2426 4223 ἀδικεῖν
2453 4171 2516 4224 ἐκ
2543 4170 2643 4241 τῆς
2662 4171 2870 4225 ἑαυτῶν
2893 4174 3171 4245 πονηρίας·
3207 4172 3378 4238 οὕτως
3404 4173 3457 4225 αἱ
3488 4170 3725 4226 ἀντικεί-

2135 4279 2292 4333 μεναι
2331 4262 2592 4334 δυνάμεις
2619 4263 2712 4317 τοῦ
2741 4264 2897 4330 Θεοῦ,
2929 4267 3026 4336 τὴν
3053 4267 3251 4320 κακίαν
3278 4264 3385 4318 τῶν
3411 4264 3480 4318 τά
3513 4263 3725 4336 μοχθη-

2135 4352 2204 4423 ρὰ
2251 4352 2586 4424 βουλομένων
2636 4355 2936 4426 ἀνθρώπων
3002 4357 3426 4428 προεγνωκότες,
3476 4359 3541 4428 τῇ
3604 4355 3722 4428 ὶδιᾳ

2132 4445 2385 4516 αἰσχίστῃ
2428 4447 2734 4500 ἐπιτελοῦσι
2772 4448 3110 4520 προαιρέσει.
3143 4449 3205 4502 Ol
3247 4449 3426 4520 μέντοι
3458 4449 3592 4519 ἱεροὶ
3622 4448 3724 4517 ἄγ-

460 4539 681 4604 quando
723 4549 776 4594 el
817 4542 1085 4610 quomodo
1122 4554 1502 4615 qttanlmuque
1525 4557 1763 4616 oportet,
1803 4550 2028 4605 meliora

2143 4537 2303 4606 γελοι,
2341 4538 2410 4591 τὰ
2462 4539 2809 4610 λειτουργικὰ
2860 4540 3164 4612 πνεύματα,
3217 4540 3285 4594 τὰ
3331 4543 3410 4603 είς
3440 4540 3720 4596 διακονίαν

459 4631 692 4692 faciunt.
730 4632 1037 4706 Absurdum
1064 4637 1208 4691 enim
1240 4637 1315 4692 sit
1338 4638 1505 4708 ipsos,
1555 4641 1648 4710 qui
1693 4641 1860 4696 divini
1897 4643 2026 4711 sint,

461 4741 670 4786 temere
726 4746 826 4784 nec
859 4731 1082 4787 deﬁnite
1124 4733 1331 4799 venire,
1362 4744 1422 4790 ttt
1453 4735 1638 4800 alicui,
1679 4739 1829 4794 verbi
1865 4755 2027 4796 causa

456 4818 730 4874 Abraham
765 4827 820 4875 et
855 4819 1030 4887 Isaac,
1058 4821 1459 4889 administrent,
1494 4823 1662 4881 Jacob
1693 4840 1758 4883 ex
1786 4829 2027 4898 periculo

457 4911 732 4976 lihereut,
781 4912 864 4968 vel
924 4913 1084 4981 hujus
1139 4924 1232 4969 aut
1279 4915 1419 4972 illius
1463 4917 1751 4987 Pmphcta:
1813 4922 2025 4992 spiritui

457 5005 666 5060 adsint.
721 5002 798 5058 Ne
855 5004 1017 5074 igitur
1072 5005 1122 5058 id
1177 5015 1381 5062 temere
1426 5019 1482 5064 et
1529 5011 1754 5067 fortuito
1800 5012 2024 5080 faciant,

427 5093 654 5176 llibrum
719 5095 812 5152 Dei
855 5097 1072 5166 legunt;
1114 5096 1303 5168 sicque
1347 5102 1488 5170 quod
1526 5103 1579 5157 in
1633 5105 1902 5159 mandatis
1943 5115 2028 5161 est

454 5195 736 5260 praestant.
765 5186 875 5243 Nos
898 5205 1048 5257 vero,
1081 5202 1138 5246 ιιι
1159 5203 1314 5248 antea
1347 5195 1601 5262 diximus,
1628 5211 1750 5264 qua:
1775 5195 2025 5263 faciams,

454 5283 674 5351 propria
728 5281 1010 5338 voluntate
1047 5284 1309 5349 facimus,
1362 5285 1656 5355 itidemque
1702 5288 2028 5344 adversaria:

454 5381 789 5440 potestates,
825 5389 947 5444 qua:
990 5377 1042 5430 in
1093 5391 1191 5430 nos
1227 5385 1436 5447 agunt;
1477 5378 1767 5447 depravata
1808 5382 2027 5450 quidem

453 5477 577 5517 cum
617 5479 924 5534 peccamus,
975 5467 1190 5522 erudita
1233 5483 1362 5524 vero
1406 5478 1460 5524 et
1511 5470 1864 5542 intelligente,
1931 5473 2025 5527 sed

454 5570 562 5609 non
611 5557 731 5613 sine
777 5559 1090 5631 angelorum
1141 5569 1196 5614 et
1261 5561 1565 5617 divinarum
1619 5563 1922 5619 litterarum
1971 5576 2024 5622 et

455 5663 737 5705 sacrorum
789 5655 1167 5710 ministrorum
1219 5668 1341 5723 ope,
1394 5670 1517 5710 cum
1590 5656 1702 5714 Deo
1755 5669 1906 5729 grata
1971 5671 2026 5716 et

455 5751 675 5810 accepta
697 5741 947 5802 facimus.

525 5854 762 5916 “Exod.
816 5873 888 5922 ιχ,
925 5857 1005 5912 ιο.
1110 5859 1472 5930 “licb.t,14.

2137 4625 2593 4698 ἀποστελλόμενα,
2651 4629 2798 4693 εἰκὸς
2850 4629 2933 4682 ὅτι
2963 4630 3038 4693 ὡς
3087 4631 3193 4683 ἀπὸ
3223 4630 3386 4701 νόμου
3429 4629 3564 4684 Θεοῦ
3623 4649 3721 4700 γε-

2135 4718 2426 4789 γραμμένα
2464 4719 2532 4772 τὰ
2561 4721 2956 4793 προστάγματα
3013 4721 3396 4793 λαμϐάνοντες,
3443 4723 3721 4793 τεταγμέ-

2135 4827 2260 4875 νως,
2295 4811 2389 4864 καὶ
2421 4812 2508 4865 ὅτε
2532 4811 2630 4876 δεῖ,
2667 4815 2761 4868 καὶ
2797 4814 2873 4878 ὡς
2906 4814 3004 4878 δεῖ,
3032 4817 3126 4868 καὶ
3143 4816 3266 4868 ὅσον
3295 4815 3377 4868 δεῖ
3403 4815 3615 4868 ποιοῦσι
3646 4815 3719 4869 τὰ

2135 4902 2432 4975 κρείττονα·
2471 4905 2667 4960 ἄτοπον
2696 4905 2804 4977 γὰρ
2835 4907 3030 4970 αὐτοὺς
3061 4907 3233 4970 θείους
3267 4906 3426 4970 ὄντας
3469 4907 3716 4979 ἀποκλη-

2139 4998 2380 5067 ρωτικῶς
2413 5001 2506 5052 καὶ
2551 5001 2647 5071 οὑχ
2673 5000 2994 5072 ὡρισμένως
3036 5001 3288 5072 ἔρχεσθαι
3320 5003 3412 5053 ἐπὶ
3457 5001 3538 5064 τὸ,
3587 5001 3713 5072 φέρ’

2133 5090 2327 5153 εἰπεῖν,
2355 5093 2685 5162 χρηματίσαι
2705 5109 2757 5144 τι
2785 5091 2864 5162 τῷ
2903 5092 3168 5164 Ἀϐραὰμ,
3192 5094 3283 5146 καὶ
3309 5093 3530 5163 ποιῆσαί
3558 5110 3611 5146 τι
3631 5092 3715 5165 τῷ

2148 5182 2352 5248 Ἰσαὰκ,
2385 5184 2477 5236 καὶ
2507 5183 2772 5254 ῥύσασθαι
2796 5185 2860 5238 ἐκ
2883 5183 3125 5238 κινδύνου
3159 5185 3248 5238 τὸν
3288 5184 3556 5254 Ίακὼϐ,ἢ
3588 5186 3713 5238 ἐπι-

2138 5273 2332 5344 στῆναι
2383 5273 2460 5345 τῷ
2506 5275 2775 5346 πνεύματι
2811 5276 2963 5330 τοῦδε
3002 5276 3094 5330 τοῦ
3131 5268 3426 5348 προφήτου.
3469 5277 3587 5330 Ἵνα
3615 5272 3712 5332 οὖν

2138 5364 2213 5435 μὴ
2269 5366 2732 5437 ἀποκληριιηικῶς
2788 5368 2924 5439 μηδέ
2997 5367 3138 5421 κατὰ
3205 5369 3491 5438 συντυχίαν
3548 5367 3712 5423 τοῦτο

2135 5457 2468 5527 πράττωσιν,
2505 5459 2934 5528 ἀναγινώσκουσι
2965 5461 3064 5532 τὴν
3095 5461 3271 5532 βίϐλον
3307 5461 3399 5515 τοῦ
3429 5460 3584 5516 Θεοῦ·
3613 5462 3712 5516 καὶ

2133 5558 2304 5624 οὕτως
2335 5560 2545 5616 ποιοῦσι
2589 5563 2656 5616 τὰ
2694 5564 2874 5628 αὐτοῖς
2917 5549 3292 5619 ἐπιϐάλλοντα.
3331 5567 3416 5629 Ὠς
3458 5565 3712 5636 προείπο-

2135 5676 2234 5729 μεν
2277 5659 2354 5725 δέ,
2389 5661 2549 5732 ἡμεῖς
2587 5660 2622 5716 ἃ
2671 5661 2949 5734 ποιοῦμεν,
2990 5663 3109 5734 ἢαί
3164 5666 3534 5736 ἀντικείμεναι
3566 5663 3710 5736 ἔνέρ·

2129 5776 2295 5828 γειαι,
2349 5761 2386 5817 ἃ
2433 5760 2767 5818 ἐπιτελοῦσιν
2837 5765 2915 5828 είς
2975 5764 3139 5834 ἡμᾶς,
3207 5763 3309 5836 ἰδία
3388 5761 3712 5838 προαιρέσει
