3978 6500
278 402 351 456 85
1693 377 1759 434 IN
1798 378 1837 435 G

1940 375 2119 432 ESIM.
2725 395 2735 404 ·
3475 375 3540 427 8ο

272 513 555 585 ποιοῦμεν
605 510 825 579 ἀτάκτῳ
861 506 977 579 μὲν,
1012 505 1100 559 ὅτε
1155 501 1564 575 ἁμαρτάνομεν,
1614 493 2020 564 πεπαιδευμένη
2059 490 2139 558 δὲ,
2169 489 2268 542 ούκ
2315 488 2448 560 ἄτερ
2488 489 2752 558 ἀγγέλων,
2805 489 2923 544 οὐδὲ
2975 489 3133 544 θείων
3164 485 3486 559 γραμμάτω
3511 517 3536 548 -,

268 609 392 666 οὐδὲ
448 607 731 678 ὑπηρετῶν
782 602 973 672 ἁγίων,
1035 601 1121 654 ὅτε
1174 597 1293 669 Θεῷ
1345 597 1614 668 εύάρεστα
1675 591 2006 662 πράττομεν.

342 701 454 755 Καὶ
501 698 732 768 Κλήμης
773 695 830 748 δὲ
870 696 898 747 ό
940 693 1228 763 Ῥωμαῖος,
1293 689 1500 761 Πέτρου
1555 683 1850 741 ἀποστόλου
1883 690 1926 744 Α

272 791 553 865 μαθητὴς,
613 787 822 859 συνῳδά
885 783 1094 846 τούτοις
1152 785 1210 836 ἐν
1275 781 1353 852 τῷ
1423 778 1648 852 παρόντι
1716 794 1850 848 προ-

268 884 506 955 ϐλήματι
561 881 697 952 πρὸς
763 877 856 931 τὸν
917 876 1131 948 πατέρα
1196 876 1254 928 ὲν
1326 871 1614 940 Λαοδικείᾳ
1684 867 1854 922 είπὼν

267 979 326 1028 ὲν
380 977 501 1038 ταῖς
557 969 854 1040 Περιόδοις
882 1008 898 1034 ,
963 966 1390 1037 ἀναγκαιότατον
1442 982 1495 1016 τι
1563 964 1656 1016 ἐπὶ
1710 962 1853 1014 τέλει

265 1067 376 1122 τῶν
424 1064 677 1119 τοιούτων
721 1063 894 1131 λόγων
946 1061 1080 1132 φησὶ
1133 1061 1261 1132 περὶ
1307 1057 1416 1112 τῶν
1457 1058 1554 1127 τῆς
1587 1055 1853 1125 γενέσεως

263 1159 563 1213 δοκούντων
603 1154 962 1226 ἐκϐεϐηκέναι
998 1153 1106 1224 (15)
1141 1153 1285 1224 λόγῳ
1327 1147 1852 1221 τεσσαρεσκαιδεκά-

263 1267 363 1320 τῳ·
400 1269 417 1301 ι
441 1250 552 1302 Kal.
583 1250 611 1300 ὁ
644 1248 847 1320 πατήρ·
887 1244 1166 1314 Σύγγνωθί
1205 1260 1313 1314 μοι,
1359 1236 1402 1295 ὧ
1435 1243 1640 1294 τέκνονσ
1677 1242 1724 1294 οἱ
1755 1241 1852 1311 μὲν

261 1341 373 1416 γὰρ
406 1343 532 1413 χθές
567 1358 658 1396 σου
688 1342 835 1410 λόγοι
865 1339 1083 1411 ἀληθεῖς
1122 1339 1272 1401 ὄντες
1314 1335 1722 1405 συνελογίσαντό
1762 1352 1850 1406 μοι

265 1433 550 1486 συνθέσθαι
587 1450 686 1486 σοι·
722 1433 835 1503 ἡδὲ
870 1432 976 1502 ἐμὴ
1008 1429 1312 1499 συνείδησις
1348 1429 1516 1498 μικρά
1543 1444 1629 1499 με,
1664 1427 1850 1498 ῶσπερ

260 1526 502 1597 πυρετοῦ
533 1525 819 1597 ἔλλειμμα,
850 1525 984 1597 πρὸς
1007 1523 1266 1576 ἀπιστίαν
1303 1521 1507 1593 βραχέα
1547 1518 1846 1590 βασανίζειο

262 1618 486 1672 σύνοιδα
528 1618 636 1690 γάρ
696 1616 918 1689 ἐμαυτῴ
967 1615 1034 1668 τά
1081 1615 1180 1684 τῆς
1230 1615 1497 1683 γενέσεως
1550 1612 1726 1665 πάντα
1762 1627 1851 1681 μοι.

256 1711 711 1765 ἀποτελεσθέντα.
750 1707 921 1777 Κάγὼ
955 1706 1358 1780 ἀπεκρινάμην·
1405 1704 1702 1775 Συννόησόν
1738 1721 1847 1774 μοι,

257 1798 304 1856 ὦ
338 1805 534 1876 πάτερ,
577 1804 693 1857 οῖαν
746 1802 904 1872 φύσιν
955 1801 1068 1871 ἔχει
1111 1799 1172 1854 τὸ
1212 1798 1463 1870 μάθημα,
1514 1797 1570 1864 ἐξ
1618 1789 1692 1849 ὧν
1739 1795 1850 1864 ἐγὼ

259 1895 631 1968 συμβουλεύω.
683 1893 1066 1966 Μαθηματικῷ
1117 1892 1408 1966 συμϐαλὼν
1463 1891 1584 1944 είπὲ
1635 1889 1849 1961 πρῶτον

255 1987 430 2058 αύτῷ,
463 1989 576 2052 ὅτι,
597 1985 732 2040 Τάδε
750 2003 840 2057 μοι
865 1985 1040 2055 φαῦλα
1074 1989 1132 2039 ἐν
1164 1985 1297 2057 τῷδε
1351 1983 1428 2056 τῷ
1470 1984 1646 2055 χρόνῳ
1687 1983 1846 2051 γέγο-

2037 677 2122 732 H.
2171 677 2238 732 Et
2286 675 2541 732 Clemens
2589 675 2884 740 Romanus,
2933 675 3077 731 Petri
3104 674 3329 745 apostoli
3361 673 3528 728 dis-ri-

1960 769 2136 840 pulus,
2175 769 2261 824 his
2294 777 2658 823 consentanea
2685 765 2750 819 de
2794 765 3045 835 praesenti
3077 764 3377 834 quaestione
3404 779 3527 818 eum

1965 875 2142 932 patre,
2186 863 2506 925 Laodiceae,
2543 860 2592 913 in
2625 857 3035 912 Circuitionibus
3085 858 3316 918 locutus,
3373 857 3529 924 quid-

1957 955 2080 1008 dam
2131 953 2362 1007 maxime
2411 950 2774 1005 necessarium
2819 947 2871 1002 in
2911 947 3018 1001 line
3057 947 3160 1015 21
3211 945 3520 1014 bujusmoli

1956 1060 2264 1100 sermonum
2291 1041 2465 1107 affert,
2488 1043 2557 1098 de
2593 1041 2656 1094 iis
2679 1056 2796 1110 qtne
2825 1055 2916 1110 per
2945 1038 3248 1109 genituram
3280 1039 3526 1094 evenisse

1955 1139 2221 1212 videntur,
2251 1136 2500 1191 oratione
2536 1135 2743 1190 decima
2802 1143 2993 1203 quarta
3029 1132 3213 1203 (17)::
3243 1133 3305 1187 Et
3337 1143 3523 1203 paler:

1955 1231 2177 1302 ignosce
2202 1230 2358 1297 mihi,
2386 1229 2457 1283 [ili
2489 1247 2501 1294 ;
2532 1229 2770 1284 hesterni
2795 1228 2937 1282 enim
2968 1242 3246 1282 sermones
3272 1226 3370 1290 tui,
3397 1226 3524 1295 quia

1955 1324 2091 1390 veri,
2124 1321 2444 1393 pepulerunt
2495 1336 2579 1374 me
2633 1330 2690 1373 ut
2735 1320 2828 1374 tibi
2881 1319 3174 1374 assentirer
3212 1334 3225 1371 :
3261 1320 3352 1372 sed
3405 1334 3521 1372 nica

1952 1413 2311 1478 conscientia,
2347 1410 2487 1464 velut
2513 1411 2674 1466 febris
2712 1411 2970 1480 reliquia,
3001 1410 3156 1466 [idem
3191 1424 3365 1463 meum
3403 1418 3525 1462 tan-

1953 1505 2121 1575 tisper
2148 1513 2368 1560 exercet
2395 1520 2410 1566 ;
2441 1502 2554 1557 scio
2583 1502 2726 1556 enim
2751 1516 3088 1572 quaecunque
3120 1501 3187 1555 ad
3219 1499 3522 1570 genituram

1955 1611 2130 1653 meam
2182 1595 2487 1668 pertinent,
2558 1595 2689 1650 mihi
2744 1596 2922 1649 omn‘ia
2986 1594 3255 1650 evenisse.
3302 1591 3372 1647 Et
3420 1607 3518 1660 ego

1952 1688 2203 1757 respondi
2231 1705 2243 1740 :
2274 1685 2523 1756 lntellige
2553 1702 2784 1753 mecum,
2827 1701 2859 1741 ο
2889 1695 3064 1756 pater,
3102 1701 3223 1756 quae
3256 1687 3324 1740 sit
3363 1683 3523 1751 hujus
3585 1733 3602 1755 ,

1951 1780 2250 1851 disciplina:
2298 1788 2488 1835 natura
2533 1795 2598 1833 ex
2645 1779 2731 1834 his
2781 1795 2901 1848 quae
2958 1779 3049 1832 tibi
3096 1778 3336 1834 consulo.
3383 1778 3518 1832 Cum

1951 1874 2334 1930 mathematico
2371 1889 2696 1944 congressus
2745 1874 2978 1943 primum
3019 1874 3097 1928 sic
3157 1873 3300 1942 agito
3336 1889 3349 1926 ε
3387 1871 3512 1925 Haec

1951 1967 2082 2020 Inibi
2125 1965 2263 2021 mala
2307 1966 2408 2020 hoc
2451 1965 2534 2019 vel
2583 1964 2674 2019 illo
2711 1975 2952 2034 tempore
2987 1963 3334 2035 contigerunt
3368 1981 3380 2016 :
3413 1980 3519 2030 qun

256 2054 469 2132 νενονὲκ
499 2078 644 2142 τίνος
686 2054 794 2150 ἄρα
830 2054 918 2148 μοι
951 2075 1060 2130 τῶν
1107 2054 1353 2147 ἀστέρων
1402 2054 1616 2143 γέγονε,
1656 2072 1837 2143 μαθεῖν

1950 2059 2111 2130 igitur
2147 2074 2210 2112 ex
2254 2067 2403 2112 aStro
2443 2055 2577 2110 mihi
2625 2056 2974 2126 contigerint,
3039 2057 3178 2111 Scire
3235 2054 3516 2126 pervelim.

256 2170 470 2241 ἤθελον.
508 2171 618 2224 Καὶ
669 2171 802 2241 ὲρεῖ,
840 2169 922 2222 ὅτι
951 2169 1077 2232 τοὺς
1129 2168 1354 2239 χρόνους
1398 2163 1689 2228 κακοποιὸς
1737 2165 1844 2218 διε-

253 2263 446 2328 δέξατο
478 2264 651 2334 ’Ᾱρης
695 2262 727 2333 ἢ
773 2260 999 2329 Κρόνος,
1034 2260 1066 2330 ἢ
1096 2259 1301 2312 τούτων
1349 2275 1432 2322 τις
1465 2259 1842 2312 ἀποκαταστα-

251 2357 408 2419 τικὸς
433 2355 540 2426 (16)
572 2355 806 2424 ἐγένετο,
839 2355 869 2424 ἢ
902 2353 994 2406 τὸν
1022 2353 1264 2405 ἐνιαυτὸν
1288 2350 1472 2406 τοῦτόν
1499 2369 1582 2416 τις
1607 2350 1841 2405 ὲπεθεώ-

257 2464 423 2519 ρησεν
487 2449 551 2501 ἐκ
605 2446 970 2519 τετραγώνου,
1029 2443 1434 2516 ἣδιαμέτρου,
1483 2445 1515 2516 ἢ
1569 2442 1839 2514 συνὼν,ἢ

251 2542 719 2611 κεκεντρωμένος,
776 2539 807 2610 ἢ
864 2537 1011 2610 παρὰ
1059 2539 1286 2608 αἵρεσιν.
1338 2537 1525 2608 Ὅμως
1572 2537 1663 2589 καὶ
1708 2534 1842 2589 ἄλλα

257 2634 437 2704 μυρία⁸
473 2635 645 2686 εἰπεῖν
697 2631 828 2703 ἔχει·
879 2631 1012 2700 πρὸς
1057 2629 1263 2692 τούτοις
1307 2628 1383 2696 δὲ,
1448 2628 1480 2699 ἢ
1516 2627 1840 2698 ἀγαθοποιός
1886 2659 1895 2668 -

253 2727 412 2798 κακῷ
445 2725 731 2789 ἀσύνθετος
759 2721 846 2796 ἦν,
881 2724 913 2796 ἢ
940 2724 1395 2794 ἀνεπιθεὼρητος,
1423 2722 1454 2793 ἦ
1491 2724 1548 2775 ἐν
1584 2724 1836 2793 σχήματι,

250 2819 284 2888 ἦ
321 2820 476 2891 παρά
517 2820 746 2888 αἵρεσιν,
796 2818 828 2889 ἢ
883 2820 941 2870 ἐν
988 2815 1244 2885 ἐκλείψει,
1291 2815 1322 2886 ἢ
1359 2813 1836 2884 ἀνεπισύνατοςμῆ

249 2916 309 2967 ὲν
344 2914 613 2984 ἀμαυροῖς
657 2910 898 2981 ἄστροις.
935 2909 1045 2962 Καὶ
1076 2909 1224 2979 ὅμως
1276 2906 1483 2959 πολλῶν
1515 2906 1838 2977 προφάσεων

243 3003 448 3069 οὐσῶν,
474 3004 606 3076 πρὸς
628 3003 661 3057 ἀ
687 3003 887 3073 ἤκουσε
918 3000 1016 3065 τάς
1045 2997 1346 3064 ἀποδείξεις
1372 3002 1669 3070 παρασχεῖν
1702 2998 1832 3070 ἔχει.

248 3095 414 3152 Μετὰ
442 3095 630 3148 τοῦτον
657 3089 747 3147 οὖν
772 3093 860 3145 τὸν
899 3090 1278 3163 μαθηματικὸν
1311 3089 1479 3162 ἑτέρῳ
1502 3089 1834 3163 προσελθὼν,

241 3190 314 3243 τὰ
347 3188 568 3243 ἐναντία
607 3186 745 3239 είπέ·
795 3187 896 3248 ὅτι,
927 3183 1068 3252 ⁸Τόδε
1117 3200 1204 3253 μοι
1248 3181 1308 3235 τὸ
1354 3181 1553 3251 ἀγαθὸν
1613 3183 1670 3236 ἐν
1701 3182 1835 3255 τῷδε

242 3282 326 3354 τῷ
368 3281 545 3352 χρόνῳ
574 3280 783 3348 γέγονεο
825 3278 887 3330 σὺ
927 3276 984 3329 δὲ
1017 3276 1110 3330 τὸν
1139 3275 1329 3346 χρόνον
1361 3274 1452 3327 τὸν
1492 3274 1652 3329 αὐτὸν
1686 3275 1829 3344 λέγε⁹

245 3375 474 3428 ἀπαίτει
499 3373 554 3426 δὲ
589 3374 651 3426 ὲκ
679 3372 822 3434 τίνος
854 3372 959 3443 ἄρα
992 3370 1092 3441 τῆς
1132 3371 1395 3439 γενέσεως
1427 3369 1584 3424 τοῦτο
1619 3371 1828 3440 γέγονε.

1947 2148 2312 2219 Respondebit
2348 2148 2435 2202 ille
2459 2189 2473 2212 ,
2516 2159 2643 2203 tunc
2676 2148 2935 2217 temporis
2965 2147 3267 2201 maleficum
3300 2157 3390 2201 aut
3418 2146 3518 2201 Sa-

1948 2253 2166 2299 turnum
2203 2253 2296 2297 aut
2332 2241 2559 2296 Martem
2603 2241 2939 2296 dominatum
2981 2240 3166 2304 fuisse,
3223 2241 3304 2295 vel
3354 2239 3518 2293 fuisse

1945 2333 2137 2390 horum
2191 2334 2406 2404 aliquod
2465 2332 2814 2403 regrediens,
2867 2332 2946 2385 vel
2995 2333 3062 2385 ab
3104 2333 3294 2385 borum
3336 2331 3516 2400 aliquo

1945 2443 2146 2483 annum
2177 2427 2319 2482 bunc
2363 2443 2426 2480 ex
2471 2424 2865 2496 quadrangulo,
2901 2424 2980 2478 vel
3012 2424 3300 2487 diametro,
3341 2424 3422 2479 vel
3461 2425 3510 2476 in

1943 2519 2348 2590 conjunctione,
2398 2520 2479 2572 vel
2532 2521 2583 2573 in
2649 2527 2858 2582 centro,
2919 2515 3000 2570 vel
3046 2527 3202 2571 extra
3257 2516 3510 2571 lneresiin

1943 2622 2218 2682 aspectum
2259 2611 2459 2677 fuisse;
2512 2621 2628 2665 tum
2660 2618 2713 2665 et
2755 2618 3013 2665 sexcenta
3069 2607 3332 2676 ejusmodi
3380 2607 3514 2662 seu.

1944 2706 2038 2762 tiet
2085 2724 2097 2759 :
2138 2717 2423 2776 praeterea,
2480 2705 2566 2758 vel
2625 2702 2915 2773 benignum
2962 2711 3168 2756 astrum
3211 2718 3332 2757 cum
3375 2701 3515 2756 mala

1943 2812 2047 2852 non
2079 2795 2460 2860 conveniebat,
2506 2795 2592 2849 vel
2621 2809 2726 2849 non
2751 2802 2871 2849 erat
2897 2792 3245 2863 aspectabile,
3286 2792 3368 2846 vel
3398 2803 3516 2846 erat

1942 2891 1994 2945 in
2026 2890 2344 2956 schemate,
2391 2887 2472 2941 vel
2515 2897 2666 2941 extra
2705 2887 2976 2949 haeresim,
3027 2885 3110 2941 vel
3158 2886 3212 2940 in
3249 2885 3512 2954 deliquio,

1940 2983 2023 3037 vel
2080 2997 2185 3036 non
2233 2980 2562 3042 cohaerebat,
2621 2978 2699 3033 vel
2751 2986 2869 3032 erat
2922 2977 2974 3031 in
3005 2978 3253 3033 obscuris
3309 2979 3509 3038 stellis;

1940 3089 2176 3145 cumque
2207 3073 2360 3128 multi
2391 3073 2498 3127 sint
2536 3072 2789 3127 obtentus
2821 3078 2875 3124 et
2911 3085 3106 3134 causae,
3150 3070 3312 3125 habet
3340 3073 3405 3124 ad
3448 3087 3509 3123 ca

1939 3185 2059 3240 quae
2082 3179 2324 3241 rogatur,
2349 3167 2490 3236 quod
2521 3165 2847 3236 respondeat
2873 3175 2924 3220 et
2953 3163 3220 3232 subjiciat.
3247 3163 3377 3218 Cum
3409 3164 3513 3216 huc

1937 3262 2257 3325 collocutus,
2310 3259 2474 3312 alium
2517 3257 2715 3312 deinde
2769 3254 2993 3311 conveni
3039 3253 3509 3317 mathematicum,

1935 3366 1988 3410 et
2011 3352 2284 3410 contraria
2321 3350 2490 3406 dicito
2520 3368 2532 3404 :
2567 3349 2680 3404 Hoc
2716 3349 2846 3404 mihi
2887 3349 3083 3402 bonum
3138 3345 3227 3401 illo
3269 3355 3512 3414 tempore

245 3463 360 3515 Καὶ
393 3463 562 3534 ὅμως,
598 3463 672 3525 ὡς
703 3465 978 3533 προεῖπον,
1017 3460 1149 3531 ἔχει,
1193 3460 1286 3514 σοῦ
1326 3461 1829 3533 καταψευσαμένου,

1940 3445 2146 3509 evenit;
2178 3443 2319 3497 idem
2352 3456 2484 3496 vero
2514 3441 2686 3510 ipsum
2735 3451 2948 3508 tempus
2977 3438 3243 3508 signiﬁca,
3275 3454 3382 3507 quo
3413 3439 3507 3491 tibi

241 3557 410 3618 αὐτὸς
436 3557 501 3608 ὲκ
534 3553 742 3608 πολλῶν
774 3556 1065 3625 σχημάτων
1093 3555 1152 3608 ’ἐν
1179 3544 1236 3607 τι
1273 3556 1455 3626 εὑρεῖν
1491 3555 1693 3626 σχῆμα,
1743 3556 1834 3608 καὶ

240 3646 518 3717 δεύτερον,
554 3647 648 3701 καὶ
681 3647 880 3719 τρίτον,
928 3649 1022 3701 καὶ
1057 3647 1296 3712 πλείονα,
1329 3647 1404 3710 ὡς
1447 3647 1575 3700 αὐτὸ
1608 3648 1832 3718 ἐνεργῆ-

241 3756 345 3791 σιν
376 3739 499 3792 ὅθεν
527 3739 593 3792 τά
623 3739 803 3808 ἀγαθά
834 3741 948 3810 ἐρεῖ
975 3739 1320 3810 γεγενῆσθαι·
1351 3739 1611 3793 ἀδύνατον
1635 3740 1742 3814 γάρ
1776 3743 1832 3793 έν

243 3831 398 3908 πάσῃ.
447 3831 656 3900 γενέσει
712 3831 1032 3902 ἀνθρώπων,
1091 3833 1164 3904 μὴ
1215 3834 1270 3886 ὲν
1319 3833 1473 3906 πάσῃ
1537 3833 1674 3906 ὥρᾳ,
1723 3833 1830 3888 τῶν

243 3925 493 3996 ἀστέρων
537 3925 662 3986 τοὺς
713 3924 811 3994 μὲν
852 3925 1036 3989 καλῶς
1083 3925 1316 3991 κεῖσθαι,
1365 3927 1492 3989 τοὺς
1525 3926 1580 3978 δὲ
1625 3926 1826 3991 κακῶς⁸

242 4016 443 4080 κύκλος
477 4017 584 4088 γάρ
623 4019 766 4070 ἐστιν
800 4016 1076 4089 ίσομερὴς,
1114 4017 1373 4081 ποικίλος,
1405 4018 1662 4088 ἀπείρους
1693 4018 1830 4089 ἔχων

238 4109 341 4170 τὰς
371 4109 696 4178 προφάσεις·
733 4108 868 4179 πρὸς
902 4107 968 4172 ἃς
999 4108 1230 4172 ἕκαστος
1256 4110 1429 4162 εἰπεῖν
1465 4109 1574 4180 ἔχει
1606 4109 1634 4162 ὃ
1665 4109 1825 4162 θέλειο

236 4200 299 4252 ὃν
331 4199 441 4271 γάρ
490 4200 690 4271 τρόπον
740 4201 830 4253 ἐπὶ
862 4200 968 4254 τῶν
997 4200 1165 4266 λοξῶν
1210 4201 1433 4273 ὀνείρων
1474 4202 1642 4254 ἐνίοτε
1679 4201 1829 4255 οὐδὲν

238 4293 491 4364 νοοῦμεν,
524 4293 842 4346 ἀποϐάντων
859 4293 915 4346 δὲ
937 4294 1271 4365 οἰκειοτάτην
1295 4295 1675 4366 προσφέρομεν
1706 4295 1826 4347 ἐπί-

237 4383 409 4438 λυσιν·
436 4385 612 4448 οὕτως
637 4385 727 4438 καὶ
759 4385 817 4438 τὸ
851 4385 1097 4456 μάθημα,
1124 4387 1228 4456 πρὸ
1255 4385 1347 4438 τοῦ
1383 4404 1434 4439 τι
1463 4386 1827 4457 ἀποτελεσθῆ-

235 4491 348 4536 ναι,
384 4473 538 4526 οὐδὲν
571 4473 737 4542 σαφὲς
770 4477 899 4544 ἡμῖν
943 4473 1178 4545 μηνῦσαι
1201 4474 1442 4528 δύναται·
1480 4475 1618 4546 μετά
1645 4475 1700 4529 δὲ
1729 4475 1826 4546 τὴν

234 4565 330 4618 τοῦ
364 4566 658 4635 γενομένου
692 4566 931 4636 ἱστορίαν
974 4568 1094 4620 τότε
1140 4567 1402 4640 πρόδηλος
1443 4569 1474 4639 ἡ
1519 4568 1618 4638 τῆς
1664 4567 1828 4622 ἐκϐάσ-

239 4673 378 4719 σεως
405 4657 557 4709 αἰτία
588 4656 850 4726 φαίνεται·
879 4657 1134 4722 πολλάκις
1157 4659 1254 4728 μὲν
1282 4653 1373 4712 οὖν
1395 4659 1443 4711 οἱ
1473 4659 1824 4731 προλέγοντες

237 4750 516 4814 πταίουσι,
553 4751 647 4802 καὶ
683 4749 820 4820 μετὰ
850 4750 949 4822 τὴν
979 4750 1202 4804 ἔκϐασιν
1231 4752 1454 4814 ἑαυτοὺς
1496 4752 1818 4823 μέμφονται,

236 4841 491 4912 λέγοντες
523 4843 634 4908 ὅτι,
658 4838 788 4894 Τόδε
803 4837 869 4910 ἦν
902 4842 962 4895 τὸ
1009 4842 1260 4912 ποιῆσαν,
1297 4843 1392 4896 κα)⁸
1438 4844 1538 4897 οὐκ
1586 4843 1816 4914 εἴδομεν.

235 4933 308 4986 Τὸ
350 4933 452 5005 μὲν
503 4929 595 4986 οὖν
635 4933 728 4986 καὶ
768 4934 892 4996 τοὺς
926 4933 1068 4986 πάνυ
1101 4935 1471 5005 ἐπιστήμονας
1502 4935 1711 4987 πταίειν
1741 4936 1823 5004 γί-

235 5043 382 5079 νεται
416 5024 509 5078 διὰ
533 5025 596 5078 τὸ
641 5023 714 5096 μὴ
745 5025 960 5088 εἰδέναι,
1004 5026 1079 5089 ὡς
1108 5025 1233 5096 χθὲς
1263 5027 1419 5096 ἔφην,
1455 5029 1582 5080 ποῖα
1610 5027 1824 5092 πάντως

234 5119 332 5188 τῆς
364 5118 636 5186 γενέσεως
677 5117 826 5171 αἴτια
856 5119 1082 5186 γίνεται,
1120 5121 1246 5171 ποῖα
1279 5119 1334 5171 δὲ
1362 5120 1421 5171 ού
1464 5119 1699 5184 πάντως,
1730 5120 1822 5172 καὶ

237 5213 360 5262 ποῖα
414 5211 634 5272 πάντως
677 5209 900 5281 ποιῆσαι
953 5209 1349 5280 ἐπιθυμοῦμεν,
1394 5210 1456 5263 ού
1511 5211 1725 5273 πάντως
1765 5210 1820 5262 δὲ

238 5302 519 5372 ποιοῦμεν.
552 5302 682 5355 ’Ἣδε
714 5303 769 5356 δὲ
804 5304 837 5374 ἡ
879 5301 1028 5355 αἰτία
1058 5304 1209 5372 ἡμῖν,
1247 5305 1359 5366 τοῖς
1395 5303 1689 5374 μυστήριον
1724 5318 1819 5372 με·

240 5392 533 5464 μθηκὸσι,
567 5395 744 5464 σαφής
770 5395 938 5459 ἐστιν,
975 5393 1057 5445 ὅτι
1085 5393 1365 5465 ἐλεύθερον
1395 5393 1606 5464 ἔχοντες
1639 5393 1819 5461 λογισ-

242 5485 356 5554 μὸν,
389 5485 564 5540 ἐνίοτε
591 5486 803 5556 ἐπέχειν
832 5486 1036 5556 ταύτην
1073 5485 1510 5556 βουλευσάμενοι,
1533 5488 1820 5556 νενικήκα-

241 5593 357 5644 μεν.
392 5577 456 5632 0i.
492 5577 550 5630 δὲ
582 5577 915 5648 ἀστρολόγοι,
949 5577 1106 5630 τοῦτο
1139 5578 1270 5630 αὐτὸ
1301 5577 1361 5630 τὸ
1397 5578 1690 5648 μυστήριον
1721 5576 1820 5628 οὐκ

239 5667 456 5731 εἰδότες,
509 5670 638 5740 περὶ
680 5668 862 5740 πάσης
905 5667 1276 5747 προαιρέσεως
1321 5669 1730 5739 ἀποφηνάμενοι
1761 5666 1819 5733 ἐξ

308 5827 420 5886 (13)
469 5825 764 5881 Philam/ia
797 5829 1081 5893 impressa,
1115 5827 1501 5898 ἐμϐεϐηκέναι,
1532 5829 1691 5884 male.

305 5898 419 5969 (l6)
464 5897 684 5964 Eadem,
715 5898 1173 5965 άποκαταστικός,
1200 5897 1356 5955 male.

1935 3536 2074 3590 mala
2103 3535 2350 3589 evenisse
2379 3535 2631 3599 dixeras;
2676 3535 2869 3587 deinde
2895 3534 3194 3602 interroga,
3222 3548 3326 3602 qua
3360 3531 3410 3585 id
3441 3546 3506 3582 ex

1933 3627 2116 3693 genesi
2161 3625 2253 3680 tibi
2292 3625 2561 3680 evenerit.
2598 3624 2692 3679 Ille
2743 3622 3117 3688 nihilominus,
3151 3633 3206 3676 ut
3237 3622 3505 3680 dicebam.

1931 3717 2259 3772 ementiente
2313 3725 2397 3781 te,
2461 3730 2528 3770 ex
2579 3714 2762 3769 mttltis
2813 3714 2997 3782 ﬁguris
3041 3724 3095 3767 et
3147 3711 3507 3782 positionibus.

1935 3824 2094 3862 unam
2139 3808 2398 3877 reperiet,
2432 3815 2484 3860 et
2523 3805 2838 3869 secundum,
2887 3813 2941 3856 et
2981 3804 3218 3869 tertiam,
3269 3812 3323 3856 et
3373 3802 3508 3855 alias

1931 3902 2139 3970 plures,
2194 3899 2348 3968 quasi
2397 3893 2458 3951 ea
2507 3895 2772 3958 effecerit,
2827 3895 2968 3947 unde
3017 3893 3154 3947 bona
3217 3892 3311 3947 tibi
3361 3891 3503 3946 dicet

1931 3991 2198 4046 evenisse.
2231 3988 2374 4043 Fieri
2414 3988 2614 4057 quippe
2641 4003 2747 4040 non
2785 3995 2982 4055 potest,
3023 3997 3079 4039 ut
3127 3985 3180 4040 in
3206 3985 3350 4042 omni
3383 3995 3502 4039 ortu

1932 4086 2233 4148 lunninmn,
2265 4098 2372 4138 non
2411 4081 2462 4134 in
2490 4079 2637 4136 omni
2670 4079 2826 4143 liora,
2865 4079 3142 4133 stellarum
3176 4079 3258 4134 ha:
3281 4079 3500 4140 bonam,

1931 4177 2032 4230 illa:
2070 4175 2266 4230 malam
2301 4174 2538 4228 habeant
2569 4171 2896 4241 positionem
2925 4192 2938 4234 _:
2976 4169 3212 4224 circulus
3241 4170 3386 4225 enim
3418 4171 3504 4222 ille

1929 4271 2176 4340 partibus
2214 4265 2438 4336 aequalis
2490 4273 2544 4321 et
2601 4263 2782 4318 varius
2818 4271 2921 4324 est,
2964 4270 3017 4316 et
3062 4262 3304 4316 inlinitas
3344 4262 3504 4316 habet

1930 4363 2174 4433 species;
2213 4360 2354 4415 unde
2375 4359 2640 4429 quidlibet
2671 4359 2849 4412 dicere
2872 4356 3048 4424 quivis
3078 4356 3268 4423 possit.
3301 4355 3499 4421 Quem-

1930 4455 2218 4511 admodum
2275 4453 2418 4508 enim
2487 4452 2553 4506 de
2609 4450 2880 4519 perplexis
2933 4460 2986 4502 et
3043 4449 3218 4502 dubiis
3277 4449 3504 4503 somniis

1929 4548 2060 4602 nihil
2109 4546 2498 4617 intelligimus;
2551 4553 2626 4609 at,
2680 4545 2768 4596 ubi
2795 4542 3115 4606 evenerint,
3160 4542 3499 4613 aptissimam

1925 4638 2318 4707 expositionem
2347 4637 2544 4691 alferre
2577 4635 2850 4700 solemus;
2888 4636 2960 4690 ita
2985 4636 3498 4694 matbematicorum

1927 4732 2238 4801 disciplina,
2287 4739 2577 4800 antequam
2625 4727 2753 4797 quid
2808 4728 3088 4792 evenerit,
3139 4727 3273 4780 nihil
3315 4736 3501 4795 aperte

1927 4825 2081 4880 nobis
2128 4822 2414 4877 declarare
2459 4828 2676 4889 potest:
2714 4833 2901 4872 verum
2951 4818 3038 4873 ubi
3094 4833 3181 4873 res
3232 4818 3494 4883 evenerit,

1926 4926 2054 4972 tunc
2115 4928 2282 4971 causa
2351 4925 2579 4969 eventus
2642 4911 2935 4966 manifesta
2995 4921 3250 4983 apparet;
3317 4913 3497 4982 itaque

1928 5022 2342 5078 szepenumero,
2401 5007 2493 5076 qui
2552 5008 2889 5075 praedicunt,
2946 5003 3222 5072 falluntur,
3280 5015 3501 5074 etpost

1929 5111 2182 5156 eventum
2213 5101 2312 5171 ipsi
2343 5115 2402 5156 se
2448 5100 2880 5170 reprehendunt,
2931 5098 3224 5166 dicuntque
3245 5139 3258 5163 ,
3304 5095 3358 5152 ιιι
3387 5114 3496 5152 rem

1929 5194 2203 5262 effecerat,
2231 5203 2284 5249 et
2309 5193 2704 5250 nesciebamus.
2731 5192 2942 5260 Lapsus
2967 5192 3128 5260 igitur
3153 5192 3240 5246 ille
3263 5207 3325 5246 ac
3347 5208 3492 5246 error

1930 5289 2009 5343 vel
2044 5289 2498 5359 peritissimorum
2522 5287 2645 5342 inde
2673 5297 2775 5350 est,
2803 5285 2946 5354 quod
2980 5270 3253 5354 ignorent,
3289 5294 3349 5338 ut
3377 5286 3496 5338 beri

1929 5383 2197 5448 dicebam,
2229 5397 2478 5452 quamam
2503 5383 2728 5437 omnino
2763 5381 3044 5436 sintortus
3067 5393 3266 5444 causae,
3299 5387 3353 5430 et
3381 5393 3500 5446 quze

1930 5491 2033 5530 non
2066 5475 2326 5541 omnino;
2354 5485 2409 5529 et
2439 5489 2560 5544 quae.
2587 5473 2811 5526 omni-no
2852 5472 3032 5528 facere
3075 5471 3358 5540 cupiamus
3380 5509 3394 5533 ,
3445 5477 3500 5520 at

1929 5589 2034 5628 non
2069 5575 2292 5628 omnino
2320 5572 2571 5627 facimus.
2618 5572 2740 5628 Haec
2787 5583 2965 5628 autem
3010 5587 3171 5627 causa
3216 5567 3370 5622 nobis
3407 5567 3494 5634 qui

1930 5667 2248 5738 mysterium
2271 5665 2581 5730 didicimus,
2606 5667 2890 5736 perspicua
2924 5676 3026 5730 est,
3055 5664 3181 5732 quia
3214 5677 3333 5715 cum
3369 5660 3499 5712 libe-

1983 5825 2096 5899 (ιι)
2138 5825 2271 5899 vute
2309 5827 2400 5884 ιιι).
2445 5842 2476 5880 x
2514 5824 2730 5896 Rccog.,
2764 5840 2817 5878 n.
2855 5823 2916 5876 tu
2957 5785 3012 5878 ἐι
3066 5836 3206 5893 δρψ,
3237 5832 3288 5874 c‘.
3337 5829 3498 5874 nutus

1931 5896 2202 5953 Getelerii.
