3978 6500
264 382 335 439 89
1704 379 1767 434 ΙΝ
1801 380 1837 434 G

1948 378 2118 435 ESlM.
3035 369 3040 377 ’
3451 379 3524 435 90

263 507 630 577 ηγορήματα,
678 502 964 571 κεκίνηκεν
1031 501 1179 572 ἡμᾶς
1235 501 1443 572 μήποτε
1493 501 1555 554 τὸ
1616 503 1837 572 πρᾶγμα

1948 501 2146 555 habere
2163 497 2375 570 Moyses
2396 513 2586 554 servus
2604 498 2696 554 Dei
2719 495 3045 552 intellexerit
3069 513 3082 550 :
3111 497 3369 560 maxime,
3395 512 3516 550 cum

271 594 362 647 irai.
392 595 542 664 παρά
597 591 677 664 τῷ
709 591 998 662 θεράποντι
1043 590 1286 659 νενόηται
1330 591 1462 660 (22),
1487 590 1657 652 οὕτως
1697 589 1840 660 ἕχον,

267 687 362 740 καὶ
398 687 629 757 μάλιστα
651 686 772 737 ἐπεὶ
799 686 827 737 6
858 682 1163 755 κυριώτατα
1193 682 1514 754 ἑρμηνεύειν
1550 683 1660 753 (25)
1692 682 1842 752 φιλο-

261 777 594 849 τιμούμενος
641 776 867 838 Ἀκύλας
917 775 1016 827 ούκ
1061 773 1186 828 ἄλλο
1236 773 1498 845 πεποίηκε
1545 774 1696 845 παρά
1744 773 1843 845 τὴν

265 871 639 941 προσηγορίαν
661 869 754 922 καὶ
787 868 847 921 τδ
893 866 1274 938 κατηγόρημα.
1321 866 1700 938 Ἐπιστησάτω
1735 867 1780 920 δ’
1816 869 1844 921 6

192 989 200 1032 ε
261 961 719 1032 δυσπαραδέκτως
747 959 883 1029 ἔχων
909 958 1134 1022 τούτων,
1159 959 1206 1009 εί
1239 957 1460 1012 δύναται
1493 958 1682 1028 ήθικὸν
1714 960 1846 1032 πρό-

265 1053 484 1124 ϐλημα,
527 1053 560 1124 ἢ
610 1050 1176 1122 φυσιολογούμενον,ἣ
1212 1050 1628 1121 θεολογούμενον
1677 1052 1845 1123 χωρὶς

185 1132 196 1155 ³
263 1145 553 1216 ἀκριὸείας
583 1144 996 1216 σημαινομένων
1026 1144 1120 1196 κα)¹
1159 1141 1267 1197 τῶν
1319 1142 1458 1196 κατά
1505 1143 1596 1196 τὸν
1628 1143 1842 1211 λογικὸν

261 1239 429 1291 τόπον
470 1237 866 1308 τρανουμένων,
907 1237 964 1289 ὃν
996 1235 1078 1289 δεῖ
1109 1237 1310 1308 τρόπον
1349 1237 1734 1308 παρίστασθαι.
1777 1237 1842 1289 Τί

262 1332 375 1403 γὰρ
407 1332 604 1386 ἄτοπον
638 1330 853 1382 ἀκούειν
885 1329 993 1382 τῶν
1041 1330 1575 1401 κυριολεκτουμένων
1621 1330 1678 1383 ἐν
1723 1333 1843 1394 ταῖς

260 1422 586 1486 διαλέκτοις,
613 1422 706 1473 καὶ
732 1419 1040 1488 ὲφιστάνειν
1066 1419 1340 1491 ἐπιμελῶς
1373 1423 1485 1484 τοῖς
1512 1421 1843 1491 σημαινομέ-

260 1528 412 1574 νοις;
456 1509 569 1562 ἔστι
611 1510 718 1580 γὰρ
744 1511 876 1563 ὅπου
921 1509 1073 1580 παρά
1103 1511 1202 1580 τὴν
1236 1511 1457 1578 ἄγνοιαν
1483 1509 1589 1562 τῶν
1611 1509 1842 1577 λογικῶν

262 1602 518 1673 μεγάλως
555 1602 953 1674 περιπίπτομεν
1003 1602 1076 1672 μὴ
1123 1603 1473 1674 καθαίροντες
1501 1602 1598 1664 τὰς
1631 1603 1839 1672 ὁμωνυ-

261 1694 417 1763 μίας,
448 1693 542 1747 καὶ
576 1693 923 1764 ἀμφιϐολίας,
966 1694 1058 1745 καὶ
1119 1696 1504 1766 καταχρήσεις,
1543 1694 1636 1746 καὶ
1662 1711 1842 1765 κυριοο

234 1786 464 1853 ’λεξίας,
511 1786 605 1839 καὶ
643 1785 944 1849 διαστολάς·
980 1780 1090 1839 οἷον
1132 1786 1282 1856 παρὰ
1320 1785 1380 1838 τὸ
1407 1785 1714 1854 ἀγνοεῖσθαι
1743 1786 1838 1856 τὴν

1947 593 1992 646 is
2021 592 2114 661 qui
2156 590 2380 645 omnino
2411 591 2628 659 proprie
2663 589 3007 660 interpretari
3044 588 3270 654 studuit,
3301 585 3517 655 Aquila,

1945 687 2089 740 aliud
2137 685 2272 739 nihil
2307 682 2550 753 posuerit
2585 691 2782 752 praeter
2829 681 3242 751 appellationem
3289 691 3342 735 et
3377 696 3516 750 prae-

1944 779 2203 831 dicatum.
2238 761 2430 829 Videat
2461 790 2622 844 porro
2656 773 2748 842 qui
2789 774 2904 826 hwc
2934 789 3076 841 argre
3103 773 3360 835 admittit,
3394 789 3522 840 pos-

1945 870 2086 925 sitne
2116 867 2542 938 propositionem
2578 866 2645 919 de
2682 867 2946 930 moribus,
2981 876 3068 918 aut
3108 866 3174 919 de
3207 881 3386 918 rerum
3419 881 3518 919 na-

1947 970 2090 1023 tura,
2122 968 2214 1014 aut
2239 959 2304 1014 de
2338 957 2630 1027 theologia,
2661 959 2778 1012 sine
2805 968 3056 1012 accurata
3091 959 3516 1027 signiﬁcatormn

1931 1060 1994 1105 ‘et
2023 1067 2210 1106 eorum
2243 1065 2364 1120 quae
2383 1049 2686 1104 dialecticis
2705 1049 2844 1104 locis
2869 1049 3227 1114 illustrantur,
3247 1051 3517 1122 cognitio-

1945 1158 2035 1205 ne,
2068 1150 2216 1196 recte
2250 1149 2515 1195 astruere.
2556 1140 2694 1207 Quid
2727 1140 2872 1195 enim
2909 1140 3129 1196 absurdi
3167 1152 3250 1195 est
3278 1157 3394 1208 eos,
3423 1145 3518 1212 qui

1943 1235 2231 1289 verborum
2265 1235 2628 1304 pr0prietates
2678 1235 2730 1287 in
2783 1234 3008 1305 singulis
3055 1233 3252 1305 linguis
3298 1234 3520 1288 investi-

1943 1335 2071 1396 garit
2099 1367 2112 1388 ,
2147 1327 2360 1390 audire,
2401 1335 2453 1379 et
2509 1326 2837 1394 signiﬁcatis
2889 1327 3156 1380 inha'rcre
3191 1324 3523 1395 diligenter?

1946 1419 2216 1472 interdum
2261 1419 2406 1471 enim
2443 1427 2663 1486 prOpter
2706 1418 3098 1486 ignorationem
3133 1418 3319 1486 logica:
3350 1417 3518 1472 disci-

1945 1511 2123 1579 plinae,
2155 1510 2395 1578 graviter
2427 1511 2683 1575 labimur,
2721 1510 2864 1578 quod
2893 1511 3371 1577 mquivocationes,
3403 1525 3520 1563 am-

1944 1602 2134 1670 biguas
2170 1616 2326 1654 voces
2348 1641 2362 1666 ,
2396 1601 2646 1668 proprias
2677 1612 2728 1655 et
2780 1603 3105 1673 impr0prias
3133 1602 3400 1656 dictiones
3421 1645 3434 1665 ,
3465 1610 3518 1655 ct

1946 1692 2321 1745 disunctiones
2361 1707 2467 1744 non
2507 1691 2866 1761 dijudicemus
2896 1710 2910 1756 ;
2941 1693 3398 1764 quemadmodum
3451 1707 3516 1746 ex

1947 1785 2288 1851 ignoratione
2319 1784 2764 1851 aequivocationis
2797 1801 2916 1853 quae
2951 1795 3036 1839 est
3070 1788 3123 1839 in
3156 1785 3518 1855 appellatione

256 1877 554 1949 ὁμώνυμον
597 1878 699 1947 τῆς
749 1880 978 1948 κόσμου
1031 1878 1403 1950 προσηγορίας
1456 1877 1637 1948 φωνὴν
1677 1879 1837 1929 ἐκπε-

1948 1876 2164 1939 mumli,
2199 1877 2265 1929 ad
2311 1875 2562 1929 infandas
2595 1878 2662 1930 de
2693 1878 2950 1932 Creatore
2989 1879 3284 1932 sententias
3324 1875 3518 1945 dilapsi

257 1968 542 2022 πτώκασιν
583 1970 674 2022 ἐπὶ
715 1968 776 2021 τὸ
808 1968 916 2039 (24)
945 1969 1280 2021 ἀσεϐέστατα
1334 1972 1549 2038 φρονεῖν
1586 1968 1713 2039 περὶ
1743 1966 1838 2020 τοῦ

260 2061 610 2131 Δημιουργοῦ
628 2062 674 2112 οἱ
713 2059 786 2130 μὴ
830 2059 1187 2132 καθάραντες,
1219 2060 1309 2111 ἐπὶ
1353 2060 1513 2112 τίνων
1551 2061 1721 2113 κεῖται
1756 2059 1837 2121 τὸ,

260 2171 285 2200 σ
327 2149 390 2204 Ὀ
434 2151 636 2222 κόσμος
678 2154 735 2203 ὲν
771 2149 850 2221 τῷ
885 2151 1108 2222 πονηρῷ
1149 2154 1344 2214 κεῖται,
1377 2171 1394 2202 ι
1448 2151 1530 2204 ὅτι
1573 2151 1691 2203 ἀντὶ
1732 2150 1839 2203 τῶν

252 2243 554 2313 ⁶τεεριγείων
603 2244 698 2296 καὶ
748 2243 1104 2314 ἀνθρωπίνων
1153 2242 1313 2295 τοῦτο
1364 2241 1537 2305 οὕτως
1591 2243 1708 2295 ἐκεῖ
1760 2241 1840 2313 τῷ

267 2334 496 2408 Ἰωάννῃ
524 2334 756 2406 εἴρηται.
802 2335 1090 2406 Οίηθέντες
1131 2334 1240 2407 γὰρ
1281 2335 1482 2406 κόσμον
1513 2337 1632 2388 κατ’
1671 2335 1839 2406 αὐτὴν

250 2424 355 2495 τὴν
387 2425 531 2489 λέξιν
559 2425 915 2497 σημαίνεσθαι
941 2426 999 2478 τὸ
1024 2426 1276 2496 σύστημα
1301 2426 1360 2478 τὸ
1390 2427 1445 2491 ἐξ
1473 2425 1704 2497 ούρανοῦ
1747 2425 1839 2478 καὶ

252 2516 364 2586 γῆς
411 2517 504 2569 καὶ
537 2517 645 2571 τῶν
692 2519 751 2570 ὲν
779 2519 981 2581 αὐτοῖς,
1017 2517 1332 2590 θρασύτατα
1360 2519 1454 2570 καὶ
1501 2517 1838 2571 ἀνοσιώτατα

253 2609 652 2677 ἀποφαίνονται
707 2611 835 2681 περὶ
882 2610 1036 2663 Θεοῦ
1089 2611 1351 2681 μηδαμῶς
1395 2611 1539 2681 ἔργῳ
1571 2611 1837 2664 δεικνύναι

253 2700 548 2772 δυνάμενοι
598 2702 717 2766 πῶς
776 2703 926 2774 ἥλιος
967 2704 1062 2758 καὶ
1113 2703 1307 2774 σελήνη
1358 2704 1452 2755 καὶ
1498 2703 1838 2775 ἀστέρες,τά

254 2790 408 2846 οῦτω
427 2795 776 2864 τεταγμένως
805 2795 915 2866 (25)
941 2796 1257 2866 κινούμενα,
1282 2797 1459 2847 κεῖται
1483 2795 1540 2848 ἐν
1565 2795 1642 2865 τῷ
1667 2813 1838 2866 πονη-

257 2883 361 2956 ρῷ.
404 2881 535 2939 Εἶτα
576 2886 669 2940 saw
721 2889 1086 2959 προσάγωμεν
1127 2890 1310 2953 αὐτοῖς
1359 2891 1422 2943 ἐκ
1465 2888 1581 2954 τοῦ,
1631 2882 1839 2952 ιοῦτός

253 2978 410 3031 ἐστιν
440 2979 469 3029 6
513 2979 682 3049 ἀμνὸς
730 2979 823 3032 τοῦ
852 2979 986 3032 Θεοῦ
1027 2982 1055 3033 6
1093 2981 1260 3051 αἴρων
1305 2980 1403 3051 τὴν
1434 2980 1704 3052 ἁμαρτίαν
1745 2980 1836 3034 τοῦ

253 3069 537 3140 κόσμου,ι
596 3071 679 3124 ὄτι
728 3072 932 3142 κόσμος
978 3071 1103 3124 ἔνθα
1160 3075 1193 3141 ἡ
1249 3072 1494 3142 ἁμαρτία
1555 3071 1838 3135 πλεονάζει

254 3161 405 3215 κατὰ
429 3163 631 3227 ταύτας
661 3164 759 3227 τάς
793 3164 964 3230 λέξεις
1011 3164 1244 3232 λέγεται,
1292 3167 1570 3219 τουτέστιν
1604 3169 1662 3219 ὲν
1723 3167 1838 3229 τοῖς

254 3255 558 3325 περιγείοις
588 3257 796 3319 τόποις,
827 3256 1292 3326 εὐγνωμονοῦντες
1329 3259 1425 3327 μὲν
1476 3260 1836 3330 προσήσονται

249 3348 322 3400 τά
349 3347 637 3418 λεγόμενα,
674 3348 1096 3416 φιλονεικοῦντες
1129 3348 1205 3414 δὲ,
1240 3349 1460 3418 ἠλιθίως
1511 3345 1840 3422 ἀνᾶστρεφὸ-

256 3455 437 3507 μενοι,
483 3439 800 3509 ὲπιμενοῦσι
828 3442 938 3502 τοῖς
968 3438 1112 3505 ἀπαξ
1147 3439 1380 3510 κριθεῖσι
1428 3442 1719 3512 μοχθηροῖς
1751 3443 1837 3496 διὰ

249 3529 354 3599 τὴν
369 3530 593 3597 ἄγνοιαν
614 3531 710 3600 τῆς
732 3530 1064 3601 ὁμωνυμίας⁸
1094 3531 1253 3585 πάλιν
1282 3549 1342 3585 τε
1375 3529 1440 3586 αὖ
1467 3532 1559 3586 ἐὰν
1592 3534 1836 3606 λέγηται,

254 3640 276 3672 ι
302 3621 440 3685 Θεὸς
468 3618 535 3692 ἦν
569 3625 625 3675 ὲν
655 3622 892 3698 Χριστῷ-
911 3623 1112 3693 κόσμον
1157 3609 1545 3678 καταλλάσσων
1586 3627 1784 3698 ἐαυτῷ,
1813 3647 1830 3678 ι

248 3714 444 3766 οὐκέτι
504 3714 817 3785 δυνήσονται
937 3714 1248 3786 έξειλήφασι
1313 3719 1442 3788 περὶ
1496 3719 1696 3782 παντὸς
1738 3696 1837 3773 τοῦ

252 3808 490 3879 κόσμου,
518 3809 762 3861 τουτέστι
797 3809 924 3879 περὶ
967 3809 1078 3863 τῶν
1122 3811 1180 3863 ἐν
1226 3810 1332 3880 ὅλῳ
1377 3809 1452 3880 τῷ
1485 3811 1692 3882 κόσμῳ,
1732 3813 1836 3882 μά-

253 3901 418 3954 λιστα
469 3902 608 3954 κατὰ
659 3902 755 3964 τάς
800 3901 1084 3966 ὑποθέσεις
1129 3903 1307 3956 αὐτῶν
1349 3905 1538 3968 δεῖξαι·
1577 3906 1670 3958 καὶ
1718 3907 1836 3958 κατ’

251 3993 424 4048 αὑτοῦ
481 3995 589 4064 γὰρ
635 3994 846 4065 ἀνάγκη
880 3995 974 4064 τὴν
1015 3995 1158 4060 λέξιν
1204 3995 1278 4058 ὼς
1317 3994 1606 4066 ὁμώνυμον
1653 3997 1838 4063 ἐξετά-

252 4085 467 4149 ζεσθαι.
517 4087 626 4140 Καὶ
667 4086 792 4157 περὶ
824 4087 924 4156 τὴν
969 4086 1296 4156 ἀμφιϐολίαν
1325 4087 1380 4143 δὲ
1427 4087 1714 4159 μοχθηρῶν
1749 4090 1839 4141 ὲκ-

249 4177 428 4247 δοχῶν
487 4177 582 4230 καὶ
630 4175 780 4247 παρά
820 4177 918 4248 τὴν
951 4177 1234 4248 διαστολὴν
1271 4177 1380 4249 (26)
1417 4177 1523 4231 τῶν
1570 4179 1835 4250 στιγμῶν,

252 4268 350 4321 και
380 4267 558 4322 ἄλλων
586 4268 642 4321 δὲ
683 4269 889 4338 μυρίων
948 4269 1366 4340 παραδείγματά
1411 4271 1523 4322 ἐστι
1556 4269 1840 4342 φιλοτιμη-

253 4361 500 4432 σάμενον
531 4361 631 4412 οὐκ
663 4359 820 4427 ὀλίγα
863 4358 1067 4413 λαϐεῖν.
1117 4360 1301 4413 Ταῦτα
1341 4360 1395 4414 δὲ
1431 4361 1834 4432 παρεξέϐημεν,

252 4453 344 4505 ἵνα
375 4450 662 4523 δείξωμεν,
716 4451 796 4503 ὅτι
837 4452 931 4503 καὶ
981 4452 1102 4504 καθ’
1139 4453 1286 4522 ἡμᾶς
1315 4452 1438 4514 τοὺς
1479 4451 1732 4515 θέλοντας
1763 4452 1837 4524 μὴ

1946 1977 2093 2032 sunt,
2131 1983 2234 2022 non
2266 1969 2638 2024 discernentes
2669 1971 2733 2023 de
2762 1971 2958 2037 quibus
2987 1972 3219 2039 positum
3248 1972 3319 2025 sit
3351 1971 3515 2024 illud:

1950 2076 1970 2110 ι
1995 2058 2224 2113 Mundus
2258 2059 2310 2112 in
2343 2062 2573 2130 maligno
2609 2063 2817 2130 positus
2853 2074 2935 2116 est
2961 2063 3029 2129 ⁵⁵,
3061 2083 3080 2116 ι
3117 2065 3260 2132 quod
3304 2065 3369 2118 de
3404 2073 3518 2117 ter‘

1945 2148 2094 2202 renis
2121 2158 2173 2202 et
2213 2150 2461 2205 humanis
2501 2166 2565 2206 eo
2596 2152 2968 2220 locoJoannes
3012 2155 3316 2221 usurpavit.
3357 2153 3521 2206 Arbi-

1949 2239 2072 2289 trati
2103 2238 2246 2290 enim
2283 2240 2537 2292 mundum
2571 2241 2670 2293 hac
2700 2240 2936 2296 dictione
2966 2240 3278 2308 signiﬁcare
3307 2239 3428 2293 caeli
3464 2245 3521 2293 et

1939 2337 2104 2381 terrm
2131 2329 2316 2382 orbem
2346 2338 2400 2381 et
2428 2344 2546 2397 qua:
2577 2330 2628 2383 in
2661 2331 2727 2385 iis
2757 2332 3124 2395 continentur,
3159 2327 3519 2382 audacissime

1946 2428 1999 2473 et
2031 2436 2192 2490 supra
2223 2435 2385 2488 quam
2416 2422 2519 2474 dici
2570 2431 2774 2491 potest,
2805 2423 3015 2476 nefarie
3043 2423 3108 2474 de
3139 2420 3246 2474 Deo
3275 2435 3517 2489 pronun-

1949 2513 2125 2570 tiant:
2165 2529 2288 2567 cum
2345 2513 2522 2582 reipsa
2569 2516 2949 2570 demonstrare
2983 2531 3086 2569 non
3127 2515 3375 2584 possint,
3411 2529 3520 2583 quo

1947 2615 2104 2673 pacto
2153 2605 2232 2658 sol
2268 2614 2322 2658 ct
2359 2605 2481 2658 luna
2525 2613 2579 2659 et
2624 2617 2771 2660 astra
2800 2648 2815 2672 ,
2869 2622 2988 2676 qua:
3026 2617 3134 2660 tam
3171 2616 3296 2676 apto
3329 2607 3518 2662 ordine

1947 2709 2253 2762 moventur,
2289 2701 2340 2753 in
2371 2683 2610 2770 maligno
2638 2701 2813 2769 posita
2849 2701 2980 2760 sint.
3016 2701 3218 2755 Deinde
3245 2701 3288 2754 si
3319 2714 3387 2754 ex
3416 2700 3518 2755 hoc

1947 2787 2104 2842 loco:
2166 2807 2183 2837 ι
2215 2787 2316 2843 Hic
2366 2798 2449 2842 est
2487 2789 2674 2856 Agnus
2719 2789 2812 2844 Dei
2849 2829 2864 2855 ,
2895 2791 2988 2859 qui
3044 2791 3182 2845 tollit
3229 2799 3515 2860 peccatum

1947 2880 2131 2934 mundi
2164 2881 2234 2944 ⁸⁸,
2266 2899 2284 2932 ι
2324 2881 2558 2948 probare
2589 2881 2718 2950 ipsis
2748 2881 3078 2936 voluerimus
3111 2882 3390 2946 mundum,
3425 2881 3516 2937 ubi

1946 2973 2180 3027 abundat
2218 2983 2496 3043 peccatum
2519 3013 2534 3036 ,
2570 2974 2868 3029 secundum
2902 2975 3000 3028 has
3039 2975 3340 3030 locutiones
3370 2974 3475 3029 dici
3497 3016 3515 3042 ,

1946 3066 2049 3120 hoc
2080 3075 2164 3120 est
2201 3065 2269 3120 de
2301 3068 2656 3121 terrestribus
2704 3067 2870 3132 locis;
2920 3067 3011 3134 qui
3056 3066 3284 3122 candido
3331 3067 3518 3122 animo

1945 3156 2170 3222 fuerint,
2201 3159 2489 3213 admittent
2516 3173 2637 3226 quae
2668 3159 2958 3223 dicuntur;
2999 3159 3321 3212 contentiosi
3352 3173 3516 3224 vero,

1944 3251 2136 3306 stolide
2165 3258 2218 3304 et
2248 3252 2430 3320 inepte
2476 3266 2597 3306 sese
2632 3261 2922 3306 versantes
2945 3291 2960 3316 ,
2995 3247 3064 3304 iis
3087 3252 3365 3306 adhaerere
3392 3266 3518 3318 per-

1941 3354 2069 3416 gent
2115 3360 2234 3415 quae
2267 3345 2434 3400 semel
2470 3345 2609 3398 mala
2637 3345 3007 3416 iudicaverint
3042 3354 3264 3414 propter
3295 3344 3515 3414 ignora-

1944 3439 2141 3492 tionem
2176 3438 2644 3506 requivocatiouis.
2677 3440 2891 3492 Rursus
2924 3438 2966 3492 si
3004 3437 3258 3492 dicatur:
3318 3454 3338 3488 ι
3372 3437 3520 3491 Deus

1941 3535 2058 3580 erat
2092 3527 2144 3580 in
2181 3526 2400 3582 Christo
2431 3528 2689 3581 mundum
2723 3527 3086 3582 reconcilians
3116 3527 3218 3582 sibi
3248 3528 3314 3591 ⁸⁷,
3350 3545 3369 3580 ›
3407 3541 3516 3580 non

1933 3617 2048 3686 jam
2085 3627 2342 3687 poterunt
2371 3620 2513 3686 quod
2542 3619 2608 3673 de
2644 3620 2900 3673 universo
2933 3620 3134 3674 mundo
3167 3625 3514 3687 acceperant,

1943 3709 2043 3762 hoc
2075 3718 2181 3774 est,
2213 3709 2278 3763 de
2315 3709 2378 3762 iis
2407 3724 2526 3778 quae
2557 3709 2608 3761 in
2646 3719 2758 3762 toto
2795 3709 2996 3762 mundo
3029 3716 3178 3772 sunt,
3211 3705 3515 3777 prmsertim

1940 3803 2234 3857 secundum
2267 3803 2594 3872 hypotheses
2625 3818 2750 3856 suas
2780 3804 3190 3856 demonstrare:
3224 3801 3290 3856 de
3321 3801 3516 3856 eodem

1940 3895 2411 3948 euim‘dictionem
2450 3903 2506 3946 ut
2537 3895 2688 3962 plura
2722 3893 3118 3962 signiﬁcantem
3148 3894 3518 3962 pervestigare

1940 4000 2165 4039 necesse
2187 3993 2292 4040 est.
2319 3985 2701 4054 Ambiguitatis
2731 3998 2912 4039 autent
2943 3999 3326 4048 perversarum
3347 3999 3516 4055 expo-

1940 4077 2197 4133 sitionum
2221 4089 2274 4133 et
2298 4077 2754 4146 interpunctionis
2771 4088 2824 4132 et
2842 4091 3225 4134 sexcentorum
3251 4079 3516 4149 ejusmodi

1939 4171 2185 4240 exempla
2239 4185 2344 4225 non
2375 4184 2545 4240 pauca
2580 4169 2850 4239 reperiet,
2886 4171 2978 4239 qui
3031 4171 3082 4225 id
3111 4171 3372 4226 studebit.
3408 4171 3515 4226 Sed

1942 4262 2056 4318 haec
2105 4277 2206 4332 per
2237 4263 2634 4332 digressionem
2666 4305 2680 4327 ,
2735 4274 2792 4318 ut
2841 4264 3252 4318 ostenderemus
3292 4264 3363 4316 ita
3418 4276 3516 4317 nos

1941 4370 2155 4424 quoque
2197 4355 2509 4410 existimare
2550 4358 2658 4412 illis
2683 4400 2697 4421 ,
2752 4360 2843 4427 qui
2883 4359 3073 4414 volunt.
3105 4358 3156 4410 in
3211 4355 3516 4424 intelligen-

1944 4448 2013 4499 tia
2060 4447 2368 4502 divinarum
2400 4448 2810 4517 Scripturarum
2849 4452 3130 4504 veritatem
3163 4460 3382 4511 tenere,
3419 4462 3517 4500 nec

253 4544 595 4613 σφάλλεσθαι
629 4545 756 4618 περὶ
780 4545 876 4616 τὴν
910 4544 1166 4615 ἀλήθειαν
1196 4547 1252 4597 ὲν
1285 4544 1362 4615 τῷ
1395 4545 1533 4596 νοεῖν
1565 4546 1662 4607 τὰς
1690 4545 1837 4608 θείας

1948 4539 2072 4605 labi,
2108 4542 2575 4609 pernecessariam
2611 4557 2733 4596 esse
2769 4543 3073 4597 liberalium
3109 4543 3303 4596 artium
3335 4543 3518 4595 scien-

251 4637 484 4708 Γραφάς
545 4639 944 4706 ἀναγκαιότατά
995 4640 1108 4690 ἐστι
1170 4637 1238 4691 τὰ
1286 4638 1552 4690 πίπτοντα
1607 4639 1686 4701 εἰς
1739 4638 1836 4710 τὴν

250 4732 456 4800 χρῆσιν
487 4729 681 4783 εἰδέναι
721 4731 932 4798 λογικόν
962 4725 1036 4784 ὧν
1073 4731 1166 4784 καὶ
1210 4729 1306 4782 νῦν
1333 4730 1632 4801 ἐδεήθημεν
1661 4733 1741 4794 είς
1774 4733 1835 4784 τὸ

251 4823 439 4892 εὑρεῖν
478 4821 577 4891 τὴν
619 4820 877 4891 διαφορὰν
908 4820 1015 4874 τῶν
1045 4821 1356 4890 λεγομένων
1393 4820 1673 4888 γεγονέναι
1712 4841 1728 4872 ι
1759 4825 1838 4887 είς

248 4914 434 4983 ἀρχὰς
467 4914 566 4984 τῆς
598 4915 809 4981 νυκτὸς,
827 4920 1142 4974 »καὶιείστὺ
1166 4915 1352 4986 ἄρχειν
1379 4912 1478 4984 τῆς
1507 4915 1718 4986 ἡμέρας
1742 4916 1835 4969 καὶ

248 5006 356 5076 τῆς
385 5005 597 5069 νυκτός.
618 5024 644 5060 δ

403 5148 452 5182 ⁸⁵
484 5150 504 5203 l
536 5149 694 5206 Joan.
725 5168 775 5216 ν,
809 5151 896 5208 19.

329 5295 445 5364 (22)
487 5297 598 5348 Καὶ
629 5297 789 5367 παρὰ
813 5297 893 5363 τῷ
915 5298 1230 5367 θεράποντι
1255 5300 1547 5365 νενόηται.
1577 5300 1650 5354 Ita
1683 5303 1841 5358 habet

246 5365 448 5420 Tarini
482 5367 673 5432 editio,
702 5365 756 5419 et
791 5369 862 5421 ita
915 5365 1124 5437 legebat
1159 5385 1373 5437 quoque
1406 5371 1790 5426 Genebrardus
1823 5391 1835 5426 :

251 5438 496 5510 vitiose,
547 5438 592 5490 si
659 5439 1204 5510 modomemlusatn
1245 5441 1570 5506 scripturam
1630 5444 1834 5510 integra

247 5509 468 5560 scimus
501 5523 790 5575 seponere.
818 5509 970 5574 Quod
1004 5511 1046 5562 si
1085 5507 1414 5574 conjectum
1448 5511 1597 5565 locus
1631 5507 1833 5573 cstfita

246 5578 548 5654 legendum
601 5593 721 5630 esse
771 5580 1034 5654 suspicari
1082 5580 1277 5654 possis,
1324 5581 1418 5633 καὶ
1468 5581 1616 5653 παρὰ
1656 5583 1732 5654 τῷ
1764 5582 1832 5636 τά

246 5646 375 5700 θεῖα
405 5647 675 5718 γράφοντι
700 5649 1170 5718 νενόηται.-11;ιξρ
1194 5649 1437 5714 Ηιιοιὶιιε,
1468 5646 1560 5704 cui
1581 5646 1832 5707 assentiri

250 5735 368 5792 non
410 5735 652 5792 possunt,
686 5721 826 5792 quod
858 5721 984 5772 alibi
1012 5727 1078 5792 ab
1121 5720 1354 5789 Origono
1383 5721 1590 5792 Moyses
1624 5724 1831 5792 simpli-

249 5789 402 5860 (riter
432 5789 646 5860 dicatur
688 5789 942 5859 θεράπων
972 5800 1024 5843 et
1055 5790 1306 5860 θεράπων
1336 5789 1488 5845 Θεοῦ.
1522 5792 1648 5848 Vide
1676 5789 1830 5850 notas

248 5859 321 5911 ad
359 5857 580 5913 Exhorl.
615 5867 679 5911 ml
716 5857 1051 5930 Martyrium,
1085 5857 1182 5932 pag
1229 5861 1351 5916 501i.

1947 4632 2074 4686 tiam
2103 4672 2118 4697 ,
2155 4635 2351 4702 quibus
2384 4643 2432 4686 et
2473 4649 2617 4687 nunc
2652 4635 2808 4688 nobis
2840 4651 2974 4704 opus
3001 4636 3120 4699 fuit,
3159 4644 3217 4688 ut
3247 4634 3518 4688 invenire-

1945 4740 2065 4778 mus
2092 4764 2107 4785 ,
2155 4739 2265 4793 quo
2312 4723 2564 4778 dill'erant
2604 4725 2732 4787 illa,
2776 4741 2898 4792 qme
2931 4725 3186 4780 dicuntur
3230 4724 3371 4779 facta
3460 4723 3516 4777 in

1945 4817 2297 4885 principatum
2333 4818 2522 4880 noctis,
2556 4825 2608 4870 et
2641 4826 2693 4869 ut
2729 4826 3010 4886 prwesseut
3057 4817 3164 4870 diei
3196 4827 3242 4872 et
3292 4816 3452 4872 nocti.

973 5153 1018 5185 ⁸
1051 5151 1205 5208 Joan.
1239 5170 1276 5220 ι,
1302 5153 1393 5211 29.
1463 5156 1507 5186 ⁸⁷
1537 5153 1574 5208 ll
1603 5154 1727 5211 Cor.
1759 5173 1812 5223 v,
1847 5157 1929 5213 19.

2017 5304 2130 5374 (25)
2182 5303 2234 5356 '0
2265 5303 2591 5372 κυριώτατα
2625 5302 2991 5372 ἑρμηνεύειν,
3026 5312 3129 5358 etc.
3167 5302 3256 5358 Sic
3288 5317 3429 5370 saepe
3455 5302 3510 5357 in

1949 5371 2190 5442 Ep'islola
2221 5377 2289 5428 ad
2323 5371 2666 5443 Africanum,-
2691 5371 2779 5427 sic
2815 5390 2954 5440 smpe
2990 5374 3366 5443 Hieronymus.

2015 5446 2126 5516 (24)
2179 5446 2657 5498 Ἐκπεπτώκασιν
2695 5443 2791 5497 ἐπὶ
2842 5446 2927 5498 τό.
2971 5443 3328 5516 Valentiniani
3361 5443 3511 5498 vide-

1941 5515 2084 5576 licet,
2109 5514 2481 5571 Marcionislzc
2513 5515 2711 5581 aliique
2739 5531 2926 5568 eorum
2960 5514 3258 5583 corporali.

2011 5587 2124 5657 (25)
2167 5584 2376 5640 Pliiloc.
2408 5603 2534 5654 ms.,
2565 5585 2952 5655 τεταγμένως;
3005 5585 3301 5654 impressa,
3350 5600 3510 5642 τετα-

1936 5658 2133 5710 γμένα.

1947 5676 2133 5798 Waltz).
2162 5727 2326 5795 Παρὰ
2367 5727 2482 5799 τὴν
2516 5724 2866 5799 διαστολὴν.
2921 5723 3081 5782 Huet.
3115 5726 3322 5799 legend.
3360 5725 3507 5782 vide-

1941 5809 2048 5866 tur,
2087 5801 2214 5868 περὶ
2243 5799 2342 5868 τὴν
2369 5797 2669 5868 διαστολήν.
