3978 6502
262 421 333 476 113
1403 467 1405 470 ,
1717 406 1780 462 IN
1815 407 1829 460 t

1934 403 2140 459 iESIM.
3436 394 3504 448 94

256 538 337 600 τὸ,
354 535 604 603 σπεῖρον
623 526 858 602 diserta
887 531 1032 585 κατὰ
1058 527 1244 599 γένος·
1270 526 1334 581 ἵν’
1355 523 1411 602 ᾗ,
1433 522 1829 591 Βλαστησάτω

1938 523 2106 590 juxta
2147 534 2304 589 genus
2331 558 2344 582 ,
2392 526 2452 569 ut
2505 515 2577 570 sit
2607 554 2620 574 .
2667 513 2914 584 germinet
2961 521 3102 566 terra
3153 509 3365 564 herbam
3397 511 3503 579 [τιή

259 631 299 697 ἠ
320 626 393 699 τῆ
408 626 684 693 βοτάνην
703 629 941 695 χόρτου,
957 623 1106 677 κατὰ
1122 622 1292 692 γένος
1307 619 1558 688 σπεῖρον
1574 617 1830 685 σπέρμαο

260 717 655 791 ἐπιφερομένου
701 717 793 769 ἐπὶ
837 716 896 768 τὸ
937 714 1110 785 γένος
1147 712 1242 766 τοῦ
1292 710 1544 779 σπεῖρον
1573 708 1830 776 σπέρμα.

326 811 674 874 Auﬁdi-satis
704 808 802 862 καὶ
830 808 1231 874 πληθύνεσθε.
1258 802 1520 874 Σημαινει
1546 798 1655 870 (29)
1678 801 1710 869 ἡ
1736 797 1834 868 μὲν

255 903 483 974 αὔξησις
515 903 614 972 τὴν
648 902 728 964 είς
761 898 990 970 μέγεθος
1022 897 1282 959 ἐπίδοσιν,
1309 896 1371 948 τὸ
1394 895 1451 947 δὲ
1473 888 1835 962 πληθύνεσθαι

253 984 356 1068 τὴν
388 996 452 1047 ἐκ
484 993 584 1062 τῆς
616 993 814 1063 μίξεως
843 993 920 1053 εἰς
953 989 1152 1060 πλῆθος
1179 987 1444 1059 διαδοχήν.

323 1085 434 1139 Καὶ
473 1081 642 1138 εἶπεν
668 1086 700 1136 ό
734 1083 905 1148 Θεός·
948 1081 1298 1149 Ποιήσωμεν
1347 1078 1660 1145 ἄνθρωπον
1704 1073 1833 1127 κατ’

253 1179 466 1233 εἰκόνα
512 1175 806 1245 ἡμετέραν
855 1174 953 1227 καὶ
1004 1172 1131 1227 καθ’
1182 1171 1485 1240 ὁμοίωσιν.
1538 1166 1834 1236 Προδιαλη-

257 1269 421 1322 τι·τὲον
453 1268 564 1337 (50)
593 1266 875 1337 πρότερον,
907 1263 1007 1318 ποῦ
1041 1262 1353 1315 συνίσταται
1381 1260 1440 1313 τὸ
1462 1260 1587 1312 κατ’
1611 1259 1832 1321 εἰκόνα,

254 1363 317 1414 ὲν
349 1359 561 1431 σώματι
587 1359 620 1429 ἢ
647 1360 705 1410 ὲν
731 1357 898 1428 ψυχῇ.
925 1355 1152 1426 Ἴδωμεν
1178 1354 1234 1408 δὲ
1261 1353 1524 1424 πρότερον
1555 1345 1636 1414 οἷς
1664 1349 1836 1421 χρῶν-

251 1474 345 1511 ται
376 1459 425 1510 οἱ
450 1457 511 1510 τὸ
534 1456 746 1527 πρῶτον
776 1452 1049 1521 λέγοντες
1082 1443 1157 1503 ὧν
1183 1450 1295 1502 ἐστι
1327 1449 1419 1502 καὶ
1445 1445 1696 1500 Μελίτων
1727 1444 1836 1516 (5-1)

254 1547 666 1618 συγγράμματα
718 1540 1122 1604 καταλελοιπὼς
1177 1539 1304 1609 περὶ
1373 1537 1468 1591 τοῦ
1523 1535 1837 1606 ὲνσώματον

252 1635 398 1692 εἶναι
427 1636 519 1689 τὸν
559 1634 710 1688 Θεόν.
759 1633 909 1705 Μέλη
941 1631 1051 1704 γὰρ
1101 1631 1234 1685 Θεοῦ
1283 1628 1654 1698 ὀνομαζόμενα
1693 1627 1835 1698 εὑρί-

252 1746 499 1793 σκοντες,
534 1726 844 1797 ὀφθαλμοὺς
867 1723 999 1778 Θεοῦ
1034 1722 1420 1785 ὲπιὸλέποντας
1450 1719 1546 1791 τὴν
1588 1718 1837 1789 οἰκουμέ-

249 1841 375 1894 νην,
411 1822 504 1874 καὶ
533 1814 648 1875 ὦτα
692 1816 856 1874 αὐτοῦ
906 1813 1041 1870 εῖναι
1075 1816 1154 1878 είς
1185 1814 1366 1886 δέησιν
1395 1811 1618 1866 δικαίων
1659 1812 1837 1864 ἐπινε-

247 1915 504 1976 νευκότα,
535 1913 650 1974 καὶ,
697 1908 1032 1980 Ὼσφράνθη
1071 1908 1286 1976 Κύριος
1327 1903 1528 1974 ὀσμὴν
1551 1903 1828 1969 εὐωδίαςο

249 2010 370 2066 καὶ,
411 2004 480 2058 Τό
530 2003 724 2072 στόμα
767 1999 987 2068 Κυρίου
1023 1998 1296 2065 summa
1325 1996 1531 2059 ταῦτα,
1562 1995 1654 2049 καὶ
1703 1995 1832 2066 βρα-

243 2098 407 2168 χίονα
433 2093 590 2158 Θεοῦ,
638 2092 732 2146 καὶ
777 2094 982 2162 χεῖρας,
1030 2089 1124 2144 καὶ
1165 2088 1351 2150 πόδας,
1394 2088 1488 2141 καὶ
1515 2086 1828 2151 δακτύλους,

241 2189 512 2260 ἄντικρυς
568 2186 835 2256 φάσκουσι
878 2181 1049 2236 ταῦτα
1089 2181 1187 2253 οὐχ
1231 2180 1418 2251 ἕτερόν
1463 2195 1516 2231 τι
1563 2178 1831 2232 διδάσκειν

241 2281 284 2350 ἢ
317 2280 420 2350 τὴν
453 2279 663 2350 μορφὴν
693 2274 784 2329 τοῦ
833 2274 988 2327 Θεοῦ.
1035 2272 1158 2335 Πῶς
1194 2271 1271 2336 δὲ,
1307 2270 1459 2339 φασὶ,
1493 2269 1586 2323 καὶ
1616 2267 1770 2339 ὤφθη
1804 2269 1832 2321 ό

155 2421 158 2423 ,
242 2369 385 2433 Θεὸς
432 2367 508 2439 τῷ
539 2364 807 2443 ’Δὸραάμ.
852 2362 943 2416 καὶ
985 2363 1180 2431 Μωσῇ,
1223 2359 1315 2412 καὶ
1357 2360 1470 2420 τοῖς
1512 2355 1708 2424 ἁγίοις,
1756 2354 1830 2425 μὴ

247 2458 715 2534 μεμορφωμένοςς
755 2454 1182 2526 μεμορφωμένος
1208 2452 1286 2513 δὲ,
1317 2450 1459 2504 κατὰ
1485 2453 1633 2503 ποῖον
1663 2466 1832 2520 χαρα-

243 2555 431 2626 κτῆρα
465 2552 496 2624 ἢ
524 2552 614 2604 τὸν
639 2547 1008 2622 ἀνθρώπινον;
1048 2546 1142 2599 καὶ
1176 2545 1464 2612 συνάγουσι
1497 2541 1663 2613 μυρία
1695 2540 1832 2611 ῥητὰ

248 2644 395 2715 μέλη
443 2640 774 2713 ὀνομάζοντα
811 2638 966 2694 Θεοῦ.
1014 2637 1157 2709 Πρὸς
1188 2636 1282 2700 οὒς
1313 2635 1644 2704 ἀγωνιστέον
1691 2632 1832 2704 πρῶ-

243 2751 340 2788 τον
397 2736 504 2790 ἀπὸ
545 2734 642 2804 τῆς
696 2731 925 2795 λέξεως·
984 2725 1530 2799 ἀντιπαραϐαλοῦμεν
1588 2725 1644 2778 δὲ
1694 2723 1832 2795 ῥητὰ

243 2829 366 2890 τοῖς
401 2826 562 2879 πλέον
589 2823 680 2876 τοῦ
709 2822 1033 2894 γράμματος
1085 2819 1249 2891 μηδὲν
1286 2817 1699 2888 ἐπισταμένοις,
1747 2817 1831 2869 ὲν-

244 2917 580 2986 αντιούμενα
616 2913 793 2967 αὐτῶν
839 2914 904 2982 τῇ
945 2909 1241 2980 ὑπολήψειο
1278 2910 1343 2962 ὲκ
1391 2908 1488 2978 μὲν
1531 2905 1624 2959 τοῦ
1658 2907 1832 2976 Ζαχα-

247 3007 396 3077 ρίου,
425 3007 506 3060 ὅτι
550 3005 724 3058 Ἑπτὰ
752 3002 1041 3072 ὀφθαλμοὶ
1068 3000 1288 3067 Κυρίου
1327 3002 1380 3053 οἱ
1407 2998 1832 3064 ἐπιϐλέποντες

243 3103 347 3156 ἐπὶ
381 3101 584 3156 πᾶσαν
614 3098 728 3166 τὴν·
759 3096 894 3166 τῆν.
935 3095 997 3148 Εί
1036 3094 1092 3147 δὲ
1136 3092 1279 3146 ἑπτὰ
1311 3092 1421 3163 ἔχει
1465 3091 1773 3162 ὀφθαλμοὺς
1803 3093 1832 3144 ὁ

243 3193 406 3258 Θεὸς,
445 3194 604 3264 ἡμεῖς
635 3191 692 3244 δὲ
720 3188 832 3252 δύο,
860 3187 919 3240 οὐ
946 3187 1064 3239 κατ’
1097 3185 1280 3239 εἰκόνα
1311 3183 1474 3239 αὐτοῦ
1499 3184 1823 3254 γεγόναμεν.
1855 3222 1897 3279 C

258 3282 425 3336 Ἀλλὰ
477 3282 572 3335 καὶ
625 3282 784 3351 ἡμεῖς
829 3278 926 3349 μὲν
966 3276 1067 3329 οὐκ
1117 3276 1564 3349 ἐπτερυγώμεθα,
1601 3277 1728 3349 περὶ
1770 3276 1827 3330 δὲ

241 3373 389 3428 Θεοῦ
438 3374 585 3443 λέγει
637 3376 694 3427 ὲν
738 3369 1102 3442 ὲννενηκοστῷ
1150 3369 1369 3440 ψαλμῷ,
1417 3371 1498 3424 ὅτι
1543 3371 1660 3424 ὑπὸ
1720 3370 1828 3437 τὰς

242 3465 548 3534 πτέρυγας
577 3461 762 3518 αὑτοῦ
784 3463 1028 3530 ἐλπιεῒς.
1065 3465 1128 3516 Et
1152 3463 1209 3516 δὲ
1240 3463 1446 3525 ἐκεῖνος
1501 3463 1596 3532 μὲν
1631 3461 1829 3532 πτέρυ-

241 3572 354 3624 γας
399 3554 530 3626 ἔχει,
564 3555 723 3624 ἡμεῖς
757 3552 812 3606 δέ
846 3554 1012 3622 ἐσμεν
1043 3551 1179 3617 ζῶον
1211 3551 1466 3622 ἄπτερον,
1502 3551 1562 3602 οὐ
1597 3551 1713 3603 κατ’
1748 3552 1827 3602 εί-

241 3649 386 3702 κόνα
413 3646 544 3700 Θεοῦ
571 3646 790 3714 γέγονεν
829 3647 858 3698 ό
901 3645 1203 3716 ἄνθρωπος.
1253 3643 1376 3708 Πῶς
1405 3643 1459 3696 δὲ
1492 3645 1519 3696 ό
1555 3659 1831 3714 σφαιροει-

240 3741 344 3812 δὴς
377 3739 601 3810 οὐρανὸς
628 3737 721 3791 καὶ
743 3739 829 3792 ἀεὶ
855 3738 1165 3808 κινούμενος
1199 3736 1385 3808 θρόνος
1417 3732 1558 3789 εἶναι
1586 3735 1825 3801 δύναται,

241 3833 322 3897 ὡς
358 3831 821 3901 ὑπολαμϐάνουσι,
852 3828 946 3882 τοῦ
980 3828 1153 3892 Θεοῦ;
1193 3827 1352 3880 Ἀλλὰ
1389 3828 1484 3881 καὶ
1525 3829 1556 3898 ή
1603 3827 1674 3896 γῆ
1712 3827 1829 3890 πῶς

243 3924 537 3977 ὑποπόδιον
563 3922 670 3976 τῶν
704 3921 878 3975 ποδῶν
902 3920 1098 3985 αὐτοῦς
1127 3919 1638 3988 Ἀπαγγελλέτωσαν
1659 3921 1789 3990 ἡμῖν
1806 3959 1821 3976 .

241 4012 396 4086 ’Ἄρα
423 4015 532 4086 γὰρ
571 4014 632 4068 τὸ
667 4014 774 4067 ἀπὸ
803 4012 1044 4081 γονάτων
1079 4011 1239 4082 μέχρι
1281 4010 1387 4064 τῶν
1431 4011 1636 4081 βάσεων
1672 4009 1829 4081 σῶμα

243 4109 342 4161 τοῦ
397 4107 598 4180 μεταξὺ
650 4102 880 4176 οὐρανοῦ
925 4105 1016 4156 καὶ
1061 4104 1165 4172 γῆς
1196 4104 1555 4174 περιέχοντος,
1589 4105 1645 4156 ἐν
1681 4103 1829 4174 μέσῳ

241 4199 303 4253 δὲ
333 4198 503 4269 οὔσης
535 4197 633 4268 τῆς
661 4197 763 4267 γῆς
789 4196 881 4249 τοῦ
919 4196 1116 4260 παντὸς
1150 4196 1375 4264 κόσμου.
1401 4196 1492 4250 καὶ
1519 4195 1831 4266 περιεχομέ-

241 4301 344 4363 νης
368 4291 460 4344 ὑπ’
481 4289 669 4350 αὐτοῦ,
694 4289 768 4352 ὡς
793 4291 1134 4359 γραμμικαῖς
1152 4288 1454 4354 ἀποδείξεσι
1480 4289 1826 4359 παρίσταται,

242 4378 378 4450 παρ’
410 4379 545 4448 ἡμῖν
571 4379 707 4429 εἰσιν
728 4378 783 4427 ai
816 4375 998 4445 βάσεις
1027 4376 1118 4429 τοῦ
1143 4376 1331 4448 Θεοῦῆ
1369 4378 1517 4449 παρὰ
1547 4380 1658 4440 τοῖς
1690 4378 1830 4430 ἀντί-

241 4470 438 4540 χθοσις
472 4469 581 4522 Καὶ
613 4468 740 4536 ὅλην
768 4467 863 4540 τὴν
893 4469 1218 4539 οἰκουμένην
1255 4468 1412 4540 ἡμῶν
1461 4467 1828 4540 πεπληρώκα-

1927 614 2092 682 juxta
2139 628 2298 680 genus
2335 611 2600 664 seminans
2636 625 2853 672 semen,
2906 605 3106 660 relatis,
3144 604 3398 656 nimirum
3440 603 3507 654 ad

1934 718 2095 774 genus
2120 741 2136 766 ,
2174 701 2378 764 verbis,
2413 699 2680 753 seminans
2719 713 2913 750 semen.

2007 794 2236 849 Crescite
2267 802 2316 846 et
2353 789 2776 858 multiplicamini
2792 788 2858 840 ⁸³.
2890 787 3207 841 Accretione
3239 781 3510 852 signiﬁca-

1939 896 2027 942 tur
2060 887 2116 940 in
2151 885 2413 954 majorem
2447 880 2641 935 molem
2683 886 3055 946 augmentum,
3093 875 3505 942 multiplicatio-

1936 992 2005 1032 ne
2024 991 2152 1030 vero
2168 989 2230 1028 ea
2249 988 2368 1043 qua:
2381 988 2446 1026 ex
2474 971 2664 1040 c0pula
2697 969 2773 1030 tit,
2795 965 3150 1019 multitudinis
3170 962 3505 1032 propagatio.

2007 1067 2114 1138 25
2151 1066 2214 1120 Et
2251 1065 2383 1118 dixit
2418 1061 2558 1116 Deus
2586 1076 2604 1115 :
2631 1059 2914 1112 Faciamus
2943 1059 3200 1110 hominem
3226 1055 3292 1107 ad
3323 1053 3511 1121 imagi-

1938 1176 2053 1214 nem
2083 1168 2318 1212 nostram
2348 1165 2394 1207 et
2417 1149 2816 1206 similitudinem
2845 1148 2911 1202 ‘°.
2939 1146 3093 1201 Prius
3113 1145 3506 1198 discutiendum

1937 1259 2022 1306 est
2047 1247 2135 1304 ubi
2161 1245 2430 1303 consistat
2453 1242 2607 1308 illud,
2639 1241 2707 1294 ad
2746 1240 3046 1309 imaginem,
3080 1237 3131 1290 iu
3158 1250 3404 1304 corpore,
3436 1248 3504 1286 an

1939 1342 1992 1396 in
2045 1340 2247 1394 anima.
2301 1336 2366 1391 Et
2392 1335 2446 1390 in
2480 1331 2674 1403 primis
2707 1332 3008 1396 videamus,
3055 1328 3250 1396 quibus
3286 1337 3509 1378 utamur

1938 1431 2030 1502 qui
2074 1430 2225 1501 prius
2263 1434 2548 1491 asserunt;
2591 1438 2621 1480 e
2673 1437 2904 1493 quorum
2934 1435 3161 1475 numero
3193 1427 3275 1471 est
3304 1416 3509 1477 Melite,

1937 1522 2027 1592 qui
2057 1520 2258 1588 scripta
2282 1516 2524 1586 reliquit,
2549 1513 2743 1584 quibus
2771 1512 2967 1568 asserit
2995 1511 3158 1565 Deum
3186 1523 3509 1577 corporeum

1936 1628 2074 1668 esse.
2093 1611 2328 1668 Membra
2344 1609 2488 1664 enim
2517 1606 2611 1662 Dei
2636 1603 2898 1676 appellata
2913 1619 3034 1657 cum
3064 1602 3362 1671 reperiunt,
3382 1613 3513 1654 ocu-

1939 1707 2017 1760 los
2047 1703 2136 1758 Dei
2160 1701 2507 1771 respicientes
2534 1707 2732 1752 terram
2770 1696 2836 1763 ⁸⁸,
2861 1703 2915 1748 et
2947 1708 3106 1748 aures
3129 1692 3246 1761 ejus
3272 1690 3512 1744 intentas

1937 1809 2056 1850 esse
2077 1795 2140 1848 ad
2173 1805 2361 1862 preces
2391 1788 2664 1857 iustorum
2691 1786 2759 1851 ⁶²;
2778 1795 2863 1840 et:
2889 1783 3076 1852 Olfecit
3101 1781 3350 1835 Dominus
3381 1779 3512 1832 odoo'

1866 1879 1906 1932 Β
1937 1903 2043 1940 rem
2078 1883 2354 1940 suavitatis
2373 1881 2448 1946 ‘3;
2477 1888 2533 1936 et
2559 1896 2573 1933 :
2605 1879 2677 1935 0s
2711 1877 2920 1931 Domini
2946 1874 3174 1928 loculum
3207 1882 3281 1926 est
3311 1872 3411 1924 ista
3442 1869 3509 1934 “,

1934 1991 1988 2035 et
2031 1976 2314 2034 brachium
2363 1973 2480 2039 Dei,
2517 1981 2570 2027 et
2604 1985 2816 2034 manus,
2869 1977 2922 2023 et
2955 1967 3140 2036 pedes,
3179 1977 3234 2019 et
3276 1964 3508 2033 digitos;

1933 2072 2116 2128 statim
2158 2069 2394 2124 inferunt
2431 2068 2547 2121 haec
2607 2062 2740 2118 nihil
2774 2061 2919 2116 aliud
2956 2061 3152 2114 dooere
3180 2072 3342 2126 quam
3398 2055 3514 2110 for-

1936 2179 2076 2217 mam
2100 2160 2216 2215 Dei.
2236 2159 2520 2226 Quomodo
2539 2170 2694 2220 vero,
2714 2154 2888 2217 aiunt,
2909 2151 3055 2206 visus
3072 2159 3154 2204 est
3180 2151 3319 2203 Deus
3344 2149 3511 2201 Abra-

1937 2257 2039 2321 hae,
2091 2253 2223 2310 Mosi
2255 2261 2310 2308 et
2337 2251 2561 2317 sanctis,
2595 2249 2822 2303 formam
2849 2259 2954 2298 non
2987 2242 3232 2297 habens?
3278 2242 3417 2310 quod
3461 2238 3507 2293 si

1931 2347 2162 2403 formam
2193 2343 2420 2410 habens,
2438 2341 2654 2411 qualem
2689 2339 2946 2399 formam,
2973 2335 3016 2389 si
3048 2349 3151 2387 non
3185 2329 3508 2386 humanam?

1931 2449 1986 2496 et
2007 2446 2334 2496 coacervant
2380 2435 2530 2491 mille
2560 2435 2703 2498 loca,
2729 2433 2930 2503 quibus
2953 2431 3192 2484 membra
3214 2427 3306 2480 Dei
3324 2424 3507 2493 appel—

1932 2532 2133 2586 lantur.
2171 2531 2449 2584 Adversus
2493 2540 2630 2594 quos
2660 2524 2976 2580 certandum
3025 2530 3112 2576 est
3165 2521 3396 2589 primum
3441 2531 3510 2570 er.

1932 2624 2170 2679 dictione
2201 2621 2522 2690 Scriptum.
2555 2618 2619 2671 Et
2660 2633 2727 2672 ex
2755 2618 2987 2672 adverso
3033 2613 3355 2683 opponimus
3402 2610 3509 2673 bis.

1931 2719 2021 2788 qui
2055 2726 2252 2786 praater
2282 2714 2523 2768 litteram
2573 2711 2712 2765 nihil
2763 2716 2986 2770 norunt,
3020 2706 3315 2773 Scripturae
3347 2703 3509 2759 verba

1931 2823 2119 2864 eorum
2170 2805 2410 2876 opinioni
2457 2802 2757 2864 contraria,
2819 2814 2884 2854 ex
2932 2797 3193 2854 Zacharia
3251 2797 3505 2850 dicente:

1934 2902 2143 2971 Septem
2173 2897 2313 2953 oculi
2339 2895 2552 2949 Domini
2578 2894 2866 2964 respiciunt
2897 2908 3053 2960 super
3077 2890 3371 2944 universam
3401 2897 3510 2940 ter-

1931 3010 2047 3049 ram
2073 2992 2139 3047 ".
2185 2989 2340 3057 Quod
2390 2989 2435 3044 si
2482 2989 2622 3043 Deus
2675 2996 2882 3055 septem
2939 2984 3128 3038 oculos
3189 2982 3372 3047 habet,
3410 2995 3510 3035 nos

1931 3094 2110 3140 autem
2150 3083 2288 3137 duos
2325 3089 2555 3144 tantmn,
2589 3093 2694 3133 non
2744 3076 2810 3130 ad
2856 3076 3152 3146 imaginem
3182 3075 3301 3144 ejus
3341 3073 3509 3128 creati

1933 3194 2139 3234 sumus.
2167 3175 2273 3230 Sed
2305 3189 2482 3245 neque
2516 3186 2612 3226 nos
2642 3169 2852 3241 ιιι-ωιιὶιί
2889 3184 3074 3225 sumus
3103 3168 3227 3231 alis,
3262 3182 3386 3222 cum
3429 3174 3510 3219 ta-

1931 3286 2050 3326 men
2095 3270 2160 3324 de
2214 3269 2323 3322 Deo
2366 3267 2581 3321 dicatur
2629 3267 2680 3319 in
2716 3264 3068 3334 nonagesimo
3108 3261 3346 3331 psalmo:
3397 3255 3508 3311 Sub

1930 3362 2108 3426 pennis
2169 3359 2284 3428 ejus
2339 3357 2574 3427 sperabis
2646 3356 2712 3410 ⁸⁸.
2768 3354 2922 3422 Quod
2988 3353 3034 3409 si
3090 3351 3234 3406 Deus
3303 3362 3510 3417 pennas

1931 3454 2114 3518 habet,
2175 3468 2272 3507 nos
2327 3461 2506 3506 autem
2562 3465 2748 3510 sumus
2807 3446 3062 3504 animalia
3121 3446 3344 3500 minime
3376 3459 3511 3514 pen-

1932 3555 2056 3599 nata
2095 3585 2110 3608 ,
2169 3559 2273 3596 non
2349 3541 2524 3596 factus
2555 3549 2638 3596 est
2688 3541 2854 3595 homo
2898 3538 2964 3592 ad
3034 3537 3323 3605 imaginem
3391 3535 3507 3589 Dei.

1931 3636 2000 3690 At
2064 3634 2338 3704 quomodo
2407 3632 2648 3695 caelum,
2715 3645 2837 3684 cum
2909 3629 2982 3683 sit
3047 3626 3373 3696 aphaericum
3453 3632 3512 3679 et

1930 3743 2146 3799 semper
2199 3728 2446 3781 volvatur
2484 3765 2500 3788 ,
2571 3725 2796 3778 thronus
2859 3720 2952 3774 Dei
3019 3733 3144 3774 esse
3197 3724 3407 3787 potest,
3449 3725 3511 3768 ut

1934 3823 2031 3893 ipsi
2090 3817 2445 3876 existimant?
2496 3815 2606 3870 luto
2649 3815 2812 3869 etiam
2863 3823 3007 3867 terra
3054 3809 3324 3880 quomodo
3383 3821 3510 3860 sca-

1931 3914 2129 3970 bellum
2187 3910 2384 3981 pedum
2437 3907 2587 3976 ejus?
2619 3905 3005 3974 Respondeaut
3041 3902 3219 3956 nobis.
3257 3895 3508 3966 Nunquid

1931 4005 2076 4060 enim
2115 4018 2312 4072 corpus
2341 3999 2472 4055 illud
2507 3999 2650 4067 quod
2675 4013 2704 4050 a
2739 3995 2967 4066 genibus
2991 4007 3161 4061 usque
3202 3990 3269 4043 ad
3299 3988 3510 4057 plantas

1932 4096 2292 4169 protenditur,
2322 4091 2822 4162 comprehendente
2842 4088 2943 4141 hoc
2968 4086 3142 4155 spatio
3165 4082 3306 4151 quod
3341 4082 3509 4135 inter-

1933 4188 2077 4242 cedit
2103 4187 2244 4241 inter
2261 4183 2461 4238 ctxelum
2496 4189 2551 4235 et
2578 4189 2802 4243 terrain,
2835 4193 2956 4231 cum
2985 4185 3127 4230 terra
3163 4173 3301 4229 sitin
3329 4171 3507 4226 medio

1934 4281 2096 4333 totius
2119 4277 2326 4342 mundi,
2363 4283 2419 4329 el
2447 4273 2792 4330 contineatur
2816 4272 2883 4325 ah
2920 4271 3056 4340 ipso,
3086 4279 3144 4322 ut
3167 4268 3508 4322 demonstra~

1934 4373 2168 4428 tionibus
2217 4371 2512 4424 linearibus
2551 4373 2786 4428 constat,
2832 4363 2971 4429 apud
3007 4376 3105 4414 nos
3139 4369 3265 4415 sunt
3307 4359 3507 4427 plantae

1937 4468 2052 4533 Dei,
2080 4483 2146 4521 an
2173 4465 2312 4533 apud
2333 4456 2752 4516 antichlhonas?
2780 4457 2846 4508 Et
2875 4471 2941 4508 an
2969 4454 3276 4508 universam
3305 4460 3506 4505 terram

241 4581 353 4625 σιν,
385 4563 418 4632 ἦ
452 4561 549 4615 καὶ
594 4561 757 4614 πλέον
792 4577 844 4612 τι
893 4559 1369 4630 ἐπιλαμϐάνουσιν,
1418 4561 1450 4632 ἢ
1493 4561 1709 4615 ἔλαττόν
1740 4577 1826 4624 τι;

1935 4570 2174 4615 nostram
2227 4555 2456 4624 replent,
2499 4551 2791 4607 autetiam
2841 4546 2961 4616 plus
3018 4544 3507 4612 comprehendunt,

240 4656 606 4725 Διεστήκασιν
645 4655 694 4705 oi
742 4653 899 4715 πόδες
944 4651 1110 4705 αὑτοῦ
1158 4653 1245 4706 διὰ
1287 4654 1386 4716 τὰς
1420 4653 1690 4717 θαλάσσας
1735 4654 1827 4706 καὶ

237 4749 373 4808 τοὺς
409 4745 706 4812 ποταμοὺς,
741 4744 774 4813 ἢ
805 4743 896 4796 καὶ
925 4747 1036 4806 τοῖς
1071 4742 1258 4798 ὕδασιν
1299 4745 1670 4811 ἐπιϐαίνουσι;
1705 4745 1828 4808 Πῶς

236 4839 296 4890 δὲ
340 4831 404 4890 οὗ
443 4839 473 4888 ὁ
525 4834 839 4906 τηλικοῦτος
882 4836 1109 4907 οὐρανὸς
1155 4835 1361 4906 θρόνος,
1395 4838 1489 4892 καὶ
1532 4838 1660 4909 ἡγῆ
1695 4838 1827 4890 ὐπο-

1936 4649 2216 4707 minusve?
2253 4647 2536 4701 Distantne
2563 4641 2727 4711 pedes
2748 4640 2867 4710 ejus
2887 4648 3108 4705 propter
3131 4637 3300 4690 maria
3326 4645 3379 4690 et
3407 4633 3508 4687 llu~

1936 4743 2102 4806 utilia,
2140 4748 2232 4794 aut
2263 4740 2427 4794 etiam
2465 4737 2517 4790 in
2580 4736 2737 4802 aquis
2783 4732 3071 4786 insistunt?
3100 4729 3193 4785 sed
3234 4729 3505 4798 quomodo

1938 4837 2004 4902 is,
2031 4833 2185 4903 cujus
2215 4841 2424 4888 tantum
2447 4828 2642 4884 cretum
2672 4827 2900 4882 thronus
2933 4837 3040 4893 est,
3059 4841 3122 4880 ac
3147 4833 3291 4878 terra
3314 4821 3505 4892 pedum

311 4953 357 4983 ”
394 4951 528 5006 Gen.
563 4968 598 5005 ι.
645 4952 736 5007 22.
807 4953 853 4985 ⁶⁰
881 4952 1074 5021 Gen.t,
1099 4955 1190 5011 26.
1267 4957 1458 5015 “Psal.
1481 4973 1532 5020 ο,
1561 4957 1613 5011 6.
1691 4957 1734 4989 ⁸³
1762 4955 1829 5011 Ps

1934 4969 2124 5018 χχχιιι,
2151 4951 2238 5007 16.
2294 4949 2339 4983 ⁸³
2361 4948 2499 5005 Gen.
2525 4961 2644 5012 vut,
2666 4945 2755 5001 2|.
2830 4945 2876 4976 “
2902 4944 3004 5000 lsa.
3037 4960 3076 5011 ι,
3100 4942 3192 4997 20.
3268 4941 3312 4973 ⁸⁵
3338 4940 3504 5002 Zach.

236 5039 316 5089 Iv,
345 5025 435 5077 lt).

311 5112 430 5184 (‘29)
473 5113 774 5184 Σημαίνει,
807 5125 911 5168 etc.
944 5115 1134 5170 Exstat
1175 5119 1279 5170 hoc
1326 5115 1571 5170 scholion
1621 5115 1672 5168 in
1728 5115 1822 5169 iis-

238 5183 369 5261 dem
399 5183 1054 5261 Schedis_Combelisianis
1076 5188 1406 5256 exscriptum
1431 5202 1461 5239 e
1484 5186 1689 5241 Catena
1718 5202 1818 5243 tus.

243 5252 657 5318 Monspeliensi.

317 5321 435 5394 (50)
467 5323 968 5393 Προδιαληπτέον,
1001 5334 1107 5381 etc.
1162 5325 1428 5396 [ntegrum
1484 5327 1650 5380 hocce
1681 5323 1823 5396 _fra-

241 5407 532 5466 gmentuut
570 5395 804 5466 habetur
843 5400 984 5466 apttd
1021 5394 1419 5450 Theodoretum
1454 5406 1644 5466 qutest.
1672 5394 1741 5449 20
1769 5397 1820 5449 in

241 5465 480 5546 (lienes,
513 5473 568 5518 et
593 5464 808 5536 Origeui
837 5464 1001 5523 etiam
1035 5468 1278 5520 tribuunt
1311 5464 1522 5522 schedio
1551 5466 1823 5521 Combel‘t-

239 5550 438 5590 Slaﬂﬂ’.

315 5606 432 5729 (512
459 5606 749 5687 Μεςλίτων,
785 5617 892 5664 etc.
930 5606 1062 5661 Hinc
1105 5615 1254 5660 certo
1281 5605 1489 5661 discere
1533 5614 1617 5661 est
1658 5606 1826 5677 quod-

321 5687 374 5729 in
433 5691 571 5728 uertt
609 5689 982 5729 argumentum
1027 5679 1206 5729 oneris
1247 5677 1333 5729 cui
1385 5677 1566 5729 Melita
1611 5677 1822 5729 titulum

241 5687 374 5729 nam
409 5677 571 5729 fuerit
609 5689 982 5742 argumentum
1027 5679 1206 5743 operis
1247 5677 1333 5731 cui
1385 5677 1566 5731 Melita
1611 5677 1822 5730 titulum

242 5745 460 5827 iecerat
487 5747 624 5827 Depi
656 5748 1016 5827 ergoimmo
1044 5746 1212 5812 Θεοῦ,
1240 5747 1520 5827 tttnlegitur
1543 5750 1684 5827 apud
1723 5749 1826 5801 Ειιο

241 5817 461 5869 seltium
498 5808 586 5887 ιιιῇ
625 5833 675 5870 ιν
721 5808 860 5871 Hist.
909 5817 1058 5876 θερί..
1097 5808 1215 5886 cap.
1251 5817 1342 5882 ί26,
1377 5808 1431 5872 Et
1465 5808 1601 5887 apud
1634 5808 1824 5872 Hiero-

243 5903 471 5957 nymum
523 5885 632 5943 Vir.
661 5888 882 5953 illustr.,
913 5903 1031 5956 cap.
1069 5885 1173 5942 ‘24.,
1194 5888 1354 5943 Certe
1380 5885 1640 5960 Origenes
1671 5888 1822 5945 Meli-

515 5023 560 5054 ⁶⁶
594 5023 736 5076 l’sal.
777 5038 862 5086 xc,
886 5023 939 5078 4.

1929 5121 2112 5167 tonem
2172 5110 2376 5164 diserte
2421 5116 2674 5164 accenset
2718 5109 2783 5164 iis
2821 5109 2912 5177 qui
2965 5107 3132 5161 Deum
3177 5119 3501 5177 corporeum

1929 5199 2052 5240 esse
2087 5182 2419 5246 statuebant,
2445 5180 2646 5249 quique
2687 5175 2975 5247 imaginem
3021 5179 3114 5232 Dei
3156 5181 3220 5249 fin
3269 5175 3514 5249 hominis

1929 5268 2160 5322 corpore
2203 5247 2524 5320 impressam
2558 5247 2689 5322 esse
2727 5249 3090 5322 aﬂirmabant.
3139 5248 3260 5322 Ajt_
3287 5247 3506 5322 insuper

1930 5314 2116 5393 ipsum
2141 5314 2561 5376 commentarios
2598 5321 2882 5393 reliquisse
2924 5314 3515 5393 Hspi‘TODAéTUéW-

1929 5385 2040 5450 ior—
2063 5390 2214 5448 εἶναι
2245 5393 2354 5445 τόν
2383 5393 2552 5446 Θεόν.
2598 5385 2730 5445 Huc‘
2758 5391 2892 5444 adde
2932 5385 3075 5460 quod
3110 5396 3164 5442 et
3191 5385 3512 5460 Gennadius

1933 5467 2008 5519 De
2058 5468 2232 5533 dogm.
2283 5461 2436 5526 ποίη
2466 5478 2514 5516 c.
2550 5462 2608 5524 4,
2655 5457 2962 5533 Melitoueni
3013 5471 3330 5527 corporeum
3371 5457 3510 5533 quid

1932 5537 1985 5590 in
2015 5523 2280 5590 Tt'itiitate
2323 5523 2618 5587 credidisse
2659 5533 2843 5585 tradit.
2891 5523 3180 5598 Perperam
3229 5540 3359 5598 ergo
3395 5523 3505 5598 Va_—

1932 5607 2098 5674 lesius
2129 5607 2271 5672 apud
2303 5601 2592 5674 Eusebium
2621 5602 2847 5674 titulum_
2861 5594 3040 5667 operis
3070 5598 3208 5674 ῌερὶ
3237 5594 3508 5674 arctoum

1932 5667 2236 5736 τοιίΘεόῦ,
2264 5676 2444 5739 vertit,
2478 5672 2693 5725 Librum
2727 5675 2789 5725 de
2819 5669 3196 5724 Incornatione
3226 5667 3340 5719 Dei.
3369 5667 3502 5720 Per-

1934 5763 2116 5814 peratn
2165 5747 2290 5799 item
2341 5743 2891 5814 Christopltorsonus,
2932 5739 3004 5792 De
3035 5739 3172 5814 _Deq
3198 5740 3501 5790 incarnato.

1933 5807 2166 5885 i’ropius
2202 5814 2267 5868 ad
2312 5831 2421 5867 rem
2459 5807 2686 5867 accessit
2711 5811 2981 5885 __liui_inu_s.
3026 5808 3101 5885 De
3133 5807 3240 5885 Deo
3285 5823 3513 5885 corpore

1929 5876 2343 5942 induto.~—Vitle
2377 5886 2600 5955 hujusce
2631 5882 2976 5938 Collectionis
2998 5893 3034 5936 t.
3062 5878 3120 5934 ν.
3144 5878 3298 5935 Ευιτ.
3331 5876 3497 5932 mw.
