3942 6394
509 361 584 418 as
1991 347 2336 446 ontcENEs
3709 353 3783 410 se

515 477 839 542 scabellum,
879 475 1154 558 invenitur
1189 475 1539 532 deambulare
1586 479 1640 534 in
1677 481 1790 536 solo
1813 484 2058 550 paradiso

2195 481 2374 534 πύδιον
2406 479 2514 534 τῶν
2547 478 2742 540 ποδῶν,
2772 479 2828 531 ἐν
2859 477 3003 548 μόνῳ
3023 477 3101 549 τῷ
3125 475 3436 548 παραδείσῳ
3462 473 3780 547 εὑρίσκεται

515 581 608 624 aut
635 579 856 640 apparet
889 569 1016 622 Mosi
1048 571 1101 620 iu
1136 569 1339 624 vertice
1392 575 1594 626 montis
1629 571 1802 627 Sina?
1853 575 1917 628 lit
1956 592 2090 646 quo-

516 662 675 715 modo
704 661 918 728 ille,qui
963 660 1090 715 talia
1127 662 1193 716 de
1235 661 1345 719 Deo
1370 663 1786 732 existimaverit,
1816 682 1918 721 non
1959 668 2091 721 stul-

514 763 605 810 tus
633 753 879 808 dicetur?
1329 825 1334 830 δ

515 866 626 938 26
653 865 856 923 Deinde
876 877 990 944 post
1022 867 1208 944 multa,
1228 870 1611 944 ‘quredisserit
1635 872 1736 926 ,σά
1776 876 2089 930 eversionem

868 940 1129 1008 ejusmodi
1154 940 1434 1007 opinionis,
1469 944 1701 1003 subiicit.

583 1029 687 1096 Qui
721 1045 852 1086 vero
883 1039 1092 1086 asseret
1125 1029 1278 1095 illud,
1310 1033 1379 1084 ad
1408 1033 1711 1103 imaginem,
1743 1051 1847 1090 non
1883 1036 1936 1090 in
1967 1051 2088 1091 cor-

509 1137 640 1192 pore
659 1123 993 1188 consistere,
1017 1122 1109 1177 sed
1135 1122 1190 1175 in
1212 1123 1392 1178 anima
1439 1125 1712 1191 rationali,
1744 1127 1939 1195 dogma
1976 1141 2089 1184 sta-

509 1223 625 1267 tuet
651 1230 755 1270 non
785 1217 1263 1284 contemnendum,
1284 1216 1749 1286 comprehenderis
1776 1235 1896 1288 quae
1913 1219 2084 1276 facul-

505 1316 648 1361 tates
679 1307 788 1362 sint
835 1307 1025 1376 ipsius.
1056 1307 1190 1362 Nam
1222 1323 1343 1377 quae
1392 1308 1447 1362 in
1486 1309 1704 1364 homine
1743 1322 1819 1364 est
1860 1311 2085 1368 facultas

504 1399 1216 1469 cognoscendi,judicandi,
1239 1401 1379 1455 bene
1405 1404 1670 1465 mercndi,
1705 1403 1936 1459 faciendi
1967 1423 2084 1475 qua:

499 1488 649 1558 iusta
690 1499 834 1555 sunt,
889 1491 1244 1557 fortitudinis,
1275 1502 1350 1558 et,
1381 1502 1439 1546 ut
1475 1492 1638 1547 semel
1671 1494 1868 1559 dicam,
1907 1499 2082 1553 ontnis

503 1582 629 1635 boni
667 1582 936 1649 effectrix,
972 1599 1001 1637 a
1039 1583 1148 1637 Deo
1181 1583 1280 1654 ipsi
1320 1593 1502 1639 creata
1552 1594 1634 1640 est
1664 1587 1729 1640 ad
1773 1588 2081 1656 imaginem.

499 1671 660 1737 Quod
691 1681 874 1726 autem
905 1689 1008 1726 non
1047 1673 1222 1726 forma
1251 1677 1522 1743 corporis,
1571 1679 1664 1732 sed
1693 1677 1937 1734 actiones
1991 1695 2080 1735 re-

2198 569 2535 644 περιπατῶν,
2569 570 2601 640 ἢ
2634 570 2692 623 ἐν
2738 573 2804 642 τῇ
2850 573 3060 643 κορυφῇ
3099 569 3194 624 τοῦ
3239 571 3370 624 Σινᾶ
3408 570 3654 640 φαίνεται
3699 567 3780 639 τῷ

2194 666 2401 735 Μωσῇ;
2430 663 2539 716 Kal
2574 662 2691 726 πῶς
2738 661 2914 718 ταῦτά
2960 680 3043 728 τις
3091 665 3220 736 περὶ
3264 663 3400 718 Θεοῦ
3453 660 3693 728 δοξάζων
3716 663 3778 716 οὺ

2197 753 2380 824 μωρὸς
2408 752 2730 824 λεχθήσεται
2752 769 2766 818 ;

2186 860 2332 916 Εἶτα
2358 865 2555 918 πολλὰ
2581 865 2732 934 πρὸς
2757 864 3104 934 ἀνατροπὴν
3141 866 3325 921 είπὼν
3354 865 3463 936 τῆς
3496 867 3776 934 τοιαύτης

2755 935 2942 1002 δόξης
2976 936 3199 1005 ἐπάγει.

2274 1026 2331 1078 Ὁ
2361 1026 2417 1080 δὲ
2453 1025 2677 1096 φάσκων
2709 1026 2770 1080 τὸ
2811 1026 2936 1080 κατ’
2978 1029 3184 1081 εἰκόνα
3210 1027 3319 1098 (5‘).)
3350 1027 3425 1101 μὴ
3464 1029 3520 1082 ἐν
3559 1028 3773 1098 σώματι

2191 1114 2348 1183 εἶναι,
2382 1121 2439 1172 ἐν
2460 1119 2516 1173 δὲ
2539 1122 2603 1191 τῇ
2636 1119 2824 1190 λογικῇ
2852 1118 3018 1190 ψυχῇ,
3053 1121 3389 1191 παραστήσει
3415 1121 3516 1173 οὐκ
3537 1120 3776 1174 εὐκατα-

2189 1213 2452 1284 φρόνητον
2496 1212 2690 1284 δόγμα,
2743 1209 3063 1266 καταλαϐὼν
3119 1213 3260 1276 τίνες
3317 1211 3573 1283 δυνάμεις
3631 1211 3774 1265 εἰσὶν

2187 1304 2377 1375 αὐτῆς.
2418 1305 2480 1359 Ἦ
2509 1305 2617 1378 γάρ
2654 1304 2927 1376 γνωστικὴ
2969 1303 3197 1376 δύναμις
3223 1307 3256 1375 ή
3285 1307 3342 1358 ἐν
3370 1304 3448 1376 τῷ
3473 1305 3770 1377 ἀνθρώπῳ,

2187 1398 2404 1468 κριτική
2441 1414 2501 1450 τε
2555 1397 2648 1450 καὶ
2701 1395 3038 1469 εὐποιητικὴ,
3092 1396 3546 1469 δικαιοπρακτική
3579 1415 3640 1451 τε
3673 1397 3773 1452 καὶ

2187 1489 2468 1560 ἐρρωμένη
2506 1489 2638 1560 (55),
2679 1490 2774 1544 καὶ
2813 1487 3151 1555 ἁπαξαπλῶς
3196 1490 3396 1553 παντὸς
3439 1489 3605 1544 καλοῦ
3650 1492 3774 1544 ἐπι-

2184 1581 2485 1653 τελεστικὴ,
2517 1584 2638 1636 κατ’
2665 1581 2846 1635 εἰκόνα
2878 1581 2982 1635 ὑπὸ
3005 1581 3097 1636 τοῦ
3122 1581 3256 1634 Θεοῦ
3285 1581 3573 1650 γεγόνασιν
3594 1581 3769 1653 αὐτῷ.

2186 1674 2305 1726 ’Ότι
2345 1672 2400 1726 δέ
2442 1674 2502 1726 τὸ
2548 1675 2668 1727 κατ’
2699 1673 2881 1727 εἰκόνα
2915 1675 2971 1726 αἱ
3010 1672 3233 1745 πράξεις
3277 1673 3768 1745 χαρακτηρίζουσι,

503 1771 830 1830 prmscntenl
866 1765 1021 1817 nobis
1069 1763 1360 1832 imaginem
1395 1764 1511 1829 Dei,
1558 1777 1745 1836 aperte
1794 1769 2058 1838 Apostolu:

2183 1764 2277 1817 xal
2323 1765 2444 1834 οὐχὶ
2478 1766 2510 1836 ή
2548 1764 2639 1818 τοῦ
2689 1764 2938 1836 σώματος
2972 1765 3171 1838 μορφὴ,
3210 1763 3396 1832 σαφῶς
3441 1767 3468 1818 6
3509 1765 3771 1817 Ἀπόστο-

504 1852 556 1904 in
576 1852 816 1920 Epistola
848 1855 912 1906 ad
941 1853 1264 1910 Corinthios
1279 1855 1410 1911 dicit
1431 1872 1444 1910 :
1467 1836 1923 1922 Quemadmodum
1957 1880 2054 1931 por

2181 1856 2270 1920 λος
2299 1858 2354 1909 ἐν
2385 1858 2450 1928 τῇ
2494 1857 2630 1928 πρὸς
2675 1836 2991 1928 Κορινθίους
3037 1836 3202 1930 φησί·
3232 1859 3438 1926 Καθὼς
3475 1857 3770 1928 ἐφορέσα-

504 1952 729 2005 lavimus
783 1953 1067 2017 imaginem
1111 1957 1324 2020 terreni,
1353 1957 1426 2012 ita
1442 1965 1707 2026 portemus
1734 1966 1782 2010 et
1797 1957 2078 2027 imaginem

502 2043 718 2096 (celestis
736 2043 800 2097 "’.
824 2043 888 2098 Et
915 2045 1206 2112 imaginem
1237 2055 1512 2101 terrenam
1532 2056 1734 2116 portat,
1761 2047 1852 2117 qui
1883 2062 2080 2102 secun-

500 2132 624 2185 dum
657 2148 874 2188 earncm
915 2137 1066 2199 vivit,
1091 2145 1144 2191 et
1183 2139 1396 2208 perﬁcit
1422 2154 1588 2207 Opera
1634 2139 1858 2193 carnis:
1890 2139 2080 2208 imagi-

499 2237 620 2277 nem
651 2239 780 2280 vero
816 2227 1079 2291 cmlestis,
1109 2228 1199 2295 qui
1252 2229 1445 2296 spiritu
1485 2241 1642 2284 actus
1671 2231 1853 2286 carnis
1884 2231 2073 2285 morti-

497 2314 646 2371 ﬁcat.
675 2316 740 2372 Et
769 2318 821 2372 iu
850 2319 958 2372 alia
988 2320 1215 2388 epistola
1247 2321 1371 2374 vitae
1387 2331 1651 2391 praecepta
1672 2322 1909 2388 tradens,
1936 2323 2077 2376 inter

493 2409 602 2462 alia
636 2409 916 2479 praecipit:
955 2408 1019 2463 Ut
1048 2411 1164 2466 sitis
1211 2413 1497 2466 secundant
1536 2413 1816 2482 imaginem
1841 2413 1959 2484 ejus
1987 2418 2074 2487 qui

495 2501 688 2553 creavit
721 2501 788 2555 ⁵³.
810 2501 950 2557 Deus
971 2501 1300 2572 longanimis
1322 2512 1406 2556 est
1429 2517 1443 2556 :
1467 2503 1536 2556 ita
1569 2503 1730 2558 homo
1751 2505 2074 2575 lougauintis

493 2591 659 2646 habet
711 2591 762 2645 id
807 2592 951 2661 quod
982 2601 1066 2645 est
1147 2593 1214 2646 ad
1274 2592 1564 2664 imaginem
1629 2596 1744 2650 Dei.
1792 2593 1978 2652 Justus
2020 2607 2074 2654 et

377 2721 384 2728 .
492 2691 716 2736 Sanctus
737 2693 823 2738 est
853 2682 1137 2748 Dominus,
1161 2682 1458 2738 miseratur
1478 2695 1531 2739 et
1553 2685 1886 2742 misericors.
1905 2687 2073 2759 Igitur

493 2771 584 2838 qui
615 2781 762 2826 amat
785 2771 1051 2840 justitiam
1101 2782 1154 2827 et
1193 2774 1564 2838 sanctitatem,
1590 2784 1644 2828 et
1673 2779 1882 2848 peragit
1908 2789 2071 2848 atque

491 2863 747 2917 observat
793 2874 1121 2934 praeceptum
1160 2866 1300 2920 istud
1347 2864 1649 2921 Salvatoris
1681 2884 1696 2922 :
1731 2869 1914 2925 Estote
1966 2874 2069 2925 mi-

488 2956 801 3022 sericordes,
841 2960 1279 3027 quemadmodum
1340 2958 1498 3013 Pater
1549 2972 1718 3015 vester
1769 2965 2066 3020 misericors

494 3059 569 3101 est
604 3048 682 3111 ";
708 3059 762 3104 et
797 3068 812 3104 :
845 3049 1026 3105 Estote
1053 3053 1294 3120 perfecti,
1319 3053 1451 3107 sicut
1477 3050 1636 3107 Pater
1663 3067 1829 3111 vester
1847 3061 2068 3117 ccclesiis

486 3139 749 3209 perfectus
769 3153 845 3197 est
859 3143 928 3212 ⁷ο,
961 3145 1018 3198 ιιι
1047 3145 1226 3218 imago
1263 3148 1352 3202 Dei
1379 3164 1482 3217 per
1503 3149 1708 3205 omnia.

558 3316 626 3371 Et
655 3319 1005 3376 dominamini
1036 3324 1270 3393 piscibus
1303 3327 1490 3392 maris,
1513 3337 1561 3381 et
1585 3327 1888 3386 volatilibus
1921 3333 2057 3396 caeli,

480 3422 530 3464 et
557 3415 797 3469 omnibus
839 3419 1128 3486 pecoribus,
1166 3430 1217 3472 et
1260 3423 1516 3476 universa:
1553 3432 1728 3489 terras,
1783 3436 1832 3480 et
1859 3430 2060 3484 cunctis

482 3506 754 3574 reptilibus
773 3525 890 3577 qua:
919 3522 1122 3579 reptant
1153 3530 1310 3581 super
1329 3516 1610 3570 terram".
1648 3517 2058 3575 Observandum

479 3606 567 3650 est
623 3601 954 3654 recenseuda
1011 3604 1373 3658 animantium
1427 3607 1731 3676 creatione,
1783 3610 1887 3666 alia
1936 3628 2058 3669 esse

475 3697 615 3756 cete,
649 3701 814 3761 atque
842 3691 947 3746 alia
987 3695 1195 3760 reptilia
1241 3696 1582 3763 animarum;
1627 3701 1753 3756 item
1786 3708 2057 3772 quomodo

476 3776 566 3831 hic
590 3779 805 3833 dicatur
830 3781 991 3836 homo
1023 3794 1344 3852 potestatem
1374 3787 1574 3842 habere
1606 3790 1832 3859 piscium
1854 3796 2052 3862 maris;

473 3879 827 3934 suppressum
858 3880 1042 3926 autem
1065 3875 1136 3928 sit
1159 3886 1405 3930 cetorum
1443 3894 1612 3946 genus
1639 3895 1703 3934 ac
1735 3884 2049 3941 bestiarum.

476 3953 592 4007 Non
633 3959 776 4011 enim
813 3963 1110 4028 putandum
1146 3974 1352 4022 temere
1398 3984 1504 4023 non
1537 3984 1658 4026 esse
1700 3973 1815 4028 haec
1845 3978 2047 4044 addita,

475 4063 597 4101 cum
621 4049 781 4105 facile
809 4054 1078 4110 conscribi
1107 4067 1288 4127 posset
1306 4077 1320 4114 :
1340 4059 1404 4114 Et
1422 4061 1771 4118 dominentur
1793 4068 2047 4137 piscium,

473 4155 537 4192 ac
565 4151 810 4197 ceterum
839 4147 1025 4209 maris,
1052 4156 1102 4202 et
1136 4148 1432 4205 bestiarum
1462 4161 1640 4224 terrm,
1671 4166 1726 4212 et
1747 4158 2047 4216 volatilium

471 4231 618 4298 caeli,
645 4244 808 4304 atque
831 4251 1111 4306 pecorum.
1134 4245 1210 4295 Ac
1235 4245 1633 4314 rugo,animum
1667 4250 1894 4308 adverte
1919 4270 2044 4308 num

472 4322 597 4378 inde
623 4327 966 4397 conficiatur,
997 4333 1140 4400 quod
1173 4334 1288 4388 lucc
1309 4335 1528 4394 silentio
1553 4357 1739 4411 pressa
1771 4344 1900 4412 sint,
1935 4363 2042 4402 non

468 4415 635 4470 fuisse
677 4431 869 4474 cuncta
902 4424 1152 4479 animalia
1203 4428 1254 4481 in
1290 4429 1524 4487 hominis
1555 4437 1784 4502 gratiam
1829 4449 2037 4502 creata,

2175 1966 2291 2020 μεν
2339 1949 2454 2017 τὴν
2491 1951 2698 2004 εἰκόνα
2744 1950 2850 2004 τοῦ
2896 1949 3128 2020 χοϊκοῦ,
3173 1951 3362 2017 οὕτως
3416 1951 3770 2020 φορέσωμεν

2181 2041 2279 2095 καί
2311 2041 2426 2110 τὴν
2469 2043 2674 2095 εἰκόνα
2710 2042 2818 2097 τοῦ
2847 2043 3228 2111 ἑποιερανίου.
3272 2044 3470 2097 Είκόνα
3507 2043 3606 2114 μὲν
3653 2044 3766 2116 γὰρ

2180 2134 2334 2203 φορεῖ
2365 2131 2552 2204 χοῐκὴν
2579 2135 2607 2186 6
2641 2133 2784 2186 κατὰ
2812 2134 2989 2205 σάρκα
3022 2134 3151 2200 ζῶν,
3183 2136 3277 2189 καὶ
3313 2134 3479 2189 ποιῶν
3509 2136 3578 2190 τὰ
3624 2135 3765 2206 ἔργα

2177 2223 2276 2293 τῆς
2306 2222 2537 2294 σαρκός·
2565 2223 2748 2276 εἰκόνα
2777 2224 2833 2277 δὲ
2859 2224 2952 2278 τοῦ
2985 2224 3306 2298 ἐπουρανίου
3336 2226 3364 2278 6
3389 2224 3466 2296 τῷ
3488 2225 3764 2297 πνεύματι

2176 2314 2276 2380 τὰς
2308 2314 2536 2386 πράξεις
2564 2314 2662 2388 τῆς
2695 2316 2898 2388 σαρκὸς
2933 2316 3196 2371 θανατῶν.
3242 2318 3352 2372 Kal
3396 2320 3453 2371 ἐν
3494 2319 3660 2390 ἑτέρᾳ
3706 2317 3765 2371 δὲ

2176 2410 2431 2480 ἐπιστολῇ
2459 2410 2725 2464 διδάσκων
2759 2411 2834 2474 ὡς
2859 2411 2940 2464 δεῖ
2971 2411 3139 2482 βιοῦν,
3174 2412 3424 2483 ἐπιφέρει
3452 2416 3570 2476 ταῖς
3610 2414 3763 2466 ἐντο-

2174 2497 2294 2564 λαῖς
2320 2499 2404 2564 τὸ,
2427 2501 2560 2555 Ἵνα
2583 2500 2841 2570 γένησθε
2877 2502 3002 2554 κατ’
3033 2503 3240 2555 εἰκόνα
3279 2500 3384 2554 τοῦ
3412 2503 3760 2571 κτίσαντος.

2174 2593 2376 2665 Κύριος
2429 2594 2799 2666 μακρόθυμος,
2837 2595 2935 2648 καὶ
2985 2597 3014 2648 6
3071 2595 3420 2667 μακρόθυμος
3470 2595 3760 2668 ἄνθρωπος

2174 2685 2285 2758 ἔχει
2313 2687 2374 2740 τὸ
2401 2687 2520 2740 κατ’
2545 2685 2727 2739 εἰκόνα
2747 2685 2902 2739 Θεοῦ.
2946 2686 3162 2748 Δίκαιος
3187 2685 3447 2767 καὶδὸσιος
3470 2689 3499 2740 6
3529 2687 3756 2759 Κύριος,

2172 2780 2266 2833 καὶ
2292 2779 2592 2851 οἰκτίρμων
2629 2780 2722 2832 καὶ
2759 2778 3004 2848 ἐλεήμων
3029 2778 3056 2830 6
3089 2777 3308 2849 Κύριος.
3338 2777 3544 2832 Οὐκοῦν
3572 2781 3601 2832 6
3625 2781 3759 2849 ἀγα·

2171 2873 2290 2925 πῶν
2315 2871 2662 2944 δικαιοσύνην
2690 2871 2784 2925 καὶ
2809 2871 3081 2940 ὁσιότητα,
3115 2871 3208 2924 καὶ
3238 2871 3489 2943 πράττων
3536 2871 3632 2926 καὶ
3663 2890 3757 2944 τη-

2170 2965 2280 3039 ρῶν
2319 2965 2416 3038 τὴν
2442 2965 2660 3037 ἐντολὴν
2685 2964 2780 3019 τοῦ
2819 2964 3072 3036 Σωτῆρος
3101 2962 3224 3034 τὴν,
3251 2965 3502 3018 Γίνεσθε
3533 2965 3754 3033 οἰκτίρ-

2165 3075 2371 3128 μονες,
2401 3058 2482 3124 ὡς
2507 3059 2605 3111 καὶ
2632 3061 2666 3112 ὁ
2692 3055 2896 3124 Πατὴρ
2923 3054 3089 3126 ὑμῶν
3117 3055 3430 3124 οἰκτίρμων
3451 3055 3604 3120 ἐστὶ,
3633 3056 3751 3121 καὶ,

2093 3182 2137 3242 C
2171 3152 2426 3206 Γίνεσθε
2457 3149 2692 3215 τέλειοι,
2743 3150 2824 3216 ὡς
2871 3151 2904 3203 ὁ
2947 3147 3150 3216 Πατὴρ
3396 3149 3430 3202 ὁ
3470 3147 3753 3242 οὐράνιος

2167 3242 2398 3309 τέλειός
2419 3243 2610 3308 ἐστιν,
2641 3240 2804 3296 είκὼν
2835 3241 3043 3310 γίνεται
3086 3239 3227 3294 κατὰ
3267 3239 3444 3292 πάντα
3467 3239 3560 3292 τοῦ
3587 3240 3747 3298 Θεοῦ.

2235 3334 2346 3388 Kal
2381 3333 2598 3403 ἄρχετε
2619 3333 2736 3388 τῶν
2758 3333 2979 3401 ἰχθύων
3004 3329 3112 3396 τῆς
3139 3330 3476 3399 θαλάσσης,
3507 3331 3604 3385 καὶ
3629 3332 3751 3386 τῶν

2163 3423 2450 3478 πετεινῶν
2464 3423 2572 3477 τοῦ
2586 3421 2865 3492 οὐρανοῦ,
2885 3421 2980 3476 καὶ
2994 3422 3234 3475 πάντων
3246 3419 3364 3474 τῶν
3373 3421 3631 3490 κτηνῶν,
3647 3423 3748 3477 καὶ

2160 3515 2363 3584 πάσης
2373 3514 2483 3584 τῆς
2496 3513 2629 3585 γῆς,
2645 3515 2741 3568 καὶ
2756 3512 2996 3567 πάντων
3009 3511 3124 3566 τῶν
3135 3509 3394 3579 ἑρπετῶν
3407 3511 3524 3566 τῶν
3537 3512 3748 3580 ἑρπόν-

2159 3627 2278 3663 των
2291 3610 2390 3663 ἐπὶ
2410 3608 2521 3678 τῆς
2535 3608 2666 3679 γῆς.
2689 3607 2966 3680 Τηρητέον
2979 3606 3088 3678 (54)
3103 3606 3179 3670 δὲ,
3191 3607 3272 3660 ὃτι
3293 3607 3350 3659 ἐν
3366 3605 3443 3676 τῷ
3460 3605 3744 3678 καταλόγῳ

2157 3700 2255 3770 τῆς
2279 3699 2388 3752 τῶν
2414 3698 2566 3764 ξὼων
2594 3697 2972 3770 δημιουργίας,
3005 3695 3140 3751 ἄλλα
3176 3697 3243 3751 τά
3286 3698 3445 3769 κήτη,
3485 3698 3578 3751 καὶ
3607 3698 3744 3752 ἄλλα

2157 3798 2362 3870 ἑρπετὰ
2399 3797 2615 3868 ψυχῶνο
2653 3799 2746 3852 καὶ
2781 3797 2858 3860 ὡς
2894 3795 3084 3867 ἄρχειν
3117 3792 3213 3847 νῦν
3253 3793 3360 3847 τῶν
3404 3793 3600 3865 ἰχθύων
3638 3795 3741 3866 τῆς

2157 3890 2486 3960 θαλάσσηςκό
2511 3889 2796 3961 ἄνθρωπος
2820 3888 3057 3958 λέγεται,
3084 3883 3420 3955 σεσιώπηται
3446 3885 3502 3939 δὲ
3528 3885 3589 3939 τὸ
3625 3886 3740 3942 τῶν

2155 3981 2334 4053 κητῶν
2354 3980 2509 4050 γένος
2533 3981 2626 4034 καὶ
2652 3981 2712 4033 τὸ
2736 3979 2844 4032 τῶν
2864 3977 3089 4050 θηρίων.
3114 3975 3188 4030 Οὐ
3212 3974 3319 4047 γὰρ
3351 3977 3526 4048 μάτην
3549 3977 3630 4031 δεῖ
3648 3996 3738 4032 νο-

2155 4074 2331 4146 μίζειν
2363 4073 2436 4145 μὴ
2460 4071 2842 4145 προστίθεσθαι
2872 4071 2964 4125 καὶ
2992 4067 3184 4131 ταῦτα,
3215 4067 3510 4141 δυναμένου
3533 4071 3734 4140 ἀναγε-

2149 4167 2416 4240 γράφθαι·
2454 4165 2564 4219 Kal
2590 4167 2908 4237 άρχέτωσαν
2949 4164 3059 4220 τῶν
3105 4165 3323 4236 ἰχθύων,
3348 4165 3443 4219 καὶ
3486 4163 3595 4217 τῶν
3633 4181 3735 4235 κη-

2147 4258 2256 4312 τῶν
2287 4259 2386 4328 τῆς
2444 4256 2738 4328 θαλάσσης,
2787 4257 2881 4309 καὶ
2920 4254 3026 4308 τῶν
3066 4255 3269 4327 θηρίων
3316 4256 3416 4327 τῆς
3461 4255 3585 4326 γῆς,
3637 4257 3732 4308 καὶ

2147 4349 2254 4404 τῶν
2300 4347 2565 4403 πετεινῶν
2616 4348 2710 4401 τοῦ
2753 4347 3004 4420 οὐρανοῦ,
3051 4349 3145 4402 καὶ
3186 4347 3295 4401 τῶν
3340 4347 3572 4418 κτηνῶν.
3617 4348 3729 4401 Καὶ

2144 4443 2469 4512 ἐπίστησον,
2534 4442 2583 4494 εί
2640 4439 2862 4494 δυνατὸν
2913 4441 3001 4494 διὰ
3055 4440 3116 4494 τὸ
3175 4438 3590 4510 σεσιωπῆσθαι,
3649 4441 3725 4512 μὴ

464 4510 561 4563 sed
618 4511 731 4566 haec
781 4529 1009 4584 quorum
1043 4519 1311 4573 dominari
1348 4519 1573 4592 dicitur,
1623 4542 1816 4597 nempe
1866 4529 2039 4600 pisces

2169 4510 2338 4590 πάντα
2369 4535 2436 4588 τά
2492 4533 2606 4599 ζῶα
2642 4533 2729 4587 διὰ
2765 4533 2857 4586 τὸν
2901 4533 3185 4604 ἄνθρωπον
3238 4533 3538 4603 γεγονέναι,
3588 4510 3725 4586 ἀλλά

467 4601 655 4668 maris,
691 4604 939 4661 volucres
967 4609 1112 4673 caeli,
1171 4627 1235 4666 ac
1265 4621 1424 4668 terra:
1458 4630 1678 4684 pecora,
1721 4618 1860 4675 forte
1908 4638 2038 4678 vero

461 4704 516 4748 et
548 4705 706 4751 terra:
737 4699 948 4767 reptilia
976 4704 1045 4757 ob
1071 4704 1308 4759 remedia
1340 4720 1552 4764 summe
1585 4715 1893 4769 necessaria
1916 4731 2039 4786 qua:

458 4805 524 4841 ex
561 4790 666 4846 illis
699 4792 1073 4852 inhumanum
1107 4816 1261 4856 usum
1295 4807 1662 4875 proveniunt;
1723 4824 1829 4864 non
1860 4819 2036 4866 latuen

457 4880 694 4937 hominis
717 4899 879 4940 causa
905 4898 1060 4944 cetos
1083 4908 1302 4960 Inagnos
1325 4912 1389 4952 ac
1412 4911 1570 4954 terra:
1601 4901 1803 4956 bestias
1823 4913 2037 4958 creatas

453 4984 593 5026 esse.
631 4970 765 5029 Nam
804 4976 1002 5048 alioqui
1034 4981 1085 5036 in
1116 4996 1386 5054 potestate
1438 4989 1640 5044 homini
1683 4993 1808 5046 data
1841 5007 2030 5048 eorum

451 5076 605 5120 esset
654 5073 1019 5127 nomenclatio
1053 5078 1259 5136 addita.
1315 5082 1431 5137 Non
1483 5087 1791 5142 invenimus
1850 5099 2027 5143 autem

452 5159 504 5212 in
559 5159 840 5229 Scriptura
889 5179 1203 5236 serpentqu
1245 5189 1414 5240 genus
1451 5177 1558 5247 27
1585 5180 1864 5248 reptilibus
1897 5197 2031 5235 con-

448 5255 749 5316 numerari,
784 5255 876 5309 sed
931 5258 1140 5316 bestiis.
1198 5264 1424 5336 Serpens
1480 5271 1642 5335 enim,
1682 5273 1878 5342 inquit,
1913 5285 2027 5330 erat

442 5344 886 5407 prudentissimus
919 5352 1149 5406 omnium
1168 5353 1448 5413 bestiarum
1467 5361 1530 5414 ⁷³.
1559 5360 1857 5419 luAclibus
1886 5381 2024 5435 quo-

519 5481 560 5511 "
597 5480 760 5540 lCor.
801 5503 892 5554 xv,
921 5489 1010 5546 49.
1090 5492 1135 5524 ⁸³⁸
1163 5492 1366 5550 Coloss.
1399 5513 1481 5560 In.
1511 5498 1600 5555 10.
1681 5503 1726 5535 °’
1753 5505 1884 5560 Luc.
1906 5520 1981 5571 vr,
2012 5507 2101 5561 56.

509 5619 877 5712 ¹κατ’
901 5629 1245 5693 εὶκόνα,ειο.
1299 5631 1586 5712 Imaginem
1611 5639 1699 5712 Dei
1721 5640 1773 5693 in
1803 5656 1906 5712 qua
1928 5643 2025 5697 lto-

447 5698 608 5781 iu‘i:
629 5706 780 5781 parte
802 5698 1131 5781 impressam
1151 5717 1274 5781 esse
1286 5698 1520 5781 sensitrit
1538 5698 2022 5781 Origenes,'dispu-

449 5759 1238 5851 tatlbtetiuspriyenianornnt
1263 5775 1362 5851 lib.
1383 5759 1664 5851 mquamst?
1687 5782 1774 5845 12,
1795 5759 1942 5840 num:
1961 5787 2011 5840 9.

517 5829 630 5901 (33)
674 5829 1014 5909 Ἑρῤωμὲνη.
1072 5843 1402 5902 Combeltsio
1428 5829 2014 5920 ἰέῗέέιὶῖιιὶιιῖἷ

2141 4628 2314 4684 ταῦτα
2343 4669 2358 4694 ,
2387 4622 2462 4683 ῶν
2485 4629 2673 4698 ἄρχειν
2697 4627 2930 4697 λέγεται,
2959 4627 3148 4698 ἰχθύας
3174 4627 3466 4697 θαλάσσης,
3499 4626 3590 4679 καὶ
3629 4643 3724 4680 πε-

2141 4720 2291 4774 τεινά
2325 4719 2577 4793 οὐρανοῦ,
2607 4721 2701 4774 καὶ
2739 4721 2912 4792 κτήνη
2955 4720 3056 4790 τῆς
3095 4719 3220 4789 γῆς,
3253 4719 3392 4790 τάχα
3425 4718 3484 4772 δέ
3529 4718 3623 4772 καὶ
3653 4721 3723 4772 τὰ

2140 4813 2347 4886 ἑρπετά
2374 4815 2472 4884 τῆς
2496 4815 2618 4886 γῆς,
2648 4813 2736 4866 διὰ
2769 4813 2867 4877 τὰς
2901 4813 3332 4882 ἀναγκαιοτάτας
3353 4811 3460 4865 τῶν
3499 4811 3719 4882 φαρμάο

2140 4922 2251 4958 κων
2292 4905 2478 4976 χρείας
2528 4907 2622 4962 ἀπ’
2669 4905 2848 4958 αὐτῶν
2899 4904 3262 4975 τελουμένας·
3294 4905 3356 4959 οὐ
3403 4905 3584 4976 μέντοι
3631 4904 3720 4958 διὰ

2137 4997 2228 5050 τὸν
2258 4997 2542 5070 ἄνθρωπον
2587 5003 2758 5056 ταῦτα
2808 4997 3046 5068 ἐγεγόνει
3094 4997 3162 5051 τὰ
3212 4999 3350 5070 κήτη
3394 4997 3463 5051 τὰ
3506 4997 3716 5068 μεγάλα

2137 5091 2228 5144 καὶ
2265 5091 2335 5144 τά
2365 5090 2529 5163 θηρία
2565 5093 2664 5162 τῆς
2695 5091 2818 5161 γῆς.
2845 5085 2920 5163 ⁷ῌ
2965 5091 3073 5162 γάρ
3108 5089 3173 5143 ἂν
3205 5089 3504 5162 προσετέθη
3535 5093 3598 5162 τῇ
3630 5091 3716 5145 δε-

2133 5183 2330 5256 δομένῃ
2357 5185 2576 5257 ἐξουσία
2602 5185 2708 5240 τῶν
2749 5185 3051 5257 ἀνθρώπων
3089 5187 3181 5238 καὶ
3212 5187 3244 5256 ἠ
3284 5185 3485 5240 τούτων
3515 5186 3714 5258 ὀνομα-

2134 5275 2243 5329 σία.
2287 5277 2398 5347 Οὐχ
2446 5277 2770 5349 εὑρίσκομεν
2789 5277 2846 5330 δὲ
2877 5279 2935 5330 ἐν
2978 5281 3044 5350 τῇ
3088 5278 3277 5350 Γραφῇ
3303 5277 3363 5331 τὸ
3393 5279 3500 5333 τῶν
3533 5278 3711 5348 ὄφεων

2132 5367 2288 5434 γένος
2333 5369 2392 5422 ἐν
2438 5370 2688 5441 ἑρπετοῖς
2728 5370 3076 5442 τεταγμένον,
3122 5373 3236 5425 ἀλλ’
3281 5372 3340 5425 ἐν
3392 5372 3617 5445 θηρίοις.
3653 5374 3706 5426 '0

2199 5512 2241 5541 ⁷⁰
2279 5511 2469 5567 Μαιιιι.
2508 5529 2560 5578 ν,
2589 5513 2681 5569 48.
2774 5515 2817 5547 ’³
2856 5515 2992 5570 Gen.
3017 5530 3056 5581 I,
3088 5515 3179 5571 28.
3291 5516 3334 5548 "
3367 5517 3612 5586 (icium,
3644 5521 3700 5576 2.

2132 5649 2404 5722 ἐρωμένη,
2439 5653 2582 5721 quod
2617 5668 2721 5708 non
2756 5655 2970 5709 videtur
2999 5655 3388 5710 necessarium.

2201 5722 2312 5798 (34)
2349 5724 2644 5798 Τηρητέον
2663 5723 2752 5794 δέ,
2777 5736 2882 5782 etc.
2913 5725 3176 5782 Exhibeut
3212 5729 3310 5782 hoc
3340 5727 3702 5798 fragmentum

2127 5794 2340 5848 scheda:
2372 5795 2614 5852 Cotnbel'.
