3978 6504
479 345 550 402 99
1953 330 2114 388 ORIG
2123 331 2208 386 EN
2218 331 2300 388 ES

3640 337 3741 392 100

482 470 615 523 Cum
653 467 793 521 inter
845 463 1129 533 legendum
1156 477 1184 514 a
1231 458 1430 516 fabulis
1475 468 1529 514 et
1571 475 1599 514 a
1629 456 1849 513 litterali
1884 457 2051 511 inter-

2165 455 2405 523 βρῶσιν.
2451 457 2618 510 Ὅταν
2674 455 3138 525 ἀναγινώσκοντες
3198 455 3308 527 (37)
3360 455 3740 527 ἀναϐαίνωμεν

485 561 786 632 pretatioue
837 557 1180 612 ascendimus
1229 563 1286 608 et
1333 553 1626 622 qurerimtts
1662 567 1910 621 quasnam
1963 550 2049 604 illa

486 656 623 724 ligna
677 651 782 706 sint
808 667 925 717 quat
973 649 1113 702 Deus
1141 649 1298 713 colit,
1328 647 1558 701 dicimus
1589 646 1639 699 in
1672 660 1737 700 eo
1762 645 1877 700 loco
1901 645 2052 714 ligna

481 764 600 818 qua:
630 761 789 801 sensu
816 744 1017 814 percipi
1051 752 1293 812 possunt,
1321 756 1423 794 nou
1450 739 1700 808 reperiri.

527 838 805 908 _Ejusdem
836 836 904 892 ⁸ο.
963 834 1190 887 Hortum
1237 835 1288 886 in
1333 831 1496 884 Edem
1526 830 1703 898 posuit
1759 829 2050 898 interpres,

483 931 594 1000 ipsa
622 945 751 984 usus
782 942 911 980 voce
958 925 1244 980 llebraica.
1285 913 1719 991 Proprie'autcm
1771 921 1934 975 Edent
1968 921 2052 974 in-

485 1019 825 1088 terpreteris,
855 1015 1028 1069 dulce.
1064 1014 1308 1068 Tradunt
1335 1028 1462 1081 ergo
1506 1011 1714 1066 llebrtei
1771 1013 1966 1074 locum,
1998 1013 2050 1066 in

482 1124 589 1177 quo
613 1109 925 1178 paradisum
961 1106 1039 1161 rel
1067 1109 1284 1159 ltortum
1320 1103 1580 1172 plantavit
1607 1101 1864 1181 Dominus
1891 1103 2050 1168 Deus,

486 1201 648 1255 Etlcm
675 1201 885 1260 vorari.
918 1209 971 1252 et
998 1199 1150 1252 aiunt
1183 1198 1354 1266 ipsum
1385 1195 1562 1249 mundi
1595 1195 1825 1248 medium
1855 1203 2057 1266 esse,ut

485 1292 740 1362 pupillam
775 1291 939 1357 oculi,
967 1305 1196 1357 eamque
1221 1290 1290 1341 ob
1321 1303 1430 1341 rem
1463 1286 1682 1340 [luvium
1724 1286 1923 1342 Pltisou
1974 1288 2055 1340 itt-

485 1387 769 1454 tcrpretari
804 1402 858 1439 os
903 1384 1138 1452 pupillw,
1165 1391 1220 1435 ut
1243 1380 1332 1449 qui
1363 1381 1568 1449 primus
1585 1394 1648 1432 ex
1679 1379 1840 1432 Edent
1864 1379 2054 1430 ﬂuvius

482 1479 808 1548 egrediatur.
870 1476 1021 1543 Quod
1075 1476 1316 1537 tradunt,
1373 1471 1634 1539 ejusmodi
1691 1482 1803 1524 est:
1867 1471 2051 1534 Edent,

482 1573 622 1639 quod
659 1569 1078 1633 interpretamur
1113 1566 1290 1628 dulce,
1320 1567 1470 1635 prior
1526 1564 1686 1618 ltorto
1714 1563 1952 1627 exstitit;
2001 1562 2052 1615 in

481 1676 547 1717 eo
571 1661 713 1717 enim
747 1663 936 1715 hortus
962 1669 1047 1714 est
1074 1659 1334 1713 consitus.

552 1939 618 1994 Et
645 1955 836 1994 aurum
868 1947 1023 1993 terra:
1051 1937 1192 1991 illius
1225 1938 1414 1990 bonum
1437 1935 1503 1989 ⁸⁸.
1529 1934 1663 1991 Cum
1692 1935 1848 1990 nobis
1879 1937 2051 1990 virtus

479 2050 542 2090 os
573 2035 841 2100 immutat,
870 2033 1189 2100 animusque
1212 2032 1474 2084 bonarum
1498 2031 1885 2100 cogitationum
1912 2045 2052 2083 com-

480 2141 576 2193 pos
607 2135 709 2189 est,
747 2136 872 2180 tunc
902 2126 1096 2177 bonam
1133 2123 1227 2176 alit
1253 2124 1581 2180 doctrinam.
1624 2137 1810 2190 quam,
1840 2132 1897 2174 ιιι
1929 2122 2053 2174 sub.

475 2221 710 2273 obscure
737 2216 1074 2287 siguilicaret
1096 2215 1405 2283 Scriptura,
1433 2214 1597 2268 dixit:
1627 2231 1813 2268 aurum
1837 2216 2050 2269 bonum.

549 2307 618 2362 Et
659 2324 844 2360 nomen
899 2307 1128 2359 secundo
1168 2305 1372 2374 ﬂumini
1423 2303 1598 2368 Ceon;
1641 2307 1738 2358 hoc
1791 2315 1866 2359 est
1912 2309 2050 2375 quod

475 2402 660 2455 circuit
692 2411 853 2453 totam
904 2409 1098 2452 terram
1155 2397 1444 2462 {Et/tiopiw
1474 2399 1540 2452 ⁸³.
1572 2398 1882 2466 Aﬂtltiopim,
1933 2413 2053 2468 qua:

480 2492 744 2547 llebraice
796 2491 998 2543 dicitur
1038 2489 1201 2555 (llius,
1252 2489 1526 2558 signiﬁcat
1569 2501 1746 2544 autem
1787 2492 2048 2545 tenebras.

479 2583 618 2653 Ergo
647 2587 715 2637 ab
749 2581 1052 2651 Etltiopia,
1107 2583 1210 2636 hoc
1240 2591 1343 2648 est,
1390 2597 1420 2634 a
1470 2583 1641 2646 Cltus,
1685 2589 1755 2638 ob
1813 2583 2050 2638 colorem

477 2683 656 2729 atrum
690 2689 853 2744 quem
889 2687 1002 2744 pra:
1029 2674 1244 2731 caeteris
1271 2674 1458 2728 habuit
1489 2674 1765 2732 fratribus.

553 2854 619 2910 Et
663 2858 837 2926 posuit
872 2857 1024 2910 illum
1071 2859 1124 2912 in
1154 2859 1402 2926 paradiso
1433 2857 1500 2910 ⁸³.
1525 2856 1624 2923 Qui
1676 2873 1770 2927 per
1809 2858 2048 2911 divinum

480 2947 751 3016 baptisma
800 2959 1179 3014 renascuntur,
1213 2949 1265 3002 in
1305 2949 1555 3017 paradiso
1597 2958 1892 3017 ponuntur,
1952 2950 2052 3002 hoc

478 3046 564 3092 est
628 3038 680 3091 itt
757 3037 1022 3102 Ecclesia,
1077 3051 1134 3092 ιιι
1196 3049 1489 3108 operentur
1543 3055 1663 3106 qua:
1696 3039 1861 3092 'intus
1903 3048 2049 3103 sunt,

2155 548 2263 602 ἀπὸ
2303 547 2410 601 τῶν
2453 547 2637 619 μύθων
2677 549 2770 603 καὶ
2802 550 2901 622 τῆς
2939 549 3079 603 κατὰ
3121 549 3182 603 τὸ
3212 549 3446 621 γράμμα
3487 550 3738 621 ἑκδοχῆς,

2155 639 2407 710 ζητῶμεν
2439 641 2560 694 τίνα
2600 640 2665 694 τὰ
2697 642 2828 708 ξύλα
2861 643 3008 695 ἐστὶν
3040 643 3241 706 ἑκεῖνα,
3276 641 3312 696 ἃ
3343 643 3371 694 6
3403 641 3533 705 Θεὸς
3559 659 3737 713 γεωρ-

2155 735 2266 800 γεῖ·
2305 732 2552 803 λέγομεν,
2587 735 2669 787 ὅτι
2698 735 2798 788 οὐκ
2826 735 2904 788 ἔνι
2937 733 3168 804 αἰσθητά
3201 734 3332 798 ξύλα
3365 736 3423 788 ὲν
3453 735 3532 806 τῷ
3564 734 3736 805 τόπῳ.

2229 825 2339 879 Τοῦ
2374 827 2578 880 αὐτοῦ.
2610 828 2856 882 Τέθειται
2895 829 2951 880 ἑν
2977 829 3041 898 τῇ
3075 829 3338 899 ἑρμηνείᾳ
3371 828 3503 900 (58),
3537 828 3742 896 κῆπον

2153 917 2222 969 ἐν
2268 918 2453 988 Έδὲμ,
2481 920 2618 990 αὐτῇ
2652 920 2982 992 χρησαμένῳ
3003 922 3068 991 τῇ
3109 921 3367 993 Ἐὀραῖκῇ
3391 921 3554 986 λέξει.
3582 922 3741 976 Ἔστι

2158 1011 2256 1081 μὲν
2302 1007 2394 1064 οὖν
2444 1013 2706 1083 ἑρμηνεία
2755 1013 2848 1065 τού
2891 1013 3051 1084 Ἐδὲμ
3103 1015 3307 1086 κυρίως
3351 1013 3485 1080 ἡδύ.
3529 1013 3740 1068 υύκοῦν

2157 1104 2599 1175 παραδεδώκασιν
2636 1106 2896 1177 Ἑϐραῖοι,
2925 1109 3004 1160 ὅτι
3037 1109 3064 1160 6
3095 1107 3256 1170 τόπος
3289 1107 3346 1157 ἑν
3373 1099 3416 1173 ᾧ
3446 1105 3739 1174 ἐφύτευσεν

2155 1197 2243 1251 τὸν
2288 1197 2612 1268 παράδεισον
2651 1196 2681 1267 ἢ
2716 1198 2805 1251 τὸν
2839 1199 3012 1268 κῆπον
3061 1198 3257 1270 Κύριος
3311 1201 3340 1252 ὁ
3378 1198 3529 1262 Θεὸς,
3577 1198 3740 1268 Ἐδὲμ

2156 1289 2426 1342 καλεῖται⁸
2462 1290 2556 1342 καὶ
2604 1290 2764 1358 φασιν
2810 1290 2972 1342 αὑτὸν
3008 1289 3170 1358 μέσον
3210 1285 3346 1342 εἶναι
3384 1289 3476 1342 τοῦ
3508 1291 3733 1360 κόσμου,

2153 1381 2228 1443 ὡς
2256 1382 2420 1452 κόρην
2446 1381 2723 1451 ὀφθαλμοῦ
2745 1399 2757 1411 ο
2791 1381 2871 1434 διὸ
2900 1383 2993 1434 καὶ
3013 1381 3103 1433 τὸν
3129 1381 3370 1450 ποταμὸν
3395 1381 3485 1433 τὸν
3507 1381 3733 1445 Φείσων,

2157 1474 2550 1544 ἑρμηνεύεσθαι
2583 1475 2776 1542 στόμα
2794 1475 2996 1541 κόρης,
3041 1473 3114 1537 ὼς
3159 1474 3224 1526 ἑκ
3244 1473 3334 1526 τοῦ
3382 1473 3541 1543 Ἐδὲμ
3567 1476 3734 1527 ἑκποο

2159 1570 2447 1641 ρευομένου
2478 1569 2568 1623 τοῦ
2593 1568 2836 1640 ποταμοῦ
2863 1568 2955 1622 τοῦ
2981 1567 3216 1638 πρώτου.
3247 1569 3312 1621 Ὃ
3334 1567 3390 1620 δὲ
3411 1568 3736 1640 παραδιδόα-

2158 1677 2260 1725 σιν,
2283 1660 2518 1714 τοιούτόν
2551 1662 2717 1713 ἑστινο
2769 1661 2947 1731 Ἐδὲμ,
2982 1660 3040 1724 ὃς
3087 1659 3445 1732 ἑρμηνεύεται
3494 1659 3633 1728 ἡδὺ,
3667 1655 3735 1730 ἦν

2159 1753 2286 1822 πρὶν
2318 1753 2407 1804 τὸν
2440 1753 2612 1822 κῆπον
2636 1752 2916 1822 γενέσθαι·
2949 1755 3006 1806 ἑν
3039 1751 3190 1822 αὐτῷ
3218 1751 3334 1824 γὰρ,
3357 1751 3452 1806 καὶ
3493 1753 3522 1806 6
3559 1752 3736 1823 κῆπος

2082 1807 2125 1862 Β
2158 1807 2448 1915 ἑιιὸυτεύθη.

2234 1935 2302 1989 Τὸ
2323 1936 2391 1989 δὲ
2416 1937 2673 2006 χρυσίον
2700 1936 2810 2005 τῆς
2842 1935 2953 2006 γῆς
2985 1936 3220 2002 ἐκείνης
3246 1937 3455 1990 καλόν.
3477 1936 3605 1990 Ὅτε
3638 1935 3740 1990 ἀλ-

2158 2028 2390 2082 λοιοῦται
2421 2029 2528 2098 (59)
2558 2030 2662 2082 ὑπὸ
2688 2029 2784 2099 τῆς
2808 2029 3006 2100 ἀρετῆς
3028 2026 3182 2098 ἡμῶν
3210 2027 3269 2079 τὸ
3295 2027 3489 2098 στόμα,
3512 2027 3604 2080 καὶ
3636 2046 3740 2082 κυ-

2160 2120 2326 2192 ριεύει
2349 2123 2381 2190 ἡ
2403 2119 2545 2191 ψυχὴ
2569 2121 2707 2173 καλά
2727 2121 2990 2192 νοήματα,
3009 2121 3127 2174 τότε
3151 2119 3338 2192 τρέφει
3367 2117 3508 2172 καλά
3532 2119 3741 2191 δόγμα-

2156 2229 2251 2266 ταο
2272 2212 2374 2265 ἆπε
2382 2230 2412 2284 ρ
2440 2213 2806 2283 αἰνιττόμενος
2829 2212 2857 2264 ὁ
2884 2212 3038 2280 λόγος
3052 2209 3223 2273 εἶπεν,
3239 2211 3498 2280 χρυσίον
3519 2212 3737 2265 καλόν.

2227 2305 2333 2358 Καὶ
2361 2305 2544 2375 ὄνομα
2563 2302 2642 2368 τῷ
2658 2304 2900 2374 ποταμῷ
2930 2304 3010 2370 τῷ
3035 2303 3308 2372 δευτέρῳ,
3335 2303 3499 2357 Γεὼν
3516 2321 3529 2334 ο
3557 2299 3741 2368 οὗτος

2159 2402 2191 2452 ὀ
2217 2397 2457 2453 κυκλῶν
2477 2398 2684 2452 πᾶσαν
2697 2398 2811 2466 τὴν
2833 2397 3281 2467 γῆν-Αἰθιοπίας.
3301 2395 3584 2458 Αἰθιοπίας
3599 2395 3737 2465 (ω),

2155 2491 2278 2560 ἥτις
2320 2492 2435 2544 ἐστὶ
2479 2491 2752 2562 Ἐϐραϊστὶ
2779 2489 2964 2556 Χοῦς⁹
3009 2488 3258 2558 σημαίνει
3305 2488 3397 2541 καὶ
3416 2482 3746 2538 σκότωσιν.

2171 2585 2300 2638 Ἀπὸ
2335 2580 2427 2637 οὖν
2477 2585 2575 2655 τῆς
2622 2585 2925 2646 Αἰθιοπίας,
2975 2581 3250 2634 τουτέστιν
3295 2578 3402 2634 ἀπὸ
3433 2577 3525 2632 τοῦ
3568 2575 3740 2640 Χοῦς,

2157 2676 2245 2729 διὰ
2276 2676 2334 2729 τὸ
2362 2677 2625 2740 σκοτῶδες
2651 2677 2750 2748 τῆς
2787 2671 3007 2746 χροίας,’
3027 2669 3090 2745 ἧς
3131 2673 3256 2743 ἔσχε
3284 2672 3434 2744 παρά
3475 2672 3600 2733 τοὺς
3625 2667 3740 2723 λοι·

2159 2770 2293 2833 ποὺς
2337 2768 2618 2838 ἀδελφούς.

2228 2861 2335 2915 Καὶ
2364 2861 2529 2915 ἔθετο
2556 2860 2742 2914 αὐτὸν
2774 2860 2842 2912 ἐν
2872 2857 2951 2924 τῷ
2996 2857 3355 2925 παραδείσῳ.
3400 2855 3462 2908 Οἱ
3505 2855 3740 2920 ἀναγεν-

2157 2952 2386 3022 νώμενοι
2420 2952 2528 3022 (Μ)
2559 2951 2646 3004 διὰ
2679 2949 2771 3003 τοῦ
2799 2949 2942 3002 θείου
2971 2933 3342 3019 βαπτίσματος
3371 2949 3426 2999 ἑν
3449 2946 3527 3017 τῷ
3561 2961 3743 3014 παρα-

2157 3045 2317 3115 δείσῳ
2357 3045 2611 3106 τίθενται,
2658 3042 2932 3096 τουτέστιν
2957 3044 3012 3094 ἑν
3053 3043 3118 3112 τῇ
3155 3041 3482 3110 Ἐκκλησίᾳ,,
3509 3036 3743 3109 ἐργάζε-

479 3129 746 3198 spiritalia
773 3145 974 3198 opera;
1005 3141 1062 3183 et
1091 3129 1360 3198 accipiunt
1396 3129 1730 3194 tnaudatum,
1769 3142 1827 3185 ιιι
1862 3145 2051 3186 omnes

2165 3141 2284 3193 σθαι
2328 3139 2395 3192 τὰ
2428 3138 2574 3191 ἔνδον
2616 3137 2743 3191 ὄντα
2793 3137 2929 3208 ἔργα
2971 3133 3338 3204 πνευματικόν
3379 3132 3472 3186 καὶ
3516 3131 3742 3202 ἐντολὴν

481 3222 676 3276 fratres
707 3221 954 3291 diligant,
995 3237 1059 3276 ac
1091 3222 1324 3276 fructum
1354 3222 1445 3291 qui
1472 3238 1538 3276 ex
1573 3222 1832 3291 patientia
1861 3239 2053 3293 prove-

481 3313 579 3375 nit,
612 3315 796 3376 edant,
829 3313 967 3367 sicut
998 3314 1203 3368 dictum
1253 3324 1370 3368 est:
1419 3315 1502 3368 Ex
1543 3317 1683 3369 omni
1714 3316 1874 3386 ligno,
1913 3319 2052 3386 quod

478 3413 552 3456 est
582 3405 637 3456 in
673 3405 946 3473 paradiso,
978 3421 1096 3458 esca
1127 3405 1246 3458 cdes
1283 3404 1348 3457 ⁸⁷⁵.
1383 3407 1512 3474 Ejus
1555 3420 1731 3460 autem
1769 3409 1860 3477 qui
1897 3425 2052 3478 rege-

482 3499 714 3560 neravit,
758 3508 1082 3567 prmcepttnu
1113 3499 1514 3565 transgreditur
1561 3500 1606 3554 is
1652 3503 1742 3569 qui
1787 3503 2054 3570 serpentis

480 3589 901 3660 cogitationibus
934 3605 1083 3653 usus,
1121 3589 1257 3643 alios
1289 3591 1508 3658 quidem
1537 3601 1596 3644 ut
1624 3593 1820 3661 probos
1855 3593 2047 3663 diligit,

479 3681 611 3738 alios
645 3692 823 3735 autem
853 3684 966 3736 odit
997 3692 1052 3735 ut.
1079 3681 1289 3746 malos;
1330 3683 1474 3750 quod
1501 3693 1582 3736 csl
1615 3684 1817 3751 lignum
1846 3684 2052 3738 sciendi

480 3775 684 3828 bonum
709 3789 720 3826 :
749 3775 891 3844 quod
929 3776 1021 3845 qui
1052 3777 1303 3830 licentius
1327 3777 1645 3842 gustaverit,
1669 3777 1916 3840 moritur,
1948 3793 2052 3829 non

481 3867 636 3934 quasi
665 3866 804 3919 Deus
829 3877 1054 3920 mortem
1083 3867 1300 3933 let-erit,
1328 3869 1418 3922 sed
1446 3869 1605 3920 homo
1631 3869 1719 3936 qui
1747 3870 2052 3937 proximum

480 3958 615 4012 odit.
640 3957 779 4010 Deus
807 3959 944 4012 enim
979 3970 1193 4012 mortem
1226 3976 1326 4012 non
1361 3961 1506 4028 fecit,
1538 3977 1627 4012 nec
1663 3962 1958 4014 delectatur
2001 3965 2054 4016 in

483 4051 776 4118 perditione
813 4052 1042 4104 vicorum
1073 4053 1140 4112 ⁸⁵;
1171 4067 1346 4121 neque
1394 4062 1644 4107 movetur
1690 4055 1784 4108 ira:
1836 4055 2052 4117 alIectu,

485 4160 582 4198 nec
614 4146 815 4214 cogitat
851 4144 1169 4208 vindictam,
1219 4159 1314 4202 aut
1347 4159 1588 4203 mutatur
1625 4158 1783 4216 prout
1822 4149 2058 4224 quisque

484 4236 891 4308 allectus29et
910 4238 1187 4306 dignusest
1212 4243 1526 4306 ;sedomuia
1549 4243 1669 4297 fecit
1696 4243 1746 4295 itt
1765 4243 2050 4312 sapientia,

483 4344 606 4380 cum
639 4329 788 4397 prius
809 4333 1110 4397 statuisset,
1133 4342 1189 4384 ιιι
1219 4334 1319 4388 sub
1336 4335 1562 4403 spiritali
1591 4336 2049 4405 legejudicentur.

485 4421 689 4476 Idcirco
711 4424 785 4478 ait
810 4425 968 4479 Adae:
996 4427 1112 4494 Qua
1135 4431 1216 4482 die
1236 4431 1471 4493 ederitis,
1491 4439 1655 4484 morte
1673 4429 1964 4482 moriemini
1982 4427 2048 4476 ⁸⁸.

2155 3230 2488 3302 λαμϐάνουσι
2523 3227 2728 3292 πάντας
2777 3228 2995 3298 ἀγαπᾷν
3038 3226 3164 3289 τοὺς
3201 3223 3484 3292 ἀδελφοὺς,
3514 3221 3742 3294 mi..th

2156 3323 2445 3396 ἐρχόμενον
2475 3321 2685 3394 καρπὸν
2717 3321 2782 3373 δι’
2811 3317 3094 3389 ὑπομονῆς
3138 3316 3354 3380 ἐσθίειν,
3385 3316 3526 3370 κατὰ
3571 3313 3632 3367 τὸ
3659 3313 3740 3369 εἰς

2157 3433 2224 3488 ρη
2235 3415 2411 3486 μένον·
2459 3413 2586 3468 Ἀπὸ
2615 3413 2838 3478 παντὸς
2863 3412 3054 3475 ξύλου
3076 3409 3181 3464 τοῦ
3202 3407 3364 3474 ἐντῷ
3395 3406 3746 3476 παραδείσῳ

2149 3508 2378 3577 ,βρώσει
2406 3505 2587 3576 ερατ-ᾖ.
2631 3504 2966 3577 Παραϐαίνει
3019 3503 3076 3557 δέ
3126 3520 3207 3568 τις
3249 3501 3348 3572 τὴν
3389 3499 3607 3571 ἑντολὴν
3636 3497 3740 3552 τοῦ

2156 3599 2424 3668 ἀναγεννή
2436 3614 2624 3660 σαντος
2649 3598 2677 3648 6
2717 3598 2829 3658 τοῖς
2861 3595 3034 3664 ὄφεως
3069 3595 3343 3666 λογισμοῖς
3371 3592 3742 3665 χρησάμενος,

2155 3694 2249 3748 καὶ
2282 3692 2510 3762 ἀγαπῶν
2538 3691 2663 3756 τοὺς
2695 3691 2790 3754 μὲν
2818 3690 2893 3754 ὡς
2925 3690 3213 3760 χρηστοὺς,
3237 3690 3361 3751 τοὺς
3391 3688 3447 3740 δὲ
3477 3686 3552 3750 ὼς
3573 3703 3747 3756 πονη-

2158 3787 2283 3856 ροὺς
2313 3785 2483 3856 μισῶν
2502 3801 2516 3814 θ
2541 3785 2677 3856 ὅπερ
2704 3783 2817 3837 ἐστὶ
2842 3783 2901 3836 τὸ
2933 3781 3086 3847 ξύλον
3111 3780 3203 3835 τοῦ
3230 3781 3515 3849 γινώσκειν
3549 3778 3741 3833 καλόν·

2154 3872 2214 3930 οὗ
2247 3881 2274 3931 ὁ
2321 3878 2762 3948 ἀπογευσάμενος
2805 3878 2924 3930 κατ’
2977 3875 3160 3929 ἄδειαν
3207 3873 3567 3944 ἀποθνήσκει·
3613 3870 3746 3941 οὐχ).

2153 3972 2246 4026 τοῦ
2271 3971 2404 4024 Θεοῦ
2426 3971 2515 4023 τὸν
2541 3969 2769 4024 θάνατον
2800 3968 3146 4039 ποιήσαντος,
3165 3964 3298 4019 ἀλλά
3325 3963 3416 4018 τοῦ
3445 3960 3744 4034 ἀνθρώπου
3803 3985 3811 3995 ι

2155 4067 2245 4120 τὸν
2286 4064 2511 4135 πλησίον
2561 4064 2911 4134 μισήσαντος.
2971 4059 3115 4125 Θεὸς
3167 4058 3278 4127 γὰρ
3316 4056 3577 4112 θάνατον
3621 4057 3745 4108 οὐκ

2154 4159 2460 4226 ἐποίησεν,
2485 4153 2626 4210 οὐδὲ
2653 4152 2925 4222 τέρπεται
2953 4152 3045 4205 ἐπ’
3061 4149 3324 4215 ἀπωλείᾳ
3341 4146 3591 4208 ζώντων·
3611 4144 3747 4198 οὔτε

2156 4253 2380 4304 κινεῖται
2406 4246 2566 4300 πάθει
2591 4245 2782 4316 ὀργῆς,
2816 4243 2934 4297 οὐδὲ
2976 4243 3180 4296 ἑπινοεῖ
3214 4241 3444 4312 πρᾶγμα
3490 4240 3567 4302 είς
3596 4237 3749 4307 ἄμυσ-

2156 4362 2272 4405 ναν,
2298 4341 2419 4395 οὐδὲ
2473 4338 2773 4393 ἀλλοιοῦται
2810 4336 2945 4408 πρὸς
3004 4335 3106 4405 τὴν
3148 4333 3379 4385 ἑκάστου
3413 4330 3567 4396 ἀξίαν
3599 4328 3744 4394 ἕξιν,

2155 4433 2289 4488 ἀλλά
2324 4432 2499 4485 πάντα
2549 4431 2606 4484 ἑν
2648 4427 2808 4499 σοφία
2851 4427 3126 4497 ἐποίησεν,
3166 4423 3270 4477 ὑπὸ
3303 4424 3452 4494 νόμῳ
3495 4438 3750 4490 πνευμαι

484 4513 549 4567 Ει
579 4514 656 4569 sic
683 4518 873 4570 statuit
902 4528 957 4570 ιιι
985 4535 1096 4572 rem
1129 4521 1429 4588 quamlibet
1448 4537 1550 4589 qua
1575 4521 1654 4574 vel
1675 4523 1872 4574 bonum
1899 4518 2048 4573 litvel

2165 4523 2291 4594 τικῷ
2340 4521 2618 4594 κρίνεσθαι
2665 4518 2977 4591 προορίσας.
3018 4517 3116 4570 Διά
3152 4516 3307 4570 τοῦτο
3348 4512 3439 4569 οὖν
3483 4513 3750 4586 λέγειτῷ

484 4605 706 4669 malum,
736 4609 1058 4662 naturaliter
1097 4611 1147 4664 id
1189 4611 1330 4680 quod
1369 4614 1504 4666 ratio
1557 4611 1752 4680 jusque
1798 4615 2054 4681 postulat,

481 4710 872 4768 citttsequatttr,
909 4717 972 4756 ac
997 4719 1099 4756 non
1138 4707 1284 4758 nudo
1313 4706 1574 4773 Cogitatu,
1608 4717 1661 4757 ιιι
1697 4705 1914 4773 quidam
1945 4706 2056 4758 cai-

483 4791 710 4846 stimant
741 4795 831 4862 qui
857 4795 1156 4864 spiritalem
1186 4797 1358 4866 legem
1391 4798 1660 4851 nesciunt.

554 5093 601 5124 '°
634 5091 774 5147 Gen.
807 5107 870 5157 ιι,
897 5091 1024 5157 8,9.
1123 5092 1166 5124 ⁸³
1199 5092 1329 5148 ibid.
1355 5095 1438 5148 12.

543 5209 666 5279 (57)
709 5209 886 5262 Ὅταν
943 5211 1489 5279 ἀναγινώσκοντες,
1537 5223 1644 5267 etc.
1710 5214 1896 5269 Exstat
1960 5217 2048 5275 bic

486 5281 717 5355 locusin
753 5281 1004 5334 oratiOue
1039 5283 1304 5355 Lustatltii
1334 5283 1408 5335 De
1448 5283 1874 5355 Engaslrimytho
1917 5303 2049 5342 con-

486 5363 564 5403 tra
615 5349 938 5418 Origeuetn.
992 5353 1146 5414 cujus
1197 5352 1357 5405 verba
1416 5349 1700 5420 postquam
1751 5349 1877 5409 ⁷ιιοιι
1932 5358 2050 5413 sine

486 5423 856 5506 ituligttatiotte
896 5423 1100 5510 retulit;
1132 5423 1280 5510 addit
1310 5441 1322 5474 :
1358 5422 1541 5510 Topica
1570 5423 1626 5505 δὲ
1677 5424 1756 5510 δη
1789 5429 2050 5510 τροπολο-

481 5492 690 5569 γῶνρύ
728 5490 940 5569 φρίττει
997 5491 1199 5562 μύθους
1246 5494 1535 5569 ῥνομὰζειν
1582 5494 1682 5544 ὅσα
1729 5490 2050 5569 δεδημιουρ-

485 5562 705 5632 Τηκὲναι
749 5562 847 5631 μὲν
903 5563 1193 5632 ἱστορεῖται
1239 5562 1390 5625 Θεὸς,
1423 5566 1450 5615 6
1488 5565 1543 5617 δὲ
1576 5562 1912 5630 πιστώτατος
1957 5562 2051 5620 τοῦ

485 5631 919 5706 θεοῦ-θεράπων
971 5631 1379 5706 ἐγραψεηηατ
1439 5637 1720 5706 allegorice
1767 5653 2052 5701 exponens,

485 5718 589 5754 non
627 5702 802 5774 horret
834 5702 1052 5769 fabulas
1082 5702 1346 5772 appellare
1392 5721 1508 5774 qua:
1547 5702 1712 5757 Deum
1758 5708 2056 5762 condidisse

485 5780 672 5848 narrat
713 5773 967 5848 historia,
1019 5773 1413 5848 fidissimusque
1462 5775 1578 5848 ejus
1624 5791 1800 5829 servus
1848 5779 2056 5844 scriptis

485 5843 827 5910 consignarit.
867 5843 939 5897 0r
965 5846 1120 5915 genis
1171 5847 1494 5901 sententiam
1527 5847 1592 5901 de
1641 5849 1898 5916 paradiso
1941 5843 2059 5904 fuse

1535 5094 1580 5126 ⁸²
1617 5094 1770 5160 ibid.,
1801 5095 1887 5151 l3.
1962 5098 2007 5130 ⁸³
2035 5100 2192 5171 ibid.,
2231 5103 2317 5168 16,
2351 5102 2440 5160 Π.
2515 5100 2565 5132 ⁸⁵
2599 5100 2731 5155 ibid.

2165 4617 2362 4688 ’Λδάμ’
2398 4609 2480 4687 τῌ
2504 4614 2554 4666 δ’
2595 4614 2672 4666 ἂν
2712 4611 2899 4682 ἡμέρᾳ
2933 4611 3157 4681 φάγητε
3179 4649 3193 4673 ,
3238 4608 3470 4690 Οανᾴτῳ
3511 4609 3752 4661 ἀποθα-

2150 4710 2370 4763 νεῖσθε.
2400 4709 2509 4761 Καὶ
2538 4705 2683 4760 οὕτω
2711 4706 2768 4759 δὲ
2802 4705 3015 4775 ἑκάστῳ
3051 4703 3130 4774 τῷ
3157 4702 3442 4774 πράγματι
3478 4697 3641 4753 καλοῦ
3675 4714 3750 4751 τε

2151 4803 2246 4857 καὶ
2275 4800 2444 4856 κακοῦ
2477 4798 2720 4868 φυσικῶς
2751 4795 3133 4850 ἐπακολουθεῖν
3159 4795 3220 4848 τὸ
3256 4794 3372 4846 δέον
3407 4793 3705 4860 ἀπένειμεν
3725 4809 3740 4821 ·

2149 4896 2245 4950 καὶ
2292 4894 2392 4948 οὐκ
2429 4890 2807 4962 ἑπινοητικῶς,
2861 4888 2936 4952 ὥς
2981 4905 3127 4952 τινες
3178 4885 3507 4958 νομίζουσιν,
3549 4885 3598 4936 οἱ
3641 4882 3750 4934 τὸν

2151 4985 2520 5059 πνευματικὸν
2558 4981 2876 5054 ἀγνοοῦντες
2903 4981 3084 5051 νόμον.

2823 5097 2870 5130 ⁸³
2895 5099 3021 5168 Sap.
3067 5114 3105 5158 1,
3141 5099 3226 5152 15.
3307 5096 3354 5128 ⁸⁸
3375 5096 3512 5153 Gen.
3541 5111 3602 5160 tl,
3642 5095 3747 5149 17.

2155 5220 2601 5344 aperit7Huetius
2648 5218 3094 5290 Origenianorum
3147 5216 3242 5270 lib.
3286 5233 3356 5284 ιι,
3393 5224 3584 5286 quaest.
3627 5213 3728 5281 12,

2157 5309 2308 5344 num.
2379 5334 2395 5344 .

2157 5309 2308 5348 nunt.
2345 5309 2364 5344 Ι
2379 5334 2395 5350 ο

2235 5363 2346 5432 (58)
2381 5361 2630 5418 Τέθειται
2653 5359 2724 5413 ἐν
2749 5358 2824 5428 τῇ
2843 5359 3143 5428 ἑρμηνείᾳ,
3160 5367 3268 5432 etc.
3283 5355 3559 5432 VExltibent
3587 5354 3750 5432 ltum:

2158 5427 2338 5488 locum
2387 5433 2599 5487 schedue
2645 5427 3062 5486 Combetisiaua:
3095 5433 3147 5483 ιιι
3183 5431 3379 5498 quibus
3425 5427 3751 5495 descriptus

2159 5505 2360 5559 dicitur
2389 5522 2418 5555 ιε
2448 5513 2644 5556 catena
2680 5501 2939 5567 Mouspel.

2233 5574 2346 5643 ('59)
2389 5573 2516 5625 Ὅτε
2553 5571 2922 5631 ἀλλοιοῦται,
2947 5579 3055 5623 etc.
3090 5567 3166 5622 Ex
3195 5569 3383 5624 eadem
3412 5575 3628 5622 catena.

2234 5642 2348 5714 (40)
2390 5643 2720 5707 Αἰθιοπίας,
2748 5655 2855 5714 etc.
2891 5642 2964 5694 Ex
2994 5643 3204 5714 eadem.

2235 5651 2326 5714 (40
2390 5651 2720 5707 Αἰθιοπίας,
2748 5655 2855 5694 etc.
2891 5651 2964 5694 tax
2994 5651 3204 5694 eadem.

2235 5651 2348 5785 (ili
2391 5717 2452 5766 Οἱ
2487 5709 2986 5782 ἀναγεννὼμενοι,
3028 5723 3136 5765 etc.
3182 5710 3374 5765 Exstat
3423 5709 3477 5764 itt
3523 5703 3757 5762 schedia

2163 5783 2600 5841 Cotttbelisianis.
