3978 6504
507 348 611 406 103

1937 344 2281 402 ORIGENES

3661 350 3754 406 101

581 468 649 522 Et
675 465 854 538 genuit
882 463 1165 518 secundum
1193 462 1363 517 idean:
1400 479 1549 518 suam
1571 471 1618 516 et
1649 463 1932 517 secundum
1959 463 2077 517 ima-

2259 462 2369 516 Καὶ
2385 462 2676 532 ἐγέννησε
2701 465 2851 518 κατὰ
2869 465 2976 533 τὴν
2997 465 3161 518 ἰδέαν
3177 461 3364 520 αὐτοῦ
3381 463 3640 519 καὶκατὰ
3654 467 3758 535 τὴν

505 561 676 631 ginem
706 573 855 612 suam
887 557 952 609 ".
979 556 1059 608 Ab
1083 557 1164 610 eis
1197 557 1290 626 qui
1317 565 1507 625 putant
1537 556 1680 610 aliu‘d
1715 556 1933 626 quidem
1962 571 2084 611 esse

507 652 799 720 imaginem
843 648 958 712 Dei,
997 647 1142 700 aliud
1182 663 1312 701 vero
1341 663 1464 701 eum
1491 649 1579 716 qui
1611 650 1906 703 secundum
1945 648 2082 701 ima-

506 745 685 815 ginem
723 741 897 794 iactus
929 751 1034 803 est,
1090 741 1444 809 quaerendum
1495 750 1580 795 est
1635 757 1762 794 num
1824 741 1964 794 aliud
2017 740 2086 794 sit

506 837 678 892 Adam
711 845 766 888 et
798 833 942 886 aliud
985 833 1161 902 imago
1197 833 1333 901 ejus,
1374 842 1428 886 et
1455 834 1746 934 atrgertius
1765 833 1983 901 quidam
2018 835 2087 888 sit

505 930 574 984 ab
604 928 696 981 illo
721 926 879 995 cujus
903 925 969 978 ad
1004 925 1292 993 imaginem
1321 924 1496 978 factus
1524 923 1608 978 e'st
1633 923 1821 977 Adam.
1858 925 2086 980 Utentur

504 1030 686 1073 autem
715 1020 800 1072 his
828 1020 1038 1072 verbis:
1073 1019 1312 1077 Domine.
1343 1017 1631 1070 incivitate
1671 1026 1762 1070 tua
1802 1018 2082 1086 imaginem

503 1116 738 1177 ipsorum
768 1112 836 1164 at!
859 1111 1079 1164 nihilum
1111 1112 1309 1179 redige:
1329 1109 1412 1174 “;
1446 1118 1501 1162 et
1534 1109 1673 1164 illis:
1721 1106 2086 1161 Verumtamen

505 1205 567 1258 ia'
606 1207 832 1273 imagine
875 1205 1156 1272 pertransit
1200 1205 1353 1256 homo
1376 1204 1445 1254 ⁸³.
1498 1203 1856 1269 Qtuerendutu
1906 1214 2085 1255 autem

504 1305 588 1351 est
623 1297 674 1348 in
703 1312 809 1364 quo
844 1294 1055 1349 dill'erat
1083 1295 1200 1346 idea
1231 1294 1399 1346 Adam
1431 1294 1497 1347 ab
1527 1293 1646 1361 ejus
1682 1294 1936 1362 imagine.

580 1387 647 1440 Et
681 1387 873 1456 placuit
924 1384 1104 1438 Enoch
1157 1384 1283 1448 Deo,
1331 1394 1607 1453 postquam
1645 1385 1818 1453 genuit
1870 1381 2088 1436 Mat/tu-

505 1479 678 1533 salam
705 1478 770 1531 ’⁸.
806 1478 860 1531 Si
902 1487 1187 1546 postquam
1227 1477 1413 1545 genuit
1440 1475 1819 1539 Matltusalam,
1859 1473 2084 1545 placuit,

505 1580 663 1624 antea
697 1571 991 1623 secundum
1024 1568 1360 1638 Scripturam
1389 1584 1492 1620 non
1527 1575 1645 1621 erat
1669 1577 1924 1636 acceptus
1952 1566 2080 1620 Deo.

508 1662 854 1717 Manifestum
915 1671 1000 1714 est
1051 1677 1174 1715 eum
1234 1661 1302 1716 ob
1359 1661 1732 1730 paenitentiam
1797 1660 2083 1729 placuisse,

507 1754 723 1824 quando
775 1753 959 1822 genuit
999 1753 1348 1806 emissionem
1397 1753 1610 1819 mortis,
1664 1766 1830 1822 quam
1898 1752 2086 1806 habuit

506 1849 823 1918 priusquam
853 1852 1165 1913 generaret.

579 1941 644 1993 Et
675 1942 810 1993 dixit
828 1938 1002 1991 Deus:
1029 1936 1217 1990 Delebo
1258 1935 1522 1988 hominem
1552 1951 1702 2003 quem
1737 1933 1840 2001 feci
1883 1951 1914 1988 a
1948 1934 2082 2002 [acie

505 2041 658 2084 terra:
691 2029 755 2083 ’⁷.
806 2027 922 2082 Non
987 2027 1236 2081 absolute
1288 2025 1499 2088 delebo,
1524 2025 1618 2078 sed
1655 2040 1684 2078 a
1741 2034 1908 2080 terra.
1965 2026 2079 2080 Non

503 2123 648 2175 enim
683 2122 818 2175 solet
858 2121 1078 2175 omnino
1110 2119 1277 2174 deleri
1313 2118 1407 2188 qui
1460 2117 1636 2172 factus
1665 2127 1770 2183 est,
1826 2118 2080 2188 quoniam

503 2211 596 2280 qui
630 2211 803 2266 factus
827 2221 938 2277 est,
970 2212 1035 2264 ad
1065 2209 1356 2282 imaginem
1388 2209 1484 2264 Dei
1506 2207 1686 2265 iactus
1730 2217 1834 2264 est.

573 2393 675 2449 Ha:
701 2403 818 2448 sunt
852 2393 1212 2464 generationes
1261 2394 1376 2450 Noe
1401 2394 1471 2460 ’⁸,
1498 2402 1607 2452 etc.
1637 2394 1697 2450 Si
1720 2396 2082 2452 communiori

503 2501 665 2541 sensu
698 2487 813 2539 haec
835 2487 1034 2552 scripta
1065 2498 1268 2550 essent,
1304 2488 1389 2542 bis
1421 2488 1631 2543 verbis:
1655 2486 1753 2544 Hae
1780 2499 2081 2559 suntgene-

505 2580 734 2632 rationes
777 2576 924 2642 Noe;
971 2577 1368 2648 adjungendum
1413 2591 1565 2636 erat:
1601 2580 1718 2634 Noe
1763 2583 1942 2651 genuit
1974 2592 2080 2636 tres

501 2671 662 2740 ﬁlios.
700 2669 856 2724 Nunc
905 2685 1032 2724 vero
1067 2673 1322 2740 quoniam
1357 2671 1584 2740 iustitia:
1633 2683 1749 2726 erat
1799 2677 2081 2744 generatio

501 2762 639 2833 ejus,
663 2764 815 2833 prius
849 2764 1052 2818 dictum
1083 2773 1186 2828 est,
1213 2767 1295 2820 Itw
1327 2774 1448 2820 sunt
1482 2767 1862 2836 generationes,
1899 2778 1952 2822 ct
1985 2769 2081 2822 ad-

502 2859 672 2914 ditum
697 2876 709 2911 :
738 2857 816 2910 vir
839 2867 951 2910 erat
968 2857 1168 2921 justus.

572 2970 684 3024 Deo
713 2971 910 3039 placuit
955 2967 1094 3025 Noe.
1143 2970 1334 3026 Cenuit
1380 2983 1554 3027 autem
1612 2971 1724 3025 Noe
1771 2984 1875 3026 tres
1914 2974 2078 3043 ﬁlios,

501 3060 643 3127 Scm,
664 3061 828 3114 Cham
850 3070 898 3114 et
919 3058 1107 3128 Japltet
1128 3062 1194 3118 ’9.
1221 3063 1391 3130 Supra
1423 3063 1621 3131 legitur
1645 3081 1657 3117 :
1689 3062 1832 3116 Viuit
1857 3064 2077 3118 Lanteclt

501 3167 668 3214 annos
699 3173 903 3214 centum
935 3172 982 3216 et
1007 3161 1271 3229 octoginta
1299 3170 1344 3212 et
1381 3170 1514 3221 octo,
1549 3169 1597 3213 et
1631 3161 1810 3229 genuit
1849 3159 1981 3216 Noe.
2009 3161 2076 3214 Et

499 3255 626 3306 vixit
669 3251 888 3305 Lameclt
941 3266 1214 3322 postquam
1259 3248 1587 3319 genuit-Nae
1632 3267 1796 3303 annos
1835 3267 1995 3316 bur,
2032 3263 2078 3304 et

501 3343 628 3410 facti
658 3355 776 3397 sunt
803 3361 978 3397 omnes
1019 3343 1128 3395 dies
1176 3340 1400 3394 Lameclt
1435 3342 1558 3394 anni
1589 3341 1898 3409 septingenti
1929 3343 2082 3410 quin-

497 3437 749 3505 quaginta
775 3448 896 3499 tres,
914 3446 958 3486 et
977 3444 1211 3485 mortuus
1232 3442 1325 3486 est.
1343 3432 1445 3503 31
1472 3433 1536 3486 Et
1554 3443 1663 3486 erat
1687 3432 1802 3486 Noe
1820 3449 2080 3485 annorum

498 3541 557 3591 ι),
602 3542 648 3580 et
691 3527 865 3596 genuit
919 3535 1021 3578 tres
1063 3523 1268 3592 ﬁlius‘.
1306 3523 1480 3578 Etiam
1525 3525 1614 3578 hic
1646 3540 1915 3578 annorum
1969 3523 2080 3578 Noe

497 3622 779 3688 sexaginta
836 3619 1076 3687 quinque
1119 3617 1545 3688 discrepantiam
1601 3616 2076 3686 deprehendimus.

500 3711 700 3764 Verum
747 3714 847 3764 hoc
880 3710 997 3764 loco
1026 3709 1310 3778 Scriptura
1343 3709 1479 3763 dicit
1507 3707 1618 3763 Noe
1646 3708 1753 3764 Deo
1784 3708 2076 3777 placuisse,

497 3806 645 3858 sicut
670 3805 834 3857 etiam
867 3803 934 3856 de
956 3802 1140 3856 Enocb
1168 3803 1432 3871 scriptum
1456 3811 1562 3855 est.
1588 3801 1720 3856 Nam
1749 3803 1836 3856 ille
1859 3817 2078 3871 quoque

497 3913 618 3948 cum
659 3895 862 3964 placuit
915 3893 1044 3957 Deo,
1077 3902 1206 3948 tunc
1237 3895 1534 3949 translatus
1566 3904 1647 3948 est
1687 3897 1753 3949 ab
1783 3910 1868 3948 eo.
1909 3894 2076 3948 Simi-

497 3985 624 4041 liter
656 3998 836 4039 autem
873 3995 926 4038 ct
956 3987 1054 4053 ipsi
1089 3984 1202 4039 Noe
1255 3987 1537 4056 sexaginta
1587 3986 1828 4054 quinque
1881 4001 2075 4052 annos,

497 4087 796 4147 antequam
829 4077 1062 4145 placeret
1091 4077 1200 4131 Deo
1251 4076 1481 4145 elapsos,
1497 4092 1602 4131 non
1634 4078 1966 4146 computavit
1997 4077 2078 4131 di-

497 4171 623 4224 vina
653 4171 955 4239 Scriptura.
986 4171 1157 4225 Sicuti
1189 4186 1288 4225 nec
1316 4171 1626 4224 Abt'abamo
1643 4171 1920 4236 sexaginta
1944 4169 2074 4226 anni

497 4263 622 4316 vita:
659 4274 952 4332 antequam
988 4265 1154 4317 Deum
1188 4272 1562 4332 cegnosceret,
1595 4265 1888 4332 computati
1921 4272 2073 4329 sunt,

497 4374 597 4412 nec
619 4356 836 4411 Euocbo
871 4358 1116 4425 triginta,
1146 4372 1245 4410 nec
1264 4356 1412 4410 Sauli
1439 4357 1652 4426 viginti,
1678 4374 1775 4413 nec
1798 4357 2073 4414 Salomoni

497 4452 878 4518 quadraginta,
916 4467 1011 4503 nec
1056 4451 1302 4502 Ezechiae
1335 4450 1756 4516 septemdecim:
1787 4453 1878 4506 sed
1908 4453 2072 4508 etiant

2184 555 2388 608 εἰκόνα
2425 555 2630 609 αὑτοῦ.
2681 557 2824 627 ΙΙρὸς
2857 559 2982 620 τοὺς
3019 557 3298 628 οἰομένους
3328 556 3437 626 (46)
3461 557 3625 628 ἄλλην
3665 558 3755 627 μὲν

2184 644 2324 700 εἶναι
2353 647 2450 716 τὴν
2482 647 2668 700 εἰκόνα
2700 647 2792 700 τοῦ
2827 648 2982 712 Θεοῦ,
3015 648 3169 701 ἄλλον
3203 649 3258 700 δὲ
3293 648 3384 700 τὸν
3419 648 3538 701 κατ’
3563 648 3756 710 εἰκόνα,

2185 739 2422 804 λεκτέον,
2452 741 2501 792 εἰ
2529 740 2684 804 ἄλλος
2723 740 2820 810 μὲν
2849 743 2877 793 ὁ
2920 741 3111 811 Ἄδαμ,
3147 741 3302 804 ἄλλος
3329 741 3385 794 δὲ
3417 743 3451 811 ἡ
3476 739 3637 794 εἰκὼν
3665 741 3758 793 αὑ-

2185 831 2278 886 τοῦ
2300 848 2312 861 ο
2347 832 2439 884 καὶ
2474 833 2521 884 εἰ
2548 832 2731 900 τρίτος
2761 831 2902 884 κατὰ
2927 832 3018 884 τὸν
3054 828 3114 886 οὗ
3147 832 3266 884 κατ’
3297 831 3478 884 εἰκόνα
3509 833 3538 884 ὁ
3575 832 3755 902 Ἀδάμ.

2185 923 2490 994 Χρήσονται
2519 922 2574 975 δὲ
2607 921 2713 993 τῷ·
2751 924 2946 990 Κύριε,
2979 924 3046 976 ἐν
3083 922 3157 991 τῇ
3201 925 3375 978 πόλει
3409 941 3524 977 σου
3554 921 3666 991 τὴν
3689 926 3760 975 εἰς

2187 1017 2336 1067 κόνα
2367 1012 2564 1066 αὐτῶν
2602 1013 3030 1080 ἐξουδενώσεις
3050 1031 3063 1044 ·
3109 1016 3202 1068 καὶ
3233 1013 3344 1084 τῷ’
3378 1014 3663 1083 Μέντοιγε
3698 1015 3760 1067 ἐν

2185 1110 2369 1162 εικόνι
2410 1107 2822 1175 διαπορεύεται
2869 1106 3197 1175 ἅνθρωπος.
3247 1107 3515 1177 Ζητητέον
3559 1107 3616 1159 δὲ
3664 1108 3760 1159 τίνι

2185 1201 2429 1273 διαφέρει
2472 1203 2506 1272 ἡ
2542 1201 2655 1254 ἰδέα
2700 1199 2870 1270 Ἀδὰμ
2917 1200 3015 1271 τῆς
3060 1200 3266 1264 εἰκόνος
3305 1199 3471 1252 αὐτοῦ
3508 1199 3642 1270 (47).

2259 1382 2658 1450 Εὑηρέστησε
2672 1380 2739 1435 δὲ
2755 1381 2942 1452 Ἑνὼχ
2971 1381 3050 1448 τῷ
3073 1382 3194 1449 Θεῷ
3206 1384 3356 1454 μετὰ
3377 1382 3444 1436 τὸ
3470 1383 3756 1453 γεννῆσαι

2187 1475 2376 1530 αὐτὸν
2399 1475 2507 1526 τὸν
2523 1474 2912 1528 Μαθουσάλα.
2930 1476 2991 1528 Εἰ
3011 1475 3146 1545 μετὰ
3172 1475 3232 1528 τὸ
3260 1477 3517 1546 γεννῆσαι
3543 1477 3654 1547 (48)
3678 1476 3762 1530 τὸν

2188 1567 2516 1622 Μαθουσάλα
2543 1567 2897 1638 εὑηρέστησε,
2936 1568 3040 1639 πρὸ
3065 1566 3254 1620 τούτου
3296 1569 3437 1621 κατὰ
3473 1569 3576 1639 τὴν
3628 1571 3760 1640 Γρα-

2189 1659 2294 1730 φὴν
2317 1660 2416 1713 οὐκ
2441 1656 2507 1730 ἦν
2541 1661 2849 1732 εὐάρεστος.
2884 1660 3070 1730 Δῆλον,
3091 1661 3173 1712 ὃτι
3227 1661 3291 1712 ἐκ
3319 1660 3606 1730 μετανοίας
3639 1661 3760 1729 εὑη-

2194 1753 2473 1823 ρέστησεν,
2508 1754 2595 1806 ὅτε
2630 1754 2917 1824 ἐγέννησεν
2951 1753 3046 1824 τὴν
3091 1752 3184 1806 τοῦ
3218 1752 3448 1807 θανάτου
3479 1752 3763 1817 ὲξαποστο-

2115 1842 2156 1896 Β
2184 1842 2301 1913 λὴν,
2345 1842 2402 1895 ὃν
2430 1839 2572 1914 εἰχον
2604 1844 2729 1916 πρὶν
2763 1845 3019 1915 γεννῆσαι
3053 1843 3234 1896 αὑτὸν.

2258 1936 2369 1988 Καὶ
2405 1932 2574 1989 εἶπεν
2611 1939 2643 1989 ό
2695 1937 2871 2002 Θεός’
2930 1937 3271 2004 Ἀπαλείψω
3296 1934 3403 1988 τὸν
3434 1935 3762 2002 ἄνθρωπον.

2189 2027 2262 2081 ὃν
2297 2029 2574 2096 ἐποίησα,
2613 2031 2729 2084 ἀπὸ
2783 2029 3106 2098 προσώπου
3139 2029 3247 2098 τῆς
3284 2028 3409 2099 γῆς.
3455 2031 3564 2099 Οὐχ
3600 2031 3763 2095 ἁπαξ-

2188 2120 2374 2183 απλῶς
2403 2121 2509 2192 (to)
2536 2121 2838 2190 ἀπαλείψω,
2873 2121 2987 2175 ἀλλ’
3023 2122 3130 2175 ἀπὸ
3154 2122 3252 2192 τῆς
3278 2123 3398 2193 γῆς.
3429 2123 3502 2175 Οὐ
3538 2123 3648 2192 γὰρ
3679 2125 3764 2176 πέ-

2190 2231 2328 2283 φυκε
2389 2214 2669 2277 παντελῶς
2725 2214 3116 2283 ἀπαλείφεσθαι
3161 2216 3191 2267 ὁ
3246 2213 3521 2284 ποιηθεὶς,
3563 2215 3690 2267 ἐπεὶ
3740 2217 3765 2268 ὁ

2188 2307 2434 2378 ποιηθεὶς
2464 2309 2582 2362 κατ’
2616 2309 2798 2361 εἰκόνα
2832 2307 2966 2362 θεοῦ
2996 2308 3308 2381 πεποίηται.

2258 2397 2444 2455 Αὗται
2471 2401 2538 2454 δὲ
2573 2405 2632 2455 αἱ
2666 2401 2933 2470 γενέσεις
2964 2401 3110 2465 Νῶε,
3143 2403 3235 2455 καὶ
3263 2401 3331 2456 τὰ
3368 2401 3516 2473 ἑξῆς.
3555 2403 3620 2455 Ei
3654 2420 3763 2456 κοι-

2188 2493 2405 2566 νότερον
2430 2495 2542 2566 (50)
2577 2498 2846 2568 ἐγράφετο
2877 2497 3072 2560 ταῦτα,
3099 2498 3263 2569 ἐχρῆν
3287 2498 3649 2570 ἐπιφέρεσθαι
3673 2495 3764 2566 τῷ,

2187 2582 2274 2646 Αὗ
2285 2603 2372 2638 ται
2407 2591 2464 2641 αἱ
2492 2587 2686 2657 rte-real
2727 2587 2870 2652 Νῶε,
2908 2589 3035 2642 Νῶε
3069 2589 3361 2660 ἐγέννησε
3392 2587 3546 2657 τρεῖς
3580 2589 3764 2655 υἱούς.

2187 2675 2302 2728 Νῦν
2352 2677 2407 2729 δὲ
2447 2678 2570 2730 ἐπεὶ
2620 2677 2963 2747 δικαιοσύνης
3003 2681 3036 2750 ἡ
3073 2679 3285 2748 γένεσις
3335 2678 3520 2741 αὐτοῦ,
3577 2677 3765 2748 προτέο

2186 2785 2383 2820 τακται
2419 2769 2516 2839 μὲν
2537 2773 2614 2832 τὸ,
2647 2765 2818 2833 αὗται
2851 2775 2908 2824 αὶ
2943 2771 3229 2841 γενέσεις,
3257 2772 3574 2842 ἐπιφέρεται
3600 2770 3657 2823 δὲ
3687 2772 3763 2836 τὸ,

2187 2860 2496 2930 ἅνθρωπος
2523 2860 2754 2928 δίκαιος
2781 2861 2883 2916 ὢν.

2264 2974 2348 3040 Τῷ
2395 2976 2515 3042 Θεῷ
2545 2977 2918 3046 εὺηρέστησε
2963 2978 3108 3034 Νῶε.
3166 2978 3485 3048 Ἐγέισνησε
3527 2976 3596 3031 δὲ
3647 2974 3764 3030 Νῶε

2187 3069 2341 3138 τρεῖς
2373 3070 2565 3136 υἱοὺς,
2602 3071 2707 3123 τὸν
2738 3072 2887 3141 Σίιμ,
2933 3071 3040 3126 τὸν
3082 3072 3228 3142 Χὰμ,
3261 3071 3366 3125 τὸν
3411 3071 3627 3139 Ἰἁφεα
3673 3070 3766 3121 Πε-

2108 3210 2150 3264 C
2190 3160 2358 3232 ριέχει
2385 3163 2442 3213 ἐν
2481 3164 2592 3224 τοῖς
2626 3161 2932 3233 ἔμπροσθεν
2982 3163 3111 3232 (5|),
3157 3163 3239 3215 ὅτι
3298 3161 3513 3228 Ἕζησε
3568 3162 3764 3229 Λάμεχ

2183 3254 2285 3318 ἔτη
2307 3253 2523 3306 ἑκατὸν
2545 3255 2639 3306 καὶ
2664 3255 3031 3325 ὀγδοήκοντα
3052 3255 3150 3310 καὶ
3165 3255 3338 3321 ὀκτὼ,
3358 3257 3452 3308 καὶ
3476 3253 3766 3322 ἐγέννησε

2182 3347 2329 3400 Νῶε.
2359 3346 2654 3412 Καὶέζίισε
2670 3347 2890 3418 Λάμεχ,
2902 3350 3051 3418 μετὰ
3067 3349 3130 3402 τὸ
3149 3349 3440 3419 γεννῆσαι
3458 3346 3651 3400 αὑτὸν
3669 3346 3766 3399 τόν

2182 3439 2330 3500 Νῶε,
2346 3438 2449 3506 ἔτη
2474 3443 2838 3494 πεντακόσια
2859 3442 2953 3494 καὶ
2982 3441 3278 3508 ἐξήκοντα
3302 3441 3399 3495 καὶ
3424 3442 3607 3497 πέντε
3623 3460 3637 3473 ⁸
3671 3442 3763 3496 καὶ

2179 3529 2460 3600 ἐγένοντο
2495 3529 2685 3585 πᾶσαι
2714 3536 2772 3586 αἱ
2818 3535 3028 3602 ἡμέραι
3061 3534 3265 3604 Λάμεχ
3298 3535 3402 3602 ἔτη
3433 3536 3764 3589 ἑπτακόσια

2179 3623 2276 3676 καί
2317 3623 2694 3689 πεντήκοντα
2726 3626 2874 3692 τρία,
2912 3627 3008 3679 καὶ
3053 3627 3339 3681 ἀπέθανε.
3379 3627 3490 3682 Καὶ
3529 3625 3611 3698 ἦν
3641 3627 3765 3682 Νῶε

2177 3717 2329 3770 ἐτῶν
2361 3717 2799 3780 πεντακοσίων,
2831 3719 2929 3771 καὶ
2959 3718 3252 3788 ἐγέννησε
3274 3720 3426 3788 τρεῖς
3447 3722 3635 3788 υἱούς.
3659 3723 3764 3774 Καὶ

2179 3811 2504 3883 εὑρίσκομεν
2529 3814 2584 3864 ὲν
2616 3811 2787 3882 τούτῳ
2816 3813 3113 3881 διαφωνίαν
3141 3814 3402 3883 ἐξήκοντα
3429 3815 3590 3867 πέντε
3626 3813 3762 3867 ἑτῶν

2177 3903 2268 3957 τοῦ
2290 3904 2430 3958 Νῶε.
2484 3905 2620 3957 Ἀλλ’
2655 3905 2888 3959 ἐνταῦθα
2917 3907 2950 3976 ή
2990 3907 3178 3980 Γραφὴ
3209 3907 3375 3976 λέγει,
3410 3909 3492 3961 ὅτι
3526 3907 3605 3978 τῷ
3647 3907 3762 3978 Θεῷ

2177 3995 2510 4065 εὐηρέστησε
2561 3996 2720 4061 Νῶε,
2763 3999 2948 4062 καθὼς
2994 4001 3303 4070 γέγραπται
3351 4002 3448 4053 καὶ
3485 4000 3618 4070 περί⁵
3671 3998 3760 4052 τοῦ

2190 4085 2376 4156 Ἑνώχ.
2418 4090 2680 4151 Κάκεῖνος
2719 4089 2828 4160 γὰρ
2857 4091 2944 4143 ὅτε
2982 4091 3314 4162 εὐηρέστησε
3351 4089 3431 4160 τῷ
3464 4090 3606 4161 Θεῷ,
3644 4091 3760 4144 τότε

2176 4179 2269 4231 καί
2300 4179 2598 4251 μετέθηκεν
2635 4183 2817 4237 αὐτόν.
2875 4184 3103 4254 Ὁμοίως
3137 4180 3227 4237 οὖν
3267 4185 3360 4236 καὶ
3392 4183 3486 4237 τοῦ
3532 4184 3659 4236 Νῶε
3696 4185 3761 4237 τὰ

2178 4271 2283 4342 πρὸ
2327 4271 2427 4343 τῆς
2463 4274 2870 4346 εὐαρεστήσεως
2904 4275 3169 4346 ἑξήκοντα
3196 4276 3290 4329 καὶ
3321 4276 3484 4328 πέντε
3532 4276 3632 4347 ἐτη
3663 4277 3760 4329 οὐκ

2176 4364 2459 4432 ἐλογίσατο
2493 4367 2641 4438 αὐτῷ
2693 4369 2726 4438 ἠ
2761 4367 2880 4422 θεία
2911 4370 3123 4442 Γραφή.
3155 4369 3364 4440 Ὥσπερ
3407 4371 3501 4422 καὶ
3531 4369 3625 4420 ἐπὶ
3666 4369 3759 4421 τοῦ

2188 4457 2437 4528 Ἀϐραὰμ
2463 4459 2562 4512 οὐκ
2595 4460 2846 4530 ἐλογίσθη
2879 4463 2956 4524 εἰς
2988 4461 3130 4532 ζωὴν
3155 4461 3225 4514 τὰ
3256 4461 3518 4531 ἐξήκοντα
3555 4460 3655 4530 ἐτη
3693 4462 3758 4514 τὰ

497 4543 641 4595 circa
676 4541 971 4596 Matbusala
1005 4547 1272 4606 reperitur
1293 4541 1590 4596 discrimen
1620 4558 1883 4597 annorum
1907 4545 2068 4614 quin-

2192 4551 2279 4622 τρὸ
2307 4551 2404 4621 τῆς
2427 4551 2752 4619 θεογνωσίας
2787 4553 2972 4617 αὑτοῦ,
3016 4555 3107 4606 καὶ
3137 4552 3230 4606 τοῦ
3281 4554 3448 4623 Ἑνὼχ
3474 4552 3568 4623 ἔτη
3604 4553 3758 4623 τριά-

495 4635 698 4688 decim.

2179 4658 2371 4695 κοντα·
2404 4644 2496 4696 καὶ
2535 4643 2629 4696 τοῦ
2674 4644 2844 4697 Σαοὺλ
2887 4643 2982 4713 ἔτη
3009 4644 3203 4708 εἴκοσι,
3235 4645 3329 4697 καὶ
3360 4643 3454 4696 τοῦ
3486 4644 3758 4714 Σολομῶν-

495 4745 585 4790 τος
608 4730 700 4800 έτη
725 4731 1146 4802 τεσσαράκοντα,
1169 4731 1260 4786 καὶ
1287 4731 1378 4786 τοῦ
1416 4730 1660 4796 Ἐζεκίου
1690 4732 1783 4805 ἔτη
1810 4732 1943 4789 δέκα
1970 4737 2064 4790 καὶ
2093 4738 2234 4791 ἐπτά
2253 4757 2265 4769 ·
2302 4739 2438 4793 ἀλλὰ
2468 4741 2560 4794 καὶ
2594 4742 2720 4813 περί
2747 4741 2840 4796 τοῦ
2897 4741 3231 4796 Μαθουσάλα
3285 4740 3598 4812 εὑρίσκεται
3644 4740 3757 4793 δια-

496 4823 670 4890 φωνία
698 4823 832 4876 ἐτῶν
851 4824 1162 4878 δεκαπέντε.

639 4999 686 5086 ⁸1³
713 4999 931 5086 (ἰξυῖ),
961 5005 1094 5086 1,5;
1167 5007 1213 5038 ⁸⁸
1242 5007 1380 5086 Psal.
1410 5026 1582 5077 ωεκιι,
1610 5011 1700 5067 20.
1778 5018 1823 5048 ’⁵
1863 5017 2002 5071 i‘sal.
2035 5035 2077 5072 κ·

2192 5035 2267 5085 ιιι,
2301 5019 2352 5074 7.
2430 5019 2477 5052 ’°
2508 5018 2650 5077 Gen.
2673 5035 2723 5086 v,
2746 5019 2838 5074 ‘22.

489 5072 536 5106 ⁹⁹
563 5071 721 5136 ibid.,
749 5072 804 5137 9,
840 5075 921 5126 Ιυ.
1004 5075 1017 5103 ¹
1055 5075 1189 5130 Gen.
1226 5094 1276 5142 ν,
1300 5080 1369 5131 ‘28
1399 5097 1547 5150 seqq.

555 5251 886 5378 {mea
942 5253 1085 5321 τοὺς
1146 5255 1493 5325 οιομένους,
1553 5267 1659 5314 clc.
1726 5261 1803 5314 Et
1869 5262 2056 5318 iisdem

489 5343 543 5382 sc
557 5340 728 5381 IletlIS.

561 5396 676 5469 (1H)
719 5395 852 5469 Post
874 5394 1038 5469 αὐτοῦ
1067 5397 1227 5469 codd.
1257 5398 1406 5466 Regii
1437 5400 1642 5454 addunt
1674 5401 1792 5455 sine
1820 5404 2063 5457 auctoris

488 5464 752 5542 nonnae:
793 5464 925 5542 Ἰᾅέα
980 5468 1128 5542 ἐστὶν
1175 5471 1208 5539 ὴ
1243 5464 1528 5541 σωματικὴ
1572 5471 1858 5542 ὁμοίωσις·
1901 5473 2062 5526 εἰκὼν

487 5535 542 5588 δὲ
656 5535 860 5611 ψυχικὴ
907 5535 1255 5602 κατάστασίς.
1309 5535 1436 5611 Ιίἰεα
1465 5535 1539 5594 est
1587 5535 1836 5611 corporea
1868 5546 2062 5596 simili-

490 5608 658 5667 tudo;
690 5609 865 5672 imago
898 5624 1016 5659 vero
1044 5611 1236 5662 animo:
1269 5609 1500 5663 habitus.

561 5675 672 5743 (48)
716 5678 782 5728 Εἰ
828 5677 978 5744 μετὰ
1023 5677 1088 5730 τὸ
1152 5677 1480 5746 γεννῆσαι,
1522 5692 1629 5736 etc.
1683 5680 1923 5737 [labetur
1972 5684 2062 5739 .ltic

492 5745 645 5799 IOCtts
681 5749 732 5796 in
765 5749 950 5798 llSut'lli
984 5745 1199 5800 scllrtlts
1233 5751 1528 5806 (IUtuIiclis.

568 5816 680 5883 (49')
722 5819 842 5884 Οὐχ
884 5817 1273 5886 ἁπαξαπλῶς,
1322 5831 1426 5874 t'tt'.
1477 5821 1531 5875 In
1597 5824 1783 5878 iisletn
1847 5825 2058 5879 scltedis

2930 5020 2974 5052 "
3001 5018 3141 5076 Gen.
3180 5033 3258 5083 vt,
3290 5019 3343 5074 7.
3438 5017 3484 5052 ⁸⁸
3509 5016 3663 5081 ibid.,
3701 5015 3754 5071 9.

2165 5265 2462 5320 Comnens.

2243 5336 2354 5404 (50)
2397 5339 2464 5389 El
2497 5337 2857 5406 κοινότερον,
2903 5343 3008 5390 etc.
3047 5337 3307 5404 Quaedam
3347 5344 3556 5406 calente
3606 5336 3751 5390 lmuc

2171 5406 2347 5458 locum
2383 5407 2680 5461 ἀδέσποτον
2712 5405 2932 5473 habent,
2967 5409 3061 5462 sed
3105 5407 3352 5462 Romana
3386 5405 3607 5478 Origcni
3653 5411 3749 5460 tri-

2172 5479 2309 5530 bltil.

2243 5548 2355 5616 (5t)
2396 5547 2658 5616 Περιέχει
2683 5549 2752 5602 ἐν
2776 5547 2900 5615 τοῖς
2921 5549 3282 5618 ἔμπροσθεν,
3308 5557 3415 5602 etc.
3443 5548 3496 5601 In
3532 5546 3749 5602 seltedis

2169 5615 2476 5670 C(tlllltclis'li
2532 5615 2875 5686 «Ιλίδιιιιιμιιιιιι
2935 5615 3138 5673 dicitur
3186 5638 3216 5674 e
3264 5628 3451 5672 catena
3499 5619 3743 5671 Romana

2173 5688 2270 5739 bne
2309 5689 2668 5755 fragmentum
2702 5692 2844 5758 quod
2879 5688 3330 5743 illottlet';.lrnttitts
3361 5702 3544 5742 noster
3573 5690 3748 5742 edidit

2173 5758 2222 5808 in
2257 5761 2724 5830 ubsertalimubtls
2766 5762 2880 5814 suis
2926 5764 2990 5815 ad
3045 5759 3283 5829 llexapla
3327 5758 3596 5830 Origettis,
3634 5758 3740 5814 Gc-

2169 5841 2282 5879 nc+.
2315 5845 2366 5889 v,
2393 5829 2464 5881 ‘25
2490 5843 2539 5882 et
2577 5831 2666 5884 226.
