3978 6494
255 387 358 445 195

1655 398 1722 454 ιΝ
1763 400 2080 459 GENESIM.

333 499 585 571 ’Echdpn
634 502 698 558 es
752 509 790 574 ἡ
846 507 920 577 γῆ
991 509 1268 564 ἐναντίον
1321 511 1426 567 τοῦ
1489 514 1657 569 Θεοῦ·
1717 532 1796 569 κα

1994 520 2255 590 Corrupto
2299 531 2373 578 est
2413 534 2587 580 autem
2619 536 2761 581 terra
2797 538 2919 585 ante
2952 530 3141 596 Deum,
3181 543 3228 590 et
3281 535 3492 604 impleta

249 595 526 665 ἐπλήσθη
562 599 600 665 ἡ
642 597 715 667 γῆ
752 600 1013 668 ἀδικίαςο
1050 605 1152 657 καὶ
1197 601 1317 659 εἶδε
1355 608 1570 676 Κύριος
1608 611 1642 661 ὁ
1682 609 1824 676 Θεὸς

251 687 364 756 τὴν
412 687 543 758 γῆν,
581 691 678 742 καὶ
722 688 802 762 ἦν
840 697 1317 765 κατεφθαρμένῃ·
1353 696 1442 750 ὅτι
1481 699 1824 768 κατέφθειρε

249 777 414 834 πᾶσα
451 779 606 847 σὰρξ
634 781 749 850 τὴν
772 783 916 838 ὁδὸν
952 785 1138 840 αὐτοῦ
1169 787 1266 840 ἐπὶ
1293 786 1402 856 τῆς
1440 788 1571 858 γῆς.
1619 790 1823 846 ’Λδικία

250 871 344 939 μὲν
382 870 491 940 (52)
528 871 737 943 φθείρει
771 875 866 946 τὴν
901 876 1025 946 γῆν,
1059 877 1372 950 δικαιοσύνη
1405 879 1462 932 δὲ
1496 880 1696 944 σώζει·
1729 885 1822 937 καὶ

245 964 272 1018 ὁ
310 963 658 1033 ἁμαρτάνων,
693 965 753 1020 τὸ
786 968 907 1021 ὅσον
942 971 1026 1038 ἐφ’
1074 970 1272 1042 ἐαυτῷ,
1303 971 1513 1044 φθείρει
1546 972 1655 1044 τὴν
1691 975 1816 1045 γῆν.

243 1057 356 1110 Οὐκ
389 1059 447 1109 ὲν
476 1057 551 1128 τῷ
586 1059 951 1132 κατακλυσμῷ
979 1062 1167 1131 γέγονε
1208 1063 1634 1137 κατεφθαρμὲνη
1662 1067 1695 1135 ἡ
1749 1067 1818 1137 γῆ

243 1148 397 1214 (τότε
434 1152 542 1223 γὰρ
569 1153 904 1208 ἁπελούσατο
931 1156 1030 1226 τὴν
1073 1155 1323 1227 φθοράν),
1357 1156 1470 1210 ἀλλ’
1502 1159 1559 1210 ἐν
1596 1161 1660 1229 τῇ
1703 1158 1819 1211 ἀδιο

241 1241 358 1311 uia.
403 1243 466 1294 ’Ὀ
489 1243 545 1294 δὲ
574 1245 895 1317 κατέφθειρε
931 1248 1030 1318 τὴν
1069 1248 1182 1301 ὁδὸν
1227 1249 1320 1302 τοῦ
1369 1249 1524 1314 Θεοῦ,
1564 1251 1664 1303 οὐκ
1703 1251 1818 1304 ἔστι

240 1333 480 1403 πνεῦμα,
523 1335 658 1389 ἀλλὰ
693 1337 968 1409 σάρξ·.Τὸ
1008 1341 1116 1413 γὰρ
1153 1345 1428 1410 φρόνημα
1450 1340 1562 1410 τῆς
1593 1341 1818 1410 σαρκὸς

234 1424 423 1493 ἔχθρα
448 1430 534 1493 εὶς
563 1429 728 1482 eam»
751 1431 872 1499 καὶ,
888 1431 954 1483 Οἱ
985 1432 1055 1485 ἐν
1081 1432 1261 1502 σαρκὶ
1294 1431 1502 1499 ζῶντες
1532 1432 1652 1499 Θεῷ
1680 1433 1815 1502 ἀρέ-

234 1534 340 1570 σαι
371 1522 441 1572 οὐ
467 1521 771 1575 δύνανται.

304 1611 442 1675 Δύο,
471 1610 578 1664 δύο
607 1612 723 1666 ἀπὸ
750 1612 990 1668 πάντων
1022 1615 1281 1683 εἰσάξετε·
1307 1620 1395 1684 εὶς
1415 1617 1530 1686 τὴν
1567 1616 1816 1672 κιϐωτὸν

233 1703 337 1755 ἵνα
361 1702 578 1772 τρέψῃς
599 1704 748 1774 μετὰ
768 1707 1046 1760 σεαυτοῦ.
1082 1709 1304 1777 Ἀρσεν
1329 1711 1426 1765 καὶ
1453 1709 1608 1780 θῆλυ
1635 1711 1813 1764 ἔσον-

233 1809 350 1845 ται.
394 1794 545 1846 Ἐπεὶ
572 1795 840 1866 καθαροὺς
863 1796 973 1868 (55)
1000 1799 1158 1870 ἠθελε
1182 1801 1458 1872 διαμένειν
1477 1803 1604 1866 τοὺς
1636 1802 1810 1856 εἰσελ-

1923 618 1998 662 est
2032 621 2171 664 terra
2200 611 2498 683 iniquitate,
2541 627 2588 669 et
2617 619 2742 672 uidit
2796 619 3052 678 Dominus
3092 624 3231 679 Deus
3273 635 3490 694 terram,

1922 713 1970 754 et
2009 713 2117 756 erat
2149 715 2417 774 corrupta,
2467 709 2591 777 quia
2633 725 2939 780 corruperat
2984 718 3151 771 omnis
3193 735 3316 775 caro
3354 721 3492 780 riam

1922 795 2034 862 ejus
2091 812 2248 864 super
2297 801 2552 856 terram’.
2605 801 2868 874 lniquitas
2915 812 3214 881 corrumpit
3257 823 3488 880 terram,

1915 884 2124 952 justitia
2161 900 2374 955 servat;
2415 900 2468 946 et
2519 891 2610 961 qui
2646 907 2860 963 peccat,
2895 911 3161 970 quantum
3209 905 3261 959 in
3296 920 3354 961 se
3382 917 3485 975 est,

1921 982 2214 1050 corrumpit
2251 991 2474 1038 terram.
2498 985 2615 1040 Non
2641 987 2696 1043 in
2729 989 2932 1046 diluvio
2958 1006 3212 1064 corrupta
3237 1008 3320 1054 est
3343 1010 3488 1060 terra

1921 1069 2074 1140 (tunc
2107 1074 2250 1126 enim
2290 1074 2460 1130 abluit
2496 1081 2948 1154 corruptionem),
2970 1087 3065 1140 sed
3095 1089 3146 1143 in
3180 1091 3486 1163 iniquitate.

1921 1162 2071 1228 Quod
2112 1175 2291 1221 autem
2335 1170 2582 1239 corrupit
2619 1173 2761 1227 viam
2806 1175 2926 1240 Dei,
2963 1194 3068 1232 non
3120 1192 3203 1235 est
3233 1162 3488 1254 spiritus,

1920 1257 2014 1309 sed
2047 1271 2202 1324 caro;
2238 1273 2358 1313 nam
2391 1262 2646 1329 sapientia
2702 1267 2900 1333 carnis,
2939 1269 3150 1325 inimica
3185 1284 3260 1327 est
3308 1275 3487 1344 Deo”;

1918 1353 1990 1409 et,
2011 1342 2179 1408 Quiin
2209 1362 2366 1401 carne
2403 1351 2598 1417 vivunt,
2636 1351 2741 1406 Deo
2775 1355 2981 1430 placere
3007 1375 3109 1419 non
3134 1375 3346 1431 possunt
3369 1365 3412 1424 ⁵,

1984 1616 2126 1684 Duo,
2162 1620 2267 1672 duo
2298 1637 2362 1674 ea:
2391 1624 2633 1680 omnibus
2660 1628 2963 1684 introduces
2999 1631 3052 1684 in
3073 1649 3274 1701 arcam,
3305 1645 3359 1690 ut
3386 1652 3487 1694 ηιιο

1914 1704 2047 1758 trias
2082 1714 2271 1760 tecum.
2319 1707 2593 1766 Masculus
2627 1725 2675 1767 et
2725 1715 2922 1784 femina
2963 1722 3174 1776 erunt".
3211 1723 3483 1790 Quoniam

1915 1795 2160 1852 homines
2189 1797 2464 1866 ingressos
2502 1803 2556 1858 in
2589 1819 2796 1873 arcam,
2832 1812 3060 1866 mundos
3093 1829 3122 1867 a
3159 1818 3351 1884 copula
3382 1833 3479 1874 vo—

232 1883 427 1949 θὸντας
460 1886 778 1957 ἀνθρώπους
820 1893 900 1953 εἰς
933 1890 1032 1962 τὴν
1066 1891 1294 1946 κιϐωτὸν
1329 1893 1436 1946 ἀπὸ
1470 1893 1689 1965 μίξεως,
1724 1893 1796 1946 ού-

1917 1888 2060 1943 lebat
2093 1906 2437 1959 permanere,
2495 1895 2575 1951 sic
2625 1913 2720 1954 eos
2765 1900 3083 1970 introducit,
3130 1906 3183 1962 in
3235 1907 3482 1982 ingressu

229 1993 341 2039 τως
383 1979 577 2042 αὐτοὺς
616 1980 850 2048 εἰσάγει,
906 1983 1045 2034 κατὰ
1082 1982 1179 2053 τὴν
1222 1984 1529 2056 εἰσαγωγὴν
1575 1984 1810 2038 κελεύων

228 2067 416 2131 αὐτοῖς
459 2069 554 2139 τὴν
587 2070 866 2142 διατριϐὴν
913 2073 1182 2127 ποιεῖσθαι
1221 2075 1320 2145 τὴν
1366 2078 1424 2128 ἐν
1464 2079 1530 2148 τῇ
1572 2076 1805 2147 κιϐωτῷ.

227 2159 302 2211 Ού
340 2159 451 2228 γὰρ
493 2160 729 2232 ἔπρεπε,
758 2164 864 2216 τῶν
909 2165 1107 2237 ὁμοίων
1154 2168 1558 2239 ἀπολλυμένων,
1588 2170 1809 2236 τούτους

225 2255 439 2319 κοίταις
473 2257 564 2308 καὶ
599 2258 958 2322 παιδοποιίαις
1001 2261 1300 2331 σχολάζειν.
1345 2265 1471 2316 Ὅτε
1523 2264 1704 2335 μέντοι
1739 2267 1808 2321 τὰ

223 2341 374 2397 δεινὰ
411 2346 676 2418 παρῆλθε,
709 2349 798 2400 καὶ
828 2350 986 2420 χρεία
1017 2352 1198 2405 ἐκάλει
1232 2338 1328 2424 τὴν
1367 2354 1469 2424 γῆν
1502 2355 1802 2427 ἀνθρώπων

224 2436 601 2518 πληρωθῆναι,
634 2440 772 2494 κατὰ
813 2443 1052 2514 γαμικὴν
1085 2444 1280 2509 αὐτοὺς
1309 2445 1569 2516 συζυγίαν
1610 2448 1806 2529 ἐκῆάλ-

222 2527 338 2592 λει,
390 2515 589 2599 λέγων·
629 2532 876 2596 Ἔξελθε
908 2534 1009 2600 σὺ,
1040 2537 1136 2590 καὶ
1173 2540 1210 2605 ἠ
1263 2538 1415 2607 γυνή
1450 2515 1586 2606 σου,
1621 2522 1720 2595 καὶ
1750 2546 1804 2596 ol

220 2623 344 2675 υἱοί
372 2640 508 2688 σου,
543 2625 637 2677 καὶ
672 2627 728 2677 al
761 2627 1040 2695 γυναῖκες
1062 2628 1179 2682 τῶν
1207 2629 1350 2683 υἱῶν
1380 2647 1516 2686 σου.

304 2715 450 2768 Ἀπὸ
475 2717 542 2770 δὲ
573 2717 811 2772 πάντων
837 2719 955 2773 τῶν
979 2721 1211 2788 κτηνῶν
1233 2721 1350 2777 τῶν
1386 2725 1656 2795 καθαρῶν
1679 2727 1802 2781 εὶσ-

217 2805 407 2877 ἄγαγε
449 2810 598 2876 πρὸς
641 2809 716 2864 σὲ
745 2811 894 2865 ἑπτὰ
918 2813 1085 2874 ἑπτὰ,
1116 2812 1304 2882 ἄρσεν
1340 2820 1433 2868 καῖ
1459 2816 1643 2887 θῆλυ·
1679 2819 1800 2874 ἀπὸ

216 2893 286 2952 δὲ
313 2895 436 2949 τῶν
464 2897 694 2966 κτηνῶν
722 2899 839 2954 τῶν
861 2900 946 2970 μὴ
980 2903 1251 2971 καθαρῶν
1293 2903 1402 2959 δύο
1441 2905 1570 2971 δύο,
1605 2909 1698 2963 καὶ
1731 2909 1801 2964 τὰ

216 2987 371 3057 ἑξῆς.
414 2991 675 3061 Ζητήσειὲ
702 3009 782 3056 τις
819 2992 882 3048 ἂν
911 2993 1021 3064 (34)
1061 2994 1196 3058 πῶς,
1241 2997 1466 3066 μηδέπω
1502 2999 1594 3053 τοῦ
1632 3002 1795 3073 νόμου

212 3079 660 3153 διαστειλαμένου
688 3083 899 3155 καθαρὰ
933 3087 1026 3139 καὶ
1057 3087 1359 3158 ἀκάθαρτα,
1403 3090 1476 3154 ὡς
1517 3093 1676 3147 εἰδότι
1719 3095 1796 3167 τῷ

1913 1981 2234 2050 ριιεείρῑεηε
2265 1999 2427 2053 quam
2461 2002 2686 2046 servare
2718 1992 2949 2050 debeant
2986 1997 3039 2051 in
3083 2014 3210 2056 area
3263 1981 3480 2069 vivendi

1912 2072 2201 2129 rationem.
2242 2075 2428 2146 Neque
2467 2082 2612 2135 enim
2662 2087 2999 2143 conveniens
3047 2101 3186 2158 erat,
3235 2103 3311 2158 ut,
3354 2112 3480 2151 cum

1911 2163 2102 2235 reliqui
2153 2168 2359 2224 similes
2406 2173 2720 2242 periissent,
2764 2178 2816 2232 hi
2867 2181 3143 2239 cubilibus
3188 2197 3242 2241 et
3291 2187 3481 2246 liberis

1908 2259 2256 2324 procreandis
2274 2275 2493 2330 cperam
2521 2265 2728 2321 darent.
2751 2269 2819 2324 At
2840 2287 2960 2325 eum
2989 2274 3272 2334 calamitas
3305 2288 3481 2338 trans-

1907 2347 1994 2413 iit,
2039 2359 2094 2404 et
2140 2366 2272 2421 opus
2332 2353 2434 2410 fuit
2480 2370 2676 2416 terram
2728 2361 3034 2420 hominibus
3084 2369 3300 2438 repleri,
3359 2388 3475 2439 eos,

1905 2451 2067 2510 prout
2097 2447 2366 2502 connubio
2397 2448 2567 2518 juncti
2610 2464 2786 2517 erant,
2822 2457 3024 2524 educit,
3055 2460 3244 2518 dicens
3271 2482 3286 2518 :
3321 2464 3480 2536 Egreo

1906 2535 2027 2588 dere
2053 2548 2108 2589 tu
2136 2547 2183 2590 et
2215 2554 2351 2594 uxor
2385 2551 2498 2608 tua,
2543 2553 2590 2596 et
2620 2544 2718 2610 ﬁlii
2767 2549 2868 2614 tui,
2917 2560 2964 2603 et
3013 2567 3200 2609 uxores
3239 2535 3478 2626 ﬁliorum

1905 2637 2110 2682 tuorum
2125 2629 2164 2682 ⁸.
3349 2704 3356 2717 ,

1975 2721 2052 2774 Ab
2093 2725 2332 2778 omnibus
2374 2737 2546 2782 autem
2588 2732 2910 2788 animalibus
2941 2738 3151 2792 mundis
3201 2741 3362 2796 induc
3403 2744 3472 2798 ad

1902 2823 1951 2864 te
1977 2824 2187 2881 septena
2215 2829 2443 2885 septena,
2466 2821 2755 2877 niasculum
2781 2837 2827 2877 et
2859 2826 3144 2896 feminam;
3175 2833 3238 2886 ab
3266 2836 3473 2890 anima-

1900 2899 2037 2956 libus
2077 2921 2192 2958 vero
2232 2906 2517 2963 immundis
2549 2913 2692 2977 bina,
2724 2915 2843 2969 bina
2865 2917 2906 2983 ⁷,
2949 2931 3056 2975 etc.
3085 2919 3263 2989 Quaeri
3294 2935 3472 2994 potest

1900 3006 2018 3057 cur,
2049 3007 2170 3048 cum
2212 2994 2297 3050 lex
2342 2999 2578 3053 nondum
2614 3001 2956 3062 distinxisset
3005 3012 3204 3066 munda
3249 3013 3317 3068 ab
3365 3014 3470 3070 iC'I-r

1899 3087 2132 3153 nmndis,
2164 3087 2275 3144 Noe
2302 3100 2559 3161 tanquam
2592 3095 2884 3154 discrimen
2919 3100 3325 3161 immundorum
3353 3109 3469 3162 cal.-

212 3172 341 3228 Νῶε
375 3174 636 3246 διαφορὰν
663 3177 983 3250 ἀκαθάρτων
1008 3178 1180 3234 ταῦτα
1203 3179 1438 3248 λέγεται.
1467 3185 1625 3238 Ὅθεν
1647 3187 1793 3254 ἄξιον

1909 3179 2028 3233 [επιιί
2062 3180 2174 3235 haec
2207 3180 2477 3237 dicantur.
2515 3185 2653 3243 llinc
2685 3203 2866 3259 operae
2899 3195 3133 3262 pretium
3170 3208 3255 3253 est
3287 3209 3468 3255 atteri.—

212 3266 508 3337 ἐπιστῆσαι
555 3267 628 3338 μὴ
673 3269 812 3323 κατὰ
843 3272 925 3337 τὸ,
946 3273 1130 3327 Ὅταν
1165 3273 1308 3341 ἔθνη
1357 3273 1429 3327 τὰ
1471 3276 1556 3345 μὴ
1605 3281 1795 3348 νόμον

207 3359 435 3428 ἔχοντα
464 3362 642 3429 φύσει
688 3363 759 3416 τὰ
804 3363 911 3417 τοῦ
942 3367 1128 3434 νόμου
1159 3367 1432 3434 ποιῶσιν,
1476 3369 1507 3439 ἢ
1553 3371 1659 3425 ἀπὸ
1700 3373 1790 3426 τοῦ

209 3452 376 3519 φύσει
405 3453 570 3522 νόμου
600 3453 771 3508 ταῦτα
796 3457 1061 3525 ἠπίστατο
1085 3458 1117 3508 ’ὁ
1152 3459 1294 3511 Νῶε.

277 3542 413 3597 Νῶε
438 3543 507 3597 δὲ
536 3544 613 3613 ἦν
634 3545 783 3599 ἐτῶν
805 3547 1155 3614 ἑξακοσίων,
1182 3550 1279 3603 καὶ
1310 3554 1342 3605 ὀ
1368 3555 1791 3624 κατακλυσμὸς

204 3633 316 3688 τοῦ
347 3635 561 3702 ὕδατος
593 3636 829 3706 ἐγένετο
862 3639 958 3694 ἐπὶ
983 3639 1089 3708 τῆς
1113 3640 1240 3711 γῆς.
1268 3643 1490 3714 Μήποτε
1655 3645 1790 3717 πρὸς

204 3729 616 3802 ἀντιδιαστολὴν
653 3732 931 3802 μέλλοντος
959 3735 1341 3807 κατακλυσμοῦ
1377 3738 1625 3806 γενέσθαι
1659 3741 1788 3811 πυρὶ

204 3823 532 3892 πρόσκειται
560 3825 810 3891 ἐνταῦθα,
843 3827 950 3881 τοῦ
977 3827 1212 3894 ὕδατος.

274 3914 388 3966 Καὶ
414 3913 704 3981 εἰσῆλθον
724 3915 870 3983 πρὸς
885 3915 1010 3970 Νῶε
1035 3920 1121 3983 εὶς
1145 3917 1255 3986 τὴν
1277 3919 1521 3973 κιϐωτὸν
1544 3920 1651 3974 δύο
1676 3920 1784 3974 δύο

201 4005 323 4059 ἀπὸ
347 4005 552 4072 πάσης
575 4008 817 4074 σαρκός.
862 4009 947 4072 Ὧς
974 4009 1105 4081 πρὸς
1130 4009 1188 4062 τὸ
1212 4010 1371 4081 ῥητὸν
1399 4011 1506 4083 (56)
1533 4012 1785 4083 ζητήσειὲ

200 4115 286 4162 τις
312 4097 379 4150 ἂν
411 4098 499 4150 διὰ
532 4098 584 4150 τί
617 4099 715 4150 ούκ
745 4099 977 4170 εἴρηται,
1009 4099 1076 4153 τὰ
1107 4101 1203 4170 μὲν
1232 4101 1516 4171 ἀκάθαρτα
1540 4102 1632 4154 δύο
1668 4103 1780 4169 δύο,

197 4191 270 4243 τὰ
290 4191 351 4242 δὲ
381 4190 596 4262 καθαρὰ
618 4192 754 4246 ἑπτὰ
778 4194 940 4246 Emit“
970 4191 1104 4244 ἀλλὰ
1131 4191 1438 4263 σεσιώπηκε
1460 4194 1526 4248 τὰ
1548 4193 1778 4266 καθαρά.

201 4282 349 4352 Ὅρα
379 4282 436 4334 δὲ.
474 4282 547 4353 μὴ
577 4282 840 4352 ἀπολογία
871 4285 1017 4336 ἐστὶν
1051 4285 1107 4338 ὲν
1135 4282 1229 4354 τῷ,
1258 4284 1375 4338 ἀπὸ
1409 4285 1610 4352 πάσης
1638 4300 1783 4354 σαρ-

195 4376 331 4442 κὸς,
364 4375 692 4447 ἀκαθάρτων
728 4377 885 4446 μόνον
916 4376 1256 4446 δηλουμένων
1285 4377 1342 4429 ὲν
1385 4376 1488 4446 τῷ,
1521 4377 1634 4430 ἀπὸ
1665 4377 1779 4431 πά-

193 4482 320 4531 σης
351 4468 601 4533 σαρκός.

1899 3271 2028 3326 dere
2069 3290 2132 3328 ne
2160 3274 2312 3342 juxta
2350 3275 2644 3341 illud,Cum
2675 3291 2850 3350 gentes
2880 3301 2998 3354 quae
3032 3285 3194 3356 legem
3239 3307 3342 3345 non
3373 3292 3470 3346 Ita,

1895 3363 2034 3426 bent,
2056 3366 2375 3436 naturaliter
2398 3384 2516 3438 qua:
2547 3369 2674 3440 legis
2705 3382 2849 3439 sunt,
2879 3376 3082 3445 faciunt
3103 3379 3149 3446 β,
3186 3392 3280 3436 aut
3306 3399 3334 3435 a
3366 3397 3461 3440 nar

1895 3454 2052 3508 turali
2087 3457 2201 3524 lege
2233 3458 2346 3512 haec
2379 3460 2635 3515 didicerit
2665 3461 2794 3520 Noe.

1965 3545 2082 3599 Noe
2107 3557 2278 3601 autent
2308 3561 2675 3607 sexcentarum
2725 3565 2837 3608 erat
2891 3572 3178 3625 annorum,
3223 3573 3272 3616 et
3320 3565 3465 3619 dilu-

1892 3641 2029 3691 vium
2059 3656 2208 3708 aqua:
2229 3641 2426 3709 factum
2449 3654 2525 3697 est
2548 3661 2705 3713 super
2732 3650 2970 3704 terram”.
2995 3650 3157 3708 Forte
3175 3655 3242 3710 ad
3269 3656 3464 3711 discri~

1894 3747 2012 3784 Illett
2045 3733 2399 3803 diluvii'quod
2430 3736 2669 3800 futurum
2700 3749 2783 3792 est
2811 3740 2958 3809 igne,
3003 3743 3103 3800 hoc
3149 3745 3265 3800 loco
3297 3747 3424 3806 addi
3446 3780 3458 3785 —

1893 3835 2000 3887 tur,
2033 3843 2202 3895 aqutv.

1956 3917 2062 3987 32
2097 3916 2160 3972 Et
2203 3920 2530 3982 intraverunt
2556 3923 2626 3974 ad
2664 3921 2780 3977 Noe
2821 3924 2874 3976 in
2906 3941 3086 3979 arcam
3114 3928 3222 3982 duo
3260 3929 3364 3984 duo
3393 3934 3458 3985 ab

1887 4007 2032 4059 omni
2064 4010 2300 4062 carne”.
2331 4009 2621 4074 Qumsierit
2661 4012 2935 4082 quispiam
2986 4031 3084 4070 cur
3135 4018 3313 4074 littera
3349 4038 3456 4076 non

1888 4097 2028 4150 dicat
2059 4113 2123 4152 ex
2159 4098 2451 4156 immundis
2479 4101 2603 4155 bina
2642 4103 2944 4167 bina,etex
2986 4111 3200 4165 mundis
3234 4122 3454 4181 septena

1885 4197 2139 4254 septena;
2191 4191 2284 4244 sed
2333 4193 2400 4246 de
2435 4195 2654 4247 mundis
2702 4194 2933 4254 siiuerit.
2975 4200 3106 4255 Vide
3162 4215 3342 4258 autem
3390 4220 3458 4264 ne

1884 4279 2209 4337 solutionem
2241 4284 2479 4352 praebeat
2517 4287 2642 4341 illud
2672 4307 2683 4342 :
2712 4291 2774 4342 ab
2804 4294 2948 4344 omni
2986 4309 3164 4356 carne,
3197 4311 3320 4348 cum
3356 4296 3458 4350 im-

1883 4373 2079 4426 munda
2107 4374 2278 4428 solum
2304 4379 2656 4447 designentur
2681 4382 2765 4434 his
2789 4383 2994 4449 verbis,
3015 4386 3078 4438 ab
3105 4389 3247 4441 omni
3272 4403 3451 4441 carne.

261 4559 376 4612 Καὶ
404 4559 746 4628 εὐλόγησεν
771 4561 802 4612 ὀ
838 4557 978 4623 Θεὸς
1010 4559 1115 4612 τὸν
1147 4559 1292 4624 Νῶε,
1328 4559 1591 4626 καὶτοὺς
1614 4560 1782 4626 υἱοὺς

1957 4556 2336 4629 Benedixitque
2379 4559 2519 4615 Deus
2552 4562 2666 4616 Noe
2691 4574 2736 4616 et
2766 4563 2895 4631 ﬁliis
2931 4565 3067 4634 ejus,
3101 4577 3150 4620 et
3175 4569 3308 4622 dixit
3335 4571 3409 4624 eis
3433 4585 3452 4623 :

190 4649 409 4713 αὐτοῦ,
440 4648 538 4702 καὶ
572 4645 741 4702 εἶπεν
776 4648 1010 4715 αὐτοῖς·
1045 4649 1389 4717 Αὐξάνεσθε
1422 4649 1518 4703 καὶ
1552 4651 1779 4717 πληθύ-

187 4746 398 4806 νεσθε,
441 4742 541 4795 καὶ
579 4740 930 4810 πληριὲλσατε
963 4741 1075 4809 τὴν
1105 4739 1238 4810 γῆν.
1293 4741 1350 4794 ’0
1381 4740 1502 4794 Νῶε
1536 4741 1652 4804 πῶς
1677 4741 1777 4812 ηὕ-

188 4836 326 4905 ξησε
348 4835 487 4906 (57),
513 4836 610 4887 καὶ
635 4834 917 4906 ἐπλήθυνε,
953 4835 1116 4904 μήπω
1143 4833 1408 4902 γεννήσας
1437 4833 1573 4903 μετὰ
1601 4850 1772 4892 κατα-

185 4928 474 4999 adesp/5v;
524 4929 731 5000 μήποτε
759 4923 850 4981 οὖν
887 4927 947 4979 ού
977 4925 1056 4978 δεῖ
1089 4925 1414 4995 σωματικῶς
1446 4925 1661 4979 ἀκούειν
1691 4928 1774 4992 τὸ,

183 5022 546 5087 Αὺξάνεσθε
592 5021 692 5074 καὶ
721 5019 1121 5086 πληθύνεσθε.
1166 5020 1229 5072 Εἰ
1259 5018 1316 5072 δὲ
1350 5018 1534 5072 ἐνθάδε
1569 5018 1630 5073 οὑ
1667 5035 1772 5071 σω-

185 5116 444 5188 ματικῶς
473 5115 562 5170 διά
597 5117 688 5169 τὸν
730 5110 872 5180 Νῶε,
899 5116 1078 5188 δῆλον,
1108 5115 1190 5167 ὅτι
1235 5113 1374 5167 κατὰ
1408 5111 1652 5184 βούλημα
1678 5111 1772 5167 τοῦ

181 5209 568 5282 πνευματικοῦ
593 5209 757 5280 νόμου
783 5211 878 5263 καὶ
914 5211 971 5262 ὲν
1001 5213 1065 5281 τῇ
1091 5210 1230 5279 ἀρχῇ
1258 5206 1450 5270 οὕτως.

249 5329 272 5357 ’
307 5327 452 5383 Gen.
496 5343 567 5388 vr,
601 5326 688 5390 11,
719 5326 799 5379 12.
879 5327 899 5358 ³
933 5325 1086 5379 Rom.
1119 5341 1230 5381 vm.
1259 5325 1312 5379 7.
1388 5324 1410 5356 ⁸
1451 5324 1606 5388 ibid.,
1641 5323 1694 5378 8.
1772 5329 1792 5360 ⁸

271 5403 368 5449 14.
445 5399 468 5430 ⁹
505 5400 643 5449 Gen.
668 5413 766 5449 vn.
798 5397 853 5449 6.
933 5397 975 5427 ¹⁰
1017 5395 1290 5449 ibid..15.
1371 5395 1411 5429 ⁸⁸
1443 5393 1688 5449 Gen.'tx.
1733 5395 1784 5449 1.

1911 5339 1946 5377 ι.
1972 5336 2046 5383 γι,
2076 5321 2163 5379 19.
2241 5323 2264 5353 ⁸
2293 5319 2431 5378 Gen.
2465 5337 2582 5387 vui,
2609 5321 2696 5380 16.
2773 5322 2792 5354 ⁷
2823 5322 2957 5378 Gen.
2982 5339 3080 5390 vn,
3109 5323 3166 5378 2.

182 5417 241 5468 It,
271 5403 368 5454 14.
445 5399 468 5430 ⁹
505 5400 643 5453 Gen.
668 5413 766 5464 vn,
798 5397 853 5452 6.
933 5397 975 5427 ¹⁰
1017 5397 1174 5462 ibid.,
1203 5395 1290 5451 15.

247 5520 372 5594 (52)
413 5518 632 5574 Ἀδικία
652 5517 783 5588 μέν,
817 5527 924 5574 ειε.
976 5519 1320 5587 Desumptum
1355 5527 1434 5573 est
1489 5533 1520 5573 ε
1570 5528 1761 5578 catena

175 5591 921 5746 mygg)nqkﬁfslﬁa0quﬁc,
958 5669 1065 5714 etc.
1107 5658 1256 5729 Orig.
1309 5658 1499 5713 tribuit
1563 5669 1758 5721 catena

173 5728 425 5786 Βυίιιξίιι
451 5731 566 5784 Sch.
603 5728 846 5783 Cuutbef.
1215 5728 1227 5729 ί

247 5803 368 5870 (54)
406 5799 699 5869 Ζητήσειέ
729 5817 818 5866 τις
839 5798 935 5864 ἂν,
971 5809 1078 5854 etc.
1137 5801 1321 5857 Eidem
1352 5800 1540 5857 tribuit
1569 5809 1760 5856 catena

173 5872 454 5930 Romam.

505 5967 783 6030 Pnnon.
826 5966 947 6035 Gn.
972 5955 1144 6034 ΧΠ(

445 5399 468 5430 ⁹
505 5400 643 5453 Gen.
668 5413 766 5464 vn,
798 5397 853 5452 6.

1886 4645 2109 4702 Crescite
2150 4658 2197 4702 et
2233 4651 2685 4718 multiplicamini,
2722 4661 2770 4705 et
2804 4653 2994 4720 replete
3033 4656 3313 4708 terram“.
3340 4657 3455 4712 Noe

1883 4743 2156 4811 quomodo
2192 4743 2387 4806 erevit,
2423 4754 2477 4798 et
2507 4745 3033 4814 multiplicavit,cum
3068 4764 3174 4803 non
3205 4752 3456 4818 genuerit

1881 4842 2003 4902 post
2033 4834 2330 4888 diluvium?
2357 4834 2474 4889 Non
2521 4851 2654 4904 ergo
2682 4839 3041 4906 corporaliter
3073 4840 3450 4910 accipiendum

1877 4939 1960 4981 est
1993 4926 2121 4981 illud
2155 4942 2168 4978 :
2205 4925 2437 4980 Crescite
2465 4937 2514 4980 et
2542 4929 2996 4998 multiplicamini.
3029 4931 3086 4987 Si
3115 4934 3204 4988 hic
3228 4946 3453 5002 propter

1877 5019 1989 5074 Noe
2037 5033 2141 5073 non
2194 5019 2572 5088 corporaliter,
2631 5021 2980 5076 manifestum
3022 5032 3106 5078 est
3151 5026 3450 5079 secundum

1877 5123 2097 5165 sensum
2136 5107 2400 5178 Spiritalis
2430 5107 2567 5179 legis
2591 5109 2966 5177 accipiendum
2997 5124 3138 5178 esse,
3170 5112 3363 5181 sicque
3397 5111 3451 5176 in

1876 5203 2169 5274 principio.

3251 5323 3276 5364 -‘
3301 5323 3462 5379 Rom.

1947 5515 2353 5598 (ὕβῌῇηποτε,
2391 5525 2497 5571 etc.
2555 5515 2777 5584 Origeni
2824 5515 3078 5572 tribuitur
3125 5513 3178 5568 in
3239 5511 3453 5570 schedia

1869 5588 2069 5730 6οὲδῖ
2074 5591 2198 5723 1εόΙὲ
2214 5644 2455 5730 πρὸς-τὸ
2473 5657 2684 5730 ῥητόν,
2716 5667 2821 5712 etc.
2867 5653 3189 5722 Exscriptus
3222 5663 3310 5711 est
3365 5656 3454 5720 hic

1870 5727 2020 5783 locus
2048 5743 2078 5782 e
2101 5729 2317 5781 seltedis
2341 5727 2673 5780 Cninbetisii.

1943 5797 2055 5869 (57)
2099 5798 2151 5851 Ὁ
2181 5795 2306 5851 Νῶε
2335 5795 2459 5869 πῶς
2489 5796 2880 5869 ηὕξησε,ιίειε.
2908 5795 3151 5851 Habetur
3184 5797 3276 5859 hic
3295 5795 3453 5857 locus

1872 5870 1929 5925 in
1954 5866 2151 5926 iisdem
2183 5868 2400 5925 schedis
2430 5883 2495 5924 ex
2527 5878 2718 5923 catena
2745 5866 3012 5927 Romana.

3109 5965 3179 6042 .5-

3392 417 3597 478 436‘
