3978 6532
240 437 326 493 109

1633 432 1699 487 ΙΝ
1742 430 2061 492 GENESIM.

3361 439 3472 494 110

238 563 316 613 τὸν
356 554 688 627 βραχύτατον
738 558 846 611 τῶν
884 557 1119 626 ἐκγόνων
1144 557 1234 611 τὸν
1262 555 1483 611 Χαναὰν
1517 556 1793 628 εἴρηκενὴ

1914 570 2029 611 vero
2060 556 2144 610 avi
2186 564 2414 626 nepotes
2439 566 2494 614 et
2521 572 2614 614 eos
2636 558 2800 615 etiam
2827 558 2920 629 qni
2945 558 3011 615 ab
3035 558 3120 614 his
3145 558 3303 630 longa
3331 557 3473 615 serio

240 648 407 720 Γραφὴ
440 647 709 716 ἐγνῶσθαι
751 649 901 721 παρά
939 648 1033 703 τοῦ
1062 648 1184 702 Νῶε
1206 691 1219 713 ,
1263 649 1345 702 ὅτι
1384 648 1543 711 αὐτὸς
1575 646 1798 717 ἐποίησε

240 738 410 796 ταῦτα.
447 741 557 793 Καὶ
610 741 691 793 ὅτι
724 741 881 793 τοῦτο
921 739 1092 804 οὕτως
1136 740 1268 811 ἔχει,
1312 740 1473 803 εὐθὺς
1513 739 1706 808 ἐπάγει
1738 740 1799 793 τὸ

242 835 365 891 Θεῖον
411 833 623 901 λόγιον,
658 836 751 888 καὶ
789 829 970 886 εἶπεν·
1037 834 1492 902 Ἐπικατάρατος
1536 832 1796 897 Χαναὰν,

240 930 441 994 δοῦλος
464 927 701 980 δούλων
741 928 909 980 ἔσται
942 925 1065 992 τοῖς
1097 926 1381 995 ἀδελφοῖς
1408 927 1612 980 αὐτοῦ.
1649 928 1710 980 El
1742 928 1797 980 δέ

243 1040 313 1085 τις
343 1017 642 1089 θαυμάζοι,
676 1019 729 1071 τί
760 1018 957 1089 δήποτε
986 1019 1014 1069 ὁ
1039 1018 1167 1088 Χὰμ
1187 1059 1201 1081 ,
1257 1019 1351 1071 καὶ
1392 1017 1553 1080 αὐτὸς
1598 1018 1799 1089 ἀσεϐὴς

239 1114 322 1179 ῶν,
345 1112 443 1183 τὴν
465 1111 634 1182 αὐτὴν
668 1112 910 1181 κατάραν
943 1111 1043 1163 οὐκ
1086 1110 1210 1180 ἔσχε
1237 1110 1314 1181 τῷ
1345 1110 1445 1181 υίῷ
1470 1153 1484 1178 ,
1516 1111 1800 1180 ἐπιγνώτω

240 1204 322 1269 ὡς,
375 1202 425 1254 εί
483 1198 551 1271 ἦν
607 1201 923 1272 λελεγμένον
982 1201 1060 1272 τῷ
1103 1202 1253 1273 Χάμ,
1297 1202 1516 1269 δοῦλος
1566 1204 1801 1259 δούλων

240 1295 427 1357 ἔσται,
475 1292 574 1361 τῆς
618 1292 860 1355 δουλείας
911 1293 1172 1363 μετέσχον
1224 1293 1290 1347 ἂν
1341 1295 1434 1348 καὶ
1489 1296 1538 1347 οἱ
1582 1295 1799 1365 ἀδελφοὶ

241 1385 387 1439 αὑτοῦ
415 1427 429 1451 ,
483 1385 558 1448 ὼς
611 1386 661 1437 οἱ
722 1384 816 1437 τοῦ
870 1386 1088 1438 Χαναὰν
1146 1385 1362 1454 ἀδελφοὶ
1430 1385 1604 1439 δοῦλοι
1664 1387 1798 1455 ἐγέ-

239 1493 373 1530 νοντο
414 1476 555 1529 κατὰ
592 1476 692 1547 τὴν
730 1478 973 1548 κατάραν
1000 1517 1013 1541 ,
1046 1470 1121 1531 ὧν
1149 1476 1333 1542 δοῦλος
1371 1477 1654 1550 ἀπεφάνθη
1688 1480 1801 1532 Χα-

240 1568 374 1622 ναάν.

302 1748 418 1801 Οὐκ
446 1746 822 1801 ἀποθανεῖται
868 1745 1034 1801 πᾶσα
1082 1746 1239 1816 σὰρξ
1275 1748 1379 1802 ἔτι.
1434 1749 1800 1820 ’Υπισχνεῖται

241 1839 424 1913 μηκέτι
457 1839 567 1907 (6‘2)
602 1838 693 1892 τὸν
716 1840 1088 1910 οἰκουμενικὸν
1116 1841 1361 1911 ποιήσειν
1395 1842 1795 1915 κατακλυσμὸν,

240 1933 321 1985 ἐὰν
424 1934 456 2002 ἡ
506 1932 711 1986 διάνοια
754 1931 864 1986 τῶν
903 1931 1204 2004 ἀνθρώπων
1250 1935 1313 1986 ὲκ
1341 1934 1592 2006 νερτητος
1622 1938 1797 2005 ἐγκει-
1828 1923 1871 1978 Β

241 2021 360 2093 μένη
384 2022 478 2074 ἐπὶ
505 2022 572 2074 τά
600 2021 807 2095 πονηρά
831 2063 845 2087 ,
897 2022 1078 2076 οὐκέτι
1119 2022 1290 2087 οὕτως
1337 2024 1447 2093 ἔχει
1491 2026 1669 2090 πάσας
1698 2027 1796 2093 τὰς

237 2114 432 2185 ἡμέρας
460 2155 474 2178 ,
522 2114 711 2186 ὥσπερ
748 2114 854 2186 πρὸ
898 2114 991 2168 τοῦ
1049 2115 1452 2186 κατακλυσμοῦ.
1489 2118 1660 2188 Νέμει
1690 2119 1797 2191 γὰρ

239 2204 484 2276 βραχεῖάν
512 2224 633 2260 τινα
661 2205 986 2278 συγγνώμην
1030 2208 1141 2268 τοῖς
1171 2207 1309 2271 νέοις
1343 2207 1429 2261 διὰ
1462 2209 1522 2261 τὸ
1552 2210 1652 2280 τῆς
1692 2211 1799 2281 ἠλι-

238 2298 346 2360 κξας
376 2299 670 2353 εὐόλισθον.
701 2300 931 2370 Διόπερ,
965 2302 1046 2353 Οὐ
1072 2298 1159 2367 μὴ
1192 2300 1460 2368 προσθῶ,
1496 2304 1679 2373 φησὶν,
1710 2304 1797 2358 ἔτι

237 2393 671 2459 καταράσασθαι
711 2393 822 2462 τὴν
855 2393 971 2465 γῆν
1012 2394 1110 2447 διὰ
1140 2392 1211 2447 τὰ
1243 2393 1386 2463 ἔργα
1428 2394 1546 2448 τῶν
1574 2396 1797 2465 ἀνθρώ·

236 2497 377 2536 mea“
410 2484 503 2537 ὅτι
555 2485 809 2553 ἔγκειται
836 2488 872 2555 ἡ
906 2485 1137 2539 διάνοια
1164 2486 1269 2539 τοῦ
1309 2486 1623 2554 ἀνθρώπου
1667 2490 1796 2543 ἐπι-

231 2574 409 2644 μελῶς
433 2577 531 2629 ἐπὶ
561 2578 631 2632 τὰ
664 2578 893 2646 πονηρὰ
924 2579 991 2631 ἐκ
1026 2579 1334 2647 νεότητος·
1371 2581 1640 2642 τουτέστι,
1660 2586 1800 2650 Προ-

232 2668 357 2733 οἰδα,
382 2669 468 2721 ὅτι
496 2671 528 2740 ἡ
552 2671 740 2741 νεότης
767 2673 877 2733 τοῖς
904 2670 1185 2741 ἐσομένοις
1212 2670 1484 2734 εὐόλισθος
1505 2671 1677 2728 ἔσται.
1706 2672 1797 2743 Μὴ

232 2760 394 2814 τοίνυν
429 2761 662 2832 δείσητε.
714 2762 812 2815 Διά
859 2762 1017 2816 τοῦτο
1062 2762 1172 2835 γὰρ
1221 2764 1404 2818 οὐκέτι
1446 2765 1631 2832 ἐπάξω
1672 2766 1799 2836 ὑμῖν

233 2852 527 2923 ἀφανισμὸν
554 2853 810 2924 παντελῆ.

297 2946 409 3000 Καὶ.
452 2947 673 3016 ἤρξατο
704 2947 829 3001 Νῶε
856 2948 1163 3017 ἄνθρωπος
1215 2950 1469 3021 γεωργὸς
1519 2950 1630 3021 γῆς
1653 2990 1667 3014 ,
1703 2952 1799 3005 καὶ

232 3037 557 3106 ἐφύτευσεν
578 3038 916 3107 ἀμπελῶνα,
944 3040 1041 3093 καὶ
1064 3041 1231 3095 ἔπιεν
1255 3041 1324 3094 ἐκ
1347 3041 1453 3094 τοῦ
1491 3042 1680 3105 οἴνου,
1702 3043 1799 3095 καὶ

231 3128 540 3196 ἐμεθύσθη,
581 3130 676 3184 καὶ
709 3128 1016 3198 ἐγυμνώθη
1056 3130 1125 3182 ἐν
1156 3129 1237 3195 τῷ
1273 3130 1415 3197 οτκφ
1439 3131 1644 3185 αὐτοῦ.
1686 3131 1799 3183 Οὐκ

1899 642 2213 712 nascuntur,
2244 649 2420 704 solent
2446 649 2581 705 ﬁlios
2603 651 2899 719 appellare,
2923 651 3183 706 Chanaan
3212 659 3471 721 nepotum

1897 739 2181 792 minimum
2215 740 2345 795 dicit
2370 739 2652 811 Scriptura
2676 741 2950 809 cognitum
2977 740 3143 797 fuisse
3167 756 3196 794 a
3215 740 3327 796 Noe
3353 754 3473 797 see-

1898 831 2025 888 leris
2062 835 2220 906 hujus
2263 846 2565 892 auctorem.
2600 836 2668 892 Et
2714 838 2857 907 quod
2894 852 2982 892 res
3030 838 3102 892 ita
3147 852 3206 892 se
3248 837 3469 898 habeat,

1898 926 2174 997 subjungit
2204 929 2389 984 statim
2422 929 2639 983 divinus
2684 944 2886 994 sermo,
2922 938 2976 983 et
3008 929 3119 983 ait:
3154 929 3469 984 Maledictus

1896 1017 2175 1084 Chanaan,
2202 1036 2381 1074 servus
2408 1036 2671 1074 servorum
2693 1020 2790 1073 erit
2820 1018 3071 1087 fratribus
3100 1022 3208 1074 suis
3227 1020 3288 1073 ¹⁸.
3316 1018 3469 1087 Quod

1899 1111 1943 1165 si
1971 1112 2093 1181 quis
2126 1112 2374 1178 miretur,
2412 1113 2767 1183 quamobrem
2800 1111 2992 1177 Cham,
3024 1126 3148 1166 cum
3185 1114 3300 1182 ipse
3329 1128 3469 1182 quo-

1898 1218 2005 1269 que
2032 1214 2176 1259 esset
2211 1204 2427 1275 impius,
2465 1208 2710 1259 eamdem
2746 1220 2809 1259 ac
2850 1203 2994 1258 (ilius
3032 1204 3469 1260 maledictionem

1900 1311 2005 1351 non
2038 1306 2121 1352 est
2148 1297 2395 1363 sortitus,
2429 1304 2744 1364 cognoscat,
2779 1296 2823 1350 si
2865 1296 3008 1350 hanc
3038 1295 3264 1350 sortitus
3301 1304 3470 1363 esset,

1898 1388 2149 1443 videlicet
2175 1404 2354 1442 servus
2386 1403 2656 1441 servorum
2683 1388 2805 1452 erit,
2839 1384 3123 1441 servitutis
3152 1385 3316 1439 etiam
3345 1399 3473 1453 par-

1899 1478 2091 1548 ticipes
2138 1478 2353 1533 futuros
2402 1479 2568 1533 fuisse
2610 1477 2807 1532 fratres
2841 1478 2979 1546 ejus,
3014 1475 3469 1547 quemadmodum

1899 1586 1966 1626 ex
2020 1572 2409 1627 maledictione
2479 1572 2677 1625 fratres
2738 1571 2995 1626 Chanaan
3054 1569 3195 1624 servi
3253 1568 3473 1624 fuerunt

1900 1674 2111 1727 eorum,
2144 1678 2372 1733 quorum
2407 1677 2595 1717 servus
2633 1662 2943 1717 declaratus
2971 1669 3054 1716 est
3082 1659 3365 1715 Chanaan.

1974 1755 2098 1809 Non
2146 1755 2401 1810 morietur
2449 1756 2616 1810 omnis
2670 1769 2793 1808 caro
2837 1751 3059 1821 amplius
3080 1753 3143 1808 ¹⁹.
3197 1749 3475 1807 Promittit

1903 1863 2010 1904 non
2047 1848 2280 1918 amplius
2318 1847 2566 1915 generale
2600 1862 2628 1901 a
2663 1860 2723 1902 se
2758 1846 3058 1900 immissum
3091 1845 3155 1899 iri
3187 1843 3471 1910 diluvium,

1900 1942 1947 1997 si
1973 1940 2229 2012 cogitatio
2257 1941 2535 1996 hominum
2567 1956 2594 1994 a
2621 1940 2905 2010 iuventute
2932 1937 3188 2007 proclivis
3212 1937 3279 1991 ad
3305 1935 3470 2000 mala,

1900 2047 2007 2086 non
2038 2032 2268 2101 amplius
2300 2031 2375 2086 ita
2406 2046 2465 2087 se
2496 2030 2752 2086 habuerit
2774 2029 3026 2084 omnibus
3044 2029 3253 2091 diebus,
3274 2041 3469 2097 quem-

1898 2123 2186 2176 admodum
2234 2131 2359 2177 ante
2403 2122 2690 2177 diluvium.
2732 2120 2958 2175 Brevem
2999 2121 3144 2176 enim
3177 2120 3468 2189 quamdam

1899 2217 2112 2270 veniam
2144 2215 2434 2285 iuvenibus
2467 2213 2774 2284 impertitur
2804 2213 2873 2269 ob
2901 2222 3114 2267 aetatem
3143 2211 3301 2266 facile
3334 2210 3471 2265 labi-

1899 2309 2024 2364 lem.
2060 2308 2416 2377 Quapropter,
2438 2308 2553 2362 Non
2571 2305 2764 2359 addant
2797 2304 3043 2372 amplius,
3074 2303 3267 2372 inquit,
3305 2301 3471 2359 male-

1900 2402 2070 2454 dicere
2094 2408 2249 2453 terra:
2273 2408 2484 2467 propter
2505 2413 2656 2465 opera
2685 2395 2976 2459 hominum,
3003 2395 3249 2464 quoniam
3273 2393 3468 2461 procli-

1900 2495 1973 2548 vis
1999 2503 2073 2547 est
2092 2492 2337 2562 cogitatio
2356 2489 2579 2543 hominis
2597 2488 2807 2541 assidue
2824 2488 2892 2540 ad
2910 2485 3048 2539 mala
3072 2486 3383 2554 ajuventute
3399 2484 3468 2538 ⁸ο.

1902 2585 2015 2639 Iloc
2054 2595 2159 2649 est,
2193 2578 2420 2637 Prtcvidi
2450 2582 2793 2651 juventutcm
2830 2587 3171 2649 posterorum
3207 2576 3367 2630 facile
3395 2575 3474 2630 la-

1900 2676 2060 2731 bilem
2091 2675 2226 2729 fore.
2259 2672 2334 2728 Ne
2362 2688 2489 2742 ergo
2522 2671 2834 2725 timueritis.
2870 2670 3168 2739 Propterea
3192 2666 3337 2723 enim
3365 2682 3472 2725 non

1901 2770 2129 2840 amplius
2162 2769 2411 2822 inducam
2442 2766 2596 2821 vobis
2630 2762 2941 2834 generalem
2990 2762 3295 2817 interitum.

1971 2952 2037 3007 Et
2074 2952 2220 3022 capit
2256 2949 2372 3004 Noe
2405 2948 2557 3001 homo
2589 2947 2849 3017 agricola,
2879 2958 2926 3002 et
2949 2948 3205 3012 plantavit
3243 2946 3471 3010 vineam,

1900 3058 1948 3101 et
1999 3046 2124 3103 bibit
2167 3046 2364 3107 vinum,
2398 3052 2444 3096 et
2485 3042 2771 3095 inebriatus
2812 3051 2905 3103 est,
2942 3051 2989 3095 et
3036 3040 3267 3094 nudatus
3305 3048 3381 3094 est
3418 3039 3472 3093 in

1901 3140 2055 3194 domo
2078 3137 2260 3191 sua“.
2300 3133 2415 3189 Non
2446 3143 2674 3188 noverat
2718 3131 2831 3188 Noe
2869 3131 2979 3186 vini
3030 3143 3279 3186 naturam
3329 3131 3473 3201 quod

228 3219 334 3290 ᾔδει
365 3220 489 3273 Νῶε
526 3220 635 3292 (65)
690 3222 786 3293 τὴν
829 3220 921 3283 τοῦ
957 3223 1098 3275 οἴνου
1144 3221 1307 3290 φύσιν
1329 3261 1343 3283 ,
1374 3224 1455 3276 ὅτι
1503 3223 1792 3293 μεθύσκει’

1914 3232 2158 3293 inebriat,
2192 3227 2300 3299 34
2328 3228 2489 3296 idque
2533 3235 2763 3283 testatur
2807 3223 3091 3294 Scriptura
3129 3222 3339 3286 dicens,
3372 3238 3474 3277 cot-

232 3312 317 3365 καὶ
360 3312 517 3367 τοῦτο
554 3316 822 3385 μαρτυρεί
849 3316 883 3385 ἡ
930 3314 973 3365 Γ
978 3313 1123 3386 ραφὴ
1151 3314 1382 3382 λέγουσα
1414 3313 1477 3367 τὸ
1496 3353 1511 3379 ,
1548 3312 1794 3383 ἤρξατο,

229 3401 322 3456 καὶ
352 3401 683 3472 ἐγυμνώθη.

300 3496 407 3551 Τοῦ
431 3498 639 3551 αὑτοῦ.
672 3496 826 3562 Divo;
855 3500 1042 3571 γήϊνος
1074 3500 1272 3570 γυμνοῖ
1293 3498 1381 3552 τὸν
1410 3497 1534 3552 νοῦν
1564 3499 1662 3571 τῆς
1692 3498 1798 3552 τῶν

231 3590 423 3661 νοητῶν
448 3590 724 3659 γνώσεως.

299 3682 407 3737 Τοῦ
433 3683 641 3737 αὑτοῦ.
678 3682 932 3747 Τοιοῦτος
972 3678 1039 3755 ἦν
1071 3684 1100 3735 ὁ
1144 3684 1356 3757 καρπὸς
1398 3685 1489 3738 τοῦ
1521 3684 1679 3756 ξύλου
1706 3684 1797 3738 τοῦ

225 3775 463 3843 γνωστοῦ
494 3774 658 3828 καλοῦ
697 3777 793 3829 καὶ
820 3774 1079 3848 πονηροῦ,
1108 3771 1218 3840 οἷος
1254 3779 1282 3830 ὁ
1305 3773 1467 3841 οἶνος,
1503 3778 1531 3830 ὁ
1556 3777 1644 3830 τὸν
1675 3776 1800 3847 Νῶε

228 3867 539 3937 γυμνώσας.

299 3959 407 4013 Τοῦ
438 3958 648 4015 αὐτοῦ.
695 3960 759 4013 ΕΞ
800 3960 891 4014 καὶ
943 3959 1215 4031 ἐμεθύσθη
1242 4001 1257 4025 ,
1306 3960 1400 4015 καὶ
1445 3959 1735 4032 ἐγυμνώθη
1771 3963 1800 4015 ὁ
1860 3972 1865 3983 ·

228 4050 344 4103 Νῶε
364 4090 379 4113 ,
424 4050 540 4105 ἀλλ’
572 4054 630 4105 ὲν
667 4050 746 4121 τῷ
791 4051 924 4123 οἴκῳ
952 4052 1116 4105 αὐτοῦ
1136 4068 1150 4082 ·
1188 4051 1341 4121 ἁγίου
1366 4051 1471 4124 γὰρ
1498 4051 1559 4104 τὸ
1592 4051 1664 4123 μὴ
1696 4049 1801 4117 ἔξω

227 4141 316 4196 τοῦ
344 4143 494 4197 οἴκου
524 4143 689 4197 αὐτοῦ
718 4144 1073 4215 γυμνοῦσθαι.

216 4281 222 4287 .
296 4230 484 4300 Οὗτος
520 4231 604 4305 ἦν
639 4237 808 4304 γίγας
835 4236 1095 4306 κυνηγὸς
1120 4235 1398 4290 ἐναντίον
1446 4236 1669 4305 Κυρίου
1694 4234 1801 4289 τοῦ

224 4326 391 4380 Θεοῦ.
441 4327 500 4380 '0
540 4326 775 4397 κυνηγὸς
804 4326 915 4397 (64)
943 4329 1045 4381 οὐκ
1080 4328 1171 4382 ἐπὶ¹
1209 4327 1431 4381 δικαίων
1470 4329 1646 4381 κεῖται
1672 4326 1799 4381 νῦν⁶

227 4418 315 4470 καὶ
341 4421 499 4491 τήρει
530 4423 741 4491 μήποτε
772 4420 891 4473 οὐδὲ
922 4420 1132 4474 ἄλλοτε.

289 4509 397 4563 Καὶ
429 4506 512 4580 ἦν
550 4509 719 4564 πᾶσα
746 4512 783 4578 ἠ
837 4510 911 4581 γῆ
964 4511 1165 4580 χεῖλος
1213 4510 1299 4574 ἓν,
1346 4510 1445 4564 καὶ
1493 4507 1659 4579 φωνὴ
1697 4508 1807 4577 μία

1899 3328 1994 3401 pit,
2023 3332 2071 3378 et
2098 3324 2325 3376 nudatus
2364 3326 2459 3374 est.

1972 3509 2245 3578 Ejusdem.
2276 3504 2474 3560 Vinum
2506 3512 2663 3558 terrae
2692 3502 2861 3558 nudat
2883 3508 3122 3556 ruentem
3150 3498 3474 3569 spiritalium

1900 3601 2235 3659 coauitione.

2008 3620 2235 3654 ιιιιιοησε.

1971 3620 2248 3763 gEjusdem.
2284 3688 2433 3744 Talis
2474 3695 2596 3742 erat
2630 3685 2841 3740 fructus
2884 3683 3015 3753 ligni
3058 3681 3302 3743 scientiae
3344 3679 3473 3737 boni

1900 3797 1956 3842 et
1986 3785 2133 3849 mali,
2165 3783 2326 3852 quale
2354 3789 2474 3835 erat
2498 3780 2684 3834 vinum
2724 3776 2868 3847 quod
2901 3773 3126 3829 nudavit
3158 3773 3297 3829 Noe.

1978 3965 2250 4036 Ejusdem.
2282 3962 2395 4018 Etsi
2429 3959 2731 4016 inebriatus
2769 3965 2824 4013 et
2856 3959 3091 4014 nudatus
3135 3964 3220 4012 est
3249 3952 3381 4019 Noe,
3417 3960 3477 4008 at

1902 4056 1954 4112 in
2002 4058 2162 4111 domo
2192 4071 2310 4110 sua.
2359 4051 2545 4109 Sancti
2596 4050 2743 4107 enim
2792 4058 2874 4106 est
2910 4064 3015 4105 non
3053 4057 3209 4104 extra
3253 4047 3475 4102 domum

1902 4166 2055 4206 suam
2097 4148 2311 4204 nudari.

1972 4242 2076 4297 Hic
2125 4250 2238 4296 erat
2285 4240 2435 4309 gigas
2474 4244 2689 4291 uenator
2726 4244 2849 4289 ante
2895 4232 3175 4295 Dominum
3223 4230 3471 4284 Deum“.

1902 4331 2144 4387 Venator
2181 4345 2287 4384 non
2339 4331 2484 4383 inter
2528 4328 2703 4396 iustos
2751 4325 2840 4380 hic
2878 4324 3101 4395 ponitur
3127 4340 3140 4375 :
3165 4330 3221 4377 et
3259 4321 3380 4376 vide
3409 4336 3478 4375 ne

1903 4426 2045 4480 forte
2084 4438 2258 4493 neque
2291 4422 2450 4477 alias.

1975 4514 2045 4567 Et
2087 4523 2199 4567 erat
2248 4512 2417 4565 omnis
2465 4520 2606 4564 terra
2663 4506 2863 4561 labium
2906 4518 3091 4568 unum,
3135 4511 3181 4555 et
3227 4516 3327 4555 vos:
3368 4516 3479 4554 una

224 4599 390 4654 πᾶσι.
420 4604 554 4665 Τοῖς
612 4603 685 4674 μὴ
716 4603 893 4655 νοοῦσι
926 4604 1036 4674 (65)
1068 4605 1158 4668 τὸ,
1208 4601 1354 4671 Ἐγὼ
1396 4600 1495 4655 καὶ
1545 4604 1577 4655 ὀ
1605 4598 1803 4667 Πατὴρ

1914 4605 2148 4658 erunibus
2167 4604 2231 4657 ’³.
2273 4601 2342 4657 lis
2374 4602 2465 4671 qui
2517 4616 2623 4655 non
2674 4597 2979 4665 intelligunt
3022 4594 3163 4663 quod
3214 4592 3476 4663 scriptum

186 4712 189 4715 '
222 4693 291 4747 ἓν
308 4696 522 4766 ἐσμεν,
548 4697 641 4749 καὶ
671 4696 758 4749 διὰ
784 4695 940 4748 τοῦτο
967 4695 1314 4767 ἀρνουμένοις
1343 4694 1638 4747 ὑπόστασιν
1670 4690 1802 4744 ἰδίαν

224 4787 352 4841 Υἱοῦ
378 4827 393 4851 ,
429 4789 796 4859 προσοίσομεν
824 4787 914 4851 τὸ,
957 4784 1078 4842 Ἦν
1106 4786 1273 4842 πᾶσα
1300 4787 1338 4854 ἠ
1368 4784 1444 4854 γῆ
1480 4784 1676 4855 χεῖλος
1715 4782 1803 4847 ἓν,

224 4878 316 4933 καὶ
355 4880 531 4948 φωνὴ
565 4881 675 4948 μία
697 4880 865 4935 πᾶσι.
894 4879 1189 4949 Ζητοῦντες
1223 4878 1279 4932 δὲ
1308 4877 1568 4948 διαφορὰν
1597 4874 1806 4947 χείλους

292 5019 335 5050 ¹⁸
368 5019 512 5075 Gen.
549 5035 628 5078 Ix.
667 5018 757 5075 95.
859 5019 900 5051 ¹⁹
932 5020 1085 5085 ibid.,
1126 5019 1213 5075 11.

1323 5019 1369 5050 ²⁰
1399 5016 1534 5072 Gen.
1566 5030 1684 5079 vui,
1715 5013 1804 5068 21.

219 5076 262 5108 ⁸⁸
302 5089 467 5146 Joan.
504 5107 565 5156 ι,
596 5076 680 5144 30.

292 5207 407 5278 (ϐξ)
450 5205 853 5278 Ὑπισχιςεῒται
881 5204 1114 5274 μηκέτι,
1145 5212 1251 5257 elc.
1282 5201 1445 5278 "unc-
1470 5200 1645 5278 locum
1694 5201 1809 5278 [ﬂe-

224 5271 404 5346 neque
436 5271 664 5332 calente
691 5271 920 5330 Diodoro
953 5271 1193 5346 tribuunt
1215 5317 1227 5334 ,
1256 5286 1311 5327 at
1349 5274 1451 5346 duo
1485 5273 1645 5346 codd.
1713 5271 1812 5326 Re-

226 5342 330 5413 gii;
366 5348 576 5412 ἰστέον,
625 5348 919 5415 inquiunt,
962 5348 1043 5399 ὅτι
1094 5343 1254 5397 τοῦτο
1312 5342 1526 5415 πρῶτος
1587 5342 1810 5414 εἴρηκεν

237 5417 547 5470 Ὠοιγένης.

237 5419 547 5485 Ὠριγένης-

594 5487 723 5557 ᾔδει
752 5487 879 5541 Νῶε
899 5528 924 5558 ,ν
953 5496 1062 5541 etc.
1098 5485 1154 5538 lu
1220 5484 1455 5558 SCIICdiS»
1492 5484 1806 5558 Combelisii

228 5555 328 5612 hoc
359 5568 416 5612 et
450 5561 563 5612 tria
597 5555 873 5627 sequentia
906 5557 1219 5627 fragmenta
1242 5555 1459 5624 Origeni
1500 5556 1688 5609 tribuit
1714 5572 1809 5608 ca-

228 5631 345 5682 tena
384 5629 659 5691 Romana,
678 5626 815 5682 alia:
843 5628 1111 5680 ἀδέσποτα
1139 5626 1353 5678 habent.

295 5702 415 5770 (64)
470 5702 528 5751 Ὁ
572 5700 854 5768 κυνηγός,
889 5710 995 5754 etc.
1037 5696 1146 5751 lloc
1179 5696 1422 5750 scliolion
1453 5694 1673 5766 Origeni
1723 5710 1809 5749 as-

228 5772 357 5821 serit
392 5780 597 5823 cateua
630 5770 896 5823 liornana.

296 5839 411 5910 (ὃὸ)
453 5838 590 5905 Τοῖς
615 5839 700 5909 μὴ
727 5840 960 5902 νοοῦσι,
993 5850 1096 5893 etc.
1128 5837 1520 5910 Exscripsitnus
1551 5838 1655 5910 hoc
1699 5834 1807 5910 l'ra-

226 5908 562 5982 gutentutue
585 5913 799 5967 schcdis
826 5910 1156 5968 Coutbeﬁsii.
1183 5909 1369 5965 Simile
1394 5925 1517 5965 vero
1533 5908 1805 5978 quidpiam

1910 4702 1993 4748 est
2025 4712 2039 4748 :
2074 4692 2183 4764 Ego
2212 4704 2258 4747 et
2286 4692 2451 4747 Pater
2479 4707 2640 4746 unum
2669 4689 2934 4753 sumus",
2975 4696 3029 4741 et
3062 4694 3349 4757 propterea
3382 4698 3476 4738 ne-

1912 4792 2040 4852 gant
2073 4785 2389 4855 hypustasin
2441 4782 2718 4852 propriam
2766 4780 2912 4846 Filii,
2964 4778 3253 4833 afferentes
3305 4773 3475 4829 illud:

1913 4873 2041 4928 Erat
2073 4876 2238 4929 omnis
2263 4885 2403 4929 terra
2445 4873 2643 4928 labium
2683 4888 2868 4937 unum,
2893 4880 2938 4926 et
2963 4886 3062 4924 vox
3088 4885 3195 4922 una
3219 4866 3477 4921 omnibus.

1912 5012 1953 5043 ²¹
1980 5010 2113 5067 Gen.
2141 5027 2215 5075 ix,
2248 5012 2341 5079 ‘20,
2370 5012 2462 5066 21.
2574 5013 2617 5044 ²²
2644 5009 2779 5065 Gen.
2817 5025 2872 5075 ιι,
2896 5008 2948 5065 9.
3061 5006 3106 5038 ⁸⁸
3139 5004 3273 5061 Gen.
3308 5021 3386 5071 xl,
3421 5002 3475 5058 1.

1914 5201 2080 5255 habet
2116 5198 2376 5268 Origenes
2408 5197 2612 5251 lib.vm
2637 5205 2819 5268 contra
2848 5194 3259 5268 Celsum,_num.
3294 5192 3362 5268 η
3384 5191 3477 5246 :El

1909 5272 1963 5323 δέ
1991 5288 2073 5333 τις
2110 5270 2174 5322 ὲκ
2206 5264 2407 5321 τούτων
2446 5266 2964 5339 περισπασθήσεται,
2986 5330 3009 5339 _
3038 5266 3190 5339 μήπη
3248 5264 3480 5339 αὐτομοι

1910 5330 2107 5411 λοῦμεν
2136 5340 2272 5410 πρὸς
2291 5341 2415 5402 τοὺς
2441 5330 2795 5411 ἀναιροῦντας
2822 5338 2933 5411 δύομ
2958 5330 3108 5411 εἶναι
3156 5330 3480 5411 ρ’ποστιάσεις

1912 5401 2129 5481 Πατέρα
2151 5401 2413 5472 κάὶνΥἱὸν,
2465 5401 2809 5481 ἐπιστησάτω
2864 5406 2962 5481 τῷς
3000 5401 3107 5481 τῌν
3142 5403 3212 5481 ,δὲ
3262 5402 3483 5481 πάντων

1910 5481 2018 5533 τῶν
2042 5470 2442 5550 πιστευσάντων
2485 5483 2516 5548 ἡ
2556 5470 2753 5549 καρδία
2790 5470 2975 5550 μκαὶίη
3023 5472 3167 5541 ψυχὴ
3198 5470 3337 5550 μία,
3362 5542 3369 5550 ⁸
3393 5471 3481 5550 ἵνα

1914 5552 2183 5623 θεωρῆσαι
2218 5549 2296 5611 τὸ,
2328 5549 2465 5618 Ἐγὼ
2482 5540 2644 5623 -καᾊο
2668 5547 2851 5616 Πατὴρ
2883 5547 2939 5623 ἓν
2959 5540 3164 5623 ἕξομεν(
3187 5540 3397 5623 Ean/tis
3433 5542 3480 5592 si

1918 5608 2034 5691 quis
2067 5608 2409 5691 éotligat'nos'
2437 5620 2500 5671 ab
2527 5620 2632 5671 illis
2673 5608 2922 5691 stare-qui
2960 5608 3175 5665 Patrem
3206 5620 3251 5689 et
3274 5608 3477 5691 Filium.

1916 5680 2050 5745 duas
2092 5680 2393 5761 byp'ostases
2425 5705 2534 5761 esse
2584 5698 2817 5761 negant,_
2844 5680 3078 5737 advertat
3127 5680 3391 5761 animum.
3411 5680 3479 5732 ad

1920 5764 2059 5815 istud
2086 5778 2103 5814 :
2128 5750 2297 5812 "(Erat
2330 5760 2560 5822 omnium
2587 5750 2905 5810 credentium
2928 5770 3015 5805 cor
3044 5767 3204 5803 unum
3234 5750 3481 5822 et__anima

1917 5851 2044 5893 una,
2082 5852 2097 5876 ι
2136 5842 2179 5881 et
2206 5832 2279 5881 sic
2307 5819 2557 5892 intelliget
2589 5828 2715 5896 quid
2740 5827 2838 5879 sibi
2872 5824 2984 5877 velit
3010 5824 3106 5875 hoc
3142 5841 3160 5875 .’
3200 5839 3218 5871 ι
3267 5819 3377 5889 Ego
3428 5828 3479 5872 et

1915 5904 2076 5957 l’uter
2107 5918 2262 5953 unum
2290 5916 2490 5953 sumus.
2530 5917 2547 5949 ι
