3978 6556
2042 434 2385 493 ORIGENES
3695 450 3773 506 ,ιε

562 557 879 623 ριιωιεηιεε
910 561 1089 608 autem
1121 551 1413 608 discrimen
1450 552 1574 608 labii
1606 561 1660 608 et
1685 552 1854 618 vocis,
1889 551 2118 607 dicemus

2235 554 2328 607 καὶ
2357 552 2558 624 φωνῆς,
2587 555 2832 625 φήσομεν
2855 554 2952 626 τὴν
2979 555 3076 625 μὲν
3101 556 3280 628 φωνὴν
3306 558 3396 612 ἐπὶ
3417 560 3515 630 τῆς
3534 558 3771 618 διαλέκτου

564 663 751 703 vocem
783 647 850 701 ad
882 659 1190 700 sermonem
1224 647 1516 716 pertinere,
1550 646 1691 701 forte
1722 654 1902 700 autem
1933 644 2131 699 labium

565 738 632 792 ad
663 736 1065 807 cogitationem,
1093 743 1182 788 aut
1212 735 1330 788 vice
1357 748 1533 787 versa.

640 827 843 892 Venite,
871 836 922 881 et
965 826 1333 881 descendentes
1376 823 1765 893 confundantus
1794 822 1866 876 ibi
1894 821 2130 891 linguam

560 937 764 985 eorum,
809 931 863 974 ut
911 936 1016 974 non
1057 918 1240 973 audiat
1284 918 1639 986 unusquisque
1679 915 1915 984 linguam
1950 913 2131 982 promi-

561 1013 710 1068 mi”.
747 1013 959 1067 Μειιίιίιε
993 1011 1250 1065 iudicium
1278 1009 1524 1065 conlusio
1552 1008 1880 1078 linguarum,
1914 1006 2130 1060 virtutis

559 1122 692 1162 vero
718 1106 1002 1166 iudicium,
1034 1105 1252 1173 quando
1277 1113 1388 1157 erat
1419 1103 1650 1156 omnium
1684 1102 2005 1154 credentium
2041 1114 2129 1151 cor

558 1209 606 1254 et
636 1199 815 1253 anima
841 1214 942 1250 una
957 1197 1024 1250 '°.
1065 1195 1264 1265 Sicque
1291 1194 1628 1264 Scripturam
1653 1193 1950 1247 observans
1979 1191 2130 1244 inve-

559 1292 701 1357 nies,
737 1291 1046 1358 ubicunque
1093 1297 1175 1344 est
1220 1287 1510 1342 multitudo
1556 1285 1788 1350 numeri,
1821 1284 2128 1353 ubicunque

556 1395 639 1440 est
672 1384 928 1448 schisma,
979 1381 1287 1449 ubicunque
1321 1388 1405 1434 est
1460 1378 1655 1433 divisio
1691 1386 1744 1432 et
1775 1375 2042 1431 discordia
2073 1385 2127 1430 et

543 1475 661 1530 alia
701 1473 1026 1544 lmjusmodi,
1052 1470 1270 1524 malitia:
1294 1483 1412 1524 esse
1443 1468 1682 1532 iudicia;
1724 1466 1812 1519 ubi
1847 1478 1979 1520 vero
2007 1466 2128 1516 unt-

559 1579 642 1623 tas
673 1575 726 1620 et
759 1563 1071 1629 concordia,
1095 1572 1149 1618 et
1183 1561 1346 1616 multa
1377 1561 1456 1615 vis
1487 1560 1540 1614 in
1577 1558 1778 1621 verbis,
1804 1557 1878 1612 ibi
1915 1554 2126 1610 virtutis

557 1673 676 1715 esse
712 1657 932 1712 indicia.

636 1750 880 1820 Vixitqne
933 1748 1139 1802 Tharra
1189 1740 1777 1816 septuaginta_annis,
1843 1749 1891 1794 et
1947 1739 2123 1810 genuit

555 1845 772 1911 Abram,
800 1851 846 1897 et
879 1840 1116 1905 Nachor,
1153 1848 1200 1893 et
1227 1836 1501 1891 Arram".
1534 1827 1748 1888 Patrem
1777 1832 1953 1903 gentis
1982 1832 2126 1888 cele-

2233 645 2557 710 τάσσεσθαι,
2589 646 2727 716 τάχα
2757 646 2812 699 δὲ
2852 646 2911 700 τὸ
2944 647 3118 717 χεῖλος
3146 649 3236 717 ἐπ).
3263 650 3360 720 τῆς
3387 650 3652 713 διανοίας
3680 654 3773 726 ἢτὺ

2233 734 2488 805 ἔμπαλινι

2301 827 2476 881 Δεῦτε
2500 868 2514 891 ,
2547 827 2647 881 καὶ
2691 828 3054 896 καταϐάντες
3087 829 3439 900 συτχέωμεν
3463 829 3656 884 αὐτῶν
3678 835 3776 890 ἐκεῖ

2233 917 2346 986 τὴν
2385 917 2706 987 γλῶσσαν,
2747 921 2848 972 ἵνα
2896 920 2982 990 μὴ
3034 922 3381 976 ἀκούσωσιν
3410 922 3660 990 ἕκαστος
3689 926 3774 996 τῆς

2230 1002 2432 1072 φωνῆς
2482 1004 2588 1060 τοῦ
2643 1008 2928 1074 πλησίον.
2982 1008 3273 1082 Γνώρισμα
3323 1011 3519 1076 κακίας
3567 1012 3690 1083 (66)
3727 1018 3773 1070 τὸ

2232 1096 2559 1167 συγχυθῆναι
2591 1096 2690 1161 τὰς
2723 1097 2972 1166 γλώσσας
2994 1117 3006 1130 ·
3036 1100 3324 1172 γνώρισμα
3350 1103 3553 1174 ἀρετῆς
3572 1144 3586 1166 ,
3613 1105 3691 1158 ὅτε
3713 1103 3774 1177 ἦν

2227 1189 2466 1242 πάντων
2487 1189 2606 1244 τῶν
2637 1193 3045 1245 πιστευόντων
3071 1193 3306 1261 καρδία,
3341 1196 3438 1248 καὶ
3473 1196 3642 1265 ψυχὴ
3668 1199 3771 1267 μία.

2227 1281 2334 1335 Καὶ
2381 1280 2523 1335 οὕτω
2573 1282 2754 1354 τηρῶν
2803 1283 2901 1355 τὴν
2946 1285 3168 1357 Γραφὴν
3219 1286 3492 1358 εὑρήσεις,
3543 1289 3626 1340 ὅτι
3666 1293 3775 1347 ὅπου

2225 1376 2427 1447 πλῆθος
2459 1375 2714 1448 ἀριθμοῦ,
2747 1377 2878 1430 ὅπου
2931 1377 3160 1448 σχίσμα,
3188 1378 3322 1431 ὅπου
3365 1379 3657 1452 διαίρεσις,
3702 1384 3776 1438 καὶ

2223 1469 2526 1539 διαφωνία,
2581 1471 2676 1524 καὶ
2741 1471 2841 1524 ὅσα
2916 1470 3178 1537 τοιαῦτα,
3233 1472 3430 1536 κακίας
3495 1475 3612 1525 ἐστὶ
3663 1492 3776 1543 γνω-

2227 1558 2499 1629 ρίσματα·
2545 1558 2679 1611 ὅπου
2727 1558 2782 1611 δὲ
2831 1559 3047 1630 ἑνότης,
3092 1561 3186 1613 καὶ
3236 1561 3475 1631 ὁμόνοια,
3512 1564 3608 1617 καὶ
3639 1566 3774 1638 πολλὴ

2223 1650 2450 1722 δύναμις
2497 1651 2554 1704 ἐν
2587 1650 2762 1720 λόγοις
2785 1692 2799 1714 ,
2829 1653 3030 1724 ἀρετῆς
3063 1651 3437 1726 γνωρίσματα.

2293 1745 2403 1798 Καὶ
2451 1743 2624 1811 ἔζησε
2666 1743 2861 1813 Θάρῤα
2906 1745 3309 1816 ἐϐδομήκοντα
3336 1747 3474 1815 ἔτη,
3503 1748 3600 1801 καὶ
3641 1747 3776 1817 ἐγέν-

2223 1851 2376 1904 νησε
2402 1834 2508 1889 τὸν
2543 1835 2767 1904 Ἀϐρὰμ,
2786 1836 2881 1889 καὶ
2907 1835 3012 1889 τὸν
3036 1836 3269 1906 Ναχώρ,
3294 1838 3392 1890 καὶ
3425 1838 3532 1890 τὸν
3560 1839 3771 1908 Ἀρῤάμ.

554 1937 764 1991 hranlis
799 1934 1141 1990 festivitatem
1176 1928 1528 1985 hebdomath
1557 1926 1747 1998 genuit
1793 1923 2002 1978 That-ra
2039 1939 2118 1978 se-

2228 1929 2328 1984 Τὸν
2362 1927 2568 1999 πατέρα
2601 1927 2707 1998 (67)
2737 1927 2829 1980 τοῦ
2857 1927 3205 2000 ἐορτὰζοντος
3235 1929 3420 1993 ἔθνους
3447 1930 3547 2001 τὴν
3577 1930 3778 2001 ἑϐδομά-

556 2030 960 2102 ptuagenarius.
996 2027 1145 2080 Haud
1181 2024 1294 2077 seio
1332 2031 1511 2076 autem
1545 2038 1611 2074 an
1650 2029 1760 2073 tres
1794 2018 2121 2089 tergeminos

553 2124 816 2194 genuerit.
855 2122 1025 2175 Aliter
1073 2118 1220 2171 enim
1273 2113 1724 2185 scptuagenarins
1771 2127 1892 2167 cum
1952 2120 2116 2178 esset,

552 2233 658 2270 non
688 2216 948 2286 potuisset
979 2228 1045 2268 ex
1073 2226 1175 2265 una
1201 2209 1364 2264 trium
1391 2217 1546 2279 pater
1569 2205 1832 2263 ﬁeri.Sed
1857 2215 1914 2262 et
1937 2205 2120 2277 plures

548 2321 655 2361 non
698 2303 1010 2361 referuntur
1039 2301 1156 2371 ejus
1192 2314 1409 2356 uxores.

621 2484 688 2538 Et
713 2482 974 2536 descendit
1003 2479 1195 2532 Abram
1238 2479 1290 2530 in
1319 2475 1607 2547 /Egyptum
1651 2484 1706 2528 ut
1750 2474 2115 2543 peregrinare-

548 2587 636 2630 tur
668 2575 758 2638 ibi,
808 2573 1053 2643 quoniam
1092 2570 1387 2624 incaluerat
1428 2568 1592 2637 fames
1633 2582 1790 2635 super
1842 2562 2116 2619 terram".

548 2668 820 2724 Abraham
848 2682 952 2720 non
991 2665 1042 2718 in
1074 2663 1306 2734 Egypto
1350 2661 1649 2723 habitabat,
1683 2660 1778 2713 sed
1809 2657 2119 2728 peregrina-

550 2761 728 2823 batur,
763 2758 1017 2828 quoniatu
1051 2756 1349 2810 invaluerat
1378 2755 1547 2806 fames
1571 2767 1734 2821 super
1765 2762 1984 2806 terram.

621 2849 909 2904 Clmnanwi
949 2856 1123 2900 autem
1163 2853 1210 2899 et
1259 2841 1528 2896 Pherezwi
1569 2851 1692 2894 tunc
1722 2839 2028 2893 habitabant
2064 2840 2118 2893 in

548 2953 685 2996 terra
705 2942 769 2995 ⁵³.
803 2939 1091 2994 Chananati
1120 2946 1305 3006 utpote
1337 2935 1461 2989 mali
1495 2935 1832 2997 habitabant,
1872 2949 1978 2987 non
2013 2947 2113 3002 pe-

549 3035 986 3106 regrinabantur,
1026 3032 1078 3085 in
1124 3041 1293 3088 terra.
1324 3027 1446 3084 Mali
1498 3029 1682 3097 itaque
1713 3027 1978 3092 habitant,
2015 3041 2118 3080 non

547 3127 978 3197 peregrinantur,
1017 3123 1070 3178 in
1103 3131 1269 3177 terra.
2087 3117 2091 3120 ’

617 3219 724 3291 35
756 3219 814 3273 Si
849 3231 904 3272 tu
930 3217 998 3272 ad
1027 3215 1328 3274 sinistram,
1362 3230 1453 3285 ego
1492 3214 1560 3266 ad
1608 3213 1878 3266 dexteram
1915 3229 1931 3278 ;
1961 3212 2007 3266 si
2055 3220 2112 3264 tu

547 3315 617 3368 ad
656 3316 958 3377 dexteram,
998 3325 1090 3379 ego
1132 3309 1200 3362 ad
1229 3308 1499 3361 sinistrant
1533 3305 1612 3368 ³ο,
1648 3313 1756 3359 etc.
1794 3302 1905 3358 Etsi
1945 3303 2118 3358 Abra-

549 3405 672 3458 ham
742 3416 850 3470 prte
895 3398 1307 3454 mansuetudine
1360 3394 1596 3465 eligendi
1649 3403 1972 3462 potestatem
2026 3391 2115 3446 le-

544 3495 622 3551 cit
677 3494 898 3558 Lotho;
963 3491 1358 3546 observandum
1428 3497 1514 3542 est
1585 3501 1707 3540 eum
1765 3487 1854 3555 qui
1919 3484 2117 3556 elegit,

545 3605 646 3646 suo
701 3589 911 3643 delectu
967 3601 1073 3641 non
1133 3584 1279 3647 frui,
1342 3583 1492 3637 illum
1549 3591 1729 3637 autem
1785 3581 1873 3649 qui
1941 3580 2118 3649 cptio-

545 3699 670 3740 nem
720 3682 908 3747 dedit,
964 3676 1305 3734 benedictum
1367 3677 1564 3733 habere
1623 3675 1767 3746 quod
1822 3675 1926 3729 sibi
1981 3673 2115 3728 reli-

543 3787 691 3832 ctum
716 3785 818 3832 CSI.

615 3870 870 3939 Dixitque
904 3868 1041 3923 Deus
1070 3868 1138 3921 ad
1170 3865 1363 3920 Abram
1399 3873 1671 3934 postquam
1726 3871 2001 3930 separatus
2043 3867 2118 3911 est

544 3964 609 4017 ab
624 3964 744 4032 ipso
771 3961 897 4017 Lot:
924 3961 1135 4031 Respice
1159 3959 1323 4013 oculis
1356 3958 1483 4021 tuis,
1507 3966 1555 4010 et
1579 3956 1694 4009 vide
1717 3972 1748 4008 a
1779 3953 1890 4006 loco
1925 3953 1980 4005 in
2017 3967 2120 4018 quo

547 4072 684 4109 nunc
695 4071 770 4119 es,
792 4054 858 4107 ad
873 4053 1166 4123 aquilonem
1182 4063 1228 4105 et
1243 4051 1532 4114 meridiem,
1546 4059 1594 4102 et
1611 4049 1679 4101 ad
1692 4047 1964 4111 orientem,
1984 4055 2031 4098 et
2049 4045 2118 4097 ad

546 4149 885 4209 occidentem,
902 4147 1150 4217 quoniam
1169 4160 1371 4198 omnem
1385 4152 1578 4197 terram
1595 4157 1752 4212 quam
1772 4151 1825 4192 tu
1841 4140 2002 4202 vides,
2026 4136 2120 4190 tibi

545 4241 685 4294 dabo
710 4240 775 4292 “.
821 4238 922 4306 Qui
956 4237 1140 4292 virtuti
1169 4237 1298 4291 dant
1343 4249 1566 4305 operam
1597 4274 1611 4300 ,
1653 4248 1748 4288 eos
1792 4231 2040 4301 sequitur
2089 4245 2118 4283 a

537 4331 656 4387 'Deo
681 4331 1001 4387 consolatio.
1031 4329 1323 4399 Postquam
1358 4329 1636 4398 Optionem
1668 4327 1817 4382 dedit
1855 4324 2033 4388 fratri,
2066 4331 2122 4379 et

545 4425 635 4479 ille
663 4422 1094 4478 amoenissimam
1142 4431 1196 4476 et
1242 4421 1568 4476 uberrimam
1603 4419 1768 4489 elegit
1821 4421 2116 4492 regionem,

544 4513 800 4585 apparuit
850 4513 991 4567 Deus
1033 4499 1382 4576 Abrahamo,
1435 4510 1591 4579 cujus
1645 4508 1885 4562 animam
1934 4506 2116 4560 verbis

2221 2022 2286 2075 δα
2328 2021 2614 2093 ἐγέννησεν
2660 2023 2688 2074 ὁ
2726 2021 3233 2092 Θάρραγγενόμενος
3280 2021 3773 2094 ἑὸδομηκονταέτης.

2235 2114 2522 2185 Ἐφίστημι
2543 2115 2598 2167 δὲ
2627 2115 2822 2185 μήπως
2848 2114 2974 2176 τοὺς
2999 2117 3146 2185 τρεῖς
3173 2113 3466 2185 τριδύμους
3489 2114 3773 2184 ἐγέννησεν.

2226 2208 2432 2271 ’Ἄλλως
2460 2208 2586 2279 γὰρ,
2618 2206 3115 2278 ἑϐδομηκονταέτης
3161 2207 3256 2274 ὢν,
3287 2209 3348 2262 οὑ
3379 2207 3581 2261 δύναιτ’
3608 2207 3668 2260 ἂν
3691 2209 3780 2264 τῶν

2220 2297 2386 2369 τριῶν
2415 2301 2479 2353 ὲκ
2511 2299 2638 2369 μιᾶς
2671 2297 2920 2366 γενέσθαι
2947 2301 3150 2371 πατήρ.
3188 2301 3347 2355 Ἀλλὰ
3376 2302 3470 2355 καὶ
3495 2302 3556 2354 οὐ
3588 2301 3780 2373 δηλοῦνο

2219 2407 2309 2443 ται
2335 2390 2552 2452 πλείους
2582 2389 2746 2443 αὑτοῦ
2780 2393 3057 2459 γυναῖκες.

2290 2483 2395 2539 Καὶ
2451 2485 2666 2552 κατέϐη
2709 2483 2925 2554 Ἀϐρὰμ
2977 2487 3062 2552 εἰς
3101 2486 3406 2555 Αἴγυπτον
3441 2485 3805 2555 παροικῆσω⁸

2220 2574 2374 2639 ἐκεῖ,
2438 2575 2526 2629 ὅτι
2591 2576 2926 2652 ἐνίσχυσεν
2983 2580 3017 2630 ό
3101 2579 3279 2647 λιμὸς
3338 2579 3435 2631 ἐπὶ
3498 2578 3612 2646 τῆς
3670 2579 3775 2648 γῆς.

2233 2667 2480 2739 Ἀϐραὰμ
2534 2666 2643 2738 (68)
2678 2669 2738 2721 οὺ
2771 2668 3008 2740 κατῴκει
3041 2670 3310 2738 Αἴγυπτον
3330 2711 3345 2736 ,
3376 2670 3510 2724 ἀλλὰ
3537 2669 3782 2743 παρῴκει,

2219 2761 2302 2814 ὅτι
2330 2759 2605 2831 ἐνίσχυσεν
2625 2763 2653 2813 ὁ
2677 2760 2833 2831 λιμὸς
2861 2761 2954 2813 ἐπὶ
2987 2761 3088 2832 τῆς
3118 2762 3243 2832 γῆς.

2284 2855 2348 2906 Ol
2380 2851 2447 2905 δὲ
2467 2851 2783 2906 Χαναναῖοι
2811 2852 2907 2906 καὶ
2935 2857 2989 2906 ol
3015 2853 3304 2921 Φερεζαῖοι
3333 2856 3464 2909 τότε
3495 2853 3783 2918 κατῴκουν

2220 2945 2334 3014 τὴν
2362 2945 2495 3015 γῆν.
2517 2947 2602 3009 Ὡς
2633 2945 2824 3016 φαῦλοι
2849 2946 2954 3017 (69)
2982 2948 3029 2999 οἱ
3061 2949 3350 3001 Χαναναῖοι
3384 2949 3684 3020 κατῴκουν,
3709 2946 3783 3000 καὶ

2218 3038 2280 3091 οὐ
2311 3037 2601 3110 παρῴκουν
2629 3037 2727 3108 τὴν
2759 3038 2891 3108 γῆν.
2937 3038 3095 3092 Ὥστε
3126 3037 3316 3108 φαῦλοι
3345 3039 3705 3102 κατοικοῦσιν,
3735 3038 3782 3090 οὐ

2223 3129 2545 3200 παροικοῦσι
2568 3129 2662 3200 τὴν
2693 3130 2817 3201 γῆν.

2295 3225 2360 3276 Εἰ
2391 3222 2471 3276 σὺ
2494 3224 2581 3289 εἰς
2601 3221 2903 3290 ἀριστερὰ,
2928 3220 3042 3291 ἐγὼ
3075 3223 3161 3288 εὶς
3191 3222 3358 3288 δεξιά
3377 3241 3389 3254 ·
3422 3226 3475 3277 εὶ
3502 3222 3574 3276 δὲ
3603 3222 3680 3276 σὺ
3713 3225 3786 3287 εις

2223 3313 2420 3379 δεξιὰ,
2447 3314 2560 3384 ἐγὼ
2608 3317 2695 3380 εις
2733 3313 3016 3382 ἀριστερά
3039 3331 3052 3344 ·
3104 3315 3198 3367 καὶ
3244 3315 3311 3368 τὰ
3352 3315 3500 3384 ἑξῆς.
3538 3316 3603 3368 Ei
3636 3317 3720 3367 καὶ
3757 3318 3782 3384 ἡ

2223 3406 2418 3478 ἐκλογὴ
2442 3407 2552 3477 (70)
2576 3407 2766 3475 γέγονε
2797 3405 3210 3477 συγχωρηθεῖσα
3241 3407 3346 3460 ἀπὸ
3375 3408 3473 3478 τῆς
3505 3407 3786 3468 ἐπιεικείας

2221 3500 2314 3553 τοῦ
2373 3499 2624 3572 Ἀϐραὰμ
2663 3497 2741 3569 τῷ
2777 3497 2931 3560 Λώτ·
2989 3501 3436 3570 παρατηρητέον,
3481 3502 3567 3552 ὅτι
3620 3503 3648 3554 ὁ
3704 3500 3787 3569 μὲν

2222 3591 2578 3662 ἐκλεξάμενος
2646 3590 2745 3643 οὐκ
2804 3589 3065 3643 ἀπολαύει
3134 3590 3231 3660 τῆς
3301 3591 3464 3643 αὑτοῦ
3542 3591 3786 3661 ἐκλογῆς,

2220 3686 2248 3737 ὁ
2281 3686 2336 3738 δὲ
2367 3684 2777 3756 παραχωρήσας
2807 3683 3166 3755 εὐλογημένον
3203 3684 3313 3754 ἔχει
3343 3683 3404 3738 τὸ
3442 3684 3787 3753 καταλελειμ-

2227 3779 2406 3849 μένον.

2304 3875 2366 3924 '0
2397 3871 2466 3926 δὲ
2505 3871 2649 3939 Θεὸς
2672 3871 2801 3929 εἶπε
2831 3874 2980 3943 πρὸς
3008 3872 3236 3942 Ἀϐρὰμ,
3262 3871 3413 3940 μετὰ
3437 3869 3501 3924 τὸ
3533 3870 3788 3940 διαχωρι-

2222 3963 2441 4033 σθῆναι
2491 3966 2598 4020 τὸν
2644 3966 2776 4020 Λὼτ
2829 3966 2930 4020 ἀπ’
2974 3964 3187 4019 αὑτοῦ-
3243 3963 3626 4032 Ἀνάϐλεψσν
3684 3961 3789 4026 τοῖς

2223 4055 2550 4126 ὀφθαλμοῖς
2571 4071 2706 4122 σου,
2738 4059 2834 4112 καὶ
2862 4057 2952 4111 Ζδε
2976 4057 3094 4111 ἀπὸ
3125 4056 3231 4110 τοῦ
3263 4055 3453 4109 τόπου
3478 4051 3555 4110 οὗ
3582 4052 3698 4108 νῦν
3722 4052 3790 4106 σὺ

2221 4144 2293 4212 εἶ,
2333 4137 2481 4217 πρὸς
2514 4147 2746 4217 βορῤἆν
2775 4150 2871 4202 καὶ
2914 4150 3054 4202 λίϐα
3075 4187 3091 4214 ,
3119 4147 3214 4202 καὶ
3245 4147 3551 4211 ἀνατολὰς
3579 4145 3674 4198 καὶ
3707 4144 3792 4196 0d..-

2219 4245 2499 4304 λασσαν,
2529 4241 2617 4294 ὅτι
2657 4240 2864 4293 πᾶσαν
2907 4239 3021 4308 τὴν
3058 4239 3175 4308 γῆν
3200 4279 3214 4304 ,
3260 4237 3339 4305 ἢν
3371 4237 3452 4291 σὺ
3498 4237 3679 4306 ὁρᾷς,
3707 4234 3790 4286 στι

2221 4331 2394 4386 δώσω
2411 4331 2620 4398 αὐτὴν.
2657 4333 2885 4386 ’Έπεται
2915 4332 3030 4400 (7-1)
3058 4334 3170 4393 τοῖς
3202 4328 3530 4397 κατορθοῦσι.
3560 4329 3660 4399 τὴν
3689 4328 3793 4396 ἀρε-

2221 4424 2319 4495 τὴν
2348 4427 2380 4495 ἡ
2417 4423 2568 4496 παρὰ
2599 4424 2693 4477 τοῦ
2723 4424 2858 4478 Θεοῦ
2889 4423 3250 4496 παράκλησις.
3285 4423 3438 4476 Marb.
3467 4423 3523 4474 δὲ
3552 4437 3794 4492 παραχω-

2227 4516 2388 4588 ρῆσαι
2417 4515 2494 4587 τῷ
2525 4515 2735 4587 ἀδελφῷ
2760 4516 2857 4587 τὴν
2885 4516 3115 4587 αἵρεσιν,
3150 4517 3400 4568 κάκεῖνον
3429 4515 3490 4567 τὸ
3519 4513 3794 4567 κάλλιστον

480 4598 488 4606 ’
543 4608 968 4672 consolatoriis,
1012 4615 1068 4661 et
1113 4606 1271 4660 bonis
1314 4602 1767 4675 promissionibus
1809 4599 2117 4662 recreavit,

2228 4609 2316 4661 καὶ
2342 4606 2715 4679 εὐφορώτατον
2745 4606 3065 4672 ἐκλέξασθαι
3094 4605 3311 4677 χωρίον,
3338 4606 3592 4674 ἐπεφάνη
3623 4605 3652 4655 ὁ
3679 4601 3797 4661 Θεὸς

544 4703 937 4777 propemodum
984 4701 1172 4756 dicens
1210 4716 1224 4754 :
1269 4698 1496 4753 Terram
1549 4698 1689 4752 hanc
1740 4695 2018 4749 minimam
2062 4702 2117 4747 et

543 4796 862 4852 sensibilem
888 4792 1268 4865 contempsisti
1313 4808 1327 4857 ;
1364 4805 1463 4862 ego
1494 4789 1588 4844 tibi
1618 4788 1756 4844 dabo
1799 4795 2112 4840 mansueto-

551 4904 676 4942 rum
703 4897 904 4942 terram
937 4901 1055 4956 quae
1085 4895 1166 4940 est
1195 4885 1248 4939 iu
1278 4883 1499 4954 regione
1530 4881 1844 4935 viventium.
1881 4878 2115 4948 Respice

542 4983 690 5038 enim
734 4980 928 5036 mentis
961 4979 1134 5032 oculis
1160 5018 1176 5042 ,
1213 4985 1268 5031 et
1293 4976 1416 5030 vide
1445 4989 1474 5028 a
1500 4974 1622 5028 loco
1669 4973 1722 5026 in
1751 4987 1859 5040 quo
1888 4982 1940 5025 tu
1974 4988 2115 5026 nunc

543 5085 624 5125 es.
656 5069 834 5124 Locus
861 5078 1041 5123 autem
1083 5065 1214 5136 justi
1250 5063 1422 5118 virtus
1466 5071 1584 5127 est,
1617 5077 1646 5117 a
1678 5077 1780 5130 qua
1823 5076 1944 5131 quae
1985 5076 2111 5130 spe-

544 5165 717 5220 randa
757 5169 878 5216 sunt
908 5203 922 5227 ,
977 5159 1172 5227 cupide
1217 5163 1537 5226 eXSpectat,
1582 5164 1640 5210 et
1685 5169 1803 5223 qua:
1850 5154 1902 5207 in
1961 5153 2114 5208 cwlis

544 5255 780 5326 reposita
828 5261 994 5314 sunt,
1031 5249 1392 5320 praestolatur.
1448 5245 1560 5302 Nisi
1611 5245 1753 5301 enim
1804 5246 1877 5299 ita
1922 5260 1981 5299 se
2026 5259 2112 5297 res

543 5350 804 5413 haberet,
857 5356 1113 5414 quantam
1177 5341 1470 5396 verisimile
1537 5348 1620 5394 cst
1687 5339 1860 5407 ipsum
1940 5337 2112 5392 oculis

609 5441 653 5471 "
680 5439 814 5495 Gen.
857 5452 930 5504 tu,
963 5438 1018 5490 7.
1087 5435 1138 5467 “
1176 5435 1299 5489 Act.
1357 5448 1430 5501 tv,
1482 5435 1570 5490 52.
1677 5435 1719 5466 ²⁷
1753 5433 1886 5489 Gen.
1935 5431 2120 5497 31,26.

544 5511 585 5542 "
623 5511 776 5574 ibid.,
811 5509 897 5572 M,
931 5509 1017 5562 15.

546 5673 580 5727 ﬂ
617 5603 728 5724 i(.66)
756 5602 1075 5672 Γνώρισμα
1100 5600 1307 5666 κακίας
1332 5643 1346 5668 ,
1373 5610 1481 5657 etc.
1540 5599 1582 5654 Ε
1629 5599 1843 5654 schedis
1891 5597 2120 5654 Combe-

587 5690 610 5726 s
637 5691 669 5724 ι.

587 5690 669 5726 SH.

618 5773 727 5843 (67)
763 5774 872 5827 Τὸν
907 5773 1152 5843 πατέρα,
1186 5781 1292 5828 etc.
1334 5773 1411 5826 Ex
1445 5772 1632 5826 iisdem
1657 5771 1890 5851 schedis.

619 5875 728 5929 (68‘)
779 5875 1044 5947 Ἀϐραάμ,
1081 5887 1187 5932 etc.
1219 5874 1441 5946 Origeni
1491 5873 1728 5929 tribuunt
1774 5882 1882 5928 tres
1912 5883 2115 5928 catenae

543 5959 724 6016 regiae.

2213 4697 2290 4767 τῷ
2345 4697 2631 4769 Ἀϐραὰμ,
2681 4697 2860 4766 λόγοις
2919 4696 3346 4768 παρακλητικοῖς
3395 4696 3490 4748 καὶ
3539 4693 3796 4765 χρησταῖς

2215 4789 2571 4860 ὑποσχέσεσιν
2593 4791 2755 4843 αὐτὸν
2777 4787 3142 4860 ψυχαγωγῶν,
3164 4787 3444 4858 μονονουχὶ
3473 4785 3679 4854 λέγων·
3703 4785 3739 4835 Γ
3741 4783 3797 4852 ἧς

2213 4882 2412 4953 ταύτης
2456 4884 2866 4954 κατεφρόνησας
2912 4883 3010 4953 τῆς
3039 4881 3329 4951 ἐλαχίστης
3361 4879 3456 4932 καὶ
3493 4876 3792 4947 αἰσθητῆς·

2215 4975 2325 5043 ἐγώ
2354 4993 2434 5028 σοι
2457 4974 2612 5028 δώσω
2640 4974 2746 5028 τῶν
2774 4974 2992 5046 πραέων
3024 4973 3121 5045 τὴν
3163 4972 3270 5042 γῆν
3299 4971 3397 5042 τὴν
3429 4971 3487 5022 ὲν
3511 4969 3676 5040 χώρᾳ
3699 4967 3798 5020 τῶν

2220 5062 2454 5126 ζώντων.
2495 5062 2819 5132 Ἀνὰΰλεψον
2853 5062 2961 5134 γὰρ
2983 5065 3096 5124 τοῖς
3139 5060 3240 5129 τῆς
3281 5059 3522 5121 διανοίας
3571 5059 3798 5128 ὄμμασιν

2220 5155 2315 5208 καὶ
2343 5155 2416 5207 ῖδε
2455 5155 2561 5208 ἀπὸ
2610 5155 2701 5210 τοῦ
2735 5155 2900 5208 τόπου
2928 5195 2940 5218 ,
2983 5146 3043 5206 οὗ
3073 5153 3136 5206 σὺ
3171 5148 3221 5204 εἴ
3248 5151 3342 5204 νῦν
3366 5168 3378 5180 ·
3409 5151 3584 5213 τόπος
3627 5151 3685 5202 δὲ
3714 5146 3798 5199 τοῦ

2218 5246 2426 5300 δικαίου
2470 5250 2503 5318 ἡ
2537 5229 2746 5319 ¹ἁρετὴ,
2789 5248 2881 5317 ἀφ’
2929 5243 2996 5319 ἦς
3045 5246 3114 5299 τὰ
3159 5246 3217 5298 ἐν
3258 5243 3441 5296 ἐλπίσι
3480 5241 3796 5314 καραδοκεῖ,

2219 5339 2313 5390 καὶ
2398 5337 2466 5394 τὰ
2542 5338 2879 5408 ἀποκείμενα
2948 5339 3006 5390 ὲν
3074 5339 3186 5398 τοῖς
3245 5335 3495 5404 οὐρανοῖς
3573 5330 3802 5387 ἀπεκδέ-

2197 5431 2242 5460 ²⁸
2276 5431 2411 5486 Gen.
2454 5449 2552 5496 xu,
2597 5433 2682 5487 10.
2760 5431 2962 5489 "Gen.
3009 5445 3130 5496 xul,
3171 5430 3225 5483 7.
3302 5428 3346 5460 ³⁰
3375 5425 3514 5482 Gen.
3576 5442 3706 5491 xm,
3750 5426 3797 5478 9.

2299 5589 2412 5674 (69)
2455 5591 2550 5656 Ὠς
2581 5591 2820 5663 φαῦλοι,
2847 5599 2955 5647 etc.
3003 5588 3188 5644 Eidem
3228 5582 3486 5640 tribuitur
3524 5584 3580 5638 in
3615 5585 3802 5638 iisdem

2227 5673 2512 5803 faiggssoEl
2545 5719 2642 5785 κάὶ
2675 5732 2712 5803 ἡ
2743 5727 2985 5803 ἐκλογή,
3005 5739 3121 5803 etc.
3143 5726 3454 5803 [inscriptus
3480 5724 3698 5803 dicitur
3726 5725 3806 5776 hic

2225 5796 2438 5856 locus'e
2468 5812 2661 5854 catena
2691 5796 2930 5867 Romana
2964 5801 3014 5852 in
3049 5799 3263 5853 schedis
3298 5796 3648 5867 Cuurbcl‘tsii.

2294 5873 2406 5939 (71)
2443 5873 2699 5936 "Exstat,
2755 5882 2860 5926 etc.
2898 5864 2976 5924 Ex
3022 5871 3208 5926 eadem
3263 5881 3455 5925 catena
3501 5877 3563 5921 et
3619 5864 3804 5921 iisdem

2222 5943 2437 5998 Schedis
2466 5942 2796 5997 Cuutbelisii.
