3978 6496
239 347 330 402 H3

1630 343 1695 398 IN
1735 340 2054 401 GENESIM.

3365 337 3464 394 lt-I

234 481 392 533 χεται.
427 462 488 515 Ei
551 461 659 532 γὰρ
713 461 788 531 μὴ
851 459 1010 514 τοῦτο
1061 455 1147 531 ἦν,
1193 461 1368 532 πόσην
1405 461 1550 526 εἰκὸς
1589 455 1655 532 ἦν
1704 462 1793 514 αύ-

1903 456 2117 514 carneis
2154 451 2502 522 conspexisse
2533 459 2734 506 terram
2759 450 2784 504 ’ἔ
2819 456 2918 506 aut
2943 463 3226 522 usquequo
3255 464 3467 522 poterat

235 557 315 609 civ
347 554 443 624 γῆν
477 553 700 626 θεωρεῖν
737 553 1013 624 αἰσθητοῖς
1060 553 1355 623 ὀφθαλμοῖς
1390 571 1404 618 ;
1448 554 1480 621 ἢ
1519 553 1624 617 ἕως
1654 553 1795 617 τίνος

235 648 461 702 ἀτενίσαι
489 646 716 716 ἠδύνατο
745 645 927 717 κύκλῳ
965 645 1228 716 περιθέων
1257 647 1350 698 καὶ
1381 645 1658 717 περιάγων
1699 647 1796 718 τὴν

235 739 345 810 ὄψιν
365 755 378 803 ;
1597 749 1606 752 “

209 905 212 908 ἑ
302 831 548 884 Ἕλαϐον
581 829 652 884 δὲ
699 830 814 899 τὴν
863 831 1049 884 ἵππον
1088 829 1196 902 (72)
1242 832 1448 888 πᾶσαν
1477 833 1588 902 τὴν
1615 832 1794 888 Σοδό-

229 941 364 994 μων.
409 923 600 976 Ἵππον
644 924 926 994 Σοδομῖται
970 921 1064 974 νῦν
1125 923 1340 994 πρῶτον
1402 923 1796 996 ὠνομασμένην

231 1016 300 1079 ὡς
323 1014 509 1084 φαῦλοι
535 1014 681 1085 ἔχειν
711 1014 982 1084 λέγονται.

292 1109 770 1176 Παραγενόμενος
799 1107 866 1160 δὲ
897 1108 1016 1161 τῶν
1035 1108 1466 1164 ἀνασωθέντων
1487 1127 1594 1175 τις,
1613 1109 1796 1180 ἀπήγε-

231 1197 414 1266 τειλεν
475 1195 688 1264 Ἀϐρὰμ
741 1197 819 1262 τῷ
867 1197 1110 1267 περάτῃ.
1156 1187 1404 1269 Περὰτης
1462 1197 1705 1254 καλεῖται
1767 1201 1794 1252 6

204 1283 507 1374 .'A69aC‘l{.L,
565 1287 750 1358 ἐπειδὴ
815 1288 924 1340 ἀπὸ
963 1288 1062 1358 τῆς
1108 1288 1390 1344 Χαλσδαίων
1449 1290 1630 1362 χώρας
1682 1291 1795 1344 δια-

231 1385 464 1450 περάσας
515 1378 612 1450 τὴν
661 1381 1080 1452 Μεσοποταμίαν
1145 1379 1308 1455 ἦλθεν
1380 1386 1460 1448 εἰς
1526 1384 1595 1437 τὰ
1651 1385 1793 1456 μέρη

226 1474 324 1526 τῶν
347 1474 682 1528 Χαναναίων.
717 1475 1105 1548 Ἑρμηνεύεται
1134 1478 1189 1532 δὲ
1218 1479 1311 1534 καὶ
1335 1483 1444 1544 τοῖς
1478 1482 1604 1551 περὶ
1639 1481 1796 1536 Ἀκύ-

225 1563 315 1618 λαν
347 1562 628 1632 Ἑϐραῖος.

287 1654 392 1709 Καὶ
423 1650 591 1707 εἶπεν
619 1653 778 1724 αὐτῷ
797 1673 809 1684 ·
856 1655 1219 1728 Ἀνάϐλεψον
1258 1661 1344 1725 εἰς
1391 1659 1498 1714 τὸν
1530 1662 1793 1730 οὐρανὸν

223 1746 312 1798 καὶ
345 1746 682 1816 ἀρίθμησον
733 1747 874 1814 τοὺς
940 1749 1235 1818 ἀστέρας,
1265 1755 1316 1805 ει
1368 1751 1607 1821 δυνήσῃ
1657 1753 1793 1818 ἐξα-

221 1839 494 1908 ριθμῆσαι
538 1841 788 1907 αὐτούς’
825 1843 1014 1908 οὕτως
1059 1843 1232 1898 ἔσται
1271 1844 1337 1898 τὸ
1378 1845 1614 1914 σπέρμα
1651 1861 1786 1900 σου.
1826 1823 1864 1876 Β

222 1933 296 1986 Τὰ
321 1935 426 2004 γὰρ
453 1935 766 2011 γεννήματα
797 1935 909 2004 (75)
947 1953 1080 2006 φησι
1111 1937 1212 2006 τῆς
1256 1936 1435 2008 ψυχῆς
1481 1935 1573 1990 τοῦ
1609 1937 1786 2006 ἁγίου,

221 2025 306 2076 καὶ
331 2024 523 2095 πλήθει
555 2026 647 2077 καὶ
676 2023 1038 2096 λαμπρύτητι,
1059 2026 1154 2079 ἆτε
1175 2027 1311 2080 Θεοῦ
1339 2031 1788 2101 συνεργήσαντος,

221 2114 444 2169 τοσαῦτα
483 2117 574 2168 κα)⁸
617 2116 840 2170 τοιαῦτα
872 2117 1145 2186 γενέσθαι.
1190 2119 1338 2172 Αύτὰ
1369 2121 1664 2193 παρίστησι
1693 2121 1790 2192 τὴν

221 2200 358 2254 θείαν
382 2203 654 2271 εὐλογίαν.

279 2291 420 2348 Ehe
462 2294 528 2348 δέ
549 2313 562 2325 ·
599 2296 870 2351 Δέσποτα
906 2299 1082 2368 Κύριε
1105 2340 1120 2366 ,
1161 2301 1314 2356 κατὰ
1364 2304 1421 2356 τι
1469 2302 1788 2374 γνώσομαι,

219 2384 298 2438 ὅτι
353 2387 791 2457 κληρονομήσω
851 2391 1104 2458 αὐτήν;
1169 2396 1262 2448 καὶ
1330 2395 1399 2449 τὰ
1461 2397 1604 2467 ἑξῆς.
1677 2397 1790 2450 Οὐκ

219 2471 282 2547 ἦν
307 2475 416 2546 (74)
471 2477 610 2532 κατὰ
653 2479 744 2532 τὸν
775 2482 1141 2537 πιστεύσαντα
1181 2486 1362 2540 πίστιν
1409 2486 1790 2558 λελογισμένην

219 2571 360 2641 αὐτῷ
393 2573 477 2636 εἰς
512 2573 854 2645 δικαιοσύνην
881 2577 1163 2644 ἀπιστεῖν,
1205 2579 1279 2643 ὡς
1323 2581 1387 2634 ἄν
1429 2598 1513 2644 τις
1558 2581 1788 2652 οἰηθείη.

197 2661 380 2717 ’Ἀλλὰ
477 2666 684 2736 μήποτε
767 2669 1062 2734 πιστεύσας
1147 2672 1448 2744 πρότερον,
1519 2673 1614 2726 νῦν
1697 2673 1790 2726 καὶ

218 2755 408 2824 γνῶσιν
475 2760 618 2812 αἰτεῖ
677 2760 776 2832 τὴν
831 2765 960 2834 περὶ
1022 2763 1130 2818 τῶν
1188 2765 1654 2835 πεπιστευμένων.
1715 2766 1788 2820 Οὐ

217 2848 491 2918 νομοθετεῖ
555 2852 611 2905 δὲ
671 2853 749 2923 τῷ
816 2855 1066 2927 Ἀϐραὰμ
1129 2855 1275 2911 θύειν
1346 2859 1375 2910 6
1448 2857 1622 2921 Θεὸς,
1676 2857 1789 2912 ἀλλ’

215 2937 393 3010 ἐπειδὴ
416 2943 469 2994 οἱ
491 2942 834 2998 παλαιότατοι
859 2945 956 3010 τὰς
975 2947 1320 3018 ὁρκωμοσίας
1335 2947 1422 3004 διὰ
1444 2948 1648 3003 τούτων
1673 2949 1794 3003 ἐϐε-

219 3029 418 3086 δαίουν.

287 3121 541 3192 Τετάρτῃ
563 3123 632 3178 δὲ
659 3126 832 3196 γενεᾷ
857 3127 1431 3198 ἀποστραφήσονται
1455 3126 1570 3186 ὧδε
1590 3148 1602 3162 ·
1627 3133 1790 3187 οὔπω

217 3211 318 3279 γὰρ
339 3214 880 3284 ἀναπεπλήρωνται
908 3221 967 3272 αἱ
993 3218 1269 3286 ἁμαρτίαι
1290 3218 1407 3272 τῶν
1439 3222 1793 3290 Ἀμορραίων

216 3303 318 3370 ἕως
348 3307 455 3360 τοῦ
483 3308 622 3362 νῦν.
670 3309 836 3362 Ἐτῶν
867 3309 910 3362 υ¹
944 3311 1056 3383 (75)
1083 3310 1246 3375 δόσις,
1281 3313 1360 3376 εἰς
1398 3313 1458 3366 τὸ
1493 3314 1792 3386 πληθυνθῆ-

215 3411 297 3448 ναι
325 3397 424 3467 μὲν
449 3399 547 3451 τοῦ
588 3395 835 3473 Ἀϐραὰμ
859 3403 918 3455 τὸ
944 3403 1170 3474 σπέρμα
1195 3445 1208 3468 ,
1241 3404 1492 3474 γενέσθαι
1521 3406 1578 3460 δὲ
1608 3407 1676 3460 τὰ
1701 3424 1792 3476 γε·

217 3487 408 3556 νόμενα
439 3493 663 3560 σημεῖα.
689 3492 813 3556 Πῶς
847 3489 940 3547 οὖν
969 3495 1051 3560 τὸ,
1074 3496 1250 3549 Οὔπω
1273 3496 1795 3566 ἀνεπληρώθησαν

213 3582 268 3631 al
292 3581 570 3649 ἁμαρτίαι
599 3582 719 3637 τῶν
760 3586 1162 3658 Ἀμορῤαἰων;
1191 3587 1282 3642 ἵνα
1316 3587 1466 3662 δείξῃ
1485 3630 1498 3653 ,
1531 3589 1611 3642 ὅτι
1645 3589 1794 3643 εὐλό-

213 3687 320 3739 γως
353 3673 704 3730 ἑκϐἀλλονται
737 3677 802 3730 δι’
834 3679 1125 3752 ἁμαρτίας.
1161 3680 1270 3733 Καὶ
1320 3679 1426 3750 γὰρ
1465 3681 1594 3734 ὅταν
1623 3680 1790 3748 λέγει,

211 3764 656 3833 Μετεμελήθην,
681 3767 740 3820 ού
771 3767 925 3821 τοῦτο
965 3767 1110 3836 λέγει
1142 3769 1172 3822 ὃ
1211 3771 1440 3840 πάσχει,
1476 3769 1598 3824 οὔτε
1637 3771 1793 3825 τοῦτο

215 3856 408 3926 πάσχει
433 3857 462 3909 ὃ
490 3855 660 3925 λέγει,
691 3858 824 3912 ἀλλὰ
841 3859 940 3930 τὴν
965 3859 1059 3913 τοῦ
1076 3860 1370 3931 γενομένου
1405 3861 1634 3917 ἀτοπίαν
1658 3879 1792 3934 παρ-

217 3947 442 4019 ίστησιν.
491 3951 602 4004 Καὶ
639 3951 766 4019 μετ’
815 3951 988 4020 ὀλίγα
1012 3967 1026 3982 ⁸
1059 3953 1288 4005 Ἔπειτα
1339 3948 1478 4024 ἦσαν
1523 3953 1690 4006 πάλαι
1735 3957 1792 4008 ὲν

218 4041 310 4110 μὲν
367 4042 704 4114 Παλαιστίνῃ
749 4042 970 4110 δίκαιοι,
1023 4045 1051 4097 6
1110 4044 1443 4114 Μελχισεδὲκ
1496 4047 1589 4099 κα)¹
1642 4046 1792 4100 ἄλλοι

214 4133 412 4188 πολλοί.
447 4135 524 4188 οὐ
553 4135 663 4207 γὰρ
690 4131 758 4207 ἦν
789 4136 976 4200 ἁπλῶς
1023 4137 1198 4208 ἱερεὺς
1231 4139 1305 4209 μὴ
1331 4139 1501 4192 ὄντων
1533 4138 1641 4192 τῶν
1671 4156 1792 4193 πει-

209 4221 454 4293 θομένων
526 4225 702 4278 Οὔπω
747 4222 838 4280 οὖν
895 4227 1438 4297 ἀναπεπλήρωνται
1485 4231 1607 4283 ἀντὶ
1651 4230 1790 4294 τοῦ,

210 4316 372 4370 Οὔπω
413 4317 732 4368 ἐκλέλοιπεν
789 4317 936 4381 ὅσιος
989 4318 1048 4386 ἐξ
1109 4319 1324 4373 αὐτῶν·
1376 4321 1528 4376 οὔπω
1576 4321 1793 4394 πεπλή-

213 4423 451 4476 ρωνται,
485 4409 584 4462 καὶ
628 4409 1029 4481 τετελειωμένοι
1085 4414 1222 4466 εἰσὶν
1279 4415 1590 4487 ἁμαρτίαις.
1648 4415 1793 4471 Δέκα

1899 561 2102 607 attente
2163 550 2408 616 intueri,
2465 549 2846 620 circumagens
2910 559 2965 604 et
3031 546 3464 603 circumvolveus

1895 646 2079 702 Oculos
2099 645 2121 698 ?

1965 823 2225 894 Ceperunl
2255 834 2426 878 autem
2455 839 2654 878 omnem
2688 821 2977 892 equitatuut
3007 821 3358 877 Sodomorum
3393 823 3458 878 ".‘

1897 918 2210 988 Equitatum
2243 918 2342 971 hoc
2371 917 2488 970 loco
2531 917 2763 986 primunt
2795 915 3132 969 nominatum
3171 915 3464 971 Sodomita:

1897 1020 1954 1064 ut
1981 1009 2102 1063 mali
2135 1009 2334 1063 habere
2364 1009 2644 1063 dicuntur.

1963 1102 2250 1155 Adveniens
2279 1113 2448 1155 autem
2487 1103 2600 1170 quis
2652 1115 2831 1154 eorum
2871 1101 2960 1169 qui
2996 1111 3285 1166 evaserant,
3322 1119 3460 1155 mm-

1895 1193 2040 1246 tiavit
2079 1193 2272 1246 Abram
2311 1185 2583 1248 transitori
2623 1196 2686 1249 ⁸³.
2730 1194 3016 1248 Transitor
3040 1203 3263 1245 vocatur
3291 1195 3464 1248 Abra-

1895 1285 2037 1350 ham,
2059 1286 2180 1356 quia
2211 1303 2276 1340 ex
2301 1285 2674 1341 Chaldteorum
2707 1287 2931 1356 regione
2962 1284 3186 1354 trajecta
3215 1283 3464 1354 Mesolto-

1895 1377 2057 1430 tamia
2089 1377 2232 1432 venit
2263 1378 2314 1432 in
2362 1387 2540 1445 partes
2569 1379 3031 1432 Chauanmorum.
3065 1375 3464 1445 Interpretatur

1893 1481 2071 1525 autem
2101 1470 2315 1540 Aquila,
2345 1468 2619 1526 Hebr-oms.

1963 1644 2030 1698 Et
2062 1645 2194 1699 dixit
2225 1647 2313 1699 ei:
2348 1643 2561 1712 Respice
2589 1644 2642 1697 in
2676 1642 2893 1708 cadum,
2929 1652 2975 1696 et
3007 1657 3222 1695 numera
3260 1639 3460 1704 stellas,

1894 1738 1938 1791 si
1967 1738 2157 1806 poteris
2185 1751 2461 1790 numerare
2487 1752 2573 1787 eos
2599 1751 2615 1788 :
2639 1736 2714 1788 sic
2745 1735 2838 1786 erit
2869 1749 3042 1786 semen
3075 1742 3222 1784 tuum
3246 1729 3310 1784 ³³.
3336 1730 3465 1783 Pro-

1895 1831 2102 1902 geniem
2130 1828 2276 1884 enim
2308 1828 2501 1882 anima:
2523 1827 2654 1896 justi
2677 1868 2692 1893 ,
2729 1835 2784 1880 et
2816 1823 3158 1880 multitudine
3208 1834 3259 1878 et
3297 1823 3462 1878 cluri-

1896 1931 2038 1986 tate,
2089 1920 2198 1974 Deo
2259 1919 2510 1974 videlicet
2565 1927 2925 1987 cooperante,
2982 1925 3186 1970 tantam
3256 1924 3308 1968 ct
3375 1923 3458 1967 ta-

1893 2016 1995 2068 lem
2048 2027 2170 2068 esse
2219 2011 2316 2066 ait.
2359 2012 2474 2081 Ipsa
2533 2012 2870 2068 demonstrat
2927 2009 3166 2064 divinam
3225 2005 3462 2062 benedi-

1893 2117 2148 2161 cttoucm.

1965 2291 2108 2346 Dixit
2137 2299 2308 2344 autem
2334 2307 2352 2344 .'
2377 2289 2694 2343 Dominator
2713 2285 2958 2354 Domine,
2984 2287 3121 2340 unde
3141 2285 3461 2354 sciamquod

1891 2385 2194 2440 Itazreditate
2225 2384 2430 2451 capiam
2465 2381 2611 2434 illam
2639 2381 2681 2412 ³⁵
2707 2380 2730 2432 ?
2760 2389 2814 2434 et
2846 2389 3064 2432 cmtcra.
3095 2377 3195 2444 Qui
3229 2377 3462 2432 credidit

1891 2494 1954 2534 ea
1983 2477 2084 2532 fide
2115 2492 2234 2546 qua:
2271 2484 2511 2544 reputatu
2541 2482 2624 2528 est
2649 2472 2697 2526 ei
2737 2473 2804 2526 ad
2851 2470 3116 2540 justitiam
3138 2510 3151 2534 ,
3181 2471 3324 2524 lmnc
3354 2483 3462 2523 non

1893 2567 2185 2624 verisimile
2210 2573 2293 2620 est
2334 2564 2566 2619 diﬂlsum
2598 2577 2742 2624 esse,
2787 2572 2844 2616 ut
2879 2560 3148 2630 quispiam
3185 2558 3463 2612 existima-

1891 2662 2046 2716 verit.
2099 2659 2204 2715 Sed
2246 2656 2388 2712 forte
2441 2657 2530 2726 qui
2577 2659 2728 2726 prius
2771 2654 3040 2719 credidit,
3101 2666 3248 2716 nunc
3296 2649 3460 2703 etiam

1891 2753 2086 2823 qumrit
2126 2753 2265 2806 unde
2291 2759 2581 2822 cognoscat
2617 2763 2734 2817 qua:
2764 2763 2822 2802 se
2863 2745 3172 2800 habiturum
3202 2742 3457 2798 credidit.

1890 2843 2008 2900 Non
2064 2843 2310 2914 praecipit
2357 2852 2540 2896 autem
2591 2841 2906 2894 Abrahamo
2971 2839 3108 2891 Deus
3163 2844 3221 2887 ut
3277 2833 3460 2888 sacri-

1893 2939 2056 3005 ficet,
2113 2939 2208 2992 sed
2257 2934 2382 3005 quia
2421 2943 2634 2989 veteres
2689 2948 2782 2987 sua
2849 2929 3052 2986 foedera
3118 2927 3200 2982 his
3261 2927 3462 2980 ﬁrma-

1889 3029 1955 3084 ba
1965 3046 1994 3082 ιι
2005 3039 2046 3084 t.

1895 3103 1898 3106 i
1962 3120 2071 3191 36
2111 3119 2313 3186 Quarta
2358 3129 2528 3171 autem
2579 3117 2914 3188 generatione
2969 3120 3287 3166 revertentur
3338 3109 3459 3166 Imc.

1896 3213 2148 3267 Nondum
2189 3212 2326 3274 enim
2374 3210 2582 3278 impleta
2627 3219 2744 3262 sunt
2789 3218 3000 3276 peccata
3029 3204 3459 3258 Amorrhazomm

1893 3324 2054 3376 usque
2097 3322 2234 3360 nunc
2254 3305 2320 3358 ⁸⁸.
2350 3303 2884 3372 Quadringentorum
2915 3315 3181 3355 annorum
3217 3299 3457 3368 spatium

1893 3402 2079 3456 datum
2127 3409 2211 3455 est
2236 3439 2251 3463 ,
2285 3409 2342 3452 ut
2381 3395 2832 3465 multiplicaretur
2865 3393 3098 3447 Abrahae
3135 3408 3318 3447 semen
3345 3431 3360 3450 .
3410 3399 3462 3442 ct

1893 3493 2086 3547 tierent
2115 3490 2264 3560 signa
2297 3502 2418 3556 quae
2447 3485 2813 3554 contigerunt.
2848 3483 2984 3549 Quid
3019 3498 3149 3552 ergo
3179 3482 3305 3543 hoc,
3327 3480 3464 3534 Non-

1895 3586 2016 3638 dum
2049 3582 2258 3652 impleta
2296 3591 2414 3633 sunt
2443 3589 2653 3647 peccatu
2687 3575 3114 3629 Amori-fucorum
3141 3576 3166 3628 .9
3192 3583 3250 3628 ut
3279 3570 3464 3628 osten-

1895 3679 2044 3732 deret
2065 3657 2164 3729 ieos
2197 3673 2320 3742 jure
2345 3671 2538 3739 expelli
2573 3679 2792 3736 prapter
2821 3677 3064 3736 peccata.
3099 3664 3308 3720 Etenim
3339 3679 3462 3717 cum

1894 3769 2008 3820 ait:
2037 3765 2262 3820 Pazuitet
2291 3781 2389 3826 me,
2425 3777 2530 3816 non
2564 3762 2665 3815 hoc
2693 3759 2820 3813 dicit
2848 3759 2990 3828 quod
3026 3758 3250 3827 patitur,
3285 3770 3464 3824 neque

1895 3859 1994 3914 hoc
2027 3860 2230 3926 patitur
2254 3857 2394 3926 quod
2423 3854 2578 3918 dicit,
2604 3855 2696 3906 sed
2727 3850 2856 3905 facti
2879 3849 3251 3920 indignitatem
3281 3857 3465 3902 osten-

1893 3954 1990 4009 dit.
2026 3951 2090 4004 Ει
2120 3952 2302 4022 pauci:
2325 3948 2656 4017 interjectis:
2694 3945 2898 3999 Deinde
2924 3953 3081 3997 erant
3107 3943 3236 3996 olim
3269 3941 3320 3994 in
3357 3939 3464 3991 Pa-

1894 4047 2098 4102 laestina
2148 4045 2270 4111 iusti
2295 4084 2310 4106 ,
2349 4041 2747 4097 Melchisedech
2791 4047 2844 4092 et
2887 4037 2974 4090 alii
3005 4035 3244 4106 plurimi.
3279 4033 3466 4102 Neque

1894 4142 2036 4196 enim
2069 4135 2215 4192 solus
2245 4145 2364 4191 erat
2401 4133 2660 4188 sacerdos
2693 4132 2897 4199 alisque
2927 4129 3079 4197 plebe
3112 4126 3278 4180 ﬁdeli.
3311 4123 3464 4177 Non-

1895 4233 2018 4285 dum
2050 4245 2178 4298 ergo
2211 4228 2426 4297 impleta
2469 4234 2592 4280 sunt
2619 4265 2632 4290 ,
2682 4225 2880 4278 dictmn
2925 4229 3008 4274 est
3055 4233 3155 4288 pro
3191 4233 3294 4272 eo:
3327 4217 3468 4273 Nou-

1895 4323 2022 4378 dum
2072 4337 2137 4375 ex
2197 4321 2331 4389 ipsis
2385 4317 2590 4372 defecit
2639 4327 2899 4378 sanctus,
2953 4309 3188 4366 nomlum
3243 4307 3466 4378 perfecti
3557 4299 3562 4304 ’

1895 4429 1950 4474 et
2007 4417 2362 4474 consummati
2423 4423 2549 4468 sunt
2609 4412 2662 4466 in
2729 4410 2990 4480 peccatis.
3059 4407 3257 4462 Decem
3320 4405 3466 4460 enim

213 4496 315 4572 γὰρ
359 4499 566 4556 δίκαιοι
619 4501 837 4572 ῥύονται
882 4503 980 4574 τὴν
1024 4505 1207 4559 πόλιν·
1243 4507 1360 4560 τότε
1399 4507 1453 4560 δὲ
1489 4509 1588 4561 οὐκ
1625 4509 1792 4578 ὀλίγοι

1902 4513 2026 4580 iusti
2101 4510 2334 4566 liberant
2411 4506 2640 4570 urbem,
2704 4513 2831 4558 tunc
2901 4509 3083 4556 autem
3141 4513 3248 4554 non
3309 4496 3468 4568 pauci

211 4585 366 4661 ἦσαν.

285 4683 777 4740 Ταπειιιώσουσιν
819 4689 1042 4756 αὐτοὺς
1086 4693 1437 4759 τετρακόσια
1465 4691 1588 4760 ἐτη.
1616 4691 1714 4746 Διὰ
1741 4693 1793 4746 τί

209 4773 264 4825 δὲ
306 4774 418 4845 (76)
461 4777 701 4848 περισσὰ
746 4778 838 4851 ἔτη
885 4780 1030 4848 λέγει
1077 4782 1106 4834 6
1145 4782 1463 4846 Ἀπόστολος
1497 4783 1540 4836 λ’
1569 4822 1584 4846 ,
1624 4785 1694 4837 τά
1734 4801 1794 4838 τε

211 4865 305 4936 τῆς
351 4867 669 4940 Διαθήκης,
719 4872 786 4940 ἣν
837 4873 1130 4946 ἐποιήσατο
1177 4872 1314 4943 μετὰ
1364 4874 1456 4926 τοῦ
1512 4873 1789 4946 Ἀϐραὰμ,

211 4958 303 5010 καὶ
347 4959 452 5028 τῆς
500 4957 563 5024 ἐξ
606 4960 882 5029 Αἰγύπτου
924 4963 1143 5034 πορείας
1198 4965 1254 5015 ἐν
1295 4966 1360 5034 τῇ
1413 4965 1604 5035 ἐρήμῳ
1630 5003 1643 5027 ,
1700 4965 1792 5017 καὶ

211 5048 306 5119 τῆς
331 5049 429 5102 τοῦ
461 5051 630 5120 νόμου
661 5052 896 5117 δόσεωςς
933 5055 1006 5107 Οὐ
1038 5055 1268 5124 μάχεται
1308 5054 1376 5108 τὰ
1414 5055 1646 5109 ἐνταῦθα
1682 5059 1791 5120 τοῖς

211 5141 266 5192 ἐν
313 5145 380 5214 τῇ
445 5142 667 5208 Ἐξόδῳ
704 5145 1128 5216 γεγραμμένοις.
1190 5146 1334 5198 Ἐκεῖ
1379 5146 1487 5219 γὰρ
1542 5148 1792 5218 εἴρηται,

211 5232 364 5285 Μετὰ
411 5233 494 5286 υλ¹
557 5235 648 5306 ἐτη
694 5235 913 5307 ἐξῆλθεν
977 5241 1009 5308 ἡ
1064 5237 1290 5308 δύναμις
1333 5241 1536 5311 Κυρίου
1589 5241 1653 5293 ἐκ
1699 5240 1796 5309 τῆς

211 5325 526 5392 Αἰγύπτου’
573 5326 806 5380 ἐνταῦθα
867 5327 922 5380 δὲ
975 5331 1111 5398 μετὰ
1164 5331 1209 5382 υ⁷
1273 5331 1454 5402 φησίν.
1501 5331 1624 5385 Αλλ’
1674 5333 1793 5384 ἑπι-

215 5415 408 5486 στῆσαι
459 5417 582 5482 δεῖ,
614 5417 695 5470 ὄτι
738 5419 837 5471 οὐκ
869 5421 1066 5492 ἐρρέθη
1095 5461 1108 5486 ,
1146 5423 1220 5486 ὡς
1267 5423 1657 5495 πληρωθέντων
1691 5423 1796 5476 τῶν

286 5554 330 5584 ³³
363 5554 510 5608 Gen.
541 5570 648 5620 xw,
677 5556 762 5609 ll.

425 5675 667 5755 Ἱππον,
699 5683 803 5728 etc.
836 5675 920 5755 _Ex
955 5676 1130 5731 tribus
1167 5680 1374 5755 catenis
1409 5679 1608 5755 Regiis.

281 5743 394 5812 (73)
427 5746 648 5812 mmo
671 5745 1028 5813 γεννήματα,
1055 5758 1163 5805 etc.
1201 5750 1272 5802 Ex
1296 5743 1788 5806 catena'ltumana.

284 5813 400 5886 (74)
443 5815 571 5868 Οὐκ
613 5813 693 5887 ἦν
743 5820 914 5884 κατὰ,
955 5828 1061 5872 ctc.
1105 5819 1180 5872 Ex
1216 5821 1399 5876 eadem
1444 5831 1634 5876 catena
1697 5823 1804 5878 Ro-

837 5557 880 5588 ³³
909 5556 1064 5622 ἰίἰιΙ.,
1106 5559 1192 5614 15.
1268 5560 1315 5592 ³⁸⁸
1347 5562 1484 5617 Gen.
1521 5578 1606 5628 xv,
1641 5562 1692 5617 5.
1771 5563 1814 5594 ³⁵
1842 5563 1996 5630 ibid.,
2028 5563 2082 5618 8.

2036 4610 2074 4656 ι.

2036 4617 2074 4656 ι.

1899 4617 2342 4746 ωἰῗιιηιίιεαὺιιηι
2373 4705 2458 4742 eos
2489 4684 2887 4755 quadringentis
2914 4683 3069 4738 annis
3100 4683 3167 4740 ³⁷.
3199 4682 3310 4739 Cur
3339 4697 3470 4754 prm-

1901 4796 2044 4842 lerea
2074 4784 2226 4837 addit
2255 4779 2546 4849 Apostolus
2575 4778 2800 4847 triginta
2831 4791 3026 4842 annos,
3056 4785 3112 4830 et
3157 4789 3280 4844 qua!
3308 4775 3471 4845 perti-

1902 4887 2029 4931 nent
2072 4889 2192 4928 cum
2231 4871 2296 4926 ad
2338 4869 2515 4925 foedus
2568 4869 2710 4936 quod
2758 4867 2959 4936 pepigit
3004 4882 3128 4922 cum
3173 4867 3468 4934 Abraham,

1901 4979 2010 5022 tum
2046 4968 2111 5020 ad
2142 4963 2531 5034 profectionem
2567 4975 2630 5014 ex
2665 4957 2901 5026 [Egypto
2949 4959 3000 5011 in
3045 4971 3268 5022 eremo,
3306 4967 3360 5011 et
3403 4957 3470 5008 ad

1900 5061 2070 5128 legem
2103 5057 2284 5109 datam
2307 5051 2330 5104 ?
2356 5049 2469 5104 Non
2503 5058 2743 5118 pugnant
2763 5061 2882 5128 quae
2909 5048 3012 5100 hoc
3039 5046 3160 5100 loco
3193 5047 3470 5116 leguntur,

1902 5125 2022 5202 cum
2056 5146 2119 5198 iis
2144 5158 2264 5212 quae
2289 5141 2342 5194 in
2370 5140 2558 5194 Exodo
2579 5125 2956 5206 scripta‘sunt.
2983 5138 3058 5192 Ibi
3092 5139 3236 5192 enim
3270 5139 3470 5192 dictum

1903 5249 1984 5292 cst
2027 5245 2149 5307 post
2197 5233 2616 5302 quadringentos
2654 5241 2708 5284 et
2763 5229 2984 5298 triginta
3049 5245 3222 5284 annos
3272 5228 3474 5282 exiisse

1905 5329 2202 5384 exercitum
2234 5325 2443 5379 Domini
2471 5323 2536 5378 de
2566 5323 2822 5395 1Egypto,
2853 5327 2941 5380 hic
2967 5333 3150 5378 autem
3181 5327 3305 5391 post
3340 5333 3474 5387 qua-

1906 5422 2219 5490 driugentos
2245 5433 2260 5469 :
2291 5417 2385 5471 scd
2421 5416 2961 5482 animadvertendum
3009 5423 3091 5469 est
3123 5427 3231 5466 non
3264 5410 3473 5464 dictum

2160 5561 2204 5592 ³⁸
2227 5561 2382 5628 ihid.,
2409 5561 2496 5616 16.
2574 5560 2616 5592 ³⁷
2643 5561 2797 5628 ibid.,
2827 5563 2914 5618 I5.

1935 5697 1982 5733 ιε)
2028 5697 2077 5734 Ω.

1901 5697 1932 5735 ¹¹
1974 5699 2084 5822 (ἷξες)
2140 5749 2314 5803 θεῶν
2343 5767 2359 5800 ,
2384 5757 2394 5822 τ
2420 5751 2618 5822 δόσις,
2641 5759 2754 5822 etc.
2791 5747 2868 5822 Ex
2905 5745 3474 5822 sehed‘istombetisii.

1981 5819 2091 5895 (7ο)
2129 5825 2228 5877 Διά
2273 5822 2329 5874 τί
2368 5821 2454 5886 δὲ,
2491 5829 2598 5875 cle.
2637 5819 2711 5871 Ex
2742 5820 2929 5873 iisdem
2967 5819 3200 5875 schedis.
