3978 6504
539 370 644 426 H5

1977 363 2319 421 ORIGENES

3681 361 3776 421 H6

535 502 656 543 esse
681 485 910 558 expletis
941 485 1354 557 quadringentis
1387 484 1546 540 annis
1572 483 1805 549 exiisse,
1847 482 1940 540 sed
1985 493 2106 554 post

2232 489 2256 535 ι’
2289 482 2426 537 ἐτῶν
2455 482 2699 555 ἐξῆλθον,
2729 481 2868 537 ἀλλὰ
2917 479 3057 554 μετὰ
3101 487 3146 534 u'
3181 480 3275 552 έτη
3300 522 3315 549 ,
3343 480 3482 554 ὂπερ
3539 480 3778 551 ἐμφαίνει

533 579 961 649 quadringentos
993 591 1189 644 annos,
1230 575 1374 648 quod
1400 576 1623 646 quidem
1657 575 1896 630 ostendit
1925 585 1978 629 et
2011 574 2108 630 tri-

531 672 701 743 ginta.

604 763 676 816 Et
710 763 950 832 despecta
976 771 1049 817 est
1080 761 1296 816 domina
1330 761 1446 833 ejus
1474 761 1526 815 in
1552 768 1830 830 conspectu
1860 760 2006 814 illius
2035 759 2103 814 ³⁸.

530 851 663 913 Data
696 872 861 928 opera
895 857 1229 911 declaratum
1265 870 1372 909 non
1405 864 1488 908 est
1510 895 1525 920 ,
1559 869 1587 907 a
1622 869 1730 924 quo
1752 893 1766 918 ,
1815 862 1872 906 ut
1927 852 2107 922 inqui-

532 948 700 1004 rendo
743 947 1116 1003 inveniremus
1147 947 1398 1000 virtutem
1419 985 1434 1009 ,
1465 953 1818 1014 posteaquam
1852 943 2109 997 liberales

531 1052 678 1098 artes
702 1042 924 1114 genuit,
955 1040 1231 1111 deSpectui
1267 1039 1454 1096 haberi
1498 1038 1704 1100 solere,
1739 1053 1846 1092 non
1881 1036 2104 1107 quidem

531 1133 642 1187 ullo
677 1135 836 1189 modo
865 1134 933 1188 ab
963 1133 1271 1197 Abraham,
1307 1131 1401 1186 sed
1435 1130 1517 1186 vel
1550 1129 1618 1185 ab
1657 1129 1851 1184 ancilla
1877 1168 1892 1192 ,
1928 1127 2014 1182 vel
2039 1128 2107 1182 ab

531 1227 601 1283 iis
629 1228 721 1299 qui
752 1227 870 1298 ejus
899 1226 1050 1298 prole
1081 1227 1420 1282 delectantur
1444 1263 1459 1290 ,
1509 1231 1798 1292 antequam
1845 1229 2109 1292 praestau-

533 1319 673 1375 tiora
702 1329 760 1375 et
787 1320 1008 1376 meliora
1037 1329 1164 1374 nata
1195 1319 1324 1373 sint.

601 1413 675 1467 Et
707 1429 810 1468 non
843 1413 1114 1468 vocabitur
1137 1413 1365 1481 amplius
1392 1427 1576 1466 nomen
1599 1421 1746 1464 tuum
1773 1409 1992 1474 Abram,
2019 1410 2108 1464 sed

530 1507 631 1562 erit
677 1522 864 1560 nomen
923 1515 1070 1559 tuum
1103 1505 1371 1558 Abraham
1396 1505 1460 1558 “.
1504 1503 1987 1574 lnterpretationes
2019 1518 2110 1557 no-

531 1597 738 1653 minum
769 1612 974 1668 quaere.
1003 1595 1212 1652 Virtute
1234 1597 1378 1652 enim
1409 1596 1662 1665 imposita
1691 1602 1817 1649 sunt
1843 1610 1872 1648 a
1901 1595 2107 1664 Spiritu

531 1698 742 1747 sancto.
803 1691 941 1758 Quin
1006 1699 1063 1743 et
1115 1689 1242 1744 illud
1313 1689 1455 1745 scire
1523 1697 1740 1758 oportet
1802 1686 2110 1744 nominibus

534 1779 789 1845 habitus,
850 1780 1164 1836 affectiones
1210 1788 1264 1834 et
1316 1780 1604 1850 qualitates
1647 1779 1914 1845 indicari,
1968 1780 2110 1834 unde

534 1885 760 1926 noscere
787 1879 874 1927 est
907 1870 1023 1940 ejus
1066 1871 1152 1926 cui
1199 1870 1419 1926 nomina
1462 1869 1716 1939 imposita
1757 1879 1912 1939 sunt,
1944 1871 2109 1928 animi
2146 1855 2186 1910 Β

535 1963 711 2019 dotes.

605 2141 752 2196 Dixit
784 2153 958 2198 autem
986 2145 1250 2199 Abraham
1279 2147 1348 2198 ad
1383 2145 1548 2199 Deum
1575 2158 1594 2197 :
1628 2144 1826 2200 lsmael
1857 2145 1955 2200 iste
1978 2147 2114 2200 vivat

532 2241 655 2285 ante
692 2241 739 2285 te
763 2233 829 2287 ⁸ο.
859 2233 1130 2288 Eximium
1172 2236 1301 2304 quid
1342 2236 1536 2291 orabat
1567 2252 1662 2306 pro
1695 2235 1920 2292 lsmaele
1944 2238 2115 2292 Abra-

535 2325 682 2387 bam,
719 2337 820 2380 nec
849 2326 987 2380 satis
1013 2325 1063 2379 ei
1096 2326 1196 2380 l'uit
1220 2326 1432 2396 precari
1471 2345 1486 2381 :
1530 2330 1668 2382 vii-at
1698 2345 1718 2394 ;
1754 2330 1846 2384 sed
1881 2329 2113 2396 addidit,

530 2429 655 2472 ante
687 2428 759 2476 te.
801 2421 994 2476 Vivere
1027 2421 1174 2475 enim
1225 2430 1353 2476 ante
1397 2423 1684 2478 Dominum
1710 2466 1724 2492 ,
1771 2425 2114 2483 solummodo

533 2520 617 2566 est
647 2511 933 2568 beatorum
967 2522 1132 2583 atque
1159 2523 1491 2570 sanctorum.

609 2693 876 2748 Abraham
925 2707 1098 2751 autem
1148 2707 1196 2753 et
1229 2697 1366 2753 Sara
1399 2715 1546 2754 senes
1597 2700 1862 2770 progressi
1896 2701 1950 2755 in
1995 2703 2113 2757 die-

535 2786 634 2843 bus
669 2788 738 2842 “.
772 2787 1046 2845 Fortassis
1091 2790 1154 2844 de
1183 2789 1315 2845 solis
1353 2789 1518 2858 justis
1550 2792 1755 2846 dictum
1796 2801 1882 2848 est
1925 2811 1938 2848 :
1984 2811 2114 2861 pro-

534 2880 701 2950 gressi
747 2881 802 2934 in
850 2880 1055 2935 diebus.
1100 2881 1253 2947 Quod
1291 2883 1334 2938 si
1375 2883 1447 2937 ita
1493 2897 1551 2938 se
1588 2897 1674 2938 res
1703 2883 1886 2950 habet,
1927 2887 2109 2943 nullus

535 2974 713 3028 malus
741 2988 1066 3042 progressus
1097 2985 1202 3030 est.

607 3063 714 3135 37
749 3065 814 3118 Et
855 3066 1282 3136 appropinquans
1315 3068 1582 3122 Abraham
1610 3069 1781 3123 dixit:
1813 3068 1895 3124 Ne
1923 3072 2114 3139 perdas

2213 575 2308 630 καὶ
2341 574 2408 628 τά
2439 574 2504 627 λ’.

2286 767 2394 824 Kal
2426 767 2724 838 ἠτιμάσθη
2758 767 2795 837 ἡ
2827 766 3004 836 κυρία
3040 765 3229 834 αὐτῆς
3267 761 3547 818 ἐναντίον
3577 760 3780 830 αὐτῆς.

2227 862 2507 933 Ἐπίτηδες
2533 861 2641 932 (77)
2675 860 2774 914 οὐκ
2817 857 3153 930 ὲσαφηνίσθη
3207 856 3268 910 τὸ
3325 855 3430 935 ὑπὸ
3480 853 3662 917 τίνος,
3703 854 3783 908 ἶνα

2215 957 2373 1027 ἡμεῖς
2398 953 2729 1026 ζητήσαντες
2755 953 3025 1031 εὕρωμεν,
3053 955 3132 1006 ὅτι
3161 953 3400 1021 πέφυκεν
3431 950 3782 1020 ἀτιμάζεσθαι

2213 1047 2405 1117 ἀρετὴ,
2432 1047 2592 1117 ήνίκα
2623 1045 2690 1098 τὰ
2721 1043 3168 1114 προπαιδεύματα
3191 1042 3427 1113 γεννήσῃ
3450 1057 3463 1070 ·
3489 1040 3550 1092 οὐ
3578 1040 3779 1104 πάντως

2215 1139 2320 1193 ὑπὸ
2342 1139 2435 1192 τοῦ
2459 1137 2727 1209 Ἀϐραάμ,
2752 1138 2864 1191 ἀλλ’
2889 1138 3005 1209 ἦτοι
3031 1135 3135 1188 ὑπὸ
3166 1134 3266 1203 τῆς
3291 1132 3605 1202 παιδίσκης,
3629 1133 3663 1204 ἢ
3688 1132 3783 1186 τῶν

2214 1231 2509 1303 χαιρόντων
2557 1231 2663 1301 πρὸ
2716 1231 2815 1302 τῆς
2859 1229 3122 1302 γενέσεως
3169 1225 3276 1279 τῶν
3319 1223 3643 1296 κρειττόνων
3682 1226 3783 1288 τοῖς

2214 1325 2546 1395 γεννήμασιν
2580 1322 2772 1392 αὐτῆς.

2284 1417 2393 1471 Καὶ
2434 1418 2504 1470 οὐ
2543 1413 2912 1483 κληθήσεται
2943 1411 3030 1466 ἔτι
3068 1412 3134 1466 τὸ
3180 1409 3367 1480 ὄνομά
3410 1427 3527 1465 σου
3568 1409 3783 1478 Ἁόρὰμ,

2215 1512 2350 1566 ἀλλ’
2398 1509 2569 1564 ἔσται
2620 1509 2686 1562 τὸ
2745 1504 2928 1576 ὄνομά
2971 1521 3087 1560 σου
3143 1502 3409 1573 Ἁϐραάμ.
3458 1503 3570 1566 Τάς
3627 1503 3786 1573 ἑρμη-

2215 1605 2362 1668 νείας
2390 1603 2499 1674 (78)
2534 1602 2641 1656 τῶν
2672 1601 2948 1673 ὀνομάτων
2981 1598 3164 1671 ζήτει·
3194 1599 3420 1669 δυνάμει
3447 1595 3555 1668 γὰρ
3580 1595 3786 1665 ὠνομά-

2218 1695 2422 1766 σθησαν
2500 1694 2605 1751 ὑπὸ
2664 1692 2758 1746 τοῦ
2847 1691 3002 1760 ἁγίου
3075 1689 3425 1760 Πνεὺματος·
3493 1685 3632 1740 ἀλλὰ
3694 1685 3788 1756 μήν

2217 1787 2310 1840 καὶ
2366 1785 2522 1840 τοῦτο
2598 1781 2704 1858 χρὴ
2773 1785 3008 1847 εἰδέναι,
3069 1783 3153 1836 ὅτι
3217 1781 3286 1834 τὰ
3339 1780 3579 1850 ὀνόματα
3634 1775 3787 1844 ἓξεὼν

2216 1881 2352 1943 ἐστι,
2387 1879 2482 1933 καὶ
2546 1878 2951 1939 καταστάσεων,
2981 1876 3077 1929 καὶ
3138 1873 3437 1944 ποιοτήτων
3491 1869 3786 1942 δηλωτικάο

2216 1973 2274 2040 ἐξ
2308 1967 2381 2028 ὧν
2427 1971 2574 2026 ἔστιν
2619 1972 2747 2026 ἰδεῖν
2791 1970 2888 2042 τὴν
2937 1968 3350 2039 ἐπιτηδειότητα
3394 1965 3488 2018 τοῦ
3532 1961 3786 2036 ὀνομαζο·

2263 2065 2401 2118 ένου.
3805 2063 3812 2068 ’

2263 2083 2401 2118 ενου.

2220 2083 2258 2136 μ
2279 2153 2424 2210 Eine
2456 2154 2524 2208 δὲ
2567 2138 2822 2222 Ἀϐραὰμ
2853 2152 3002 2220 πρὸς
3029 2151 3138 2205 τὸν
3174 2151 3354 2204 Θεόν·
3420 2145 3680 2216 Ἰσμαὴλ
3707 2139 3791 2201 οὗ·

2215 2267 2319 2315 τος
2365 2247 2510 2315 ζήτω
2541 2246 2820 2301 ἐναντίον
2859 2243 2996 2299 σοῦ.
3055 2242 3359 2314 Ἐξαίρετόν
3405 2258 3456 2293 τι
3486 2238 3601 2309 (79)
3649 2237 3788 2306 ἠξίου

2217 2341 2346 2416 περὶ
2407 2339 2502 2393 τοῦ
2574 2337 2796 2409 Ἰσμαὴλ
2859 2338 2887 2391 6
2966 2335 3236 2408 Ἀϐραὰμ,
3303 2335 3402 2387 οὐκ
3459 2331 3790 2404 ἀρκούμενος

2215 2433 2293 2506 τῷ
2313 2474 2328 2498 ,
2361 2431 2506 2499 ζήτω
2529 2449 2541 2462 ο
2575 2431 2655 2484 διὸ
2685 2427 3022 2500 προσέθηκεν
3044 2445 3057 2457 ο
3089 2425 3367 2480 ἐναντίον
3400 2422 3535 2477 σοῦ.
3585 2421 3662 2474 Τδ
3693 2421 3790 2491 γάρ

2219 2525 2316 2596 ζῇν
2349 2523 2588 2578 ἐναντίον
2637 2520 2842 2591 Κυρίου
2879 2517 3161 2590 μακαρίων
3194 2516 3311 2569 ἐστὶ
3353 2514 3446 2569 καὶ⁴
3481 2513 3591 2566 τῶν
3638 2511 3790 2580 ἁγίων

2223 2619 2417 2691 μόνων.

2302 2700 2557 2778 δΑϐραὰμ
2617 2705 2685 2761 δὲ
2735 2705 2834 2762 καὶ
2891 2703 3091 2773 Σάρρα
3144 2700 3529 2770 πρεσϐύτεροι
3593 2695 3790 2764 προϐει

2217 2803 2464 2866 ὅτικότες
2510 2797 2763 2868 ἡμερῶν.
2796 2795 3021 2866 Μήποτε
3054 2791 3162 2864 (80)
3212 2790 3302 2843 ἐπὶ
3343 2789 3569 2843 δικαίων
3631 2787 3790 2859 μόνων

2217 2895 2299 2961 τὸ,
2334 2891 2768 2962 προϐεϐηκότες
2797 2885 3050 2956 ἡμερῶν,
3079 2885 3355 2938 τέτακται.
3387 2884 3564 2954 Ὅπερ
3599 2881 3694 2934 ἐὰν
3719 2877 3792 2934 οἴσ-

2216 3004 2325 3050 τως
2355 2984 2488 3055 ἔχει,
2515 2983 2690 3048 οὐδεὶς
2724 2981 2925 3052 φαῦλος
2956 2978 3284 3051 προϐέϐηκε.

2288 3077 2398 3133 Kal
2427 3077 2672 3148 ἐγγίσας
2730 3072 2975 3142 Ἀϐραὰμ
3003 3067 3168 3125 εἴπεο
3216 3069 3313 3137 Μὴ
3362 3065 3791 3132 συναπο.ῑέσῃς

529 3161 738 3232 justum
762 3178 880 3215 cum
900 3163 1064 3232 impio
1080 3162 1145 3218 δ’.
1168 3163 1480 3219 Encomium
1507 3164 1608 3218 hoc
1625 3173 1708 3218 est
1734 3164 1985 3220 Abrahae.
2003 3165 2113 3221 Pie-

2232 3173 2451 3227 δίκαιον
2487 3169 2636 3241 μετὰ
2669 3166 2950 3232 ἀσεϐοῦς.
3006 3162 3310 3234 Ἐγκὼμιον
3351 3161 3510 3216 τοῦτο
3543 3160 3660 3229 (8|)
3707 3157 3788 3211 τοῦ

541 3253 668 3306 tatis
697 3253 838 3308 enim
867 3255 986 3324 ejus
1008 3253 1278 3309 indicatur
1297 3253 1555 3320 ﬁrmitas;
1578 3263 1910 3325 quapropter
1945 3267 2000 3312 et
2024 3273 2117 3328 ap-

539 3345 852 3415 proximare
875 3345 1069 3415 potuit.
1098 3345 1227 3401 illud
1253 3356 1434 3402 autem
1457 3347 1842 3418 approximare
1867 3364 1972 3404 non
1992 3364 2119 3406 cor~

539 3437 802 3509 poraliter
832 3438 1240 3509 intelligendum
1268 3448 1371 3496 est.

607 3529 710 3585 Lot
735 3541 909 3585 autem
939 3532 1150 3586 sedebat
1182 3533 1252 3586 ad
1275 3543 1482 3603 portam
1515 3534 1869 3591 Sodomorum
1897 3534 1963 3589 ⁸³.
1998 3535 2115 3591 Non

537 3629 657 3675 erat
682 3621 827 3677 intus
845 3621 1096 3679 Sodomae
1117 3621 1237 3690 Lot,
1265 3626 1358 3679 sed
1385 3628 1448 3680 ad
1477 3636 1714 3696 portam.
1743 3627 1992 3683 Dixerim
2025 3644 2117 3683 au-

472 3763 478 3770 .
540 3724 649 3768 tem
681 3729 806 3785 ego,
834 3715 1288 3786 quemadmodum
1315 3728 1473 3773 extra
1507 3721 1918 3798 tabernaculum
1953 3725 2117 3778 sede-

540 3807 632 3861 bat
661 3807 963 3874 Abraham,
995 3825 1108 3880 praa
1138 3811 1513 3881 hospitalitate
1544 3813 1709 3867 etiam
1739 3813 2120 3884 intempestive

541 3899 677 3968 (erat
719 3903 866 3955 enim
916 3902 1204 3974 meridies)
1235 3904 1537 3959 observans
1577 3913 1972 3972 praetereuntes
1999 3945 2014 3969 ,
2046 3905 2120 3960 ita

538 3989 662 4058 ejus
703 3993 1172 4060 consanguineum
1219 4002 1276 4048 et
1304 4009 1517 4048 morum
1546 3995 1876 4050 imitatorem
1912 3997 2120 4050 sedisse

541 4083 599 4138 in
640 4082 888 4150 foribus,
926 4093 986 4139 ut
1035 4085 1289 4142 invitaret
1345 4097 1739 4157 praetereuntes
1766 4129 1781 4154 ,
1831 4088 1996 4142 etiam
2025 4104 2118 4143 ve-

538 4189 701 4246 spere
741 4175 857 4247 jam
919 4179 1085 4233 tacto.
1133 4177 1370 4233 Noverat
1446 4179 1649 4248 quippe
1711 4178 2117 4235 Sodomitarum

540 4266 924 4340 impietatem,
965 4285 1066 4327 nec
1114 4271 1278 4326 ullam
1333 4272 1405 4328 ibi
1445 4287 1565 4328 esse
1611 4271 1916 4343 peregrinis
1966 4274 2118 4342 quie-

541 4371 676 4418 tem.

613 4453 684 4510 Et
709 4458 874 4529 coegit
905 4475 992 4514 eos
1017 4497 1032 4522 ,
1057 4468 1108 4512 et
1138 4459 1362 4529 ingressi
1385 4467 1505 4513 sunt
1534 4459 1591 4513 in
1627 4459 1839 4512 domum
1870 4475 2022 4512 suam
2049 4457 2115 4511 “.

2234 3263 2502 3337 Ἀϐραάμ.
2553 3260 2815 3332 Δηλοῦται
2855 3257 2963 3330 γὰρ
3009 3257 3068 3310 τὸ
3118 3256 3330 3327 βέϐαιον
3377 3255 3475 3324 τῆς
3522 3252 3791 3313 εὐσεϐείας

2221 3355 2407 3419 αὑτοῦ,
2451 3354 2531 3408 διὸ
2569 3354 2660 3407 καὶ
2697 3351 2910 3420 ἐγγίσαι
2944 3349 3246 3421 δεδύνηται.
3277 3347 3350 3400 Τὸ
3383 3347 3440 3400 δὲ
3485 3345 3708 3414 ἐγγίσαι
3736 3343 3788 3396 οὖ

2224 3447 2549 3520 σωματικῶς
2577 3445 2817 3516 νοητέον.

2294 3542 2423 3598 Λὼτ
2473 3539 2542 3594 δὲ
2586 3535 2839 3606 ἐκάθητο
2884 3535 3043 3605 παρὰ
3088 3533 3204 3602 τὴν
3245 3534 3448 3598 πύλην
3498 3529 3790 3600 Σοδόμων.

2221 3638 2333 3691 Οὐκ
2381 3631 2448 3706 ἦν
2499 3633 2644 3688 ἔνδον
2687 3633 2797 3704 (82)
2843 3630 3091 3701 Σοδόμων
3133 3625 3295 3689 Adit;
3319 3623 3452 3679 ἀλλὰ
3507 3625 3666 3696 παρὰ
3709 3620 3794 3692 τήν

2223 3730 2418 3801 πύλην.
2455 3729 2678 3798 Εἴποιμι
2707 3726 2750 3782 δ’
2778 3724 2841 3778 ἂν
2875 3723 3056 3786 αὐτὸς,
3089 3720 3146 3774 δν
3172 3719 3369 3791 τρόπον
3396 3716 3500 3782 ἔξω
3533 3715 3639 3785 τῆς
3671 3731 3793 3785 σκη-

2221 3824 2316 3894 νῆς
2347 3824 2374 3874 6
2421 3819 2668 3892 Ἀϐραὰμ
2703 3815 2936 3886 ἐκάθητο
2966 3811 3238 3884 ἐπιτηρῶν
3261 3809 3348 3864 διὰ
3379 3806 3687 3878 φιλοξενίαν
3712 3805 3793 3859 καὶ

2224 3915 2373 3988 παρὰ
2406 3913 2592 3984 καιρὸν
2619 3910 2745 3974 τοὺς
2769 3907 3101 3969 διοδεύοντας
3127 3924 3139 3936 ·
3176 3901 3517 3975 (μεσημϐρία
3545 3900 3661 3970 γὰρ
3691 3894 3793 3970 ἦν’)

2220 4005 2392 4067 οὕτως
2424 4005 2452 4056 6
2483 4002 2694 4056 ἐκείνου
2731 3999 2996 4070 συγγενής
3027 3998 3120 4050 καὶ
3152 3996 3393 4067 μιμητὴς
3437 3993 3544 4045 τῶν
3590 3991 3795 4062 τρόπων

2221 4097 2509 4161 ἐκαθέζετο
2540 4097 2690 4168 παρὰ
2733 4097 2799 4166 τῇ
2836 4093 2998 4165 πύλῃ,
3033 4089 3472 4164 προτρεπόμενος
3511 4087 3643 4150 τοὺς
3670 4101 3793 4155 παρ’

2225 4192 2420 4255 ιόντας,
2469 4192 2563 4246 καὶ
2594 4190 2829 4262 ἑσπέρας
2861 4187 2960 4260 ἤδη
3017 4183 3424 4253 καταλαϐούσης
3450 4201 3462 4212 ·
3502 4179 3663 4244 εἰδὼς
3705 4178 3774 4249 μά

2220 4286 2374 4340 λιστα
2395 4285 2501 4338 τῶν
2534 4287 2591 4338 ἐν
2615 4284 2869 4354 Σοδόμοις
2891 4281 2988 4351 τὴν
3019 4278 3296 4344 ἀσέϐειαν,
3318 4275 3412 4329 καὶ
3431 4275 3506 4339 ὠς
3527 4275 3635 4328 οὐκ
3662 4273 3794 4326 ἔστιν

2222 4379 2399 4431 ἐκεῖσε
2423 4379 2532 4439 τοῖς
2565 4376 2734 4442 ξένοις
2768 4374 3093 4432 ἀνάπαυσις.

2292 4469 2402 4522 Καὶ
2427 4465 2813 4522 κατεϐιάσατο
2841 4466 3083 4531 αὐτοὺς,
3120 4463 3219 4518 καὶ
3246 4461 3538 4530 εἰσ-ἦλθον
3570 4462 3661 4526 εἰς
3699 4457 3794 4511 τὸν

546 4549 814 4617 Quoniam
847 4567 952 4606 non
986 4552 1108 4606 talis
1135 4561 1254 4606 erat
1283 4551 1404 4619 Lot,
1446 4551 1625 4621 qualis
1658 4547 1961 4616 Abraham,
1996 4566 2113 4618 pro-

2232 4557 2389 4614 ειῖκοιν
2437 4559 2645 4615 αὑτοῦ.
2703 4556 2922 4628 Ἐπειδὴ
2953 4557 3061 4626 (85)
3109 4557 3180 4627 μὴ
3219 4553 3455 4616 τοιοῦτος
3495 4547 3565 4624 ἦν
3615 4554 3644 4604 6
3683 4550 3794 4604 Λὼτ

541 4649 728 4712 pterea
751 4644 843 4713 qui
875 4645 942 4699 ad
974 4645 1147 4714 ipsum
1179 4643 1388 4714 ingredi
1419 4640 1818 4713 gravabantur,
1848 4655 1985 4711 opus
2015 4639 2116 4694 fuit

544 4743 605 4788 ut
635 4745 980 4806 cogerentur.

625 4822 776 4879 Viros
807 4836 980 4879 autem
1010 4827 1100 4896 qui
1131 4836 1277 4881 erant
1306 4827 1374 4879 ad
1409 4827 1637 4898 januam
1668 4827 1876 4890 domus,
1902 4842 2118 4896 percus-

463 4974 478 4984 _
541 4924 722 4970 serunt
774 4918 1011 4971 caecitate
1041 4917 1108 4970 ".
1147 4917 1200 4970 In
1240 4916 1441 4971 bonum
1473 4917 1846 4987 percutiuntur
1874 4917 2118 4971 caacitate

541 5007 636 5076 qui
673 5006 814 5063 male
846 5008 963 5063 visu
998 5010 1310 5077 utebantur,
1344 5024 1591 5080 quosque
1640 5025 1705 5065 ne
1748 5018 1976 5080 peccent
2027 5009 2121 5063 im-

540 5100 694 5171 pedit
717 5100 953 5156 caecitas.

616 5194 688 5248 Et
727 5196 908 5249 evertit
944 5210 1121 5250 omnes
1145 5196 1382 5250 civitates
1409 5198 1529 5260 has,
1560 5205 1606 5249 et
1635 5211 1840 5250 onmem
1867 5197 2008 5249 circa
2038 5211 2116 5249 re-

541 5286 770 5356 gionem,
796 5296 845 5340 et
876 5303 1052 5340 omnes
1087 5287 1408 5341 habitatores
1437 5287 1681 5351 urbium,
1716 5298 1763 5341 et
1801 5303 1976 5341 omnes
2001 5286 2118 5356 {ru-

542 5387 656 5432 ctus
698 5385 854 5432 teme
875 5378 942 5432 “.
991 5378 1252 5432 Dominus
1299 5394 1403 5432 non
1458 5378 1632 5432 solum
1685 5380 1877 5447 impios
1914 5379 2114 5449 perdit,

613 5473 659 5506 ³⁸
683 5473 821 5530 Gen.
859 5492 968 5536 xvi,
1000 5475 1054 5529 4.
1162 5475 1206 5507 ³⁸
1243 5474 1380 5530 Gen.
1417 5491 1544 5538 xvu,
1589 5477 1641 5530 5.

541 5541 591 5579 “
620 5544 773 5611 ibid.,
805 5547 857 5602 5.
958 5546 1004 5579 ⁵⁸
1037 5545 1192 5614 ibid.,
1218 5549 1303 5602 ll.
1379 5545 1426 5578 “‘
1467 5547 1619 5612 ibid.,
1651 5547 1742 5602 25.

617 5637 727 5708 (7'7)
774 5638 1097 5707 Ἐπίτηδες,
1133 5649 1238 5695 etc.
1268 5640 1342 5695 Ex
1384 5640 1572 5696 iisdem
1606 5640 1842 5695 scbedis.

756 5710 866 5774 Τὰς
891 5709 1226 5780 ἑρμηνείας,
1252 5723 1358 5766 etc.
1392 5712 1469 5765 Ex
1495 5712 1682 5766 iisdem
1715 5710 1948 5766 schcdis.

641 5777 730 5849 79)
776 5777 1106 5849 Ἐξαίῥετόν
1134 5799 1208 5845 τι,
1238 5793 1344 5836 etc.
1382 5783 1458 5836 Ex
1491 5783 1676 5836 iisdem
1709 5782 1944 5836 schedis.

644 5847 730 5918 80)
769 5847 1029 5918 Μήποτε,
1055 5863 1158 5907 etc.
1190 5853 1264 5906 Ex
1297 5853 1482 5907 iisdem
1521 5852 1736 5906 scbedis
1771 5852 2108 5910 Cnmbelisii.

643 5919 732 5992 8|)
781 5921 1092 5993 Ἐγκώμιον
1132 5923 1325 5990 τοῦτο,
1359 5935 1460 5981 etc.
1490 5925 1530 5978 Ε
1553 5933 1742 5993 catena
1772 5922 2037 5979 Romana.

1743 5476 1788 5507 ⁸ο
1831 5475 1986 5541 ibid.,
2036 5475 2123 5531 18.
2200 5477 2239 5508 δ’
2279 5478 2414 5535 Gen.
2453 5494 2608 5541 xvm.
2654 5480 2740 5533 ll.

2223 4647 2332 4714 οἶος
2377 4653 2406 4704 6
2447 4648 2710 4722 Ἀϐραὰμ,
2745 4648 2833 4701 διὰ
2862 4648 3038 4713 τοῦτο,
3078 4647 3360 4710 ὀκνοῦντες
3403 4645 3636 4698 διελθεῖν
3675 4641 3794 4714 πρὸς

2223 4742 2406 4806 αὐτὸν,
2438 4741 2558 4812 βίας
2583 4739 2890 4811 χρῄζουσιν.
3858 4729 3866 4738 ’

2300 4833 2446 4898 Τοὺς
2479 4831 2547 4884 δὲ
2573 4831 2795 4899 ἄνδρας
2826 4829 2967 4895 τοὺς
2996 4829 3175 4894 ὄντας
3199 4827 3297 4880 ἐπὶ
3331 4826 3442 4894 τῆς
3479 4826 3671 4894 (lupae
3701 4821 3794 4877 τοῦ

2223 4925 2393 4979 οἴκου
2425 4923 2732 4988 ἐπάταξαν
2756 4923 3032 4992 ἁορασίςῑ.
3075 4923 3189 4974 Ἐπ’
3225 4919 3412 4990 ἁγαθῷ
3443 4920 3552 4989 (84)
3592 4917 3795 4973 πατάσ-

2225 5033 2406 5069 σονται
2434 5015 2664 5087 ἁορασίᾳ
2690 5016 2739 5068 οἱ
2771 5014 2954 5078 κακῶς
2993 5017 3056 5084 τῇ
3090 5014 3279 5084 ὁράσει
3309 5013 3669 5083 χρησάμενοι,
3711 5008 3795 5063 καὶ

2223 5110 2305 5172 είς
2334 5109 2393 5161 τὸ
2419 5108 2752 5181 ἁμαρτάνειν
2786 5105 3199 5178 ἐμποδιζόμενοι
3235 5105 3337 5158 ὑπὸ
3364 5106 3460 5176 τῆς
3486 5103 3767 5174 uaporem.

2291 5200 2398 5254 Kal
2427 5199 2794 5268 κατέστρεψε
2822 5199 3024 5265 πάσας
3049 5197 3156 5263 τὰς
3178 5199 3384 5262 πόλεις
3426 5197 3674 5262 ταύτας,
3707 5193 3794 5248 καί

2221 5289 2428 5342 πᾶσαν
2485 5289 2601 5356 τὴν
2630 5291 2984 5358 περίχωρον,
3033 5288 3131 5342 καὶ
3165 5287 3398 5352 πάντας
3430 5286 3572 5352 τοὺς
3608 5303 3793 5339 κατοι-

2220 5381 2480 5448 κοῦντας
2516 5382 2586 5434 ἐν
2624 5383 2752 5448 ταῖς
2803 5382 3039 5444 πόλεσι,
3082 5381 3180 5436 καὶ
3211 5379 3408 5433 πάντα
3444 5379 3515 5432 τὰ
3545 5379 3794 5433 ἀνατέλ·

2839 5477 3068 5543 “ibid,
3123 5476 3215 5532 2'5.
3288 5477 3335 5508 “
3384 5475 3522 5532 Gen.
3580 5492 3699 5543 xix,
3743 5474 3795 5530 ί.

2254 5641 2402 5722 "(82)
2441 5643 2562 5696 Οὐκ
2609 5637 2687 5711 ἦν
2715 5639 2917 5707 ἔνδον,
2971 5649 3080 5694 etc.
3134 5639 3214 5694 Ex
3246 5639 3419 5694 tribus
3444 5637 3660 5694 catenis
3697 5637 3772 5694 Re

2217 5727 2402 5847 ῳιῗέὸ)
2445 5780 2700 5847 Ἐπειδὴ,
2730 5791 2840 5836 etc.
2866 5781 2942 5834 Ex
2971 5779 3188 5834 schedis
3220 5779 3551 5835 Combelisii.

2313 5782 2380 5836 85
2445 5782 2700 5847 Ἐπειδὴ,
2730 5791 2840 5836 etc.
2866 5782 2942 5834 Ex
2971 5782 3188 5834 schedis
3220 5782 3551 5835 Combetisii.

2291 5782 2402 5925 (84)
2449 5855 2567 5907 Ἐπ’
2605 5851 2821 5923 ἀγαθῷ,
2847 5860 2951 5908 ctc.
2978 5851 3052 5906 Ex
3087 5853 3304 5908 scltedis
3325 5851 3665 5907 Combelisii.
