3978 6506
464 350 570 402 ii3

1954 341 2299 399 OlilGENES

3627 345 3725 402 i‘ﬂ

461 469 848 524 contenderunt
873 482 968 537 pro
997 464 1144 520 eo“.
1178 464 1313 519 Cum
1351 479 1458 518 non
1500 463 1709 519 resistit
1740 463 2036 534 iniuriosis.

2151 465 2256 516 οὐκ
2291 462 2668 530 ἐμαχέσαντο
2699 459 2830 529 περὶ
2857 459 3066 515 αὐτοῦ.
3096 458 3195 514 Διὰ
3217 459 3275 513 δὲ
3295 459 3388 514 τοῦ
3423 459 3498 532 (2)
3533 460 3608 534 μὴ
3638 468 3728 520 ἀν-

464 559 706 615 ostendit
737 571 796 613 se
829 571 961 612 vere
1005 569 1129 610 esse
1157 554 1485 626 simplicem.
1512 554 1855 626 Quapropter
1880 555 2040 615 Deus,

467 652 695 722 probata
729 659 784 703 et
818 648 1036 702 laudata
1088 649 1260 718 ipsius
1309 647 1555 710 lenitate,
1615 655 1838 717 apparet
1886 647 1956 708 ei,
1991 656 2044 700 et

464 740 730 812 promittit
781 748 1000 804 terram,
1059 754 1124 794 ne
1184 740 1428 793 animum
1485 739 1842 809 despondeat,
1900 740 2043 808 quod

461 835 609 890 velut
648 834 970 902 peregrinus
1022 842 1077 888 et
1131 831 1307 888 incola
1358 847 1546 886 eorum
1601 831 1818 898 injuriis
1865 840 2046 902 pateat

460 925 551 993 qui
590 939 790 978 nocere
829 922 1130 988 voluerint,
1183 923 1488 992 adimpleus
1534 924 1680 992 quod
1712 924 1915 979 dictum
1957 930 2044 978 est

461 1013 612 1077 alibi,
646 1013 691 1065 si
715 1024 1098 1082 persequuntur
1128 1029 1214 1067 vos
1231 1013 1299 1066 ⁸⁸.

533 1102 598 1156 Et
623 1103 759 1156 dixit
789 1121 806 1158 :
835 1101 950 1156 Vox
991 1103 1221 1172 quidem,
1246 1087 1343 1156 vox
1384 1100 1550 1156 Iacob
1591 1103 1752 1158 est".
1773 1102 1920 1156 Pium
1948 1117 2044 1157 vo-

457 1209 576 1248 cem
617 1210 782 1264 quam
831 1210 934 1248 non
970 1195 1238 1263 proferret
1266 1195 1431 1260 Esau,
1462 1195 1601 1264 quod
1650 1195 1870 1248 tradidit
1906 1194 2040 1247 Deus

459 1296 582 1340 tuus
614 1297 734 1342 ante
777 1288 933 1352 me“,
967 1303 1089 1342 cum
1133 1289 1447 1357 agnovisset
1493 1288 1666 1352 Isaac,
1698 1289 1838 1342 dixit
1872 1304 1885 1342 :
1927 1285 2042 1342 Vox

456 1381 690 1448 quidem,
730 1396 830 1432 vox
859 1377 1028 1432 Jucob
1052 1389 1147 1433 est.

535 1471 597 1524 Et
632 1471 763 1524 dixit
785 1487 802 1525 :
822 1469 957 1524 Ecce
983 1472 1114 1524 odor
1135 1470 1236 1538 ﬁlii
1265 1471 1386 1536 mei,
1413 1473 1552 1525 sicut
1577 1472 1708 1525 odor
1732 1472 1847 1542 agri
1875 1471 2039 1540 pleni,

457 1563 543 1617 cui
567 1563 829 1616 benedixit
851 1563 1111 1617 Dominus
1125 1565 1190 1619 ".
1219 1563 1411 1633 Liquet
1433 1563 1690 1619 sensilem
1721 1579 1827 1618 non
1854 1563 2030 1618 fuisse

458 1656 707 1710 odorem.
740 1654 928 1721 Qualis
951 1655 1095 1709 enim
1120 1671 1243 1711 esse
1273 1666 1437 1726 queat
1459 1657 1593 1711 odor
1614 1656 1704 1724 qui
1731 1657 1886 1710 odori
1921 1658 2037 1728 agri

458 1749 845 1818 comparatur?
880 1750 975 1804 sed
1019 1748 1163 1804 forte
1221 1748 1342 1803 talis
1391 1757 1508 1803 erat
1555 1749 1771 1817 qiialem
1830 1749 2037 1803 habens

455 1841 744 1909 Apostolus
779 1841 1025 1897 dicebat:
1052 1842 1250 1896 Christi
1285 1843 1448 1896 bonus
1476 1847 1608 1895 odor
1637 1858 1818 1894 sumus
1841 1841 1950 1894 Deo
1981 1843 2035 1895 in

455 1933 600 1986 omni
625 1931 816 1986 loco".
844 1934 954 2004 Ego
979 1944 1157 1988 autem
1188 1935 1428 1988 arbitror
1454 1934 1751 2003 quamlibet
1781 1935 2033 1990 virtutem

457 2023 735 2093 pr0prium
775 2025 978 2078 habere
1012 2025 1208 2078 bonum
1257 2025 1500 2087 odorem,
1537 2026 1628 2095 qui
1662 2026 2033 2092 εοιιιρΙοιιιειι-

457 2123 570 2170 tum
595 2129 677 2170 est
709 2118 994 2173 virtutum.
1022 2117 1338 2171 Econtiario
1364 2118 1499 2171 vitia
1540 2118 1680 2171 male
1709 2118 1856 2172 olent
1882 2117 2035 2186 juxta

455 2225 577 2262 eum
606 2211 694 2279 qui
723 2211 863 2265 dixit
894 2229 908 2265 :
943 2210 1269 2264 Putruerunt
1295 2221 1342 2265 et
1372 2224 1637 2278 corrupta:
1664 2224 1786 2265 sunt
1818 2212 2036 2265 cicatri-

453 2315 537 2355 ces
571 2304 778 2358 metu“.
828 2304 995 2357 Deum
1047 2313 1230 2356 autem
1277 2320 1377 2372 par
1412 2315 1495 2358 est
1527 2306 1574 2357 ci
1626 2306 1716 2374 qui
1773 2305 1871 2376 ipsi
1912 2306 2035 2360 boni

453 2395 638 2448 odoris
673 2404 779 2461 est,
818 2410 953 2466 agro
1001 2394 1261 2448 virtutum
1300 2396 1646 2454 benedicere.

532 2574 596 2628 Et
627 2576 759 2630 dixit
787 2579 875 2630 ei:
904 2577 1040 2631 Ecce
1063 2577 1207 2633 Esau
1235 2578 1401 2647 frater
1433 2591 1555 2635 tuus
1587 2581 1824 2635 minatur
1850 2583 1947 2636 tibi
1971 2592 2028 2636 ut

455 2668 661 2720 occidat
686 2681 768 2732 te;
801 2686 943 2723 nunc
973 2686 1116 2740 ergo,
1147 2671 1248 2739 (ili,
1275 2673 1402 2723 andi
1431 2689 1600 2726 vorem
1629 2691 1818 2736 meum,
1847 2686 1894 2728 et
1916 2692 2036 2728 sur-

453 2773 576 2831 gens
615 2759 736 2829 fuge
760 2761 810 2813 in
847 2761 1367 2830 Mesopotamiam".
1411 2765 1513 2839 41
1555 2767 1628 2821 Ex
1669 2769 1753 2821 his
1779 2769 2036 2823 discnuus

455 2850 763 2920 fugieiidum
789 2869 908 2908 esse
933 2856 1002 2909 ab
1036 2856 1448 2913 insidiatoribus
1478 2871 1531 2916 et
1547 2857 2038 2930 persccutionibus,

457 2947 705 3012 quamvis
737 2947 974 3002 visiones
1007 2950 1162 3003 nobis
1186 2951 1484 3021 obtigerint
1508 2953 1649 3006 sicut
1678 2949 1866 3008 Jacob.
1897 2952 2037 3007 Con-

455 3037 776 3092 snlationem
805 3051 986 3094 autem
1035 3043 1178 3112 parit
1215 3045 1582 3098 consideratio
1612 3045 1876 3099 bonorum
1913 3062 2036 3114 qua:

453 3130 640 3185 Jacobi
671 3131 850 3201 fugam
880 3134 948 3188 ab
982 3135 1121 3188 Esau
1149 3146 1502 3204 esceperunt.
1541 3135 1850 3191 Visionibus
1883 3137 2028 3191 enim
2057 3160 2102 3219 ο

455 3224 707 3293 dignatus
741 3237 848 3292 est,
896 3237 947 3281 et
985 3237 1140 3298 pater
1182 3227 1407 3283 eﬂ‘ectus
1443 3228 1723 3283 duodecim
1759 3231 2023 3284 tribuum:

453 3325 508 3369 et
541 3331 791 3372 reversus
833 3333 862 3371 a
900 3317 1020 3387 luga
1070 3318 1158 3372 cui
1207 3331 1430 3389 propter
1486 3322 1924 3391 persecutionem
1975 3336 2033 3377 se

455 3407 698 3475 dederat,
734 3425 832 3480 pro
855 3410 1026 3466 Jaeob
1057 3411 1115 3465 lit
1150 3409 1338 3467 Israel.

530 3586 653 3644 No.1
684 3591 904 3658 accipies
932 3609 1145 3646 uxorem
1175 3594 1238 3646 de
1253 3593 1466 3661 ﬁliabus
1503 3593 1846 3648 Chanaan".
1881 3594 2032 3650 Filiae

454 3679 712 3735 Chanaan
746 3684 900 3738 mala:
939 3696 1202 3747 sont,uon
1246 3687 1298 3739 in
1331 3696 1623 3758 conspectu
1651 3687 1820 3752 Esau,
1851 3688 1944 3742 sed
1977 3688 2032 3742 in

455 3783 747 3840 conspectu
786 3774 936 3829 Isaac
972 3779 1143 3844 patris
1179 3779 1317 3846 ejus.

541 3863 729 3919 Viden:
763 3877 936 3921 autem
973 3871 1230 3925 Dominus
1262 3873 1399 3927 Deus
1429 3875 1548 3926 odio
1573 3892 1683 3928 esse
1711 3875 1884 3940 Liom,
1910 3895 2035 3946 ape-

457 3961 561 4010 ruit
598 3960 799 4013 vulvam
849 3965 1046 4030 ejus".
1098 3966 1285 4034 Aperit
1320 3967 1534 4019 vulvam
1573 3968 1623 4020 in
1656 3979 1777 4020 ortu
1811 3981 2032 4024 sancto-

459 4065 609 4113 rum;
640 4051 794 4120 juxta
828 4066 1007 4108 autem
1041 4056 1334 4122 spiritalem
1372 4057 1566 4127 legem,
1596 4061 1792 4113 anima:
1819 4062 2030 4115 vulvam

457 4143 656 4208 aperit,
692 4154 747 4196 ut
778 4145 951 4212 pariat
986 4147 1076 4200 Dei
1111 4144 1342 4201 Verbum
1387 4165 1506 4217 qua:
1541 4147 1701 4216 hujus
1736 4151 1915 4204 futura
1949 4163 2033 4208 est

458 4243 654 4286 mater.

529 4321 802 4392 Ejusdem.
849 4327 1002 4382 Prior
1049 4329 1195 4383 enim
1246 4339 1302 4385 et
1359 4347 1480 4401 qum
1516 4343 1676 4388 mtate
1727 4337 2035 4403 prum-ctior

457 4425 577 4468 erat
617 4415 727 4472 Deo
762 4420 972 4490 peperit
997 4420 1305 4476 Judaeorum
1338 4439 1668 4496 synagOgam
1696 4440 1748 4481 et
1785 4429 2033 4483 multitu-

435 4506 656 4562 dinem.

529 4599 678 4655 Dixit
710 4615 884 4660 autent
917 4609 966 4662 ei
997 4608 1292 4664 Loban:Si
1325 4611 1498 4663 inveni
1540 4611 1767 4679 gratiam
1807 4611 1861 4664 in
1907 4628 2034 4664 con-

455 4704 632 4759 spectu
662 4707 770 4762 tuo,
805 4701 1142 4769 ougnrobor;
1171 4701 1434 4755 benedixit
1471 4703 1609 4756 enim
1641 4703 1770 4755 mihi
1809 4702 1944 4756 Deus
1979 4704 2032 4756 in

456 4785 677 4841 introitu
707 4792 876 4846 tuo".
915 4793 1028 4848 Non
1075 4804 1158 4849 cst
1194 4795 1480 4864 augurium
1521 4795 1573 4848 in
1607 4794 1808 4859 Jacob;
1846 4794 2027 4848 Laban

459 4891 637 4934 autem
676 4883 772 4948 ait,
809 4890 1132 4953 augurobor,
1166 4897 1426 4958 tanquam
1478 4887 1690 4941 alienus
1738 4890 1806 4940 ab
1839 4886 2029 4941 Jacobi

460 4966 732 5038 instituto,
773 4990 802 5026 a
837 4991 944 5044 quo
980 4991 1085 5030 non
1139 4978 1364 5031 omnino
1402 4986 1580 5030 tamen
1632 4976 1840 5030 alienus
1891 4986 2030 5042 erat,

457 5059 654 5131 quippe
671 5064 762 5133 qui
790 5067 903 5118 voci
925 5068 1246 5136 augurobor,
1267 5067 1533 5122 addiderit
1553 5086 1566 5122 :
1585 5066 1862 5122 Benedixit
1893 5068 2031 5122 enim

459 5151 584 5204 mihi
615 5151 755 5208 Deus
791 5155 844 5209 in
871 5156 1107 5226 ingressu
1145 5168 1257 5210 tuo.

526 5313 572 5343 ⁸³
595 5311 756 5376 Gem,
789 5331 940 5380 “vi,
968 5316 1059 5370 ‘22.
1135 5318 1180 5348 “
1211 5317 1397 5372 Matth.
1427 5332 1477 5379 ν,
1506 5317 1563 5370 ll

1680 5316 1722 5346 "
1755 5313 1890 5369 Cen.
1922 5331 2091 5378 xxvii,
2120 5315 2214 5370 2'2.

2149 553 2429 608 Οίστασθαι
2474 555 2588 616 τοῖς
2635 551 2878 606 ἀδικοῦσι
2927 552 3219 617 δείκνυσιν,
3272 553 3354 606 δτι
3402 553 3620 623 ἀληθῶς
3656 552 3722 626 ἦν

2146 646 2437 710 ἄπλαστος.
2481 645 2668 707 Ὅθεν.
2701 645 3100 716 ἀποδεξάμενος
3135 645 3293 698 αὑτὸν
3341 644 3440 716 τῆς
3471 645 3720 710 ἀνεξικαο

2146 737 2270 800 κίας
2294 739 2324 790 ὁ
2349 737 2502 800 Θεὸς,
2531 737 2874 807 ἐπιφαίνεται
2899 736 3066 807 αὐτῷ,
3094 737 3186 790 καὶ
3208 735 3601 806 ἐπαγγέλλεται
3629 739 3719 808 τὴν

2145 829 2267 900 γῆν,
2303 829 2388 882 ἵνα
2419 827 2495 900 μὴ
2522 827 2727 900 ἀθυμῇ,
2753 830 2834 882 ὅτι
2865 828 2941 892 ὡς
2967 828 3116 895 ξένος
3142 829 3407 900 πάροικος
3431 829 3722 899 προῦκειτο

2143 925 2255 986 τοῖς
2281 921 2484 975 ἀδικεῖν
2519 921 2885 992 βουλομένοις,
2923 920 3146 994 πληρῶν
3183 920 3244 976 τὸ
3273 922 3562 994 εἰρημένον
3597 923 3722 975 ἑκά-

2147 1029 2325 1077 στοτε,
2351 1013 2461 1066 ἐὰν
2495 1011 2787 1066 διώκωσιν
2811 1011 2986 1081 ὑμᾶς.

2215 1105 2324 1159 Καὶ
2360 1101 2529 1158 εἶπεν
2548 1122 2561 1136 ο
2604 1104 2665 1161 Ἠ
2684 1103 2803 1173 μὲν
2828 1103 2998 1173 φωνὴ
3029 1103 3196 1174 φωνὴ
3234 1103 3455 1160 Ἰακώϐ.
3486 1104 3600 1174 Τὴν
3631 1105 3720 1157 εὑ-

2146 1195 2277 1265 σεϐἧ
2305 1195 2380 1266 (5)
2430 1195 2612 1266 φωνὴν
2645 1195 2744 1248 οὐκ
2785 1195 2850 1249 ἂν
2899 1195 3184 1265 λεχθεῖσαν
3227 1196 3333 1250 ὑπὸ
3366 1195 3462 1249 τοῦ
3517 1195 3718 1248 Ἠσαῦ·

2149 1288 2209 1339 Ὃ
2232 1286 2571 1355 παρέδωκεν
2602 1289 2636 1340 ὀ
2669 1287 2811 1354 Θεός
2843 1303 2958 1341 σου
2988 1288 3270 1342 ἐναντιον
3293 1304 3431 1358 μουο
3465 1289 3720 1356 ἐπιγνοὺς

2143 1381 2172 1433 ὁ
2206 1380 2411 1441 Ἰσαὰκ,
2440 1375 2612 1432 εἶπεν·
2658 1380 2718 1434 Ἡ
2745 1379 2914 1448 φωνὴ
2952 1379 3121 1450 φωνὴ
3168 1377 3399 1435 Ἰακώϐ.

2211 1471 2319 1525 Καὶ
2347 1467 2534 1524 εἶπεν
2579 1470 2732 1526 Ἰδοὺ
2767 1471 2925 1540 ὀσμὴ
2969 1471 3074 1526 τοῦ
3115 1473 3251 1527 υἱοῦ
3273 1491 3414 1542 μου,
3445 1473 3526 1540 ὡς
3555 1473 3713 1542 ὀσμὴ

2141 1561 2325 1632 ἀγροῦ
2365 1561 2635 1630 πλήρους
2685 1562 2758 1616 ὃν
2796 1564 3093 1632 εὐλόγησε
3139 1565 3372 1632 Κύριος.
3416 1564 3610 1633 Σαφῶς
3644 1566 3718 1635 (4)

2141 1652 2240 1706 οὐκ
2281 1653 2512 1725 αἰσθητὴ
2543 1649 2609 1725 ἦν
2651 1656 2684 1725 ἠ
2727 1654 2892 1726 ὀσμή.
2929 1655 3065 1708 Ποία
3090 1654 3198 1727 γὰρ
3236 1654 3301 1708 ἂν
3325 1656 3467 1728 ὀσμὴ
3496 1656 3721 1711 δύναται

2140 1741 2278 1799 εἶναι
2336 1746 2477 1817 ὀσμῇ
2529 1745 2698 1818 ἀγροῦ
2751 1746 3207 1818 παραϐαλλομένη
3252 1765 3266 1813 ;
3313 1747 3448 1802 ἀλλὰ
3510 1749 3719 1822 μήποτε

2139 1838 2357 1911 τοιαύτη
2386 1835 2453 1911 ἦν
2493 1838 2654 1911 αὕτη,
2679 1838 2870 1893 ὁποίαν
2900 1840 2928 1892 ὁ
2979 1840 3297 1904 Ἀπόστολος
3320 1841 3458 1911 ἔχων
3484 1841 3717 1910 ἔφασκε·

2138 1930 2395 1999 Χριστοῦ
2440 1931 2658 1985 εὐωδία
2691 1930 2880 2001 ἐσμὲν
2921 1929 3000 1996 τῷ
3040 1929 3161 1986 Θεῶ
3195 1933 3267 1986 ἐν
3306 1931 3488 1986 παντί
3535 1935 3715 2000 τόπῳ.

2151 2024 2294 2093 Ἐγὼ
2337 2025 2394 2078 δὲ
2439 2024 2677 2096 ἠγοῦμαι
2720 2025 2815 2077 καὶ
2854 2024 3090 2094 ἑκάστην
3137 2026 3337 2097 ἀρετὴν
3388 2027 3522 2080 ἰδίαν
3573 2027 3717 2098 ἔχειν

2137 2117 2382 2179 εὐωδίαν,
2424 2116 2545 2186 ἥτις
2582 2114 2700 2167 ἐστὶ
2732 2114 3164 2187 συμπληρωτικὴ
3193 2117 3300 2169 τῶν
3333 2117 3562 2188 ἀρετῶν.
3608 2119 3720 2171 Καὶ

2138 2209 2202 2262 ὲκ
2229 2207 2319 2260 τοῦ
2343 2207 2586 2260 ἐναντίου
2620 2206 2675 2258 δὲ
2705 2207 2762 2259 αἱ
2787 2205 2979 2259 κακίαι
3022 2205 3279 2272 δυσώδεις
3319 2210 3425 2262 εἰσὶ
3457 2210 3597 2263 κατὰ
3627 2211 3718 2263 τὸν

2137 2302 2386 2354 εἰπόνταο
2422 2298 2814 2368 Προσώζεσαν
2839 2299 2934 2352 καὶ
2979 2300 3311 2368 ἐσύλησαν
3346 2305 3400 2356 οἱ
3427 2302 3717 2372 μώλωπές

2132 2411 2272 2462 μου.
2312 2393 2516 2464 Πρέπει
2543 2392 2600 2445 δὲ
2627 2391 2705 2462 τῷ
2744 2390 2932 2462 Κυρίῳ
2961 2391 3052 2444 τὸν
3080 2391 3228 2463 αὐτῷ
3251 2393 3429 2464 εὐώδη
3456 2393 3564 2447 τῶν
3591 2395 3711 2466 ἀρε-

2134 2484 2245 2538 τῶν
2269 2485 2436 2556 ἀγρὸν
2463 2483 2723 2552 εὐλογεῖν.

2205 2576 2318 2630 Καὶ
2368 2572 2537 2630 εἶπεν
2573 2575 2749 2642 αὐτῷ’
2798 2576 2952 2633 Ἰδοὺ
3010 2576 3246 2633 Ἠσαῦό
3289 2576 3552 2646 ἀδελφός
3600 2594 3718 2632 σου

2135 2664 2373 2722 ἀπειλεῖ
2398 2681 2498 2722 σοι
2523 2668 2631 2722 τοῦ
2665 2668 3014 2723 ἀποκτεῖναί
3051 2683 3143 2722 σε’
3170 2667 3286 2720 νῦν
3312 2663 3446 2730 οὖν,
3484 2666 3716 2732 τέκνον,

2136 2760 2406 2816 ἄκουσόν
2427 2779 2547 2830 μου
2575 2759 2685 2829 τῆς
2709 2760 2938 2831 φωνῆς,
2969 2760 3068 2815 καὶ
3104 2761 3394 2828 dir-actito
3423 2761 3718 2830 ἀπόδραθι

2136 2855 2224 2920 εἰς
2255 2853 2370 2921 τὴν
2415 2855 2898 2922 Μεσοποταμίαν.
2944 2853 3302 2925 Μανθάνομεν
3332 2854 3407 2923 (5)
3453 2854 3559 2908 ἀπὸ
3589 2853 3717 2906 τού-

2136 2963 2265 3010 των,
2291 2946 2370 2998 ὅτι
2395 2945 2475 2998 δεῖ
2502 2944 2919 3017 ἀποδιδράσκειν
2941 2947 3070 3009 τοὺς
3110 2945 3578 3008 ἐπιϐουλεύοντας,
3623 2946 3720 2999 καὶ

2137 3036 2410 3107 διωγμοὺς
2450 3034 2693 3106 φεύγειν,
2740 3037 2786 3088 εἰ
2834 3036 2927 3089 καὶ⁹
2971 3036 3245 3090 (immotam
3294 3037 3720 3108 καταξιωῦῶμεν

2135 3128 2211 3193 ὡς
2248 3132 2277 3183 ὁ
2321 3128 2534 3183 Ἰακώϐ.
2574 3128 2961 3201 Παρακληθείη
2988 3129 3033 3182 δ’
3064 3130 3129 3184 ἄν
3160 3147 3243 3193 τις
3273 3129 3392 3183 ἰδὼν
3434 3129 3501 3182 τὰ
3540 3147 3722 3200 παρα-

2134 3221 2535 3294 κολουθήσαντα
2571 3223 2649 3295 τῷ
2700 3223 2890 3277 Ἰακὼϐ
2929 3223 3182 3293 φεύγοντι
3219 3222 3325 3276 ἀπὸ
3365 3223 3460 3276 τοῦ
3513 3221 3675 3276 Ἡσαῦ
3700 3239 3714 3254 ·

2133 3313 2408 3368 ὸπτασιῶν
2449 3332 2507 3368 τε
2554 3314 2662 3386 γὰρ
2691 3314 2918 3386 ⁴ίηξιώθη,
2951 3316 3044 3369 καὶ
3084 3315 3265 3386 πατὴρ
3295 3313 3584 3385 γεγένηται
3616 3313 3721 3368 δὼ-

2133 3407 2266 3460 δεκα
2299 3406 2480 3476 φυλῶν
2499 3425 2512 3438 ·
2543 3409 2636 3462 καὶ
2659 3407 3091 3478 ἐπανερχόμενος
3113 3407 3220 3460 ἀπὸ
3243 3406 3344 3476 τῆς
3375 3406 3464 3459 διὰ
3488 3406 3579 3460 τὸν
3601 3407 3729 3463 διωο

2133 3499 2272 3569 γμὸν
2303 3499 2499 3569 φυγῆς,
2529 3499 2737 3568 γίνεται
2769 3500 2890 3552 ἀντὶ
2924 3497 3120 3551 Ἰακὼϐ
3163 3497 3399 3568 Ἰσραήλ.

2161 3630 2164 3633 -
2209 3591 2291 3642 Οὺ
2316 3589 2487 3659 λήψῃ
2539 3590 2791 3659 γυναῖκα
2834 3591 2903 3642 ἐκ
2933 3588 3049 3642 τῶν
3084 3587 3420 3658 θυγατέρων
3456 3586 3716 3642 Χαναὰν.

2133 3683 2197 3736 Αἱ
2231 3682 2528 3755 θυγατέρες
2546 3683 2618 3751 (6)
2647 3683 2866 3736 Χαναὰν
2895 3681 3126 3752 πονηραί
3160 3683 3316 3743 εἰσιν,
3341 3681 3441 3734 οὐκ
3478 3681 3721 3733 ἐναντίον

2149 3774 2337 3840 Ἠσαῦ,
2368 3775 2480 3828 ἀλλ’
2509 3776 2747 3828 ἐναντίον
2780 3773 2963 3827 Ἰσαὰκ
2995 3772 3088 3826 τοῦ
3123 3773 3327 3845 πατρὸς
3352 3773 3538 3826 αὑτοῦ.

2219 3865 2376 3918 Ἰδὼν
2431 3865 2500 3919 δὲ
2553 3868 2769 3933 Κύριος
2817 3869 2848 3919 ὀ
2904 3865 3066 3930 Θεὸς,
3115 3866 3204 3918 ὅτι
3247 3866 3504 3934 μισεῖται
3551 3865 3718 3925 Λεία,

2135 3955 2341 4025 ἤνοιξε
2397 3957 2512 4026 τὴν
2538 3957 2774 4026 μήτραν
2817 3955 3021 4023 αὐτῆς.
3091 3957 3317 4026 ’Λνοίγει
3367 3959 3576 4028 μήτραν
3623 3956 3722 4008 ἐπὶ

2138 4052 2308 4120 ἁγίων
2341 4053 2607 4122 γεννήσει·
2643 4050 2782 4104 κατὰ
2818 4050 2872 4102 δὲ
2902 4049 2992 4102 τὸν
3023 4049 3390 4121 πνευματικδν
3422 4049 3582 4120 νόμον
3617 4047 3724 4118 ψυ-

2134 4145 2238 4215 χῆς
2269 4144 2474 4212 ἀνοίγει
2505 4143 2738 4214 μήτραν,
2769 4145 2854 4198 ἵνα
2893 4145 3128 4216 γεννήσῃ
3170 4141 3306 4196 Θεοῦ
3337 4142 3508 4212 Λόγον
3533 4144 3564 4214 ἡ
3599 4144 3724 4196 ὲσο-

2139 4235 2276 4308 μένη
2306 4235 2471 4288 αὑτοῦ
2496 4236 2698 4306 μήτηρ.

2214 4326 2324 4381 Τοῦ
2370 4327 2578 4382 αὑτοῦ.
2616 4325 2813 4399 Πρώτη
2843 4325 2952 4398 γὰρ
2980 4326 3056 4397 (7)
3086 4325 3351 4380 ἐτέκνωσε
3377 4325 3456 4396 τῷ
3478 4324 3596 4396 Θεῷ
3619 4323 3722 4394 τὴν

2152 4414 2422 4470 Ἰουδαίων
2469 4416 2788 4488 συναγωγὴν
2815 4416 2908 4469 καὶ
2939 4414 3210 4486 πληθὺνή
3257 4415 3315 4466 ὲν
3361 4413 3536 4486 χρόνῳ
3581 4429 3720 4484 πρε-

2061 4511 2105 4570 ι)
2135 4509 2391 4578 σὸυτέρα.

2209 4598 2354 4654 Eine
2375 4599 2443 4654 δὲ·
2474 4597 2634 4664 αὐτῷ
2668 4598 2885 4653 Acian
2922 4601 2987 4653 El
3019 4594 3200 4668 εὗρον
3232 4599 3412 4666 χάριν
3438 4597 3726 4650 ἐναντίον

2139 4708 2276 4752 σου,
2309 4691 2674 4761 οὶωιλισάμην
2700 4692 2794 4744 ἀν’
2836 4694 3134 4762 εὐλόγ-ησε
3156 4691 3266 4762 γάρ
3289 4709 3367 4762 με
3395 4694 3428 4744 ό
3457 4690 3602 4756 Θεὸς
3621 4689 3722 4742 ἐπὶ

2139 4782 2214 4852 τῇ
2242 4783 2327 4851 σῇ
2357 4784 2588 4848 εἰσόδῳ.
2620 4785 2733 4839 Uine
2774 4785 2888 4839 ἔστι
2929 4787 3026 4857 μὲν
3063 4787 3135 4856 (8)
3163 4784 3452 4856 οἱωνισμδς
3489 4787 3547 4837 ὲν
3615 4785 3717 4836 Ἰαο

2140 4874 2273 4928 κιῖιῦ·
2309 4878 2336 4928 ὁ
2366 4875 2421 4928 δὲ
2451 4877 2636 4930 Λάδαν
2687 4877 2872 4948 φησὶν,
2917 4876 3280 4945 οἱωνισάμην
3320 4875 3416 4939 ἂν,
3452 4875 3529 4938 ὡς
3570 4875 3728 4928 ἁλλὸ-

2138 4983 2285 5040 τριος
2305 4968 2402 5038 τῆς
2427 4967 2531 5022 τοῦ,
2566 4967 2758 5021 Ἰακὼϐ
2794 4969 3188 5041 προαιρέσεως,
3231 4964 3297 5040 ἧς
3326 4967 3386 5020 οὐ
3415 4967 3596 5020 τέλεον
3624 4967 3726 5021 ἀλ-

2138 5059 2348 5132 λότριος
2376 5056 2464 5132 ἦν,
2496 5060 2806 5131 προστιθεὶς
2836 5061 2934 5132 τῷ,
2971 5059 3354 5129 οἱωιίσιὶμην,
3385 5059 3479 5113 καὶ
3504 5063 3587 5127 τὸ,
3612 5061 3731 5114 Εὐ-

2137 5158 2366 5226 λόγησε
2389 5157 2498 5226 γάρ
2517 5174 2595 5226 με
2628 5160 2660 5212 ὀ
2691 5156 2836 5224 Θεὸς
2867 5157 2965 5211 ἐπὶ
2993 5156 3066 5226 τῇ
3098 5155 3183 5226 σῇ
3207 5155 3442 5221 εἰσόδῳ.

2321 5318 2368 5363 .68
2404 5319 2565 5383 ibid.,
2597 5316 2692 5372 26.
2800 5319 2845 5350 ⁸³
2883 5318 3038 5383 ibid.,
3076 5318 3167 5372 Ξῖ.
3243 5316 3289 5350 ⁷ο
3319 5316 3506 5371 llCor.
3538 5332 3597 5379 ιι,
3628 5314 3724 5380 ιε,

453 5386 498 5419 τί
531 5383 672 5438 Psal.
715 5403 923 5450 χχχιιι,
963 5390 1018 5440 6.
1093 5389 1138 5419 τ’
1168 5388 1302 5442 Gen.
1339 5403 1510 5453 xxm,
1548 5387 1638 5442 42.
1714 5386 1758 5416 ⁷³
1796 5385 1930 5440 Gen.
1974 5403 2036 5440 xx

2154 5389 2250 5454 ,1.
2326 5389 2374 5421 ⁷⁸
2403 5389 2538 5445 Gen.
2591 5405 2742 5449 xxix,
2774 5389 2862 5443 51.
2938 5390 2983 5421 ⁷⁵
3009 5390 3141 5444 Gen.
3181 5405 3306 5453 xxx,
3330 5388 3423 5442 27.

549 5526 607 5663 (ἐζ
635 5528 737 5582 Διὰ
761 5527 830 5581 δὲ
858 5529 986 5588 τοῦ.
1012 5537 1120 5585 etc.
1151 5531 1227 5584 Ex
1259 5531 1447 5586 iisdem
1485 5531 1715 5586 catenis.

551 5597 586 5648 3
649 5597 768 5663 Τὴν
795 5598 1040 5663 εὐσεϐῆ,
1075 5611 1182 5655 etc.
1226 5601 1299 5654 Ex
1335 5603 1550 5656 schedis
1592 5603 1715 5655 Com

551 5597 607 5668 δ)
649 5597 768 5665 Τὴν
795 5598 1040 5668 εὐσεϐῆ,
1075 5611 1182 5655 etc.
1226 5601 1299 5654 Ex
1335 5603 1550 5656 schedis
1592 5600 1930 5657 Combclisii.

552 5666 608 5802 ὁ(
645 5669 878 5738 Σαφῶς,
919 5666 1022 5725 etc.
1065 5673 1139 5726 Ex
1173 5671 1364 5727 iisdem
1393 5673 1610 5728 soltedis
1635 5670 1969 5735 Combeﬁgii.

554 5736 587 5788 5
641 5739 1050 5802 Μανθάνομεν,
1104 5751 1214 5800 etc.
1251 5742 1329 5798 Ex
1368 5743 1562 5801 iisdem
1609 5743 1826 5800 schedis
1876 5741 1969 5798 Coi

457 5736 1050 5863 “ﬂagitati-admirer,
1104 5751 1214 5800 etc.
1251 5742 1329 5798 Ex
1368 5743 1562 5801 iisdem
1609 5743 1826 5800 schedis
1876 5741 2039 5798 Com-

527 5527 548 5735 ἓ

2225 5533 2302 5600 (6)
2329 5537 2400 5589 Αἱ
2435 5534 2777 5605 θυγατέρες,
2809 5542 2915 5605 etc.
2944 5533 3019 5605 Ex
3055 5532 3242 5605 iisdem
3267 5529 3504 5605 sch_edi_s_.

2223 5597 2300 5674 (7)
2334 5597 2540 5673 Πρὼτή
2566 5597 2695 5675 γάῤ,
2725 5597 2828 5657 etc.
2955 5604 3162 5675 duabus
3195 5603 3406 5675 catenis
3446 5597 3630 5670 Regiis
3668 5606 3731 5653 ct

2149 5671 2322 5733 altera
2352 5671 2473 5745 qua:
2504 5671 2605 5730 luit
2635 5671 3246 5745 cardinalisMazarini.

2223 5746 2300 5817 (8)
2330 5739 2450 5802 Olim
2479 5747 2609 5803 ἐστι
2632 5745 2770 5816 μέν,
2800 5757 2910 5802 etc.
2936 5743 2980 5801 Ε
3001 5743 3215 5800 schedis
3243 5739 3579 5798 (iombelisii.
