3978 6532
255 379 365 434 {25
1714 378 1784 434 ΙΝ
1821 391 1826 425 ι

1944 375 2141 434 ιεειιι.
3413 376 3515 433 1⁵36

333 501 547 555 Ἔνιαϐε
589 501 657 554 δὲ
710 501 902 568 ἐαυτῷ
957 502 1157 557 Ἰακὼϐ
1199 502 1427 572 ῥάϐδον
1470 503 1842 571 στιφακίνην
1870 508 1904 564 Α

2017 501 2250 570 Sumpsit
2280 511 2454 563 autem
2476 501 2575 555 sibi
2599 500 2767 557 Jacob
2791 503 2994 571 virgam
3028 499 3348 571 styracinam
3384 500 3513 555 viri-

253 592 524 659 χῖωρὰν,
556 591 654 644 καὶ
709 592 1020 659 καρυτνην,
1074 592 1171 646 καὶ
1202 590 1532 645 πλατάνου.
1583 591 1648 644 Αἱ
1694 593 1824 661 τρεῖς

1942 595 2080 660 dem,
2113 605 2159 647 et
2191 595 2458 658 nucinam,
2485 603 2533 646 et
2554 595 2837 659 platani".
2861 595 2996 650 Tres
3025 594 3193 662 virga:
3218 591 3513 665 symbolice

255 682 448 755 ῥάϐδοι
499 681 575 752 (9)
630 682 968 754 συμϐολικῶς
1011 684 1127 754 ἤτοι
1163 685 1218 736 αἱ
1263 686 1412 754 τρεῖς
1452 682 1710 752 δυνάμεις
1744 682 1826 751 τῆς

1944 685 2024 739 vel
2060 696 2168 739 tres
2193 686 2422 738 virtutes
2445 685 2640 738 anima;
2663 694 2810 750 sunt,
2841 687 2978 740 ratio
3001 699 3215 754 nempe,
3247 684 3353 751 ira,
3383 699 3487 737 con

254 775 440 845 ψυχῆς
489 776 616 840 είσι,
665 776 726 829 τὸ
767 775 1002 844 λογικὸν,
1038 775 1099 828 τὸ
1138 775 1388 847 θυμικὸν,
1424 775 1487 828 τὸ
1517 773 1825 844 ἐπιθυμητι-

1941 778 2314 846 cnpiscentia;
2375 776 2454 830 vel
2516 776 2711 845 triplex
2755 777 3146 847 contemplatio
3199 791 3511 846 corporum,

256 866 376 918 κόν·
407 866 524 936 ἦτοι
543 869 598 919 αἱ
625 870 770 938 τρεῖς
791 866 1010 938 θεωρίαι
1039 867 1148 921 τῶν
1179 868 1466 938 σωμάτων,
1489 865 1597 918 τῶν
1626 864 1827 934 ἀσωμά

1945 871 2408 940 incorporeorum,
2457 881 2658 924 sancta:
2710 867 3032 935 Trinitatis;
3077 869 3158 924 vel
3207 870 3509 940 generatim

254 973 392 1022 των,
437 957 538 1026 τῆς
586 958 749 1025 ἁγίας
793 958 1038 1029 Τριάδος·
1075 959 1191 1030 ἤτοι
1234 957 1468 1032 γενικῶς
1499 957 1532 1028 ὴ
1565 957 1825 1029 πρακτικὶ

1943 963 2088 1017 actio
2127 977 2224 1032 per
2269 962 2546 1026 nucinam,
2595 961 2982 1030 contemplatio
3013 977 3110 1029 per
3154 962 3509 1032 styracinam,

256 1047 349 1100 διὰ
379 1048 480 1119 τῆς
525 1050 806 1122 καρυῖνης,
837 1053 869 1121 ἡ
904 1050 1212 1124 θεωρητικὴ
1238 1052 1326 1106 διά
1362 1051 1460 1122 τῆς
1483 1049 1827 1121 σ-τυρακίνης.

1944 1055 2180 1109 ιιιιιοᾱυε
2225 1063 2408 1108 autem
2444 1053 2544 1107 iste
2580 1060 2636 1106 et
2661 1052 3043 1122 contemplatio
3073 1052 3190 1122 ejus
3221 1068 3317 1122 per
3343 1053 3513 1122 plata-

256 1139 351 1194 διὰ
371 1141 428 1195 δὲ
446 1144 544 1214 τῆς
578 1142 848 1196 πλατάνου
885 1143 978 1196 τὸν
1010 1145 1213 1215 κόσμον
1243 1144 1428 1197 τοῦτον
1455 1144 1548 1197 καὶ
1577 1143 1676 1214 τὴν
1710 1142 1827 1196 θεω

1945 1153 2072 1199 num
2131 1145 2470 1201 subobscure
2529 1142 2905 1212 designantur.
2965 1143 3119 1209 Quod
3173 1143 3348 1197 viride
3399 1143 3513 1212 ejus

261 1232 388 1305 ρίαν
414 1234 579 1288 αὐτοῦ
605 1233 842 1306 ᾐνίξατο.
865 1235 938 1288 Τὸ
972 1236 1286 1309 περισύρειν
1304 1238 1366 1290 τὸ
1394 1235 1600 1310 χλωρὸν
1630 1235 1832 1299 τούτου,

1944 1237 2288 1298 distrahitur,
2317 1235 2370 1290 id
2405 1234 2937 1289 abrenuntiationem
2989 1235 3173 1288 mundi
3217 1234 3511 1302 signiﬁcat,

257 1321 358 1394 τὴν
389 1323 684 1391 ἀποταξίαν
720 1324 894 1379 αὐτοῦ
933 1326 1218 1396 σημαίνει·
1242 1326 1336 1378 καὶ
1360 1328 1459 1395 τῆς
1484 1324 1582 1395 μὲν
1608 1340 1828 1395 πρακτι-

1943 1337 1996 1381 et
2022 1326 2253 1380 actionis
2281 1326 2501 1394 quidem
2549 1324 2747 1393 viride,
2794 1334 2881 1380 est
2923 1325 3214 1390 mollities;
3265 1336 3513 1381 conteru-

257 1417 366 1484 κῆς
403 1415 464 1468 τὸ
505 1415 710 1487 χλωρόν
749 1418 862 1470 ἐστι
882 1418 943 1470 τὸ
970 1418 1261 1489 ἡδυπαοές·
1284 1418 1382 1488 τῆς
1411 1417 1468 1469 δὲ
1499 1415 1753 1488 θεωρίας,
1785 1415 1828 1469 τί

1945 1417 2196 1486 plationis
2243 1427 2426 1471 autem
2465 1417 2638 1472 viride
2671 1426 2774 1483 cst,
2823 1417 2968 1471 circa
3017 1431 3245 1486 corpora
3283 1417 3515 1476 versari.

256 1506 392 1576 περὶ
433 1505 502 1558 τά
533 1503 759 1578 σώματα
788 1509 1153 1579 ἀσχολεῖσθαι·
1196 1509 1256 1563 τὺ
1281 1509 1338 1562 δὲ
1379 1508 1587 1580 χλωρὸν
1607 1507 1714 1562 τῶν
1753 1507 1827 1560 δύι

1951 1508 2131 1566 Vit-ide
2161 1524 2290 1565 vero
2325 1511 2552 1565 duarum
2577 1509 2808 1566 aliarum
2841 1510 3244 1580 expositionum
3277 1510 3513 1581 inquire.

255 1595 437 1650 ἄλλων
469 1599 701 1669 ὲκδοχῶν
739 1599 1015 1670 βασάνιζε.

333 1684 482 1741 Εἷπε
501 1687 567 1741 δὲ
610 1691 823 1759 Κύριος
852 1690 1000 1758 πρὸς
1059 1682 1272 1745 Ἰακώϐ·
1318 1691 1714 1761 Ἀποστρέερου
1759 1692 1846 1756 εἰς

2014 1693 2162 1748 Dixit
2187 1701 2365 1748 autem
2389 1693 2644 1748 Dominus
2685 1693 2754 1747 ad
2776 1692 2940 1748 Iacob
2963 1709 2983 1748 :
3022 1691 3293 1748 Revertere
3325 1694 3381 1747 in
3411 1703 3482 1749 tet

255 1777 377 1846 τὴν
394 1779 510 1848 γῆν
538 1780 642 1834 τοῦ
675 1783 899 1849 πατρός
927 1797 1066 1844 σου,
1096 1784 1191 1835 καὶ
1230 1785 1316 1850 εἰς
1343 1783 1457 1850 τὴν
1473 1781 1684 1854 γενεάν
1702 1797 1818 1836 σου

1947 1805 2058 1841 ram
2104 1789 2272 1857 patris
2312 1787 2416 1851 tui,
2464 1795 2515 1840 et
2566 1787 2623 1839 in
2673 1788 3058 1855 generationem
3111 1797 3282 1852 tuam,
3336 1797 3384 1840 et
3425 1803 3514 1843 ero

255 1870 360 1924 καὶ
392 1872 603 1942 ἔσομαι
622 1875 770 1942 μετὰ
797 1874 932 1929 σοῦ.
963 1875 1088 1928 Ὅτε
1124 1876 1574 1949 ἐκαρποφόρησεν
1602 1876 1710 1949 (10)
1748 1877 1826 1929 ἰα

1945 1888 2113 1931 tecum
2131 1877 2200 1932 ".
2233 1876 2463 1942 Quando
2490 1876 2696 1930 fructus
2737 1877 2857 1931 tulit
2885 1876 3055 1932 Jacob
3087 1886 3140 1932 et
3166 1878 3318 1933 dives
3343 1883 3513 1933 evas‘t

255 1961 398 2026 κὼϐ,
444 1964 538 2016 καὶ
582 1964 912 2036 ὲπλούτησεν
942 1964 1046 2031 ἔξω
1076 1969 1176 2036 τῆς
1205 1967 1396 2034 γενεᾶς
1427 1966 1591 2020 αὑτοῦ
1635 1966 1826 2036 τυγχά-

1945 1979 2101 2022 extra
2136 1968 2542 2038 generationem
2573 1983 2752 2035 suam,
2785 1977 2911 2024 tunc
2959 1969 3095 2022 dixit
3127 1969 3177 2023 ei
3209 1970 3469 2026 Dominus
3496 1990 3516 2028 κ

253 2067 387 2116 νων,
415 2055 534 2106 τότε
557 2049 708 2108 εἶπεν
736 2055 882 2126 αὐτῷ
909 2056 1132 2126 Κύριος·
1181 2057 1580 2125 Ἀποστρέςοου
1610 2059 1697 2122 εὶς
1730 2056 1824 2124 τὴν

1948 2059 2211 2114 Revertere
2240 2059 2293 2110 in
2341 2068 2536 2112 terram
2589 2060 2754 2128 patris
2793 2062 2891 2116 tui.
2941 2061 3132 2116 Simile
3177 2063 3452 2130 quidpiam
3485 2077 3519 2119 θ

253 2143 376 2213 τῆν
409 2144 514 2198 τοῦ
544 2147 766 2214 πατρός
810 2161 947 2201 σου.
999 2147 1252 2200 Τοιοῦτον
1279 2148 1336 2200 δέ
1391 2166 1443 2201 τι
1493 2149 1711 2219 νοητέον
1741 2149 1824 2202 imi

1947 2150 2174 2204 Domino
2207 2148 2314 2204 dici
2347 2149 2646 2219 putandum
2673 2159 2778 2216 est,
2814 2167 2936 2206 cum
2971 2153 3023 2206 in
3050 2153 3197 2208 exitu
3229 2155 3516 2220 fuerimus,

251 2237 464 2307 Κυρίου
509 2237 780 2306 λέγεσθαι,
817 2241 904 2292 ὅτε
935 2241 1069 2311 πρὸς
1104 2243 1168 2312 τῇ
1198 2239 1360 2311 ἐξόδῳ
1388 2239 1674 2311 γενώμεθα
1703 2242 1822 2295 ἀπε

1947 2239 2215 2294 reversuri
2257 2239 2323 2292 ad
2359 2247 2540 2307 patres
2574 2248 2810 2296 nostros.
2847 2240 3138 2297 Praemium
3191 2255 3374 2298 autem
3423 2247 3518 2300 dat

251 2323 573 2400 ).ευσόξ.ιενοι
618 2331 753 2402 πρὸς
793 2333 918 2396 τοὺς
952 2331 1194 2403 πατέρας
1229 2331 1404 2403 ἡμῶν.
1439 2333 1548 2386 Καὶ
1573 2329 1732 2386 ἆθλον
1785 2333 1822 2386 δέ

1945 2329 2241 2386 revertenti
2280 2329 2331 2382 in
2357 2336 2566 2385 terram
2600 2333 2775 2402 patris
2800 2333 2906 2397 sui,
2934 2343 2988 2389 et
3020 2335 3072 2388 in
3103 2335 3512 2405 generationem

249 2421 439 2477 δίδωσι
464 2424 544 2495 τῷ
575 2426 968 2497 άποστρέφοντι
1006 2429 1087 2491 είς
1117 2427 1214 2498 τὴν
1243 2427 1348 2497 γῆν
1385 2426 1481 2480 τοῦ
1515 2427 1716 2498 πατρὸς
1748 2427 1814 2480 αὑ

1947 2439 2121 2478 suam.
2154 2423 2407 2478 Arbitror
2439 2434 2620 2478 autem
2653 2425 2706 2478 in
2737 2425 2946 2481 somnis
2975 2429 3295 2497 apparuisse
3327 2429 3376 2484 ci
3410 2429 3518 2484 Do-

253 2517 374 2581 τοῦ,
403 2521 590 2583 καὶείς
612 2521 710 2592 τὴν
735 2520 926 2588 γενεὰν
954 2518 1140 2574 αὑτοῦ.
1163 2516 1328 2590 υἷμαι
1359 2520 1434 2583 δὲ,
1465 2520 1546 2573 ὅτι
1573 2520 1630 2572 ἐν
1655 2517 1845 2582 ὕπνοις
1947 2515 2174 2570 minutn.

253 2610 441 2681 παρῆν
470 2611 618 2683 αὐτῷ
645 2615 673 2666 ὁ
694 2613 915 2684 Κύριος.

341 2701 396 2754 Ὁ
442 2702 511 2756 δὲ
560 2706 754 2774 πατὴρ
784 2707 950 2777 ὑμῶν
979 2706 1434 2775 παρεκρούσατό
1459 2719 1556 2772 με,
1600 2702 1700 2756 καὶ
1733 2701 1844 2769 ἤλ-

2023 2695 2133 2768 42
2159 2695 2322 2750 Pater
2358 2706 2535 2751 autem
2582 2708 2746 2752 vester
2791 2700 3127 2754 circumvenit
3178 2716 3278 2765 me,
3317 2711 3365 2754 ct
3404 2718 3519 2756 mu-

248 2791 411 2856 .1a£e
445 2793 548 2846 τὸν
589 2797 809 2864 μισθόν
835 2814 952 2866 μου
985 2795 1103 2849 τῶν
1148 2794 1292 2848 δέκα
1334 2791 1558 2862 ἀμνῶν.
1615 2790 1814 2844 Ἀκύλα

1946 2791 2073 2842 tavit
2107 2789 2394 2843 mercedem
2423 2805 2593 2843 meam
2633 2791 2806 2845 decem
2844 2790 3072 2860 agnis".
3102 2793 3293 2861 Aquila
3326 2793 3516 2848 decem

252 2884 398 2938 δέκα
440 2886 704 2957 ἀριθμοὺς
736 2889 846 2959 (ll)
896 2888 1106 2961 εἴρηκε·
1144 2887 1438 2958 Σύμμαχος
1467 2885 1689 2944 δεκάκις
1723 2886 1823 2956 ἀριι

1948 2894 2202 2934 numeros
2242 2881 2416 2946 dixit;
2447 2879 2831 2951 Symmachus,
2863 2881 3049 2938 Decies
3084 2897 3328 2938 numero.
3360 2884 3519 2939 Dice-

255 2975 405 3047 θμῷ.
444 2979 664 3048 Ἔλεγεν
695 2977 808 3047 οὖν,
857 2982 932 3044 ὣς
989 2999 1154 3053 φησιν
1207 2983 1235 3034 ὁ
1297 2979 1565 3050 Ἐϐραῖος,
1612 2979 1826 3040 Δεκάκις

1947 2971 2250 3056 batigitur,
2285 2983 2343 3027 ut
2371 2975 2447 3028 ait
2479 2973 2756 3040 Hebraeus,
2788 2975 2971 3030 decies
2998 2985 3152 3046 pacta
3195 2991 3316 3030 cum
3347 2976 3517 3031 Jacob

253 3069 525 3139 ἢθέτησεν
571 3071 669 3135 τὰς
701 3072 974 3143 συνθήκας
1009 3071 1144 3143 πρὸς
1190 3072 1281 3124 τὸν
1328 3069 1520 3124 Ἰακὼϐ
1563 3069 1592 3122 ὁ
1633 3068 1818 3122 Λάϐαν

1947 3065 2081 3120 inita
2119 3066 2343 3120 violavit
2374 3066 2592 3133 Laban;
2627 3067 2755 3136 quia
2805 3082 2927 3136 qua:
2966 3069 3183 3123 nomine
3213 3067 3402 3123 Jacobi
3433 3070 3517 3140 gi-

255 3159 345 3214 διὰ
381 3161 441 3214 τὸ
467 3162 534 3215 τὰ
560 3163 869 3236 γεννώμενα
901 3165 986 3216 ἐπ’
1019 3164 1244 3234 ὀνόματι
1266 3161 1357 3215 τοῦ
1392 3160 1585 3215 Ἰακὼϐ
1619 3161 1826 3214 πλεῖστα

1946 3161 2247 3231 gm:bantur
2291 3161 2686 3231 quamplurima
2737 3174 2914 3227 erant,
2971 3163 3044 3216 ita
3080 3172 3138 3216 ut
3185 3163 3274 3220 ille
3309 3163 3512 3218 invidia

252 3253 360 3306 ὅσα
406 3255 687 3327 ὑπάρχειν,
740 3257 987 3309 κάκεῖνον
1040 3255 1414 3325 ὲποφθαλμιᾷν
1465 3254 1647 3307 αὐτόν·
1704 3254 1823 3323 ὅπερ

1950 3262 2291 3318 moveretur;
2325 3254 2466 3323 quod
2496 3254 2615 3308 dua:
2661 3255 2933 3311 editiones
2969 3255 3248 3310 declarant
3278 3276 3293 3312 :
3323 3255 3389 3310 Et
3431 3257 3521 3311 de-

253 3343 532 3416 ἐδῆλωσαν
571 3349 627 3402 αἱ
676 3348 772 3401 δύο
819 3349 1074 3411 ἐκδόσεις·
1137 3347 1247 3399 Καὶ
1295 3347 1683 3415 παρηλογίσω
1733 3345 1824 3398 τὸν

1950 3345 2124 3411 cepisti
2152 3345 2436 3397 mercedem
2467 3359 2634 3398 meam
2665 3348 2840 3398 decem
2865 3362 3048 3415 agnas.
3078 3347 3353 3416 Agnorunt
3391 3361 3521 3400 vero

247 3439 479 3508 μισθόν
507 3457 626 3508 μου
647 3431 792 3494 δέκα
814 3439 1101 3509 ἀμνάδας·
1134 3440 1320 3510 ἀμνῶν
1343 3438 1400 3492 δὲ
1431 3438 1566 3502 ὅλως
1597 3440 1696 3492 οὐκ
1728 3439 1818 3510 ἔχε

1951 3452 2080 3505 quos
2109 3439 2237 3491 dare
2273 3438 2400 3492 mihi
2436 3439 2757 3506 promiserat
2788 3439 2931 3493 nulla
2968 3441 3168 3492 mentio
3203 3449 3310 3500 est.
3345 3454 3522 3509 neque

258 3532 504 3602 μνήμην,
531 3531 623 3595 οὓς
658 3532 905 3584 συνέθετο
943 3550 1032 3602 μοι
1064 3532 1264 3585 δοῦναι·
1300 3530 1536 3601 οὐδαμοῦ
1571 3533 1829 3600 φαίνεται1

1948 3538 2170 3598 apparet
2215 3544 2334 3584 eum
2389 3530 2505 3584 hac
2550 3545 2787 3598 unquam
2823 3530 3122 3598 pollicitum
3166 3530 3365 3594 fuisse;
3423 3531 3519 3585 sed

251 3621 340 3673 ὅτι
394 3622 660 3675 συνέθετο·
714 3623 828 3676 ἀλλ’
888 3624 980 3693 ἀφ’
1039 3617 1112 3676 ὧν
1176 3623 1334 3686 αὐτὸς
1389 3622 1556 3691 λέγει,
1609 3623 1822 3694 φανερόε

1950 3621 1998 3674 id
2043 3637 2106 3675 ex
2147 3622 2329 3676 verbis
2359 3622 2478 3690 ejus
2508 3622 2854 3676 manifestum
2899 3631 3001 3677 est.
3053 3624 3521 3690 Quemadmodum

251 3712 428 3766 ἐστιν.
487 3716 691 3786 Ὥσπερ
746 3715 854 3786 γὰρ
915 3715 1304 3769 ἀποκτείνοντα
1361 3714 1458 3767 τὸν
1507 3714 1697 3785 Λάμεχ
1744 3715 1822 3769 οὐ)

1952 3713 2090 3768 enim
2111 3715 2441 3768 Lamechnm
2463 3713 2771 3783 quempiam
2799 3715 3066 3769 occidis-se
3091 3730 3364 3784 nunquam
3400 3729 3523 3766 nar-

253 3805 514 3873 εἰσάγει,
575 3806 971 3878 ὲκζητούμενον
1028 3807 1105 3871 δὲ,
1168 3807 1244 3870 ὼς
1307 3807 1414 3860 ἀπὸ
1480 3807 1579 3877 τῆς
1645 3806 1813 3878 egw;

1949 3822 2180 3872 raverat,
2218 3808 2310 3862 sed
2349 3807 2394 3862 is
2432 3817 2619 3875 postea
2657 3807 2971 3876 requisitas,
3006 3808 3055 3860 id
3085 3808 3232 3862 clare
3264 3808 3520 3861 enuntia-

259 3915 400 3963 σεως
447 3896 583 3952 εἶναι
641 3901 871 3972 φανερὸν
927 3901 1017 3953 καὶ
1074 3900 1135 3952 τὸ
1179 3899 1487 3970 γενόμενον·
1553 3898 1695 3952 οὕτω
1749 3900 1830 3952 καλ

1953 3905 2044 3968 vit,
2069 3903 2140 3956 ita
2170 3911 2223 3956 et
2248 3902 2349 3955 hoc
2378 3902 2518 3956 loco.
2549 3901 2874 3970 Plerumque
2907 3901 3074 3970 igitur
3099 3900 3377 3970 Scriptura
3401 3915 3524 3969 qua:

254 3989 514 4045 ἐνταῦθα.
557 3990 824 4055 Πολλάκις
856 3988 950 4044 οὖν
1006 3994 1038 4061 ὴ
1081 3992 1293 4062 Γραφὴ,
1352 3990 1388 4044 ἃ
1441 3991 1498 4043 ὲν
1555 3990 1634 4061 τῷ
1678 3991 1824 4062 πράτ

1948 3997 2000 4049 in
2045 4009 2225 4048 rerum
2262 4003 2534 4064 gestarum
2567 3993 2884 4054 recensione
2915 4007 3020 4048 non
3054 4002 3294 4057 enarrat,
3326 4002 3519 4063 postea

253 4081 448 4137 τεσθαι
494 4084 593 4136 οὐκ
628 4084 950 4155 ἐξηγήσατο,
999 4083 1090 4136 διά
1143 4099 1288 4145 τινος
1332 4080 1694 4152 ἐξηγουμένου
1721 4081 1824 4153 ἐδήη

1332 4080 1694 4152 ἐξηγουμένου
1721 4081 1845 4153 ἐδή·
1947 4088 2054 4142 alio
2085 4087 2370 4151 referente,
2398 4086 2677 4141 declarare
2707 4088 2863 4141 solet.

253 4173 453 4228 λωσεν.

335 4269 416 4322 Τὰ
446 4266 710 4336 πρόϐατά
737 4281 852 4320 σου
887 4267 982 4320 καὶ
1016 4270 1075 4320 αἱ
1104 4261 1267 4335 αῖγές
1295 4282 1412 4320 σου
1441 4268 1554 4320 οὐκ
1590 4265 1844 4335 ὴτεκνὼ-

2025 4248 2155 4304 Ores
2185 4258 2290 4303 tua:
2333 4259 2381 4302 et
2429 4264 2601 4318 caprm
2631 4258 2737 4302 tua:
2762 4247 2964 4301 steriles
2987 4242 3087 4301 non
3117 4246 3523 4312 fuerunt.Arie-

253 4365 476 4430 θησαν·
513 4360 716 4429 κριοὺς
741 4359 859 4413 τῶν
887 4358 1193 4427 προϐάτων
1233 4376 1349 4412 σου
1379 4362 1450 4413 οὺ
1479 4359 1820 4430 κατέφαγον

1949 4353 2024 4398 tes
2055 4345 2224 4414 gregis
2259 4343 2338 4395 tui
2380 4358 2485 4395 non
2529 4343 2808 4396 comedi”.
2849 4340 2983 4394 Boni
3039 4341 3278 4410 pastoris
3325 4340 3520 4394 tiducia

252 4451 441 4507 Καλοῦ
471 4451 726 4521 ποιμένος
763 4450 873 4521 (12)
899 4451 1180 4521 παρρησία
1208 4450 1532 4522 ἐμφαίνεται
1574 4453 1694 4514 ταῖς
1729 4469 1823 4521 φω·

1947 4438 2254 4492 ostenditur
2283 4435 2369 4489 his
2402 4435 2622 4489 vocibus
2645 4449 2780 4502 quas
2809 4433 3130 4487 imitandum
3160 4443 3262 4487 est.
3294 4430 3518 4486 Parianl

197 4601 204 4606 ,
255 4541 380 4602 ναῖς
419 4539 662 4601 ταύταις,
710 4538 776 4602 ἃς
829 4539 1115 4609 ζηλωτέον.
1169 4540 1516 4595 Γεννάτωσαν
1558 4536 1649 4595 οὖν
1709 4560 1768 4594 κα

1949 4546 2078 4597 ergo
2117 4530 2324 4585 fructus
2363 4526 2635 4596 spiritales
2663 4542 2856 4597 greges
2895 4526 3078 4580 ovium
3117 4535 3171 4580 et
3208 4540 3519 4596 caprarum.

358 4595 377 4602 ,
622 4595 661 4601 ,.
759 4595 773 4602 -
838 4595 855 4602 -ν
883 4595 892 4609 ,
1788 4595 1798 4614 ι

253 4637 396 4698 ποὺς
461 4639 860 4706 πνευματικοὺς
906 4635 973 4689 τὰ
1032 4638 1088 4688 ὲν
1134 4639 1246 4701 τοῖς
1299 4640 1569 4710 ποιμνίοις
1614 4639 1707 4693 καὶ
1762 4641 1824 4692 αί·

1954 4620 2056 4675 Sed
2081 4630 2135 4674 et
2162 4621 2358 4675 divites
2399 4620 2581 4688 gregis
2613 4634 2678 4673 ne
2721 4618 3093 4672 comedamus.
3128 4618 3393 4683 Quoniam
3425 4632 3525 4670 au-

251 4725 486 4790 πολίοις,
504 4726 639 4781 ἀλλὰ
670 4729 762 4780 καὶ
784 4729 909 4790 τοὺς
930 4729 1212 4792 πλουσίους
1237 4730 1333 4800 τῆς
1353 4731 1585 4800 ποίμνης
1614 4731 1687 4803 μὴ
1713 4749 1822 4785 κατ·

1953 4723 2056 4766 tem
2083 4729 2190 4768 non
2226 4712 2581 4766 inveniuntur
2608 4711 2724 4779 ejns
2757 4712 2852 4774 dii;
2875 4719 3030 4779 pacta
3062 4711 3163 4764 init
3187 4726 3311 4764 cum
3335 4709 3523 4764 divino

258 4773 486 4790 νν--νν-νν
506 4773 639 4781 --νην-
672 4773 762 4780 --νη
796 4773 906 4790 -νντ
936 4773 1209 4792 ’πη-*νινε
1247 4773 1330 4800 --β
1358 4773 1582 4800 ’νοντ’-ἰβ
1614 4773 1687 4803 σι’-ι
1716 4773 1812 4785 η’·-

250 4821 546 4892 εςθίωμεν.
589 4824 740 4876 Ἐπεὶ
764 4823 819 4876 δὲ
847 4824 944 4894 οὺχ
983 4823 1242 4896 εὕρηνται
1269 4828 1316 4879 οἱ
1353 4827 1517 4879 αὐτοῦ
1553 4825 1685 4889 θεοὶ,
1713 4843 1821 4897 συμ

1953 4803 2116 4858 Iacob
2137 4821 2149 4856 :
2172 4811 2224 4857 et
2253 4805 2507 4865 mundus,
2534 4802 2752 4872 quando
2783 4800 2945 4856 falsos
2978 4801 3178 4871 abjecit
3206 4802 3358 4868 deos,
3385 4799 3524 4854 anti-

249 4915 446 4978 ϐάσεις
480 4919 711 4970 ποιεῖται
766 4917 903 4988 μετὰ
946 4917 1040 4971 τοῦ
1075 4917 1363 4970 θεσπεσίου
1425 4916 1638 4971 Ἰακώϐ·
1677 4920 1770 4972 καὶ
1814 4940 1820 4968 ι

1075 4917 1363 4970 Θεσπεσίου
1425 4916 1638 4971 ἰακώδο
1677 4920 1770 4972 καὶ
1814 4921 1843 4971 ὁ
1951 4914 2046 4954 cus
2083 4898 2288 4954 Christi
2318 4897 2494 4952 lactus
2525 4910 2629 4952 est.

249 5010 482 5079 κόσμος,
537 5011 700 5080 ἡνίκα
745 5013 867 5073 τοὺς
910 5011 1292 5082 ψευδωνύμους
1323 5010 1624 5064 ἀπεϐάλετο
1662 5011 1836 5077 θεοὺς,

247 5101 411 5169 φίλος
441 5101 629 5170 γέγονε
662 5101 752 5155 τοῦ
787 5103 1040 5174 Χριστοῦ.
2137 5178 2142 5179 ν
2430 5174 2448 5179 _
2561 5175 2570 5179 Α
2630 5173 2646 5179 _
2767 5175 2798 5179 __
2991 5171 3000 5179 .
3112 5169 3142 5179 -.
3280 5168 3316 5179 ._
3388 5166 3401 5179 .
3476 5166 3488 5176 .

324 5166 477 5245 Εἷπε
492 5166 559 5246 δὲ
595 5191 794 5248 Ἰακὼϐ
817 5166 938 5259 τοῖς
968 5191 1254 5262 ἀδελφοῖς
1278 5191 1482 5246 αὐτοῦ·
1509 5193 1840 5263 Συλλέγετε

2023 5178 2166 5232 Dixit
2196 5185 2368 5230 autent
2416 5174 2581 5228 λοι-οὺ
2617 5173 2875 5242 fratribus
2916 5171 3070 5224 suis:
3103 5168 3348 5239 Colligite
3381 5166 3516 5234 lapi-

243 5280 497 5345 λίθους·
540 5280 638 5334 καὶ
691 5281 1033 5346 συνέλεξαν
1072 5282 1302 5347 λίθους.
1350 5282 1460 5333 Καὶ
1509 5283 1566 5334 ἐν
1605 5281 1682 5353 τῷ
1729 5283 1814 5355 (15

1948 5275 2062 5338 des,
2089 5283 2134 5327 et
2167 5271 2484 5340 collegerunt
2514 5270 2717 5341 lapides
2737 5267 2804 5320 ⁸⁵.
2837 5264 2892 5318 In
2936 5263 3265 5352 Ecclesiaste
3305 5273 3519 5329 quoque

322 5441 379 5474 "
401 5441 538 5496 Gen.
579 5457 711 5510 xxx,
744 5441 834 5496 57.
908 5442 954 5473 ⁷⁷
983 5443 1120 5497 Gen.
1154 5457 1309 5508 xxxi,
1336 5441 1390 5496 '5.
1466 5442 1512 5474 ’⁸
1543 5442 1698 5510 ibid.,
1729 5443 1779 5497 7.
1856 5446 1893 5478 ⁷¹

1066 5459 1120 5497 n.
1154 5457 1309 5508 xxxi,
1336 5441 1390 5496 '5.
1466 5442 1512 5474 ’⁸
1543 5442 1698 5510 ibid.,
1729 5443 1779 5497 7.
1856 5446 1902 5478 ⁷⁸
1933 5443 2090 5507 ibid.,
2119 5438 2208 5493 '58.
2282 5434 2328 5465 °
2358 5432 2513 5498 ibid.,
2547 5432 2635 5486 46-

322 5579 404 5655 (9)
426 5583 505 5655 At
534 5580 692 5655 τρεῖς
713 5581 944 5655 ῥάϐδοι,
974 5591 1081 5636 etc.
1111 5580 1154 5634 E
1185 5581 1401 5637 schedis
1431 5581 1762 5639 Combeﬁsii.

1946 5581 2116 5655 edi-lit
2141 5580 2240 5655 hoc
2264 5574 2625 5655 fragmentum
2647 5585 2774 5625 tom.
2806 5569 2830 5655 l_
2853 5568 3240 5655 Heiapla'rnm,
3274 5581 3392 5655 pag.
3423 5565 3517 5655 litt.

283 5725 297 5736 .
322 5638 442 5722 (Ιθ)
475 5638 602 5706 Ὄτέ
639 5638 1154 5722 ἐκαρπορόρησεν,
1187 5664 1294 5709 etc.
1346 5655 1418 5707 Ex
1455 5655 1646 5708 iisdem
1677 5638 1835 5710 sche-

1949 5722 1975 5736 ,.
2018 5651 2128 5732 (12)
2181 5638 2385 5716 Καλοῦ
2435 5642 2736 5712 ποιμένος,
2785 5653 2891 5697 etc.
2939 5641 2982 5694 E
3025 5638 3243 5694 schedis
3274 5638 3519 5693 Combe-

236 5726 442 5862 dis(.11)
495 5794 748 5857 Ἀκύλας
811 5791 952 5846 δέκα
1011 5793 1310 5863 ἀριθμούς.
1347 5803 1451 5849 etc.
1513 5795 1591 5848 Ex
1645 5796 1807 5850 iisden

1946 5722 2124 5863 ἢδξιίδ)
2156 5789 2262 5843 Καὶ
2305 5789 2376 5842 ἐν
2417 5787 2496 5854 τῷ
2545 5777 3018 5852 Ἐκκλησιαστῆ,
3050 5787 3159 5835 etc.
3211 5777 3289 5833 Ex
3323 5777 3514 5835 iisdem

236 5867 472 5924 schcdis
501 5868 732 5921 domnus
757 5863 1068 5920 Bernartius
1104 5863 1546 5921 Monttﬁtlconius
1571 5867 1623 5921 in
1661 5867 1834 5921 lucem
1943 5863 2176 5920 schedis.
