3978 6554
350 411 458 466 {'29

1801 413 1866 468 IN
1906 412 2228 471 GENESIM.

3505 420 3604 474 150

425 537 490 588 01
514 534 582 587 δὲ
615 533 966 603 Μαδιηναῖοι
1000 532 1293 589 ἀπέδοντο
1335 535 1441 588 τὸν
1482 535 1693 604 Ἰωσὴφ
1723 539 1809 601 εις
1838 536 1917 590 Αἵ·

2105 535 2417 590 Madianitw
2469 545 2643 590 autem
2680 538 3020 593 vendiderunt
3061 537 3253 608 Ioseph
3291 542 3345 595 in
3379 541 3610 611 :L'gyito

349 643 582 695 τυπτον
609 626 689 690 τῷ
715 624 984 694 Πετεφρῇ
1007 623 1086 690 τῷ
1114 624 1406 681 σπάδοντι
1441 626 1652 694 Φαραὼ
1688 627 1934 696 ἀρχιμα-

349 720 545 787 τειρῳ.
595 719 880 792 Πετεφρῆς
932 719 1042 790 (211
1090 702 1480 791 παρὰ”Ακύλᾳ
1530 719 1624 772 καὶ
1653 721 1934 791 Συμμὰχῳ

344 809 621 882 Φουτιφὰρ
655 810 868 882 εἴρηται
918 811 976 862 ὲν
1021 809 1194 880 τούτῳ
1250 809 1326 879 τῷ
1357 809 1527 878 τόπῳ,
1561 809 1618 861 ὲν
1669 810 1726 863 δὲ
1764 811 1934 881 ἑτέρῳ

345 900 676 972 Φουτιφαρέ.
705 904 814 955 Καὶ
841 904 873 973 ἡ
903 902 1002 972 μὲν
1044 900 1137 954 τοῦ
1171 901 1432 972 παρόντος
1472 900 1729 972 ὀνόματος
1763 903 1934 973 ἑρμη-

348 995 470 1047 νεία
505 996 829 1063 παράκειται
856 997 921 1064 τῇ
953 993 1093 1058 λέξει
1133 994 1266 1066 (22)
1302 997 1335 1066 ἡ
1364 995 1420 1048 δὲ
1449 994 1662 1058 ἔκθεσις
1693 995 1787 1048 τοῦ
1818 996 1932 1048 ἐτέ-

352 1103 450 1156 ρου
479 1089 536 1139 ὲν
562 1091 672 1150 τοῖς
697 1087 825 1157 ἑξῆς
855 1091 1122 1157 φανεῖται.

422 1177 618 1242 Γνοὺς
643 1177 711 1230 δὲ
738 1176 962 1241 Αὐνᾶν,
987 1177 1073 1230 ὅτι
1091 1179 1201 1231 οὐκ
1221 1175 1382 1243 αὐτῷ
1396 1175 1566 1230 ἔσται
1586 1176 1652 1230 τὸ
1669 1176 1927 1246 σπέρμα,

345 1268 584 1339 ἐγένετο
640 1271 787 1324 ὅταν
827 1272 1142 1341 εἰσήρχετο
1191 1271 1342 1340 πρὸς
1381 1272 1498 1338 τὴν
1540 1270 1792 1340 γυναῖκα
1822 1273 1928 1326 τοῦ

346 1360 617 1430 ἀδελφοῦ
648 1364 854 1428 αὑτοῦ,
884 1363 1126 1432 ἐξέχεεν
1153 1364 1249 1417 ἐπὶ
1278 1363 1391 1431 τὴν
1410 1361 1546 1432 γῆν.
1586 1364 1700 1425 Πᾶς
1719 1365 1746 1416 ὁ
1775 1364 1929 1417 σπεί-

349 1471 465 1524 ρων
499 1455 610 1526 (‘25)
638 1457 729 1509 ἐπὶ
765 1455 862 1527 τὴν
888 1456 1084 1528 σάρκα,
1125 1458 1219 1510 καὶ
1249 1456 1320 1510 τὰ
1354 1455 1489 1528 ἔργα
1514 1457 1609 1526 τῆς
1646 1457 1846 1528 σαρκὸς
1872 1458 1929 1511 ὲν

345 1546 415 1614 τῇ
471 1547 540 1615 γῇ
571 1545 933 1619 θησαυρίζων,
985 1547 1168 1618 ὅμοιος
1197 1547 1273 1618 τῷ
1302 1547 1498 1600 Λύνᾶν·
1531 1546 1609 1600 διὸ
1634 1547 1727 1599 καὶ
1764 1547 1927 1601 Θανα-

343 1633 534 1687 τοῦται
561 1637 666 1689 ὑπὸ
697 1637 854 1692 Θεοῦ.

422 1725 532 1776 Kal
547 1723 624 1794 ἦν
643 1727 856 1793 Κύριος
876 1727 1028 1796 μετὰ
1056 1726 1288 1795 Ἰωσήφ·
1309 1727 1406 1781 καὶ
1422 1724 1500 1798 ἦν
1517 1727 1670 1794 ἀνὴρ
1690 1727 1930 1797 ἐπιτυγ-

345 1820 572 1888 χάνων.
617 1819 702 1881 Ὠς
738 1819 830 1871 ἐπὶ
861 1819 1061 1871 σκοπὸν
1095 1817 1206 1890 (24)
1239 1819 1467 1888 βάλλων,
1508 1819 1675 1871 ἔτεινε
1706 1817 1766 1870 τὸ
1802 1819 1930 1888 ἡγε-

349 1911 569 1982 μονικὸν
595 1910 809 1968 ἑαυτοῦ.
835 1912 928 1963 καὶ
950 1911 1035 1964 ἀεὶ
1064 1911 1419 1980 ἐπετύγχανε.
1457 1909 1730 1981 Πολλαχοῦ
1759 1910 1815 1963 δὲ
1845 1910 1930 1963 κέ-

343 2022 377 2072 χ
383 2021 546 2075 ρηται
569 2002 740 2072 τούτῳ
766 2003 798 2072 ἡ
832 2003 1045 2073 Γραφή.

418 2099 524 2151 Καὶ
564 2099 864 2166 εὐλόγησε
894 2098 1104 2164 Κύριος
1134 2096 1239 2149 τὸν
1263 2092 1430 2149 οἷκον
1458 2095 1564 2150 τοῦ
1603 2096 1923 2164 Αἰγυπτίου

339 2189 443 2242 διὰ
487 2189 720 2257 Ἰωσήφ.
764 2188 990 2242 Διὰ’τὸν
1040 2187 1191 2256 ἂγιον
1239 2187 1352 2258 (25)
1381 2189 1436 2241 ὲν
1484 2187 1616 2258 οἴκῳ
1656 2188 1782 2240 ὄντα
1826 2190 1922 2241 Αί-

338 2281 574 2350 γυπτίου
600 2280 897 2348 εὐλογεῖται
937 2282 965 2333 ὁ
1001 2275 1167 2344 οἶκος,
1219 2279 1312 2331 καὶ
1353 2279 1419 2332 τὰ
1461 2278 1794 2348 ὑπάρχοντα,
1831 2279 1924 2331 καὶ

337 2376 370 2427 ὁ
407 2373 574 2445 ἀγρὸς
615 2373 706 2425 τοῦ
744 2372 1060 2441 Αἰγυπτίου.
1101 2371 1248 2439 Αὕτη
1282 2371 1338 2425 δὲ
1371 2372 1430 2425 οὐ
1465 2372 1804 2444 πνευματικὴ
1837 2372 1924 2424 εὑ-

339 2466 530 2534 λογία.

428 2557 691 2626 Ἐγένετο
715 2556 782 2609 δὲ
800 2557 948 2625 μετὰ
966 2539 1200 2625 ῥήματὰ
1230 2555 1436 2617 ταῦτα,
1467 2554 1731 2624 ἥμαρτεν
1762 2555 1794 2606 o'
1817 2553 1922 2620 dp—

338 2651 678 2718 χιοινοχόος
701 2648 804 2700 τοῦ
815 2647 1120 2711 βασιλέως
1148 2647 1470 2715 Αἰγύπτου,
1502 2645 1599 2698 καὶ
1627 2647 1659 2697 ό
1688 2643 1920 2712 ἀρχισι-

333 2739 581 2806 τοποιός
627 2739 707 2804 τῷ
734 2740 916 2806 κυρίῳ
943 2737 1141 2791 αὐτῶν
1164 2737 1414 2802 βασιλεῖ
1455 2737 1774 2805 Αἰγύπτου.
1811 2736 1919 2788 Νο-

341 2830 489 2902 μίζω
518 2831 629 2900 (26)
684 2831 764 2883 ὅτι
808 2831 868 2882 τὸ
901 2830 1159 2897 ἀνάλογον
1199 2828 1294 2899 τῷ·
1338 2830 1630 2896 ’Ήμαρτον
1672 2824 1924 2890 βασιλεῖ

335 2923 666 2992 Αἰγύπτου,
716 2921 907 2989 λέγοιτ’
961 2920 1026 2974 ἂν
1051 2920 1178 2989 περὶ
1203 2919 1310 2971 τῶν
1370 2917 1680 2989 μαρτύρων,
1726 2918 1809 2969 ὅτι
1845 2914 1922 2988 τῷ

336 3013 519 3083 νοητῷ
579 3013 786 3083 βασιλεῖ
834 3013 932 3082 τῆς
977 3011 1250 3079 Αἰγύπτου
1301 3003 1445 3062 οὗτοι
1497 3008 1921 3079 ἁμαρτάνουσιν,

2040 626 2296 693 I’etephrc
2344 629 2583 681 eunucho
2637 628 2934 685 Pharaonis
2978 649 3263 701 coquorum
3285 636 3510 700 principi
3544 633 3609 684 9⁵.

2034 718 2354 789 Pelepltrem
2389 719 2584 790 Aquila
2623 731 2679 775 et
2721 719 3080 792 Symmachus
3115 726 3416 796 letiphar
3452 729 3606 780 dixe-

2037 818 2160 862 runt
2203 809 2308 864 hoc
2341 810 2458 865 loco
2492 829 2504 863 :
2543 811 2594 863 in
2654 811 2762 865 alio
2817 825 3000 869 autem
3052 816 3421 888 Pbutipltare;
3477 835 3614 888 pra:-

2035 900 2210 954 sentis
2259 916 2384 954 vero
2418 901 2651 957 nominis
2677 903 3052 972 interpretatio
3087 910 3205 962 voci
3244 909 3488 980 adjacet;
3532 912 3614 966 al—

2034 993 2202 1046 terius
2247 1004 2428 1048 autem
2476 994 2742 1063 expositio
2796 996 2848 1050 in
2896 1001 3254 1066 sequentibus
3303 1004 3605 1060 declarabi-

2034 1093 2142 1138 tur.
3543 1147 3545 1150 .

2104 1173 2282 1230 Sciens
2306 1184 2477 1230 autem
2510 1177 2715 1231 Annam
2745 1179 2844 1233 sibi
2885 1195 2986 1234 non
3038 1180 3152 1250 {ore
3179 1199 3371 1253 semen,
3395 1191 3603 1258 quando

2029 1270 2418 1337 ingrediebatur
2458 1270 2527 1322 ad
2579 1285 2792 1323 uxorem
2842 1270 3027 1338 fratris
3059 1273 3163 1338 sui,
3207 1276 3503 1344 effundebat
3547 1280 3601 1334 in

2031 1369 2224 1414 terram
2248 1361 2316 1414 ⁵³.
2352 1360 2541 1416 Omnis
2583 1362 2672 1430 qui
2715 1366 2947 1417 seminat
2989 1364 3042 1417 in
3091 1380 3282 1432 carne,
3335 1377 3388 1422 et
3437 1383 3600 1438 opera

2031 1451 2212 1504 carnis
2267 1452 2319 1505 in
2373 1461 2514 1506 terra
2564 1453 2933 1520 thesaurizxt,
2989 1457 3183 1511 similis
3233 1466 3316 1512 est
3363 1460 3597 1517 Annam.

2031 1541 2391 1608 Quamobrem
2427 1544 2754 1600 interficitur
2780 1563 2808 1600 a
2842 1547 2973 1602 Deo.

2100 1721 2168 1775 Et
2209 1733 2316 1776 erat
2357 1723 2612 1778 Dominus
2640 1743 2757 1779 cum
2784 1726 3000 1796 Joseph,
3026 1740 3074 1781 et
3105 1738 3218 1782 erat
3249 1730 3328 1782 vir
3360 1747 3602 1800 prospere

2031 1829 2189 1881 agens
2209 1815 2276 1868 ⁸⁸.
2332 1814 2614 1884 Tanquam
2645 1815 2697 1869 111
2740 1831 2960 1886 scopum
3006 1820 3251 1887 mittens,
3289 1822 3602 1878 intendebat

1964 1889 2002 1943 Β
2032 1905 2196 1958 animi
2230 1906 2592 1974 principatum
2618 1918 2672 1962 et
2706 1923 2919 1978 semper
2943 1925 3199 1979 prospere
3227 1914 3438 1981 agebat.
3463 1913 3595 1968 Fre-

2032 2006 2260 2064 quenter
2293 2008 2472 2052 autem
2513 2001 2614 2054 ltoc
2649 2003 2812 2056 verbo
2847 2003 3012 2055 utitur
3051 2003 3352 2072 Scriptura.

2107 2087 2172 2139 Et
2205 2088 2464 2143 benedixit
2492 2090 2750 2145 Dominus
2785 2095 2964 2146 domui
3007 2094 3244 2164 /Egyptii
3265 2107 3478 2166 propter
3505 2097 3601 2152 Jo-

2028 2185 2149 2248 seph
2179 2181 2245 2232 ’7.
2297 2179 2523 2248 Propter
2577 2193 2823 2239 sanctum
2875 2187 2965 2254 qui
3017 2198 3134 2240 erat
3184 2187 3236 2242 in
3288 2189 3445 2243 domo
3489 2189 3599 2260 M

2030 2269 2265 2342 ‘EByptii
2293 2311 2308 2335 ,
2347 2273 2681 2328 benedicitur
2723 2279 2933 2339 dOlIlllS,
2994 2277 3133 2331 bona
3169 2289 3222 2332 et
3255 2295 3382 2347 ager
3417 2279 3589 2354 A357.

2031 2364 2147 2432 ptii.
2186 2363 2308 2418 l-lwc
2360 2375 2537 2420 autem
2579 2383 2682 2422 non
2730 2381 2812 2424 est
2850 2371 3105 2438 spiritalis
3133 2373 3454 2430 benedictio.

2099 2544 2200 2599 llis
2228 2547 2302 2599 ita
2345 2548 2502 2617 gestis
2533 2550 2722 2605 accidit
2771 2561 2828 2605 ut
2869 2565 3134 2620 peccarent
3179 2557 3427 2622 pincerna
3462 2561 3594 2625 regis

2029 2636 2247 2706 Egypti
2279 2652 2327 2692 et
2369 2641 2535 2708 pistor
2569 2642 2778 2696 domino
2821 2661 2913 2696 suo
2951 2647 3060 2716 regi
3101 2645 3318 2716 .Egypti
3352 2648 3417 2701 ³⁸.
3458 2649 3595 2703 Con-

2027 2739 2282 2784 seutauee
2311 2731 2394 2785 his
2435 2734 2613 2786 verbis
2649 2752 2662 2788 :
2699 2733 2990 2790 Peccarunt
3039 2739 3146 2812 regi
3175 2738 3426 2810 Egypti,
3455 2741 3598 2794 arbi-

2030 2830 2142 2874 tror
2172 2822 2276 2875 dici
2308 2838 2467 2890 posse
2499 2835 2769 2896 martyres
2799 2827 3026 2896 Spiritali
3068 2831 3178 2898 regi
3217 2829 3436 2900 :Egypli
3470 2846 3595 2898 pec-

2029 2927 2174 2975 care,
2205 2914 2298 2967 sed
2341 2930 2446 2967 non
2487 2915 2613 2968 Deo.
2662 2916 2919 2970 Videntur
2957 2921 3099 2973 enim
3136 2936 3361 2988 peccare
3409 2932 3596 2977 contra

2033 3006 2214 3058 mundi
2247 3005 2438 3074 legem,
2459 3023 2577 3076 quae
2606 3011 2924 3064 adversatur
2955 3011 3054 3080 legi
3097 3011 3210 3067 Dei.

336 3106 458 3159 ἀλλ’
516 3109 576 3160 οὐ
645 3106 723 3178 τῷ
787 3106 924 3177 Θεῷ.
988 3108 1082 3170 Εἰς
1130 3104 1239 3176 γὰρ
1301 3105 1392 3160 τὸν
1442 3103 1534 3157 τοῦ
1591 3103 1805 3182 κόσμου·
1861 3103 2024 3174 νόμον
2099 3101 2343 3156 δοκοῦσιν
2409 3104 2774 3176 ἁμαρτάνειν,
2831 3107 3068 3159 ἐναντίον
3132 3108 3258 3161 ὄντα
3322 3108 3399 3180 τῷ
3449 3110 3595 3182 νόμῳ

333 3201 435 3254 τοῦ
468 3202 602 3255 Θεοῦ
613 3243 624 3254 .

413 3299 531 3350 Ὅτι
560 3296 756 3364 κλοπῇ
780 3296 1055 3363 ἐλιλάπην
1074 3296 1142 3350 ἐκ
1168 3294 1280 3365 γῆς
1317 3295 1618 3363 Ἑϐραίων,
1659 3295 1756 3348 καὶ
1797 3288 1914 3347 ὦδε

2093 3294 2232 3358 Quia
2272 3295 2416 3362 furto
2464 3297 2701 3350 sub/ntus
2757 3314 2870 3350 smn
2911 3299 2974 3351 de
3031 3309 3170 3353 terra
3227 3300 3591 3366 Ilebrazornm,

331 3391 452 3443 οὐκ
471 3390 728 3455 ἐποίησα
756 3388 950 3441 οὐδέν.
978 3387 1048 3440 Τὸ
1081 3387 1245 3457 μηδὲν
1270 3387 1381 3458 (27)
1415 3386 1726 3457 ἐπιχωρίων
1760 3387 1920 3454 Λίγυ-

333 3479 513 3533 πτίων
546 3481 714 3532 ποιεῖν
745 3480 1041 3532 αἰνίσσεται
1085 3479 1172 3532 διὰ
1195 3478 1308 3532 τοῦ·
1337 3475 1478 3531 1’.Ωδε
1515 3480 1626 3531 οὐκ
1663 3477 1920 3545 ἐποίησα

333 3571 540 3625 οὐδέν.
593 3571 904 3639 Αἰγυπτίων
949 3571 1004 3624 δὲ
1034 3570 1192 3642 ἔργον
1223 3566 1289 3642 ἦν
1319 3570 1411 3623 καὶ
1443 3570 1502 3622 τὸ
1555 3569 1824 3621 συνελθεῖν
1849 3571 1916 3639 τῇ

331 3663 436 3716 τοῦ
455 3663 642 3734 κυρίου
677 3663 916 3732 γυναικί.

424 3755 778 3823 Ἀποκριθεὶς
836 3755 904 3808 δὲ
959 3753 1170 3824 Ἰωσὴφ
1223 3751 1394 3809 εἶπεν
1436 3753 1614 3820 αὐτῷ·
1669 3753 1828 3821 Αὕτη
1877 3753 1916 3820 ἡ

331 3848 657 3916 σύγκρισις
709 3847 913 3900 αὐτοῦ’
948 3846 1018 3902 τὰ
1066 3849 1196 3916 τρία
1233 3847 1387 3902 κανᾶ
1415 3845 1569 3914 τρεῖς
1600 3846 1808 3914 ἡμέραι
1837 3846 1917 3898 εί-

331 3939 465 3992 σίν.
515 3939 624 3990 Καὶ
655 3939 911 4010 ἀνωτέρω
942 3939 1050 4008 (28)
1079 3939 1311 4009 εἴρηται,
1339 3942 1392 3993 oi
1427 3938 1584 4006 τρεῖς
1618 3938 1918 4007 πυθμένες

329 4031 497 4099 τρεῖς
531 4031 739 4100 ἡμέραι
764 4033 942 4086 εἰσίν.
965 4030 1173 4085 Οὐκοῦν
1221 4032 1302 4096 τὸ,
1361 4035 1511 4103 τρεῖς
1557 4033 1784 4104 ἡμέραι,
1824 4032 1915 4084 καὶ

329 4125 427 4178 διὰ
469 4125 756 4194 πυθμένων
793 4126 888 4177 καὶ
928 4123 1015 4177 διὰ
1061 4123 1236 4177 κανῶν
1280 4124 1627 4195 παρίσταται·
1679 4141 1916 4194 συγχρη-

333 4218 581 4287 σαμὲνης
633 4216 893 4287 Προνοίας
946 4217 1025 4278 εἰς
1081 4216 1422 4286 παράστασιν
1469 4214 1634 4286 τριῶν
1694 4213 1915 4285 ἡμερῶν

327 4303 557 4366 οἰκείοις
608 4303 1012 4374 παραδείγμασι
1045 4305 1136 4380 τοῦ
1178 4305 1436 4375 ἑκατέρου
1492 4305 1626 4374 βίου.
1681 4303 1914 4357 Τοιαῦτα

328 4393 380 4448 δ’
411 4392 478 4448 ἂν
523 4393 702 4465 εὕροις
753 4395 847 4446 καὶ
869 4397 926 4447 ὲν
975 4398 1094 4456 ταῖς
1145 4395 1356 4459 λοιπαῖς
1388 4397 1648 4466 Γραφαῖς
1692 4395 1752 4447 τὸ
1785 4393 1915 4450 αὐτὸ

324 4486 662 4557 δηλούμενον
706 4487 815 4538 ἀπὸ
877 4485 1149 4558 διαφόρων
1203 4482 1340 4539 εἶναι
1393 4486 1690 4540 δοκούντων
1735 4502 1913 4555 παρα-

327 4589 392 4627 οε
400 4591 452 4642 ιγ
458 4591 664 4644 ματων.

2020 3395 2070 3440 et
2099 3389 2184 3438 hic
2218 3387 2350 3439 nihil
2390 3387 2487 3456 feci
2531 3388 2598 3440 θ’.
2635 3389 2842 3442 Iudicat
2893 3391 3022 3444 nihil
3063 3394 3288 3460 sequod
3333 3394 3595 3464 indigenas

2020 3477 2260 3547 Egyptii
2310 3478 2535 3541 faciunt,
2569 3480 2772 3547 facere,
2822 3499 2944 3537 cum
3000 3485 3075 3538 ait
3110 3504 3122 3538 :
3160 3487 3258 3539 llic
3307 3489 3436 3540 nihil
3470 3490 3591 3555 feci.

2019 3569 2395 3641 .Egyptiorum
2449 3588 2576 3627 vero
2610 3589 2746 3643 opus
2797 3586 2935 3643 erat,
2991 3578 3154 3630 etiam
3211 3596 3330 3632 eum
3385 3579 3590 3633 domini

2021 3679 2188 3716 uxore
2211 3664 2380 3718 coire.

2092 3753 2426 3822 Respondeas
2456 3765 2628 3808 autent
2653 3754 2843 3825 Ioseph
2879 3759 3010 3810 dixit
3052 3761 3098 3812 ei
3125 3775 3144 3812 :
3170 3761 3296 3813 llaec
3330 3773 3404 3815 est
3434 3763 3594 3817 inter-

2015 3847 2237 3914 pretatio
2261 3845 2374 3913 ejus
2409 3861 2426 3898 :
2467 3845 2570 3898 tria
2617 3848 2870 3911 canistra,
2913 3860 3016 3901 tres
3053 3850 3161 3902 dies
3192 3860 3309 3902 sunt
3339 3852 3377 3902 ¹.
3411 3850 3586 3920 Supra

2016 3937 2180 3988 etiam
2230 3937 2430 3989 dictum
2477 3946 2579 4000 est,
2615 3947 2718 3991 tres
2773 3941 3108 4009 propagines,
3138 3953 3240 3994 tres
3285 3942 3395 3995 dies
3439 3954 3583 3997 sunt.

2017 4026 2152 4081 Tres
2181 4041 2307 4096 ergo
2352 4028 2465 4082 dies
2500 4039 2553 4082 et
2601 4044 2694 4098 per
2736 4031 3057 4098 propagines
3103 4043 3157 4084 et
3201 4048 3295 4100 per
3345 4035 3580 4088 canistra

2017 4118 2396 4188 signiﬁcantur
2447 4137 2460 4172 :
2506 4119 2572 4173 ad
2630 4119 2680 4172 id
2737 4135 2928 4187 nempe
2979 4138 3073 4174 usa
3113 4134 3194 4176 est
3241 4123 3585 4178 Providentia

2017 4210 2250 4280 propriis
2301 4212 2579 4280 utriusque
2634 4212 2758 4265 vita:
2808 4213 3087 4280 exemplis.
3141 4213 3290 4268 Talia
3349 4219 3584 4283 reperies

2015 4311 2070 4355 et
2096 4301 2146 4354 111
2175 4301 2400 4370 reliquis
2425 4303 2742 4372 Scripturis,
2775 4304 2861 4358 ubi
2896 4305 3036 4359 idem
3071 4306 3379 4360 declaratur
3403 4318 3588 4362 exelu—

2015 4393 2116 4462 plis
2144 4395 2322 4462 specie
2364 4393 2612 4449 diversis.

419 4664 680 4735 Ἐγένετο
705 4665 772 4718 δὲ
795 4667 865 4720 ἑν
887 4665 962 4735 τῇ
993 4665 1183 4736 ἡμέρᾳ
1202 4665 1279 4734 τῇ
1301 4666 1465 4734 τρίτῃ
1485 4705 1498 4728 ,
1524 4663 1713 4734 ἡμέρα
1747 4664 1910 4735 γενέ-

2090 4663 2186 4718 Die
2240 4677 2412 4718 autem
2465 4669 2616 4720 tertia
2661 4667 2874 4727 accidit.
2905 4678 2960 4719 ut
2990 4667 3099 4721 dies
3138 4679 3269 4722 esset
3306 4668 3582 4725 natalitius

325 4773 490 4824 σεως
514 4753 594 4826 ἦν
623 4757 852 4826 Φαραὼ,
885 4758 982 4811 καὶ
1025 4759 1210 4812 ἐποίει
1238 4760 1423 4812 πότον
1455 4757 1604 4811 πᾶσι
1633 4757 1756 4823 τοῖς
1778 4773 1910 4811 παι-

322 4849 438 4903 σὶν
465 4850 668 4904 αὐτοῦ.
699 4850 818 4903 Τῶν
848 4851 944 4921 μὲν
981 4850 1086 4921 πρὸ
1113 4850 1266 4920 ἡμῶν
1300 4850 1409 4920 (29)
1437 4849 1672 4920 ἐτήρησὲ
1692 4867 1795 4913 τις,
1825 4850 1906 4903 ὅτι

323 4940 535 5009 φαῦλός
567 4943 712 4994 ἐστιν
743 4943 771 4994 ὁ
819 4941 888 4993 τὰ
918 4942 1183 5009 γενέσεως
1233 4941 1406 5011 τιμῶν
1460 4939 1776 5010 πράγματα,
1819 4940 1912 4992 καὶ

323 5033 430 5105 τὴν
462 5033 672 5105 ἡμέραν
706 5034 804 5103 τῆς
833 5034 1099 5101 γενέσεως
1121 5031 1284 5086 αὐτοῦ
1307 5031 1717 5102 ἀποδεχόμενος
1751 5032 1910 5102 ἡμεῖς

417 5174 464 5206 ’⁵
490 5173 624 5230 Gen.
662 5191 868 5235 xxxvii,
902 5175 990 5229 56.
1089 5175 1134 5207 ’⁸
1159 5174 1293 5230 Gen.
1333 5189 1562 5238 xsxvtu,
1596 5173 1651 5228 9.

325 5247 342 5275 ι
389 5245 545 5309 ibid.,
580 5246 666 5300 ιε.
750 5249 770 5280 ι
800 5247 954 5313 una,
990 5246 1081 5300 eo.

399 5379 512 5450 (2|)
541 5381 870 5452 Hetegpp-ﬁc,
903 5392 1006 5436 etc.
1049 5383 1224 5437 Edidit
1268 5382 1367 5436 hoc
1399 5382 1644 5435 scltolion
1685 5380 1898 5437 Monte-

321 5451 596 5506 falcouius
624 5451 810 5508 nosier
851 5464 980 5507 tom.
1010 5453 1029 5506 1
1065 5453 1314 5522 Iiexapt.,
1350 5468 1468 5520 pag.
1492 5451 1589 5522 745,
1647 5453 1736 5504 ubi
1778 5452 1898 5522 ini-

323 5522 465 5577 tium
491 5523 762 5594 diversum
797 5534 920 5594 est:
953 5527 1064 5587 τοῖς
1099 5523 1196 5593 μὲν
1218 5521 1360 5594 περὶ
1375 5521 1604 5577 Ἀκύλαν
1636 5522 1726 5577 καὶ
1753 5521 1897 5593 Σύμ-

319 5608 501 5664 μαχον
531 5593 802 5664 Φουτιφὰρ
833 5592 1206 5664 είρηται,ίειο.

397 5661 512 5735 (22)
543 5661 899 5735 Παράκειται
926 5661 999 5732 τῇ
1020 5663 1203 5726 λέξει.
1237 5661 1502 5735 Nimirum
1535 5661 1795 5735 Origenes
1825 5677 1892 5718 ex

315 5731 556 5787 Philone
581 5731 768 5788 Judaeo
787 5775 802 5796 ,
840 5749 904 5788 ac
933 5731 1248 5803 plerumque
1278 5749 1375 5787 suo
1411 5733 1579 5789 Marte
1610 5733 1884 5788 nominaut

313 5806 668 5876 propriorum
696 5804 1084 5862 Ilebraicorum
1114 5806 1417 5876 signiﬁcata
1469 5806 1534 5860 ad
1586 5805 1883 5874 marginem

315 5874 675 5940 ascripSerat.

2023 4755 2317 4811 Pharaonis
2369 4768 2418 4811 et
2457 4761 2651 4826 faceret
2689 4762 2976 4814 convivium
3008 4763 3182 4830 pueris
3220 4764 3330 4816 suis
3360 4765 3402 4817 ³.
3444 4765 3581 4818 Aule

2016 4865 2114 4902 nos
2148 4850 2456 4903 observavit
2493 4851 2761 4919 quispiam
2803 4859 3002 4905 malum
3052 4869 3172 4908 esse
3205 4869 3324 4906 eum
3357 4855 3445 4923 qui
3480 4874 3580 4908 na-

2023 4940 2187 4993 talitia
2223 4956 2319 4997 sua
2349 4943 2593 4996 celebrat
2623 4953 2677 4996 et
2721 4945 2862 4997 diem
2907 4956 3062 5000 ortus
3099 4947 3178 4999 sui
3231 4947 3441 5014 probat.
3473 4947 3580 5001 Nos

2017 5040 2198 5085 autem
2262 5033 2656 5102 expositionem
2707 5036 3127 5101 conﬁrmamus,
3160 5047 3215 5091 et
3269 5039 3321 5091 in
3369 5037 3577 5092 llerodc

1740 5173 1785 5205 ⁹⁶
1812 5171 1917 5228 Gen

2035 5187 2168 5240 LXIX,
2226 5172 2280 5228 ‘2.
2357 5173 2401 5204 ⁸⁷
2429 5174 2583 5239 ibid.,
2619 5175 2672 5230 5.
2748 5176 2794 5207 ⁸⁸
2823 5174 2960 5230 Gen.
2991 5192 3076 5240 ιι,
3120 5177 3172 5232 1.
3249 5177 3294 5210 θ’
3321 5175 3571 5231 ibid..15.

2101 5377 2189 5446 25)
2219 5376 2344 5444 Πᾶς
2381 5381 2412 5431 ὀ
2441 5379 2726 5446 σπείρων,
2774 5387 2879 5433 etc.
2919 5380 2958 5433 E
2991 5380 3203 5434 schedis
3238 5377 3572 5434 Combeiisii.

2101 5449 2188 5514 24)
2223 5449 2318 5514 Ὠς
2339 5449 2436 5502 ἐπὶ
2463 5451 2717 5512 σκοπόν,
2749 5460 2854 5503 etc.
2886 5450 2959 5502 Ex
2989 5451 3176 5504 iisdem
3200 5450 3433 5502 scbedns.

2080 5519 2192 5586 125)
2225 5521 2327 5573 Διὰ
2347 5519 2453 5572 τὸν
2470 5519 2660 5588 ἅγιον,
2697 5520 2911 5588 ειεηιὲχ
2937 5520 3124 5573 iisdem
3139 5520 3374 5574 schedis.

2075 5589 2188 5659 (26)
2218 5591 2466 5659 Νομίζω.
2493 5586 2601 5646 etc.
2625 5590 2700 5642 Ea
2732 5586 2921 5644 iisdem
2949 5589 3180 5644 schedis.

2075 5658 2189 5727 (27)
2225 5658 2292 5714 Τὸ
2315 5658 2524 5727 μηδέν,
2555 5670 2660 5714 etc.
2697 5659 2772 5712 Ex
2802 5661 2992 5712 iisdem
3023 5659 3257 5716 scltedis.

2073 5727 2186 5797 (‘28)
2218 5730 2324 5782 Kal
2347 5727 2637 5796 ἀνωτέρω,
2668 5739 2774 5782 etc.
2817 5729 2890 5780 Ex
2926 5729 3110 5782 iisdem
3141 5728 3375 5783 seltedis.

2068 5797 2181 5870 (‘29)
2217 5799 2339 5854 Τῶν
2360 5798 2479 5870 μὲν
2510 5798 2622 5867 πρὸ
2645 5797 2837 5867 ἡμῶν,
2866 5808 2972 5852 etc.
3026 5797 3067 5851 E
3125 5811 3322 5855 catena
3364 5801 3564 5858 Roma-

1995 5889 2082 5927 "iis
