3942 6394
508 304 600 361 151
2013 296 2077 352 01

2190 294 2363 351 ENES

508 427 687 483 simile
717 426 970 497 quiddam
1014 423 1493 495 deprehendimus,
1518 423 1740 494 quando
1781 422 1890 477 lilia
1918 421 2088 477 Hero-

507 519 686 574 diadis
731 517 953 572 saltavit
1006 524 1060 570 et
1111 524 1450 586 amputatum
1497 525 1580 571 est
1630 523 1792 585 caput
1833 514 2080 570 Joannis.

506 610 618 664 Nec
655 610 863 676 uspiam
890 609 1096 679 justum
1127 609 1313 664 videre
1346 616 1432 663 est
1473 607 1565 677 qui
1601 606 1902 662 natalitinm
1941 607 2082 662 diem

506 704 765 758 celebret.

575 879 702 935 Post
745 884 872 938 duos
913 901 1078 937 annos
1121 885 1320 938 dierum
1359 883 1487 936 uidit
1529 881 1740 936 Pharao
1778 880 2036 932 somnium
2069 895 2086 934 :

504 974 724 1043 putabat
755 993 808 1029 se
833 985 974 1028 stare
999 994 1154 1045 super
1179 978 1396 1045 [luvium
1424 976 1462 1039 ³,
1494 985 1600 1027 etc.
1632 973 1732 1038 Qui
1765 973 1816 1025 itt
1845 972 2002 1025 ﬂuxis
2033 980 2089 1025 et

504 1064 726 1118 caducis
764 1065 1088 1129 conﬁdebat,
1118 1067 1339 1135 putabat
1383 1082 1440 1119 se
1475 1075 1620 1118 stare
1646 1079 1808 1132 super
1839 1062 2082 1125 ﬂuvium,

503 1157 649 1212 unde
689 1175 808 1226 qut-.e
849 1159 1104 1213 videntur
1133 1174 1253 1213 esse
1300 1158 1471 1212 felicia
1499 1157 1836 1216 ascendunt,
1871 1152 2088 1222 quando

503 1249 622 1317 eius
647 1251 812 1304 boves
835 1251 1061 1322 pingues
1084 1260 1240 1305 sunt:
1261 1252 1352 1306 sed
1377 1251 1597 1305 omnino
1620 1251 1951 1305 devorantur
1973 1248 2089 1301 haec

502 1356 532 1394 a
575 1341 952 1396 deterioribus.
991 1343 1104 1396 lloc
1139 1352 1316 1397 autem
1339 1383 1352 1405 ,
1389 1344 1628 1414 putabat,
1667 1341 1920 1396 conferes
1957 1353 2083 1394 cum

501 1431 612 1496 illo,
639 1435 902 1489 Putabam
925 1454 1010 1490 vos
1032 1437 1280 1508 colligare
1305 1438 1595 1507 manipulos
1615 1437 1656 1492 δ.
1682 1439 1748 1492 Et
1769 1437 1819 1490 in
1843 1433 2083 1492 secundo

501 1525 712 1579 somnio
743 1545 753 1579 :
781 1526 1251 1592 Quemadmodum,
1283 1529 1476 1598 inquit,
1505 1529 1584 1582 sol
1613 1538 1661 1582 et
1696 1528 1820 1581 luna
1848 1537 1895 1580 et
1925 1534 2073 1578 astra

499 1617 793 1671 adorabunt
816 1636 895 1672 me
915 1622 955 1673 ".
980 1621 1048 1675 Et
1069 1637 1256 1675 rursus
1273 1637 1516 1675 summus
1537 1620 1878 1689 pincernaJn
1897 1633 2076 1672 somno

499 1725 630 1774 meo,
672 1711 866 1782 inquit,
901 1723 1014 1767 erat
1049 1716 1196 1768 vinea
1225 1716 1264 1776 ⁸,
1293 1723 1396 1768 etc.
1425 1714 1601 1766 Pistor
1624 1728 1783 1774 vero,
1809 1710 2076 1766 Putabam

3672 292 3788 350 ιῖςῖ

2189 420 2246 474 δὲ
2281 415 2604 490 βεϐαιοῦμεν
2633 417 2733 489 τὴν
2761 417 3033 490 διήγησιν,
3069 415 3162 474 καὶ
3190 415 3282 470 ἐπὶ
3323 413 3418 468 τοῦ
3455 415 3701 489 Ἡρώδου
3727 416 3795 473 τὺ

2189 510 2576 585 παραπλήσιον
2619 511 2896 582 εὑρόντες,
2941 512 3032 564 ὅτε
3089 509 3183 563 καὶ
3233 510 3266 582 ἡ
3321 507 3567 581 θυγάτηρ
3610 510 3794 582 Ἡρω-

2183 605 2364 667 διάδος
2405 602 2714 674 ὼρχήσατο,
2773 603 2867 654 καὶ
2913 599 3272 674 ἁπετμήθηή
3318 598 3566 654 Ἰωάννου
3615 617 3796 671 κεφα-

2185 696 2271 770 λή·
2319 698 2413 752 καὶ
2458 694 2694 767 οὐδαμοῦ
2757 694 2963 759 δίκαιος
3006 695 3256 766 φαίνεται
3303 693 3576 762 γενέθλιον
3634 694 3798 762 ἄγων

2184 791 2216 860 ἡ
2228 789 2422 861 μέραν.

2274 880 2535 952 ‘E-yérew
2563 878 2632 932 δὲ
2643 877 2798 949 μετὰ
2826 877 2936 932 δύο
2958 877 3063 946 ἔτη
3095 877 3349 947 ἡμερῶν,
3381 876 3594 945 Φαραὼ
3623 872 3797 930 εἶδεν

2183 976 2490 1028 ἐνύπνιον,
2533 974 2702 1042 ¹’ῼιειτο
2718 971 2964 1026 ἑστάναι
3000 971 3097 1026 ἐπὶ
3127 970 3231 1024 τοῦ
3258 971 3547 1039 ποταμοῦ,
3589 970 3690 1022 καὶ
3725 969 3796 1022 τὰ

2185 1068 2330 1138 ἑξῆς.
2380 1068 2436 1119 '0
2489 1066 2581 1119 ἐπὶ
2627 1067 2740 1126 τοῖς
2775 1067 3020 1135 ῥευστοῖς
3070 1063 3180 1132 (50)
3213 1064 3306 1116 καὶ
3354 1063 3635 1130 ἀϐεϐαίοις
3694 1080 3799 1116 πε-

2187 1158 2389 1222 ποιθὼς
2415 1157 2552 1228 ᾤετο
2583 1157 2803 1210 ἑστάναι
2825 1157 2920 1209 ἐπὶ
2945 1155 3038 1208 τοῦ
3072 1155 3340 1224 ποταμοῦ,
3383 1155 3474 1224 ἀφ’
3509 1150 3569 1208 οὗ
3593 1155 3667 1208 τὰ
3691 1154 3797 1208 ,δο-

2186 1252 2386 1306 κοῦντα
2422 1249 2775 1320 εὑδαιμονικά
2806 1243 2942 1302 εἶναι
2990 1246 3290 1310 ἀναϐαίνει,
3325 1247 3413 1299 ὅτε
3451 1249 3500 1300 οἱ
3533 1246 3658 1317 βόες
3693 1246 3798 1299 αὑ-

2185 1343 2278 1398 τοῦ
2299 1345 2490 1412 παχεῖς
2517 1343 2670 1394 είσιν·
2703 1341 2836 1394 ἀλλὰ
2859 1341 3075 1404 πάντως
3098 1339 3442 1392 κατεσθίεται
3473 1338 3646 1391 ταῦτα
3684 1338 3796 1393 ὑπὸ

2183 1435 2293 1489 τῶν
2347 1435 2624 1505 χειρόνων.
2675 1432 2820 1504 Πρὸς
2874 1431 2930 1484 δὲ
2978 1431 3060 1494 τὸ,
3120 1430 3284 1496 ᾤετο,
3340 1434 3657 1501 συγκρινεῖς
3703 1430 3792 1497 τὸ,

2185 1527 2353 1597 ᾤμην
2379 1523 2536 1595 ὑμᾶς
2565 1524 2884 1593 δεσμεύειν
2917 1521 3240 1592 δράγματα.
3282 1522 3404 1575 Ἐπὶ
3434 1523 3490 1575 δὲ
3526 1522 3793 1594 δευτέρου

2185 1619 2458 1681 ἐνυπνίου,
2501 1618 2754 1684 Ὥσπερ,
2801 1614 2985 1686 φησὶν,
3023 1617 3056 1669 ὀ
3089 1613 3282 1682 ἥλιος,
3311 1613 3410 1667 καὶ
3449 1615 3486 1682 ἡ
3517 1613 3789 1680 σελήνη.

2183 1712 2284 1768 καὶ
2344 1715 2398 1766 οἱ
2427 1710 2678 1779 ἀστέρες
2711 1709 3132 1777 προσεκύνουν
3169 1725 3291 1776 μοι.
3326 1706 3496 1760 Πάλιν
3539 1725 3602 1760 τε
3653 1705 3728 1760 αὖ
3764 1709 3793 1761 6

498 1819 578 1858 me
600 1805 700 1856 tria
723 1806 950 1859 canistra
973 1808 1169 1875 [arium
1188 1809 1322 1874 ferre
1345 1823 1500 1875 super
1525 1814 1682 1874 caput
1708 1822 1876 1858 meum
1895 1805 1936 1869 ⁷,
1963 1813 2070 1859 etc.

2191 1805 2289 1874 μὲν
2329 1801 2718 1874 ἀρχιοινοχόος⁸
2790 1801 2884 1851 Ἐν
2943 1797 3024 1864 τῷ
3074 1799 3244 1861 ὕπνῳ
3279 1817 3420 1870 μου,
3481 1799 3674 1870 φησιν,
3713 1795 3796 1868 ἦν

499 1892 784 1960 ἄμπελος,
837 1897 930 1948 καὶ
977 1895 1044 1948 τὰ
1107 1895 1250 1966 ἐξῆςο
1286 1897 1314 1948 ὁ
1344 1894 1400 1947 δὲ
1431 1896 1853 1966 ἁρχισιτοποιός·
1883 1899 2070 1969 ᾯμην
2109 1899 2241 1966 τρία
2273 1893 2426 1949 κανᾶ
2472 1890 2798 1963 χονδριτῶν
2829 1891 3019 1959 ατρειν
3063 1890 3163 1944 ἐπὶ
3192 1889 3304 1960 τῆς
3343 1889 3620 1960 κεφαλῆς
3638 1909 3792 1961 μου,

499 1986 592 2038 καὶ
619 1985 686 2038 τὰ
717 1987 860 2057 ἑξῆς.

551 2079 822 2148 Ejusdem.
843 2081 1093 2136 Narratio
1109 2083 1608 2152 Scripturzehahct:
1639 2085 1864 2140 Putabat
1879 2098 2085 2142 sestnre

495 2189 652 2242 super
671 2176 914 2243 [lurium,
935 2191 1038 2229 non
1059 2191 1222 2245 super
1254 2178 1418 2246 ripam
1443 2177 1549 2250 45
1569 2179 1802 2234 ﬂuminis
1825 2199 1838 2241 ;
1867 2179 2083 2236 Pharao

498 2279 678 2320 autem
702 2269 809 2323 ait:
834 2267 1094 2322 Putabant
1133 2287 1212 2323 nte
1245 2281 1380 2324 stare
1413 2288 1568 2339 super
1589 2259 1760 2340 ripam
1783 2274 2019 2342 ﬂuminis
2037 2275 2080 2340 ⁸,

497 2377 602 2414 non
629 2377 792 2430 super
821 2362 1066 2416 ﬂuviutn.
1103 2363 1370 2417 Caeterum
1401 2364 1696 2434 saecularia
1717 2365 1939 2438 Egypli
1992 2383 2084 2421 ne-

497 2453 661 2523 gotia.
697 2470 727 2506 a
754 2486 756 2488 τ
783 2455 1102 2508 melioribus
1161 2457 1459 2523 incipiunt,
1495 2474 1724 2528 quorum
1775 2470 1933 2530 typus
1990 2472 2075 2516 est

498 2545 851 2610 abundantia,
889 2550 981 2602 sed
1022 2550 1073 2600 in
1099 2564 1284 2601 amara
1317 2550 1564 2603 desinunt
1625 2567 1858 2620 quorum
1913 2555 2083 2606 almu-

495 2636 679 2693 dautia
719 2650 774 2694 et
822 2639 995 2694 l‘atucs
1043 2640 1228 2710 figurae
1269 2651 1416 2695 sunt.
1468 2642 1660 2697 Simile
1711 2645 1990 2714 quidpiam
2027 2646 2078 2698 in

497 2729 720 2784 historia
746 2730 930 2784 divitis
981 2732 1162 2785 videre
1199 2741 1304 2786 cst.
1335 2728 1507 2787 Veluti
1538 2735 1682 2788 enim
1712 2745 1920 2804 septem
1954 2739 2079 2792 anni

493 2821 839 2879 abundantia:
888 2816 1048 2878 erant
1101 2826 1188 2890 ei,
1234 2829 1431 2898 quippe
1481 2829 1572 2900 qui
1628 2843 1906 2902 receperat
1941 2832 2077 2885 bona

493 2928 594 2967 sua
635 2914 686 2968 in
730 2915 840 2970 vita
869 2931 990 2979 sua,
1031 2918 1158 2971 dum
1186 2920 1500 2976 indueretur
1536 2937 1770 2991 purpura
1805 2934 1857 2978 et
1896 2925 2077 2996 bysso,

490 3014 547 3059 et
589 3005 873 3061 lauaretur
904 3011 1148 3078 quotidie
1185 3012 1466 3081 splendide
1493 3014 1537 3066 ⁹.
1571 3014 1677 3068 Sed
1722 3015 1834 3068 haec
1871 3015 2078 3069 abeunt

491 3096 539 3150 ei
591 3097 644 3151 in
675 3101 975 3168 contraria,
1023 3103 1309 3172 recipienti
1343 3104 1478 3158 mala
1511 3115 1631 3174 post
1667 3119 1917 3163 mortem.
1980 3106 2069 3162 Si-

494 3187 644 3243 milia
699 3191 883 3246 vidcre
939 3203 1022 3248 cst
1089 3195 1138 3248 iu
1208 3195 1276 3249 iis
1316 3199 1406 3265 qui
1451 3197 1612 3251 latam
1673 3209 1727 3252 et
1781 3200 2076 3267 spatiosam

487 3273 868 3349 ingrediuntur
915 3285 1056 3338 viam
1111 3301 1340 3355 quorum
1400 3288 1520 3342 ﬂuis
1576 3288 1805 3358 perditio
1860 3300 1943 3345 est
1998 3289 2076 3356 '°,

2263 2083 2372 2139 Τοῦ
2388 2081 2594 2138 αὐτοῦ.
2621 2081 2695 2135 Τὸ
2715 2081 2812 2153 μὲν
2831 2079 3225 2152 διηγηματικὸν
3243 2081 3345 2154 τῆς
3375 2081 3602 2153 Γραφῆς
3621 2081 3797 2154 πρόσ-

2184 2178 2334 2231 ωπόν
2368 2192 2549 2247 φησιν·
2593 2177 2762 2245 "(Isto
2793 2173 3041 2228 ἑστάναι
3085 2174 3183 2228 ἐπὶ
3232 2173 3339 2228 τοῦ
3371 2174 3670 2244 ποταμοῦ,
3728 2176 3793 2230 οὐ

2185 2266 2336 2340 παρὰ
2380 2267 2440 2321 τὸ
2488 2266 2662 2336 χεῖλος
2710 2264 2804 2318 τοῦ
2861 2264 3125 2334 ποταμοῦ·
3172 2267 3201 2318 ὁ
3242 2264 3297 2318 δὲ
3339 2265 3538 2338 Φαραώ
3586 2283 3785 2338 φησιν’

2188 2362 2381 2432 ’ῼμην
2407 2359 2655 2414 ἑστάναι
2683 2359 2842 2426 παρὰ
2869 2359 2936 2411 τὸ
2965 2357 3166 2428 χεῖλος
3192 2357 3298 2412 τοῦ
3341 2359 3612 2429 ποταμοῦ
3630 2398 3647 2424 ,
3675 2362 3793 2415 -οὐκ

2183 2454 2276 2506 ἐπὶ
2305 2452 2398 2506 τοῦ
2429 2449 2698 2522 ποταμοῦ.
2727 2449 2808 2503 Τὰ
2834 2449 3083 2520 μέντοιγε
3112 2449 3171 2502 ὲν
3201 2449 3465 2521 Αἰγύπτῳ
3480 2450 3792 2522 πράγματα

2181 2545 2250 2602 τὰ
2277 2547 2334 2600 ὲν
2362 2547 2474 2608 τοῖς
2507 2547 2812 2615 κοσμικοῖς,
2837 2543 2945 2598 ἀπὸ
2961 2545 3342 2615 χρηστοτέρων
3371 2545 3679 2616 ἀρχόμενα,
3713 2539 3791 2598 ὧν

2185 2636 2450 2708 σύμϐολον
2486 2639 2518 2709 ἡ
2563 2636 2808 2709 εὐθηνία,
2857 2639 2934 2702 είς
2974 2639 3296 2710 πικρότερον
3349 2637 3676 2709 καταλήγει,
3712 2633 3792 2693 ὧν

2182 2729 2214 2800 ἡ
2249 2728 2472 2800 εὐθηνία
2506 2729 2599 2782 καὶ
2631 2731 2659 2783 6
2689 2729 2846 2800 λιμὸς
2896 2729 3086 2793 τύπος.
3138 2728 3387 2782 Τοιοῦτον
3430 2729 3488 2782 δέ
3528 2731 3648 2784 ἐστι
3690 2729 3792 2784 καὶ

2181 2824 2272 2876 ἐπὶ
2304 2823 2397 2876 τοῦ
2441 2823 2586 2880 κατὰ
2628 2823 2720 2877 τὸν
2773 2823 3030 2880 πλούσιον
3061 2822 3219 2892 λόγου
3269 2822 3562 2894 θεωρῆσαι.
3599 2823 3790 2876 Οἱονεὶ

2180 2916 2290 2988 γὰρ
2313 2916 2385 2970 τὰ
2410 2915 2551 2970 ἑπτὰ
2583 2915 2678 2986 ἔτη
2723 2916 2823 2987 τῆς
2865 2915 3122 2987 εὐθηνίας
3160 2910 3229 2987 ἦν
3255 2914 3424 2985 αὐτῷ,
3455 2913 3792 2985 ἀπολαμϐά-

2181 3028 2326 3067 νοντι
2357 3011 2428 3064 τὰ
2457 3009 2637 3080 ἀγαθὰ
2668 3008 2834 3064 αὐτοῦ
2883 3012 2942 3062 ὲν
2968 3011 3034 3080 τῇ
3071 3007 3183 3079 ζωῇ
3217 3007 3404 3070 αὐτοῦ,
3441 3007 3790 3080 ὲνδεδυμένῳ

2182 3104 2491 3177 πορφύραν,
2529 3106 2624 3158 καὶ
2665 3102 2882 3174 βύσσον,
2915 3102 3011 3156 καὶ
3043 3101 3450 3174 εὐφραινομένῳ
3478 3099 3604 3154 καθ’
3639 3102 3790 3172 ἠμέ-

2181 3214 2284 3268 ραν
2312 3196 2604 3268 λαμπρῶς·
2642 3195 2800 3267 λήγει
2850 3195 2909 3249 δὲ
2942 3193 3090 3266 αὑτῷ
3120 3195 3200 3258 είς
3228 3194 3295 3248 τὰ
3329 3193 3570 3256 ἐναντία,
3633 3195 3782 3248 ἀπο-

2180 3290 2509 3362 λαμϐάνοντι
2540 3289 2611 3342 τὰ
2653 3288 2802 3343 κακὰ
2857 3287 2995 3359 μετὰ
3021 3287 3120 3356 τὴν
3149 3284 3398 3340 ἐντεῦθεν
3428 3285 3785 3364 ἀπαλλαγήν.

489 3369 617 3424 dum
685 3363 750 3425 iis
816 3373 1011 3442 quibus
1084 3377 1296 3430 iuitimn
1359 3388 1441 3434 est
1515 3389 1666 3434 arcta
1741 3391 1796 3435 et
1860 3391 2077 3450 angusta

2190 3383 2426 3438 Τοιαῦτα
2455 3383 2500 3436 δ’
2517 3382 2581 3436 ἂν
2613 3381 2745 3445 ἴδοις
2769 3381 2863 3436 καὶ
2887 3381 2979 3433 ἐπὶ
3004 3379 3114 3433 τῶν
3141 3378 3239 3450 τὴν
3267 3378 3524 3432 πλατεῖαν
3556 3379 3656 3432 καὶ
3691 3380 3789 3432 εὑ-

489 3463 599 3528 via,
634 3464 756 3519 linis
787 3477 870 3522 est
907 3468 1038 3524 vita.
1090 3470 1451 3536 Quamobrem
1509 3489 1586 3528 va:
1639 3477 1878 3541 saturis,
1940 3493 2078 3547 quo-

491 3553 636 3609 niam
699 3557 960 3621 esurient,
1019 3569 1073 3614 et
1147 3561 1482 3628 ridentibus,
1533 3567 1786 3634 quoniam
1843 3565 2071 3620 ﬂebunt.

489 3645 636 3700 Beati
669 3649 758 3718 qui
792 3649 973 3720 lugent
997 3661 1050 3706 et
1076 3651 1225 3720 ﬂent,
1265 3653 1525 3724 quoniam
1563 3656 1666 3727 ipsi
1709 3656 2074 3714 consolabun-

491 3749 580 3794 tur
599 3741 665 3800 “.

563 3924 632 3978 Et
650 3941 764 3978 ecce
791 3933 1040 3996 tanquam
1077 3944 1104 3981 ε
1134 3929 1298 3998 [lucio
1347 3931 1696 3988 ascendebant
1747 3943 1943 4002 septem
1974 3935 2068 3991 bo-

488 4032 574 4072 ves
611 4015 678 4082 “,
710 4028 815 4072 etc.
843 4019 1143 4073 Pharaonis
1173 4022 1383 4075 somnia
1418 4022 1583 4078 boves
1610 4033 1765 4078 erant
1800 4036 1854 4080 et
1877 4027 2059 4097 spicae.

487 4108 592 4164 Per
615 4125 674 4163 ea
698 4111 842 4164 enim
866 4113 1062 4180 quibus
1091 4123 1232 4168 terra
1257 4115 1477 4178 colitur,
1496 4127 1548 4170 et
1570 4132 1666 4186 per
1699 4117 1910 4174 fructus
1928 4119 2065 4191 ejus,

490 4205 794 4272 praenuntia
859 4204 982 4259 data
1039 4215 1165 4261 sunt
1223 4208 1333 4276 regi
1395 4209 1549 4279 signa
1611 4211 1959 4268 abundantia:
2012 4223 2068 4271 et

486 4295 672 4350 lamis.

558 4387 972 4458 Expergefactus
1015 4401 1187 4445 autem
1243 4389 1476 4462 Pharao,
1509 4411 1722 4449 rursum
1752 4396 2060 4463 somniavit,

2181 3475 2430 3550 -ρύχωρον
2461 3474 2774 3536 ὁδευόντων,
2805 3466 2880 3526 ὦν
2929 3471 2989 3526 τὸ
3015 3471 3166 3535 τέλος
3197 3468 3458 3524 ἀπώλεια·
3479 3463 3558 3534 οἷς
3584 3469 3640 3522 δὲ
3673 3470 3787 3540 ἀρ-

2157 3569 2253 3640 ⁸χὴ
2285 3567 2347 3620 τὸ
2376 3566 2559 3620 στενὸν
2597 3566 2689 3621 καὶ
2709 3565 2778 3618 τὸ
2817 3564 3190 3636 τεθλιμμένον,
3216 3563 3276 3621 τὸ
3303 3563 3450 3629 τέλος
3490 3562 3625 3632 ζωή.
3685 3564 3786 3618 Διὸ

2171 3660 2308 3714 -οὑαὶ
2334 3661 2446 3722 τοῖς
2486 3657 2986 3728 ὲμπεπλησμένοις,
3033 3657 3114 3710 ὅτι
3146 3658 3478 3712 πεινάσουσι·
3532 3655 3629 3709 καὶ
3661 3659 3786 3722 τοῖς

2183 3750 2436 3819 γελῶσιν,
2461 3751 2543 3804 ὅτι
2580 3749 2893 3804 κλαύσουσι.
2924 3751 3199 3823 Μακάριοι
3234 3753 3282 3804 οἱ
3314 3749 3785 3813 πενθοῦντεςεκαὶ

2165 3843 2463 3909 κλαίοντες,
2497 3844 2580 3897 ὅτι
2615 3843 2770 3897 αὐτοὶ
2803 3843 3336 3916 παρακληθήσονται.

2248 3935 2360 3990 Kal
2389 3935 2519 3992 ἰδοὺ
2537 3934 2741 4003 ὥσπερ
2761 3936 2829 3989 ἐκ
2845 3935 2951 3990 τοῦ
2983 3937 3248 4004 ποταμοῦ
3273 3935 3590 3990 ἀνέϐαινον
3614 3933 3782 3991 ἑπτὰ

2169 4029 2337 4096 βόες,
2379 4029 2476 4083 καὶ
2518 4029 2586 4082 τὰ
2613 4027 2760 4099 ἑξῆς.
2795 4026 2902 4080 Τοῦ
2935 4026 3132 4098 Φαραὼ
3151 4028 3260 4099 (51)
3291 4026 3359 4080 τὰ
3392 4025 3618 4079 ἐνύπνια
3641 4025 3777 4094 βόες

2174 4117 2315 4193 ἦσαν
2339 4121 2432 4174 καὶ
2469 4120 2718 4191 στάχυες.
2753 4123 2832 4172 Δι’
2858 4114 2933 4174 ὧν
2958 4120 3067 4192 γὰρ
3099 4123 3421 4191 γεωργεῖται
3451 4121 3484 4190 ὴ
3522 4119 3614 4190 γῆ,
3670 4121 3775 4173 καὶ

2177 4213 2322 4284 ἅπερ
2353 4212 2530 4285 φέρει,
2567 4211 3002 4284 προσημαντικὰ
3027 4211 3282 4284 εὐθηνίας
3313 4228 3375 4264 τε
3402 4211 3496 4264 καὶ
3527 4211 3776 4283 ἀφορίας

2174 4305 2392 4374 ἐγένετο
2421 4304 2498 4376 τῷ
2527 4304 2756 4376 βασιλεῖ.

2254 4398 2492 4469 Ἠγέρθη
2547 4397 2616 4450 δὲ
2647 4396 2876 4465 Φαραὼ,
2911 4395 3009 4450 καί
3033 4395 3408 4464 ἐπανιὰσθη
3445 4395 3513 4449 τὸ
3557 4393 3775 4451 δεύτε-

480 4494 526 4537 et
554 4501 667 4538 ecce
695 4497 886 4553 septem
910 4486 1066 4552 spicae
1088 4488 1433 4542 ascendebant
1456 4491 1510 4542 in
1542 4489 1714 4546 culmo
1751 4507 1854 4545 uno
1880 4490 2058 4546 electra

2190 4509 2290 4547 ων·
2328 4493 2424 4545 καὶ
2461 4491 2590 4546 ίδοὺ
2623 4490 2773 4544 ἑπτὰ
2803 4489 3070 4560 στάχυες
3093 4489 3202 4544 ἀνέ
3215 4494 3414 4544 "mror
3442 4489 3512 4542 ἐν
3542 4489 3775 4559 ,πυθμέ-

481 4575 874 4643 etpulchrw".
914 4574 979 4631 Jo
1012 4578 1116 4645 eph
1175 4594 1281 4632 non
1344 4579 1545 4648 Spicas,
1599 4581 1694 4636 sed
1755 4582 2059 4652 mauipulos

2190 4599 2223 4635 ἰ
2245 4581 2333 4635 ἐνὶ
2366 4581 2636 4636 ἐκλεκτοὶ
2680 4581 2779 4635 καί
2807 4582 3004 4638 καλοί.
3052 4582 3110 4634 Ὁ
3159 4582 3258 4652 μὲν
3297 4581 3495 4652 Ἰωσὴφ
3532 4580 3644 4651 ('52)
3701 4583 3769 4636 οὐ

483 4667 653 4729 vidit;
687 4665 979 4738 zEgyptius
1035 4684 1165 4724 vero
1229 4685 1332 4724 non
1373 4673 1697 4741 manipulos,
1741 4675 1833 4729 sed
1856 4675 2056 4743 spicas.

2190 4674 2428 4744 ιτάχυας,
2487 4673 2621 4728 ἀλλὰ
2657 4674 2948 4748 δράγματα
2987 4669 3143 4727 εἶδεν·
3179 4676 3208 4727 6
3249 4674 3307 4727 δὲ
3355 4674 3650 4743 Αἰγύπτιος
3699 4675 3769 4730 οὐ

483 4759 547 4812 Ει
578 4776 764 4815 rursus
821 4763 1079 4830 piucerna
1142 4770 1255 4818 tres
1311 4769 1640 4835 propagines
1687 4767 1830 4820 videt
1860 4767 2059 4836 quibus

2190 4767 2474 4838 ίράγματα,
2513 4765 2651 4820 ἀλλὰ
2680 4767 2937 4837 στάχυας.
2979 4767 3088 4820 Καὶ
3118 4767 3278 4820 πάλιν
3310 4768 3338 4820 6
3367 4767 3461 4837 μὲν
3487 4767 3772 4837 ἀρχιοινο-

485 4857 595 4902 ll‘t'S
643 4851 758 4906 dics
808 4852 1214 4922 significantur;
1253 4869 1346 4909 rex
1396 4864 1578 4909 autem
1617 4856 1669 4910 in
1719 4871 1826 4910 uno
1875 4856 2055 4910 culmo

2190 4860 2291 4931 ςόος
2321 4860 2447 4924 τοὺς
2471 4864 2620 4933 τρεῖς
2640 4859 2922 4932 πυθμένας
2957 4860 3141 4931 βλέπει
3172 4862 3252 4924 είς
3279 4862 3423 4931 τρεῖς
3459 4861 3700 4931 ἡμέρας·
3735 4863 3770 4918 ὁ

482 4953 689 5014 septem
733 4946 931 5016 spicas,
971 4947 1168 5017 quibus
1221 4957 1429 5016 septem
1469 4948 1597 5003 anni
1640 4948 1870 5004 connexi
1903 4957 2052 5015 sunt,

2192 4951 2216 5004 ὲ
2242 4949 2490 5019 βασιλεὺς
2515 4952 2641 5015 τοὺς
2679 4953 2734 5004 ὲν
2777 4952 3011 5023 πυθμένι
3041 4953 3120 5004 ἑνὶ
3154 4950 3294 5004 ἑπτὰ
3319 4953 3555 5022 στάχυας
3581 4954 3664 5015 είς
3698 4952 3769 5010 τὸ

483 5035 670 5104 sicque
696 5040 853 5093 unius
879 5043 1110 5096 nominis
1133 5039 1407 5111 πυθμένος
1435 5042 1646 5096 diversa
1671 5050 1755 5098 est
1790 5041 2056 5109 interpre-

2190 5043 2502 5114 υνημμένον
2529 5041 2638 5096 τῶν
2682 5043 2822 5097 ἑπτὰ
2860 5044 3144 5098 ὲνι.;υτῶν’
3171 5045 3264 5097 καὶ
3291 5045 3496 5112 γίνεται
3522 5043 3615 5097 τοῦ
3633 5044 3764 5111 ἐνὸς

485 5129 638 5182 latio.
677 5129 733 5183 Si
768 5133 981 5202 quando
1005 5149 1133 5203 ergo
1168 5135 1438 5204 quispiam
1470 5134 1630 5188 aliter
1667 5133 2054 5202 interpretetur

2190 5133 2420 5205 νόματος
2442 5132 2536 5187 τοῦ
2568 5134 2841 5205 πυθμένος
2864 5135 3119 5208 διάφορος
3160 5137 3190 5206 ἡ
3230 5135 3514 5208 ἑρμηνεία.
3547 5134 3762 5190 Εῐποτε

481 5219 842 5294 ὃςτίριυτιιῃι,
893 5241 963 5279 ne
1014 5238 1172 5296 putes
1223 5230 1373 5284 illum
1408 5229 1514 5282 vim
1545 5227 1611 5288 ei
1648 5225 1867 5281 aﬂ'crre.
1916 5225 2054 5280 Illud

2190 5224 2250 5282 ὗν
2297 5227 2471 5292 ἄλλως
2525 5246 2608 5292 τις
2641 5230 2906 5300 διηγεῖται
2963 5232 3064 5301 τὴν
3114 5229 3357 5301 Γραφὴν,
3407 5229 3480 5299 μὴ
3521 5229 3762 5282 δοκείτω

479 5313 645 5368 etiam
680 5316 1076 5372 observandum
1113 5319 1444 5388 praenuntias
1464 5317 1816 5374 abundantia:
1846 5327 2052 5388 septem

2190 5317 2445 5383 ιιάζεσθαι
2485 5319 2674 5391 αὐτὴν.
2713 5321 2823 5374 Καὶ
2855 5319 2934 5374 ἔτι
2957 5320 3243 5393 τηρητέον,
3265 5321 3347 5372 ὅτι
3379 5318 3470 5372 ἐπὶ
3502 5318 3600 5389 μὲν
3649 5321 3760 5393 τῆς

419 5505 425 5512 .
512 5527 517 5528 γ
551 5459 572 5491 ³
603 5457 736 5512 Gen.
759 5473 872 5520 xu,
903 5458 953 5512 1.
1030 5459 1051 5492 δ
1078 5460 1214 5516 Gen.
1248 5475 1462 5524 sxxvtt,
1496 5461 1548 5516 'l.
1627 5459 1648 5491 '
1673 5459 1829 5522 ibid.,
1866 5457 1919 5514 9.
1999 5457 2174 5513 “Gen.
2230 5474 2320 5521 XL,
2368 5462 2421 5514 9.
2498 5460 2518 5490 "
2548 5459 2702 5523 ibid.,
2758 5461 2844 5516 16.
2921 5462 2942 5495 ⁸
2965 5461 3100 5519 Ceu.
3131 5479 3239 5528 xu,
3277 5464 3362 5517 17.
3439 5462 3461 5493 ⁸
3489 5461 3624 5517 Luc.
3655 5477 3749 5518 xv.

483 5527 525 5560 ¹⁰
557 5529 743 5583 Matth.
776 5545 870 5594 vn,
899 5531 985 5598 l6,
1015 5531 1105 5589 11.
1183 5533 1224 5564 ¹¹
1257 5533 1388 5587 Luc.
1416 5548 1488 5597 τι,
1519 5531 1612 5596 25;
1642 5530 1832 5586 Matth.
1868 5546 1919 5596 v,
1946 5529 2003 5585 5.

2190 5546 2278 5586 en.
2322 5547 2431 5593 xu,
2457 5529 2512 5586 2.
2589 5529 2632 5561 ¹³
2662 5533 2815 5598 ibid.,
2851 5534 2906 5588 5.

2235 5647 2350 5721 (5'2)
2393 5647 2445 5721 Ὁ
2464 5648 2582 5717 μὲν
2617 5647 2875 5721 Ἰωσήφ.
2927 5663 3038 5710 etc.
3094 5653 3187 5709 llic
3237 5653 3388 5709 locus
3440 5653 3492 5706 in
3549 5654 3748 5708 iisdem

2161 5719 2375 5796 scutulis
2405 5720 2626 5796 Origeni
2657 5719 2914 5778 tribuitur
2935 5766 2950 5792 ,
2980 5742 3084 5780 uua
3117 5737 3296 5780 tamen
3326 5739 3520 5780 catena
3569 5724 3746 5796 Regia

2169 5788 2396 5844 lit-braca
2429 5788 2673 5848 ascribit.

481 5716 511 5767 Γ
552 5643 661 5722 (50)
699 5645 753 5698 Ὁ
782 5647 879 5700 ἐπὶ
903 5646 1026 5714 τοῖς
1048 5647 1350 5717 ῥευστοῖς,
1373 5658 1477 5704 etc.
1517 5648 1561 5704 Ε
1594 5648 1812 5705 schetlis
1834 5647 2057 5704 Combe-

501 5731 608 5766 IS”.

501 5732 663 5857 his”
695 5786 803 5840 Τοῦ
837 5787 1064 5858 Φαραώ,
1103 5797 1208 5844 etc.
1239 5788 1284 5844 Ε
1321 5791 1537 5846 schedis
1569 5789 1902 5846 Conthﬂsll.
