3978 6496
262 411 354 464 157

1686 409 1752 463 ιΝ
1788 410 2111 467 GENESIM.

3375 423 3474 478 158

317 525 445 592 Ναὶ,
475 525 546 579 ἐν
575 524 884 596 ἁμαρτίαις
919 523 1030 595 γάρ
1068 524 1252 594 ἐσμεν
1277 528 1408 592 περὶ
1434 525 1540 578 τοῦ
1565 524 1812 594 ἀδελφοί

2006 527 2194 582 Merito
2241 543 2258 580 :
2292 529 2345 582 in
2385 531 2610 598 peccatis
2655 534 2789 586 enim
2821 549 3000 588 sumus
3027 544 3240 602 propter
3280 537 3497 604 fratrem

257 617 433 688 ἡμῶν,
477 618 568 670 ὅτι
618 616 1010 685 ὐπερείδομεν
1049 616 1165 682 τὴν
1214 617 1425 684 θλίψιν
1470 615 1579 683 τῆς
1625 615 1832 684 ψυχῆς

254 709 450 772 αὑτοῦ,
474 708 575 762 ὅτε
599 706 929 760 κατεδέετο.
961 704 1117 759 Κατὰ
1145 704 1205 757 τὸ
1224 705 1572 775 σιωπώμενον
1603 705 1709 775 (44)
1734 721 1833 758 κα-

253 803 468 858 τεὸἐετο·
501 803 560 854 οὐ
593 799 702 872 γὰρ
731 799 1143 870 ἀναγέγραπται
1173 798 1290 861 πῶς
1313 797 1612 852 κατεδέετο.

327 894 690 961 Ἀποκριθεὶς
731 890 987 959 Ῥουϐὶμ,
1028 886 1198 943 εἶπεν
1242 888 1486 954 αὐτοῖς·
1525 890 1646 942 Οὐκ
1692 889 1831 943 ἐλά-

252 992 406 1056 λησα
429 986 589 1055 ὑμῖν,
618 985 831 1053 λέγων,
866 982 965 1050 Μὴ
1009 981 1334 1049 ἀδικήσητε
1377 981 1442 1034 τὸ
1481 980 1791 1049 παιδάριον
1810 999 1830 1047 ;

251 1079 338 1133 καὶ
363 1079 471 1130 οὐκ
500 1073 897 1142 εἰσηκούσατέ
918 1091 1056 1143 μου.
1083 1073 1192 1126 Καὶ
1218 1072 1345 1125 ἰδοὺ
1372 1072 1436 1125 τὸ
1463 1068 1606 1142 αἵμα
1641 1073 1829 1128 αὐτοῦ

249 1168 586 1238 ἐκζητεῖται.
657 1167 749 1218 Ἐν
776 1168 886 1229 τοῖς
919 1164 1175 1235 ἀνωτέρω
1208 1163 1316 1234 (45)
1345 1163 1613 1227 λέλεκται,
1639 1164 1719 1216 ὅτι
1754 1163 1828 1236 μὴ

251 1262 503 1334 παρόντος
530 1258 624 1312 τοῦ
669 1257 892 1328 Ῥουϐὶμ
919 1257 1192 1328 πέπραται
1238 1258 1352 1319 τοῖς
1401 1254 1769 1326 Ἰσμαηλίταις
1799 1255 1828 1308 ὁ

261 1353 466 1421 Ἰωσὴφ,
509 1353 603 1406 καὶ
651 1350 787 1421 μετὰ
822 1349 883 1402 τὸ
917 1349 1188 1419 πραθῆναι
1233 1347 1392 1402 αὐτὸν
1443 1347 1773 1419 ἀνέστρεψεν
1798 1349 1828 1402 ὁ

259 1445 474 1513 Ῥουεῆμ
496 1443 586 1494 ἐπὶ
620 1441 710 1494 τὸν
743 1441 965 1502 λάκκον,
1005 1439 1099 1490 καὶ
1127 1439 1224 1506 οὐχ
1257 1438 1358 1508 ὁρᾷ
1409 1436 1500 1490 τὸν
1544 1437 1740 1508 Ἰωσὴφ
1769 1439 1826 1492 ὲν

247 1535 319 1606 τῷ
343 1535 546 1605 λάκκῳ,
575 1534 666 1588 καὶ
708 1528 954 1603 διέρρηξε
987 1529 1054 1582 τὰ
1090 1529 1280 1600 ἱμάτια
1327 1528 1492 1582 αὑτοῦ
1519 1545 1532 1559 ·
1568 1531 1661 1584 καὶ
1696 1530 1825 1582 ἐπέ-

248 1625 468 1696 στρεψεν
519 1625 652 1696 πρὸς
701 1624 826 1685 τοὺς
873 1621 1131 1691 ἀδελφοὺς
1183 1619 1370 1683 αὑτοῦ,
1422 1619 1517 1672 καὶ
1552 1615 1711 1672 εἷπε·
1755 1619 1825 1673 Τὸ

246 1715 553 1784 παιδάριον
605 1716 717 1768 οὐκ
767 1715 976 1768 ἐστιν’
1053 1711 1168 1782 ἐγὼ
1214 1710 1283 1764 δὲ
1338 1710 1455 1764 ποῦ
1523 1711 1826 1778 πορεύσο-

239 1828 340 1882 μαι
390 1811 513 1871 ἐτι;
567 1808 678 1860 Καὶ
729 1807 791 1860 οὐ
837 1806 1084 1876 φαίνεται
1131 1802 1463 1876 μεμαθηκὼς
1509 1801 1661 1872 παρὰ
1714 1802 1822 1857 τῶν

1935 634 2190 684 nostrum,
2239 624 2487 689 quoniam
2540 626 2944 690 contempsimus
2985 629 3278 696 angustiam
3307 625 3498 686 animle

1932 713 2066 779 ejus,
2116 727 2233 764 cum
2270 714 2641 782 deprecaretur
2664 717 2732 769 ”.
2795 717 3016 774 Silendo
3064 720 3492 789 deprecabatur;

1934 817 2108 872 neque
2141 805 2284 888 enim
2320 808 2578 875 scriptum
2607 817 2691 862 est
2719 813 2993 878 quomodo
3021 813 3422 882 deprecaretur.
3525 831 3532 850 τ

2003 895 2335 965 Respondeas
2369 907 2541 952 autem
2571 899 2751 955 Ruben
2791 904 2926 956 dixit
2955 905 3026 958 eis
3056 921 3074 958 :
3105 905 3360 976 Nunquid
3393 924 3496 962 non

1931 987 2046 1040 dixi
2077 988 2216 1042 vobis
2243 1004 2261 1042 :
2303 987 2484 1043 Nolite
2514 992 2692 1060 inique
2738 1009 2892 1062 agere
2933 996 2987 1048 in
3020 999 3286 1063 puerum?
3313 1008 3361 1052 et
3392 1016 3496 1054 non

1930 1080 2155 1133 audistis
2205 1096 2302 1135 me.
2353 1080 2431 1134 Eu
2466 1086 2678 1154 sanguis
2729 1086 2843 1155 ejus
2892 1089 3184 1156 exquiritur
3203 1089 3268 1142 ³ο.
3322 1091 3495 1160 Supra

1930 1169 2133 1223 dictum
2187 1180 2270 1224 est
2304 1169 2588 1226 Ismaelitis
2623 1176 2990 1230 venundatum
3035 1191 3158 1233 esse
3201 1179 3493 1250 Josephum

1928 1260 2154 1316 absente
2201 1261 2412 1328 Ruben,
2462 1265 2552 1332 qui
2588 1279 2652 1318 co
2701 1267 2923 1322 vendito
2975 1269 3039 1323 ad
3075 1269 3276 1325 fossam
3314 1273 3491 1336 rediit.

1929 1355 2042 1418 ubi,
2072 1369 2194 1410 cum
2225 1354 2443 1409 fratrem
2479 1371 2585 1410 non
2620 1357 2940 1424 invenisset,
2989 1362 3147 1415 scidit
3175 1363 3494 1420 vestimenta

1925 1459 2021 1497 sua
2053 1452 2108 1497 et
2148 1444 2213 1496 ad
2242 1443 2355 1515 48
2390 1445 2592 1500 fratres
2627 1460 2753 1502 suos
2783 1463 3074 1504 conversus
3112 1451 3248 1505 dixit
3291 1469 3306 1505 :
3351 1451 3495 1506 Puer

1927 1550 2029 1586 nou
2059 1545 2347 1604 comparet,
2386 1545 2436 1589 et
2461 1552 2552 1605 ego
2581 1553 2682 1608 quo
2716 1538 2845 1592 ibo?
2881 1538 2990 1594 Nec
3019 1541 3230 1594 videtur
3253 1555 3284 1595 a
3313 1541 3495 1595 fratri-

1927 1624 2028 1678 bus
2064 1625 2320 1681 didicisse
2371 1629 2603 1682 veniisse
2635 1627 2951 1698 Josepbum.
2994 1630 3158 1687 Forte
3182 1647 3312 1704 ergo
3343 1623 3494 1690 ratus

1925 1714 2097 1784 ipsum
2142 1717 2378 1770 occisum
2423 1716 2613 1784 fuisse,
2658 1732 2806 1774 nunc
2841 1717 2919 1774 ait
2958 1738 2970 1774 :
3013 1720 3097 1774 En
3128 1724 3342 1792 sanguis
3371 1724 3488 1793 ejus

1923 1806 2239 1875 exquiritur.

245 1905 478 1975 ἀδελφῶν
505 1904 754 1976 περὶτοῦ
792 1903 1008 1974 Ἰωσὴφ,
1041 1903 1122 1956 ὃτι
1149 1901 1394 1972 ἐπράθη..
1413 1901 1635 1969 Μήποτε
1665 1895 1778 1965 οὖν,
1811 1902 2052 1975 οἰόμενος
2103 1905 2408 1979 ἀνῃρῆσθαι
2458 1908 2641 1971 αὐτὸν,
2684 1907 2778 1962 νῦν
2831 1927 2962 1981 φησι
3009 1911 3104 1976 τὸ,
3151 1911 3296 1966 Ἰδοὺ
3335 1906 3490 1982 ,αζιια

242 1995 420 2051 αὐτοῦ
456 1993 796 2061 ὲκζητεῖται.

306 2084 454 2142 Elge
482 2087 549 2140 δὲ
593 2086 812 2153 Ἰούδας
843 2085 992 2154 πρὸς
1030 2079 1270 2153 Ἰσραὴλ
1310 2084 1421 2138 τὸν
1459 2083 1681 2150 πατέρα
1707 2084 1812 2136 αὐ-

1988 2075 2138 2130 Dixit
2172 2077 2345 2131 ludas
2387 2079 2457 2132 ad
2500 2078 2673 2133 Israel
2699 2092 2901 2150 patrem
2930 2100 3081 2138 suum
3113 2102 3132 2142 :
3170 2087 3319 2145 Mitte
3355 2108 3487 2154 pue-

239 2181 338 2236 τοῦ
360 2196 372 2209 ·
392 2181 782 2235 Ἀπόστειλον
801 2180 867 2233 τὸ
896 2176 1208 2245 παιδάριον
1219 2177 1340 2245 μετ’
1359 2175 1525 2246 ἐμοῦ,
1552 2174 1646 2227 καὶ
1673 2173 1815 2227 ἀνα-

239 2274 487 2340 στάντες
544 2274 963 2342 πορευσόμεθα
1003 2271 1120 2329 ,ἵνα
1174 2268 1375 2339 ζῶμεν.
1432 2269 1656 2339 Μήποτε
1703 2251 1813 2335 (46)

239 2365 582 2440 προφητεύει,
605 2367 686 2420 ὅτι
723 2363 924 2436 ἥμελλε
959 2360 1096 2433 μετὰ
1135 2361 1234 2432 τῆς
1277 2358 1446 2414 Ἰούδα
1475 2357 1647 2428 φυλῆς
1671 2352 1812 2408 εἶναι

237 2458 507 2529 Βενιαμίν.

311 2551 456 2622 Ἐγὼ
483 2549 552 2603 δὲ
577 2547 892 2617 ἐκδέχομαι
921 2545 1135 2600 αὐτόν·
1163 2543 1232 2598 ἐκ
1263 2545 1460 2613 χειρός
1481 2559 1600 2608 μου
1641 2538 1809 2608 Eritn—

235 2659 346 2696 σον
370 2643 576 2705 αὑτὸν,
607 2641 716 2694 ἐὰν
737 2638 822 2709 μὴ
849 2637 1044 2708 ἀγάγω
1071 2634 1258 2689 αὐτὸν
1285 2633 1434 2701 πρὸς
1461 2632 1536 2686 σὲ
1554 2673 1569 2698 ,
1603 2632 1696 2685 καὶ
1741 2629 1810 2683 τὰ

237 2735 381 2806 ἑξῆς.
421 2733 606 2806 Μηδὲν
637 2732 747 2805 (47)
784 2730 890 2786 τῶν
921 2727 1158 2784 δυνατῶν
1183 2723 1519 2797 γενέσθαιὼς
1540 2720 1812 2794 ἀνθρώπῳ

232 2828 307 2898 τῷ
335 2824 957 2897 Βενιαμὶνλογισάμενος
1009 2819 1237 2883 Ἰούδας,
1293 2814 1678 2889 προφητικῶς,
1728 2810 1809 2867 οἶ-

237 2934 348 2987 μαι,
377 2915 454 2986 τῷ
486 2917 651 2986 πατρὶ
680 2911 1089 2981 ἐπαγγέλλεται.

297 3008 515 3062 Λάϐετε
545 3005 662 3060 ἀπὸ
707 3004 826 3058 τῶν
876 3000 1120 3070 καρπῶν
1160 2997 1272 3067 τῆς
1316 2996 1428 3068 γῆς
1453 2995 1522 3050 ἐν
1552 2993 1674 3062 τοῖς
1703 2993 1807 3064 ἁτ-

232 3102 404 3172 τείοις
429 3099 617 3169 ὑμῶν,
645 3097 743 3152 καὶ
775 3095 1052 3165 κατάγετε
1080 3092 1162 3158 τῷ
1190 3091 1478 3159 ἀνθρώπῳ
1503 3086 1661 3156 δῶρα
1699 3082 1810 3156 τῆς

226 3195 489 3264 ῥητίνης,
513 3189 727 3244 καὶτοῦ
742 3189 1002 3258 μέλιτος,
1031 3181 1289 3254 θυμίαμά
1311 3195 1372 3235 τε
1393 3181 1489 3235 καὶ
1515 3177 1806 3245 στακτὴν,

231 3288 322 3340 καί
346 3285 700 3354 τερέϐινθον,
730 3281 826 3335 καὶ
860 3279 1069 3347 κάρυα.
1115 3275 1246 3328 Ἀπὸ
1285 3273 1392 3327 τῶν
1421 3271 1653 3343 καρπῶν
1684 3266 1805 3340 (48)

170 3410 182 3418 ρ
227 3375 324 3446 τῆς
355 3375 460 3444 γῆς
488 3372 709 3444 φέρεται
738 3369 816 3440 τῷ
861 3368 1058 3439 Ἰωσὴφ
1086 3364 1252 3436 δῶρα,
1276 3361 1312 3416 ἃ
1340 3362 1439 3414 οὐκ
1480 3360 1591 3431 ἔχει
1638 3358 1806 3427 Αίγύ-

1920 2184 2035 2220 rum
2069 2184 2294 2236 mecum,
2335 2179 2382 2223 et
2418 2183 2684 2242 surgentes
2733 2176 3124 2244 proﬁciscemur
3162 2191 3216 2232 ut
3245 2197 3346 2236 non
3375 2200 3487 2237 mo-

1920 2260 2124 2313 riamur
2145 2260 2210 2313 ³¹.
2248 2261 2406 2315 Forte
2434 2264 2795 2332 prophetizat,
2820 2267 2944 2336 quia
2977 2268 3190 2324 futurus
3212 2283 3326 2326 erat
3347 2274 3490 2328 Ben-

1911 2350 2082 2419 jamin
2122 2367 2245 2406 cum
2279 2352 2423 2406 tribu
2453 2351 2610 2416 Juda.

1989 2533 2100 2606 Ego
2135 2543 2309 2589 autem
2357 2537 2581 2605 suscipio
2611 2537 2784 2601 illum,
2832 2541 2894 2594 de
2933 2557 3093 2595 manu
3132 2558 3248 2597 mea
3283 2546 3487 2612 require

1916 2643 2060 2692 eum,
2095 2627 2142 2680 si
2173 2642 2275 2680 nou
2301 2628 2556 2680 reduxero
2585 2627 2654 2681 ad
2677 2640 2725 2682 te
2747 2630 2810 2695 ³³,
2835 2640 2943 2685 etc.
2984 2632 3130 2687 Nihil
3159 2647 3344 2689 eorum
3367 2651 3488 2706 quae

1916 2719 2236 2790 Benjamino
2277 2727 2338 2772 ut
2380 2719 2582 2774 homini
2630 2721 2878 2776 accidere
2908 2733 3179 2793 poterant,
3229 2718 3485 2784 conside-

1919 2826 2045 2866 rans
2095 2809 2286 2875 Judas,
2335 2809 2674 2880 prophetico,
2723 2813 2940 2882 opinor,
2999 2815 3114 2872 hac
3163 2819 3302 2890 patri
3361 2834 3487 2890 pro-

1918 2902 2103 2955 mittit.

1985 2992 2190 3047 Sumite
2217 2991 2282 3047 de
2310 2992 2566 3061 fructibus
2598 3005 2752 3049 terra:
2781 2997 2836 3050 in
2857 2997 2995 3052 vasis
3017 2999 3265 3061 vestris,et
3288 3001 3484 3071 deferte

1913 3083 2026 3137 viro
2053 3100 2270 3138 munera
2311 3085 2499 3138 resina:
2535 3096 2582 3139 et
2631 3087 2821 3152 mellis,
2856 3087 3124 3142 incensum
3174 3106 3398 3160 quoque,
3434 3101 3484 3147 rt

1914 3181 2132 3236 stacten,
2163 3183 2210 3227 et
2233 3174 2604 3243 terebinthum,
2629 3185 2676 3228 et
2706 3193 2860 3231 nuces
2886 3177 2952 3230 ".
2990 3177 3065 3232 Ex
3098 3177 3365 3236 fructibus
3392 3180 3486 3236 Jo-

1914 3264 2084 3332 sepho
2114 3264 2251 3318 dona
2283 3264 2547 3328 feruntur,
2579 3279 2702 3334 qua:
2731 3281 2839 3322 non
2882 3266 3043 3324 habet
3069 3268 3356 3341 Egyptus,
3391 3287 3482 3326 rc-

1914 3355 2054 3421 sina,
2085 3354 2216 3421 mel,
2267 3354 2570 3421 incensum,
2619 3363 2816 3423 stacte,
2870 3358 3231 3425 terebinthus,
3283 3375 3479 3426 nuces;

192 3451 194 3454 l
230 3483 387 3528 πτος’
419 3463 615 3519 ἔστιδὲ
645 3462 858 3534 ῥητίνη,
890 3459 1030 3530 μέλι,
1064 3456 1346 3527 θυμίαμα,
1392 3453 1593 3523 στακτὴ
1614 3493 1627 3515 ,
1661 3451 1812 3522 τερέ-

1928 3458 2076 3512 supra
2106 3457 2326 3513 quoque
2379 3444 2570 3499 cameli
2609 3446 2790 3500 onusti
2841 3447 3096 3502 dicuntur
3123 3451 3483 3514 aromatibus,

227 3560 434 3624 6w00;,
479 3557 697 3627 κάρυα·
753 3555 846 3606 καὶ
897 3549 1151 3621 ἀνωτέρω
1200 3548 1298 3612 δὲ,
1341 3547 1434 3600 καὶ
1470 3547 1525 3598 αἰ
1572 3544 1808 3615 κάμηλοι

228 3654 417 3724 ἔγεμον
445 3648 824 3721 Θυμιαμάτων,
867 3642 1107 3715 ῥητίνης,
1141 3637 1397 3708 στακτῆς,
1433 3635 1546 3689 ἀλλ’
1567 3634 1686 3705 οὐχὶ
1715 3635 1809 3688 καὶ

230 3747 458 3819 μέλιτος,
492 3744 584 3796 καῖ
613 3737 939 3812 τερεὸίνθου,
968 3734 1060 3786 καὶ
1087 3729 1325 3802 καρύων.

297 3837 409 3892 Τοῦ
437 3834 644 3889 αὐτοῦ.
704 3829 842 3901 Τρία
890 3827 1003 3897 εἴδη
1064 3823 1199 3895 μετὰ
1263 3819 1458 3892 Ἰωσὴφ
1510 3816 1808 3886 κατάγουσι

226 3930 540 4000 Μαδιηναῖοι
568 3927 646 3988 εἰς
669 3922 958 3990 Αἴγυπτον,
988 3911 1068 3979 οἷς
1096 3915 1228 3969 ἄλλα
1258 3911 1383 3984 τρία
1416 3909 1736 4000 προσθέντες
1757 3906 1806 3959 oi.

225 4022 325 4075 υἱοὶ
389 3999 590 4073 Ἶακὼό
652 4013 876 4086 φέρουσι
930 4008 1008 4080 τῷ
1090 4007 1306 4076 Ἰωσήφ.
1374 4003 1520 4072 Πλὴν
1587 3999 1807 4070 σπέρμα

236 4113 491 4186 Ἀϐραὰμ
516 4111 608 4164 καὶ
635 4111 704 4162 τὰ
731 4107 969 4178 πρότερα
1002 4101 1248 4172 φέρουσι,
1301 4096 1397 4150 καὶ
1442 4093 1512 4148 τὰ
1553 4091 1805 4186 δεύτεραζ

221 4182 462 4260 nautas;
504 4203 575 4258 τά
625 4202 723 4273 μὲν
780 4195 1138 4264 ὑποδεέστερα
1192 4190 1298 4244 ἀπὸ
1342 4188 1449 4242 τῶν
1507 4185 1673 4284 νόθων
1708 4182 1804 4284 τοῦ

233 4299 482 4373 ’Λῦραὰμ
511 4294 768 4369 φέρεσθαι
811 4290 1032 4352 παίδων,
1079 4284 1147 4339 τὰ
1188 4283 1245 4336 δὲ
1286 4280 1523 4373 πλείονα,
1558 4275 1668 4373 ἀπὸ
1695 4275 1804 4327 τῶν

220 4367 478 4463 γνησίων,
511 4367 711 4457 τῆς
741 4382 1012 4452 Αἰγύπτου
1046 4378 1232 4449 χρείαν
1263 4371 1464 4427 τούτων
1502 4367 1752 4440 ἐχούσης,

281 4461 512 4536 Bina)"
541 4479 640 4532 Διὰ
674 4476 737 4528 τὸ
767 4475 882 4542 ἀργ
901 4475 1048 4540 ’ριον
1077 4469 1143 4522 τὸ
1173 4461 1560 4532 ἀποστραφὲν
1580 4461 1650 4514 ἐν
1679 4462 1804 4528 τοῖς

215 4574 542 4642 μαρσίποις
596 4568 708 4635 τὴν
731 4563 928 4634 ἀρχὴν
953 4561 1121 4630 ἡμεῖς
1150 4557 1520 4627 εὶσαγόμεθα·
1551 4552 1660 4607 τοῦ
1694 4567 1803 4605 συ-

220 4663 597 4735 κοφαντῆσαι
627 4657 803 4729 ἡμᾶς,
833 4656 928 4709 καὶ
951 4651 1253 4707 ἐπιθέσθαι
1276 4648 1436 4717 ἡμῖν,
1460 4647 1566 4700 τοῦ
1591 4646 1803 4700 λαϐεῖν

220 4757 372 4827 ἡμᾶς
390 4758 481 4822 εὶς
510 4751 745 4816 παῖδας,
775 4748 871 4802 καὶ
899 4746 1038 4811 τοὺς
1068 4744 1245 4807 ὄνους
1285 4739 1469 4810 ἡμῶν.
1512 4737 1800 4793 Ἀπίθανον
1829 4768 1878 4826 D

220 4852 293 4911 τὸ,
329 4852 386 4902 ἐν
412 4845 638 4917 τοιαύτῃ
659 4840 974 4912 νομίζοντας
1013 4831 1148 4887 εἶναι
1176 4833 1510 4902 περιστάσει,
1540 4831 1668 4902 περὶ
1691 4829 1800 4882 τῶν

218 4943 348 4994 ὄνων
378 4937 708 5010 φροντίζειν,
744 4934 791 4985 εἰ
832 4931 904 5002 μὴ
931 4927 1330 4996 ἁλλῃγορείται.

280 5027 424 5084 Eleis
457 5026 530 5080 δὲ
561 5023 781 5089 αὐτοῖς·
815 5023 1010 5085 Ἵλεως
1041 5017 1201 5087 ὑμῖν,
1222 5015 1306 5085 μὴ
1337 5013 1635 5083 φοϐεῖσθε.
1658 5015 1804 5068 Ἔοι-

217 5141 309 5177 κεν
338 5125 367 5176 ὁ
396 5121 493 5174 ἐπὶ
520 5117 614 5172 τοῦ
647 5117 792 5169 οἴκου
823 5113 916 5166 τοῦ
957 5110 1152 5181 Ἰωσὴφ
1184 5106 1466 5178 ἄνθρωπος
1504 5107 1676 5160 ταῦτα
1726 5109 1801 5159 εἰ-

220 5215 465 5288 ρηκέναι,
496 5207 795 5280 ὠφεληθεὶς
822 5207 900 5268 εἰς
933 5201 1236 5256 θεοσέϐειαν
1267 5197 1418 5288 παρὰ
1444 5197 1538 5288 τού
1576 5198 1792 5288 Ἰωσήφ,

295 5297 708 5367 Ἐμεταλύνθη
737 5293 802 5346 δὲ
830 5295 866 5360 ἠ
886 5289 1054 5360 μερὶς
1077 5285 1357 5354 Βενιαμὶν
1379 5285 1539 5353 παρὰ
1562 5285 1670 5351 τὰς
1693 5303 1792 5355 μευ

310 5429 354 5459 ⁸⁹
386 5425 532 5482 Gen.
563 5439 688 5484 xui,
715 5423 802 5476 2|.
881 5422 924 5453 ³ο
956 5421 1105 5486 ibid.,
1135 5421 1224 5476 22.
1303 5421 1344 5452 ³¹
1372 5420 1506 5476 Gen.
1538 5437 1692 5484 XLIII,
1725 5420 1773 5474 5.
1854 5420 1896 5449 ³¹

195 5570 198 5577 ’
283 5568 395 5636 (Μ)
420 5565 592 5618 Κατὰ
615 5561 679 5616 τὸ
707 5558 1112 5628 σιωπώμενον,
1139 5565 1246 5611 etc.
1274 5554 1353 5608 Ex
1383 5555 1575 5610 iisdem
1633 5554 1794 5608 sche-

220 5639 396 5774 IIISGS)
443 5706 556 5774 Ἐν
593 5701 714 5766 τοῖς
735 5698 1020 5774 ἀνωτέρω,
1048 5705 1152 5774 etc.
1189 5695 1273 5774 Et
1323 5695 1512 5774 iisdem
1555 5693 1786 5750 scltedis.

304 5767 394 5839 46)
423 5773 696 5839 Μήποτε,
728 5782 832 5823 «λιιι.
875 5771 948 5821 lex
977 5768 1164 5820 iisdem
1198 5767 1436 5839 schedia.

306 5783 372 5829 46
423 5783 484 5829 Μ
492 5783 696 5839 uxore,
728 5783 832 5823 (λιιι.
875 5783 948 5821 σεχ
977 5783 1164 5820 IIsueIu
1198 5783 1393 5820 senem:

306 5783 395 5920 4⁸ῑί
435 5844 666 5912 Μηδὲν,
696 5854 801 5894 etc.
833 5839 910 5892 Evt
942 5841 1131 5891 .isdem
1157 5838 1393 5892 schedis.

503 5941 771 5999 Parnm"
817 5923 934 5996 Gn.
985 5932 1124 5993 ΧΠ.

283 5714 307 5920 ἑ

1914 3537 2090 3590 resina
2125 3546 2180 3590 et
2213 3546 2415 3604 stacte;
2467 3537 2562 3592 sed
2593 3551 2698 3590 non
2731 3537 2910 3603 melle,
2961 3540 3266 3596 terebintho
3300 3549 3352 3595 et
3381 3557 3482 3596 na-

1911 3625 2091 3682 cibus.

1983 3804 2265 3875 Ejusdem.
2328 3803 2466 3859 Tres
2517 3806 2728 3875 species
2773 3822 2896 3861 cum
2946 3807 3179 3879 Jisepho
3230 3811 3480 3866 delerunt

1910 3896 2216 3951 Madianitze
2265 3896 2316 3950 in
2347 3897 2666 3968 Egyptum,
2723 3899 2922 3966 quibus
2957 3899 3094 3955 alias
3143 3910 3251 3956 tres
3277 3904 3482 3958 addunt

1910 3991 2002 4044 lilii
2037 3988 2203 4044 Jacoh
2236 3998 2290 4044 et
2319 3989 2499 4044 ferunt
2531 3987 2787 4058 Josepho.
2831 3989 2970 4055 Quin
3008 3998 3064 4044 et
3093 4005 3276 4046 semen
3307 3993 3481 4046 Abra-

1909 4081 1992 4136 hae
2025 4096 2147 4136 cum
2179 4080 2312 4146 sint,
2371 4081 2584 4149 priores
2611 4093 2666 4134 et
2695 4081 2965 4135 secundas
3010 4081 3214 4137 ferunt.
3249 4081 3478 4153 Oporte-

1910 4174 2002 4226 bat
2047 4172 2247 4241 quippe
2277 4181 2338 4226 ut
2371 4170 2591 4226 viliores
2647 4170 2998 4226 deferrentur
3041 4188 3070 4226 a
3106 4174 3230 4229 ﬁliis
3277 4176 3479 4244 Spuriis

1905 4264 2158 4330 Abralur,
2206 4279 2235 4318 a
2285 4263 2537 4333 genuinis
2573 4278 2702 4317 vero
2755 4263 2939 4334 plures
2970 4275 3022 4319 et
3042 4264 3470 4333 prtestantiores,

1849 4358 1855 4364 '
1905 4358 2105 4427 quibus
2134 4357 2408 4427 indigebat
2431 4355 2720 4426 Egyptus.

1977 4452 2231 4506 Dixerunt
2255 4467 2273 4505 :
2305 4449 2529 4518 Propter
2551 4447 2826 4517 pecuniam
2853 4462 3010 4516 quam
3033 4445 3306 4500 retulimus
3325 4447 3471 4514 prius

1904 4546 1958 4599 in
1987 4545 2153 4598 saccis
2200 4541 2413 4608 nostris,
2461 4556 2557 4593 nos
2587 4538 2995 4601 introducimur,
3040 4547 3096 4590 ut
3141 4537 3374 4591 devolvat
3417 4539 3476 4592 in

1904 4653 1998 4690 nos
2028 4634 2435 4693 caluumiam,et
2464 4631 2713 4684 violenter
2740 4628 2992 4697 subjiciat
3039 4629 3274 4681 servituti
3302 4638 3348 4681 et
3381 4645 3476 4682 nos

1905 4738 1950 4782 et
1997 4729 2188 4781 asinos
2225 4736 2430 4778 nostros
2455 4722 2521 4776 ³⁸.
2564 4721 2874 4776 Verisimile
2903 4736 3008 4774 non
3043 4728 3126 4774 est
3171 4734 3266 4774 eos
3297 4721 3388 4789 qui
3418 4736 3477 4775 se

1909 4821 1962 4874 in
2002 4830 2153 4873 tanto
2178 4814 2506 4871 constitutos
2531 4812 2776 4880 periculo
2822 4810 3228 4875 existimabant,
3271 4813 3336 4864 de
3367 4812 3477 4866 asi-

1909 4913 1992 4965 nis
2017 4909 2180 4963 fuisse
2213 4904 2496 4967 sollicitos,
2523 4903 2628 4956 nisi
2672 4901 2820 4956 idad
2849 4901 3164 4972 allegoriam
3205 4904 3473 4955 trahatur.

1978 5002 2124 5057 Dixit
2155 5000 2227 5054 eis
2262 5014 2279 5051 :
2313 4994 2584 5065 Pr0pitius
2620 4994 2786 5061 vobis,
2816 4992 2976 5047 nolite
3005 4993 3185 5047 timere
3209 4993 3276 5050 ⁸⁸.
3319 4991 3476 5049 Vide-

1907 5106 1992 5150 lnr
2042 5096 2204 5148 homo
2253 5088 2437 5145 domui
2463 5085 2663 5152 Joseph
2711 5085 3034 5155 praepositus
3088 5086 3201 5140 hinc
3247 5085 3474 5152 dixisse,

1907 5189 1972 5241 ad
2002 5186 2255 5255 pietatem
2284 5180 2396 5251 jam
2423 5195 2452 5233 a
2477 5177 2712 5247 Josepho
2746 5177 3090 5232 informatus.

1980 5279 2046 5332 Et
2093 5275 2264 5345 major
2312 5272 2454 5341 facta
2497 5279 2574 5324 est
2617 5284 2740 5340 pars
2773 5267 3048 5337 Beujamiu
3080 5269 3314 5323 partibus
3361 5283 3473 5322 om-

1931 5417 2081 5476 ibid.,
2110 5416 2163 5470 9.
2239 5415 2283 5447 ³³
2311 5415 2462 5480 ibid.,
2500 5416 2584 5469 Η.
2661 5413 2706 5446 ³⁵
2736 5413 2889 5480 ibid.,
2925 5413 3009 5468 15.
3088 5413 3131 5444 ³⁸
3163 5411 3318 5474 ibid.,
3343 5411 3432 5465 25.

1972 5549 2084 5621 (48)
2131 5545 2264 5621 Ἀπρ
2294 5545 2413 5598 τῶν
2440 5545 2706 5621 καρπῶν,
2745 5557 2850 5621 etc2
2889 5547 2974 5621 Ex
3015 5547 3206 5621 iisdem
3258 5547 3475 5605 schedis

1901 5616 2075 5675 edidit
2099 5621 2201 5672 hoc
2236 5617 2604 5686 fragmentum
2640 5616 3095 5670 Muntel‘alconius
3120 5627 3309 5671 noster
3338 5629 3468 5673 Iunt.

1902 5685 2344 5758 lﬂexaplorum,
2374 5701 2494 5754 pag.
2679 5687 2924 5758 Denique
2977 5687 3142 5758 semel
3202 5691 3473 5745 monuisse

1901 5755 2130 5815 sulliciat
2155 5758 2439 5824 scqnentia
2466 5756 2645 5808 omnia
2674 5755 2974 5822 fragmenta
3014 5757 3065 5808 in
3106 5755 3358 5813 Genesim
3402 5773 3468 5814 cx

1903 5831 2091 5886 iisdem
2121 5825 2332 5884 schedis
2360 5825 2668 5881 Combet‘tsii
2697 5828 2971 5896 exscripta
3001 5842 3144 5880 esse.

3121 5919 3157 5978 5
3248 5959 3253 5968 .
