3978 6508
505 389 609 447 139

1985 382 2307 440 ORIGENIS
3656 398 3742 454 HO

505 515 674 577 nium,
706 512 779 564 ita
804 519 857 563 ut
886 511 1112 579 quinque
1132 504 1373 577 partibus
1406 506 1672 561 excederet
1702 504 1914 560 illorum
1946 521 2068 572 par-

2184 505 2346 572 ρίδας
2377 503 2619 559 πάντων
2657 509 3124 575 πενταπλασίως
3176 508 3327 577 πρὸς
3356 509 3463 575 τὰς
3500 508 3726 567 ἐκείνων

504 614 582 661 tes
609 604 675 657 ³⁸.
716 602 887 672 Major
922 600 1064 656 facta
1100 609 1200 664 est,
1234 600 1317 654 vel
1364 607 1589 669 propter
1620 595 1944 660 Jerusalem,
1991 596 2072 650 vel

502 706 768 764 tanquam
801 702 958 765 typus
993 692 1222 763 apostoli
1243 691 1414 746 Pauli.
1440 689 1686 746 EtJosue
1710 689 1947 758 quidem,
1979 689 2073 758 qui

503 803 535 843 e
566 788 706 842 tribu
736 796 853 841 erat
880 785 1161 857 Ephraim,
1194 785 1383 841 divisit
1409 785 1529 839 aliis
1569 784 1816 840 tribubus
1846 791 2070 837 terram.

572 877 716 933 Misit
742 879 879 932 enim
908 893 988 930 me
1012 876 1149 930 Deus
1175 886 1296 931 ante
1336 893 1443 958 vos,
1488 884 1544 929 ut
1578 885 1747 930 essent
1775 876 1917 930 vobis
1946 874 2072 927 reli-

498 969 638 1039 quia:
662 969 728 1023 ³⁷.
786 968 1235 1037 Quandoquidem
1290 967 1428 1022 Deus
1472 968 1543 1021 ob
1583 967 1875 1022 multorum
1907 967 2072 1020 vitam

498 1056 794 1129 Joseplium
823 1068 949 1114 ante
975 1058 1175 1113 fratres
1196 1074 1323 1113 suos
1349 1059 1496 1113 misit
1525 1059 1576 1113 in
1607 1057 1922 1130 Egyptum,
1951 1073 2078 1128 pro-

502 1150 647 1208 fecto
680 1153 748 1207 ad
799 1152 1120 1208 mittendum
1167 1152 1279 1224 ω
1333 1152 1480 1207 illum
1534 1152 1586 1206 in
1616 1150 1910 1223 Egyptum
1944 1166 2072 1206 usus

500 1251 585 1298 est
613 1243 812 1297 invidia
843 1252 898 1296 et
928 1244 1202 1312 proposito
1224 1242 1448 1297 fra'rum
1489 1241 1630 1311 ejus,
1659 1253 1713 1295 ιιι
1744 1242 1851 1297 illic
1882 1242 2074 1299 multo-

502 1351 623 1390 rum
655 1334 815 1389 saluti
849 1335 1184 1389 consuleret.
1245 1333 1338 1388 Sic
1368 1349 1498 1405 ergo
1541 1334 1809 1389 interdum
1841 1334 2070 1388 aliorum

502 1428 742 1494 peccatis
774 1426 941 1482 utitur
974 1427 1115 1482 Deus
1149 1435 1206 1481 ut
1235 1426 1467 1480 aliorum
1501 1425 1661 1481 saluti
1697 1426 1971 1483 consulat.

578 1697 735 1754 Nunc
776 1716 898 1770 ergo
927 1715 1030 1752 non
1067 1715 1154 1754 vos
1187 1714 1265 1751 me
1293 1699 1395 1751 huc
1426 1697 1660 1761 misistis,
1700 1698 1791 1751 sed
1830 1697 1986 1760 Deus,
2020 1708 2069 1752 et

2192 595 2558 667 Ἐμεγαλύνθη
2584 596 2617 669 ἢ
2644 596 2732 650 διὰ
2755 596 2854 669 τὴν
2901 597 3272 671 Ἰερουσαλὴμ,
3302 601 3335 672 ἦ
3365 600 3440 664 ὼς
3473 599 3632 666 τύπος
3663 604 3741 657 to}

2177 688 2475 740 ἀποστόλου
2534 687 2768 743 Παύλου.
2808 690 2920 743 Καὶ
2973 691 3180 762 Ἰησοῦς
3235 692 3293 745 δὲ
3333 693 3436 763 τῆς
3477 693 3644 764 φυλῆς
3682 695 3745 749 ὼν

2190 776 2429 848 Ἐφραῖμ
2451 776 2730 849 διεμέρισε
2757 780 2879 859 ταζς
2905 778 3092 844 ἄλλαις
3120 780 3316 849 φυλαῖς
3341 784 3440 851 τὴν
3469 782 3591 853 γῆν.

2261 866 2604 923 Ἀπέστειλε
2618 869 2729 937 γάρ
2748 886 2824 939 με
2842 872 2874 923 ὀ
2898 870 3041 937 Θεὸς
3061 872 3401 941 ἔμπροσθεν
3418 871 3600 941 ὑμῶν,
3622 876 3748 929 ὐπο-

2175 960 2485 1014 λείπεσθιιι
2505 960 2649 1031 ὑμῖν
2679 959 3065 1031 κατάλειμμα.
3119 963 3381 1034 Ἐπείπερ
3413 966 3442 1016 ὁ
3474 963 3604 1027 Θεὸς
3626 966 3747 1019 ἀπή.

2178 1055 2348 1108 στειλε
2376 1055 2462 1110 διὰ
2494 1055 2591 1128 τὴν
2622 1055 2732 1110 τῶν
2766 1057 2976 1112 πολλῶν
3001 1058 3146 1131 ζωὴν
3174 1059 3264 1113 τὸν
3306 1059 3501 1132 Ἰωσὴφ
3560 1061 3746 1133 ἔμπρο-

2176 1144 2300 1200 σθεν
2350 1148 2457 1201 τῶν
2511 1146 2756 1218 ἀδελφῶν
2795 1149 2959 1203 αὐτοῦ
2999 1152 3077 1214 είς
3115 1134 3389 1220 Αἴγυπτον
3412 1193 3427 1219 ,
3474 1153 3747 1225 δηλονότιὸ

2175 1238 2307 1302 Θεὸς
2343 1239 2684 1293 ἀποστέλλων
2728 1241 2889 1294 αὑτὸν
2928 1243 3008 1304 είς
3041 1244 3333 1312 Αἴγυπτον,
3395 1247 3747 1319 συγκατεχρήο

2176 1344 2305 1382 σατο
2327 1326 2405 1399 τῷ
2433 1327 2581 1400 ζήλῳ
2609 1331 2702 1383 καὶ
2731 1333 2796 1402 τῇ
2852 1332 3167 1404 προαιρέσει
3197 1334 3303 1387 τῶν
3334 1334 3579 1404 ἀδελφῶν
3602 1336 3746 1392 αὑτοῦ

2174 1422 2254 1485 εἰς
2280 1420 2379 1493 τὴν
2408 1423 2535 1494 περὶ
2561 1421 2657 1475 τοῦ
2708 1424 2907 1495 Ἰωσὴφ
2933 1425 3025 1478 ἐπὶ
3050 1424 3161 1495 ζωῇ
3198 1424 3407 1478 πολλῶν
3436 1428 3743 1497 οἰκονομίαν.

2174 1512 2383 1567 Οὐκοῦν
2435 1513 2548 1567 ἔσθ’
2590 1516 2679 1568 ὅτε
2731 1515 3116 1588 συγχρώμενος
3168 1518 3369 1588 ἑτέρων
3412 1518 3746 1591 ἁμαρτίαιςὸ

2172 1604 2326 1668 Θεὸς,
2361 1607 2535 1659 οίκεία
2560 1606 2871 1677 βουλεύεται
2900 1610 2992 1661 ἐπὶ
3017 1608 3192 1663 ἄλλων
3215 1610 3503 1682 σωτηρίαν

2244 1696 2372 1749 Νῦν
2397 1692 2511 1751 οὖν
2541 1699 2654 1767 οὐχ
2684 1698 2852 1768 ὑμεῖς
2874 1716 2950 1769 με
2981 1698 3402 1756 ἀπεστάλκατε
3432 1696 3551 1756 ὧδε
3571 1742 3587 1767 ,
3623 1704 3747 1758 ἀλλ’

499 1789 621 1860 fecit
648 1807 728 1845 me
754 1800 1007 1860 tanquam
1036 1800 1236 1858 patrem
1274 1787 1569 1842 Pharaonis
1597 1797 1643 1842 et
1684 1788 1953 1843 dominum
1986 1800 2068 1844 to—

2184 1788 2207 1839 d
2239 1786 2403 1852 Θεὸς,
2443 1786 2542 1840 καὶ
2573 1787 2824 1857 ἐποίησέ
2862 1806 2940 1859 με
2982 1790 3063 1857 ὡς
3104 1790 3335 1859 πατέρα
3382 1792 3613 1861 Φαραὼ,
3665 1795 3749 1849 καί

498 1883 604 1936 tius
652 1882 837 1936 domus
871 1882 986 1952 ejus
1035 1893 1082 1936 et
1113 1881 1399 1949 principem
1430 1881 1685 1934 universa:
1715 1892 1869 1934 terra:
1894 1881 2070 1953 Αἱρεθ-

498 1975 577 2042 pn'
599 1973 665 2028 ³⁸.
707 1973 809 2039 Qui
841 1982 1035 2041 praeest
1081 1972 1243 2027 rebus
1272 1971 1553 2041 corporeis
1576 1981 1631 2025 et
1666 1972 1771 2027 illis
1798 1983 1881 2026 est
1908 1989 2071 2041 supe-

501 2065 634 2130 rior,
682 2066 862 2121 dicere
899 2064 1100 2134 poterit
1134 2082 1146 2118 :
1183 2063 1339 2119 Fecit
1370 2078 1459 2119 me
1492 2063 1633 2118 Deus
1666 2064 1936 2120 universa)
1971 2077 2075 2119 ter-

497 2172 573 2212 ηε
601 2156 823 2230 ᾸΕεγριί
853 2159 1153 2213 dominum.

566 2337 635 2394 Et
665 2356 727 2394 ne
750 2339 1028 2394 dimittatis
1050 2341 1339 2411 quidquam
1379 2341 1443 2394 de
1463 2340 1604 2394 vasis
1632 2340 1814 2394 uestris
1878 2338 2071 2393 Omnia

491 2433 627 2488 enim
652 2433 786 2487 bona
818 2430 1044 2501 {Egypti
1089 2444 1260 2487 vestra
1281 2432 1493 2489 sunt".
1556 2431 1614 2486 Si
1664 2428 1957 2501 quidquam
1989 2441 2072 2486 est

496 2524 551 2577 in
582 2522 816 2593 spiritali
841 2523 1097 2594 Egypto,
1130 2538 1236 2577 non
1259 2524 1327 2577 ad
1350 2522 1653 2594 Egyptios,
1684 2524 1777 2578 sed
1799 2523 1867 2576 ad
1893 2522 2066 2576 Israe-

495 2616 600 2670 lem
628 2617 881 2685 pertinet.
925 2616 1057 2670 Eam
1086 2616 1157 2672 ob
1190 2630 1305 2670 rem
1336 2614 1390 2669 in
1429 2616 1605 2670 exodo
1632 2630 1759 2669 vasa
1787 2613 2071 2685 Egyptio-

497 2722 618 2763 rum
649 2709 867 2778 rapiunt
902 2708 1132 2772 Hebraei,
1181 2716 1233 2762 et
1264 2708 1487 2777 capiunt
1518 2722 1646 2763 vasa
1701 2722 1865 2763 aurea
1901 2717 1957 2763 et
1982 2722 2071 2761 ar-

495 2810 713 2872 gentea,
744 2809 798 2856 et
829 2802 1089 2872 quidquid
1119 2802 1323 2856 bonum
1357 2810 1441 2855 est
1474 2800 1527 2855 in
1560 2799 1818 2871 A‘Egypto.

567 2984 640 3039 Et
669 3000 761 3055 ego
792 2984 1038 3038 reducam
1081 2995 1130 3038 te
1155 2984 1208 3036 in
1242 2984 1400 3051 ﬁnem
1422 2984 1489 3038 ⁸ο.
1532 2982 1759 3055 D'gnum
1789 2982 1899 3037 Deo
1942 2998 2069 3055 pro-

494 3075 741 3139 missum,
797 3073 916 3131 fore
946 3083 1005 3129 ut
1042 3090 1148 3129 non
1179 3075 1353 3129 solum
1389 3076 1631 3139 reducat,
1664 3076 1759 3131 sed
1792 3087 2071 3130 reverten-

496 3176 606 3222 tem
638 3167 705 3221 ad
742 3165 902 3222 ﬁnem
932 3166 1112 3220 ducat.

567 3256 845 3329 Ejusdem.
903 3257 982 3311 Ad
1029 3271 1126 3313 eos
1160 3256 1248 3327 qui
1301 3257 1353 3310 in
1407 3256 1776 3313 Peutateuebo
1818 3267 2068 3328 quaerunt

493 3364 614 3404 eam
666 3363 785 3418 qua:
821 3349 964 3403 hanc
992 3348 1219 3418 excipit,
1255 3348 1443 3413 vitam,
1475 3349 1719 3404 dicemus
1765 3366 1780 3406 :
1813 3350 2065 3417 Quando-

488 3440 711 3510 quidem
742 3440 912 3496 falsus
937 3456 1046 3495 non
1079 3448 1165 3496 est
1195 3440 1287 3509 qui
1313 3441 1451 3496 dixit
1481 3458 1494 3494 :
1532 3439 1793 3495 Reducam
1824 3453 1892 3509 te,
1920 3453 2069 3497 certe

492 3531 709 3586 reduxit
741 3531 885 3586 illum
915 3532 966 3585 in
1004 3532 1105 3585 hac
1139 3531 1246 3585 vita
1282 3540 1491 3600 postea,
1518 3541 1575 3585 et
1604 3542 1722 3602 post
1751 3535 1953 3588 exitum
1989 3549 2069 3588 re-

490 3622 649 3676 duxit
702 3623 872 3690 illum,
905 3623 1123 3691 quando
1153 3630 1337 3691 postea
1366 3621 1565 3693 Joseph
1598 3624 1820 3679 immisit
1872 3640 2065 3679 manus

490 3714 543 3767 in
571 3714 757 3770 oculos
786 3716 1029 3786 corporis
1056 3713 1246 3770 Jacob.
1288 3715 1523 3771 lledusit
1552 3727 1732 3771 autem
1768 3718 1929 3782 Deus,
1958 3721 2067 3775 eri-

487 3821 623 3875 gens
651 3817 772 3875 post
798 3808 922 3861 vita:
946 3807 1108 3861 linem
1139 3806 1392 3863 lsraelem
1421 3808 1486 3861 ad
1518 3822 1642 3864 eum
1680 3810 1770 3878 qui
1809 3809 1861 3862 in
1894 3824 1956 3864 se
1982 3819 2066 3864 est

490 3898 653 3953 linem
663 3937 677 3950 .

562 3989 807 4045 Surrexit
834 3999 1008 4043 autem
1033 3988 1199 4045 Iacob
1225 4007 1256 4044 a
1283 4000 1437 4061 puteo
1450 3989 1766 4059 juramenti,
1791 4000 1840 4046 et
1861 4008 2068 4047 assum-

491 4088 711 4152 pserunt
747 4080 849 4150 ﬁlii
873 4080 1045 4135 IsraeI
1076 4081 1242 4136 Iacob
1268 4092 1468 4152 patrem
1492 4092 1644 4136 suum
1672 4082 1741 4140 δι.
1781 4082 1883 4150 Qui
1917 4085 2069 4139 venit

492 4173 564 4229 ad
591 4180 811 4241 puteum
831 4172 1148 4240 jnramenti,
1182 4172 1345 4228 Israel
1370 4183 1474 4237 est,
1519 4174 1699 4230 ferens
1728 4190 1850 4230 cum
1886 4176 2066 4229 omni-

489 4263 596 4320 bus
622 4264 780 4319 bonis
812 4264 948 4329 suis,
994 4265 1205 4333 opinor,
1260 4264 1557 4330 Iacobum;
1606 4266 1698 4336 qui
1732 4278 1910 4321 autem
1941 4281 2064 4321 sur-

490 4356 569 4423 git
594 4369 623 4409 a
656 4364 819 4425 puteo
843 4355 1165 4426 juramenti.
1195 4354 1365 4411 Jacob
1391 4364 1494 4412 est.
1535 4357 1683 4427 Opus
1715 4358 1861 4412 enim
1893 4359 2064 4414 babe-

2174 1878 2381 1947 κύριον
2409 1879 2639 1945 παντὸς
2666 1880 2774 1934 τοῦ
2795 1881 2964 1935 οἴκου
2986 1882 3193 1948 αὐτοῦ,
3231 1883 3330 1937 καὶ
3357 1884 3619 1953 ἄρχοντα
3651 1884 3751 1940 πά-

2172 1986 2290 2039 σης
2312 1974 2423 2044 γῆς
2444 1974 2767 2051 Αίγύπτου.
2817 1972 2874 2027 ’0
2906 1975 3087 2045 ἄρχων
3122 1975 3232 2028 τῶν
3267 1977 3597 2047 σωματικῶν
3623 1995 3749 2050 πρα-

2171 2064 2416 2131 γμάτων,
2452 2064 2545 2117 καὶ
2580 2062 2845 2134 μηδαμῶς
2883 2064 3067 2128 αὐτοῖς
3100 2064 3284 2129 εἴκων,
3331 2065 3525 2133 λέγοιτ’
3564 2068 3632 2121 ἂν
3677 2066 3749 2134 τὸ,

2186 2153 2441 2225 Ἐποίησέ
2490 2170 2557 2225 με
2590 2155 2619 2207 ὁ
2650 2153 2783 2218 Θεὸς
2826 2153 3008 2225 πάσης
3054 2155 3153 2227 τῆς
3202 2155 3305 2227 γῆς
3345 2156 3620 2225 Αἰγύπτου
3666 2157 3750 2211 κύ-

2175 2262 2309 2316 ριον.
2868 2286 2877 2293 .

2239 2336 2351 2390 Καὶ
2378 2337 2463 2407 μὴ
2494 2339 2791 2407 φείσησθε
2835 2338 2961 2404 τοῖς
2998 2338 3327 2409 ὀφθαλμοῖς
3370 2336 3489 2392 τῶν
3527 2338 3750 2394 σκευῶν

2169 2429 2354 2499 ὑμῶν.
2386 2432 2463 2485 Τὰ
2489 2431 2599 2501 γὰρ
2620 2432 2816 2486 πάντα
2840 2432 3033 2500 ἀγαθὰ
3060 2432 3361 2501 Αἰγύπτου
3385 2430 3556 2500 ὑμῶν
3572 2433 3747 2486 ἔσται.

2171 2520 2239 2574 Εἴ
2273 2540 2324 2575 τι
2362 2523 2595 2594 ὑπάρχει
2626 2526 2683 2580 ἐν
2713 2526 2778 2595 τῇ
2818 2524 3094 2595 τροπικῶς
3128 2523 3437 2596 καλουμένῃ
3483 2522 3751 2592 Αίγύπτῳ,

2170 2614 2269 2666 ούκ
2291 2616 2604 2683 Αἰγυπτίων
2641 2616 2819 2679 ἐστὶν,
2850 2615 2986 2669 ἀλλά
3030 2614 3125 2668 τοῦ
3179 2614 3418 2685 Ἰσραήλ.
3459 2615 3583 2667 Διά-
3609 2614 3749 2667 τοῦτο

2173 2708 2266 2759 καὶ
2295 2708 2352 2759 ὲν
2394 2709 2461 2778 τῇ
2497 2707 2660 2778 ἐξόδῳ
2721 2707 3140 2772 συσκευάζουσιν
3185 2707 3421 2779 Ἑϐραῖοι
3482 2706 3612 2768 τοὺς
3669 2706 3752 2757 Δί-

2169 2796 2453 2864 γυπτίους,
2482 2797 2577 2851 καὶ
2604 2797 2940 2868 λαμϐάνουσι
2991 2797 3156 2867 σκεύη
3186 2797 3363 2868 χρυσᾶ
3402 2796 3494 2849 καὶ
3520 2797 3746 2869 ἀργυρᾶ,

2171 2890 2265 2943 καὶ
2300 2890 2354 2941 εἴ
2380 2908 2433 2944 τι
2461 2889 2660 2958 ἀγαθὸν
2689 2891 2746 2942 ὲν
2770 2891 3032 2960 Αἰγύπτῳ
3062 2885 3152 2960 ἦν.

2238 2980 2346 3035 Καὶ
2381 2979 2496 3050 ἐγὼ
2560 2979 2899 3034 ἀναϐιϐάσω
2949 2994 3024 3032 σε
3073 2981 3161 3046 είς
3209 2977 3405 3043 τέλος.
3470 2975 3748 3047 Πρέπουσα

2169 3069 2471 3139 ἐπαγγελία
2502 3069 2580 3139 τῷ
2623 3068 2764 3139 Θεῷ,
2795 3071 2856 3122 ού
2894 3069 3054 3139 μόνον
3084 3066 3452 3130 ἀναδιδάξειν,
3498 3066 3635 3121 ἀλλά
3664 3068 3747 3120 καὶ

2097 3182 2140 3240 C
2174 3162 2265 3215 ἐπὶ
2298 3161 2448 3225 τέλος
2475 3162 2661 3233 φέρειν
2686 3161 2776 3215 τὸν
2810 3161 3289 3232 ἀναϐιϐαζόμενον.

2249 3253 2359 3307 Τοῦ
2403 3254 2609 3308 αὐτοῦ.
2639 3254 2783 3324 Πρὸς
2821 3254 2946 3317 τοὺς
2978 3253 3089 3306 ἀπὸ
3118 3253 3214 3323 τῆς
3260 3251 3630 3321 Πεντατεύχου
3668 3251 3750 3322 ξη-

2166 3347 2390 3411 τοῦντας
2433 3348 2531 3417 τὴν
2581 3345 2717 3418 μετά
2765 3345 2938 3400 ταῦτα
2976 3345 3127 3416 ζωὴν
3165 3346 3451 3415 φήσομενσ
3500 3344 3752 3416 Ἐπείπερ

2168 3439 2406 3510 ἀψευδής
2449 3441 2597 3493 ἐστιν
2622 3438 2651 3491 ὁ
2678 3436 2876 3504 είπὼν,
2925 3436 3287 3491 Ἀναϐιϐάσω
3313 3453 3407 3501 σε,
3444 3438 3750 3491 ἀνεϐίϐασεν

2168 3533 2226 3584 ἐν
2258 3534 2324 3602 τῇ
2352 3530 2464 3602 ζωῇ
2492 3533 2665 3604 ταύτῃ
2692 3530 2937 3602 ὕστερον,
2962 3531 3057 3583 καὶ
3084 3528 3222 3601 μετά
3253 3530 3352 3599 τὴν
3382 3527 3561 3595 ἔξοδον
3588 3530 3751 3583 ἀνεϐί-

2168 3623 2333 3676 ϐασεν
2364 3622 2548 3686 αὑτὸν,
2595 3623 2683 3676 ὅτε
2747 3621 2885 3693 μετὰ
2926 3620 3084 3675 τοῦτο
3141 3620 3335 3692 Ἰωσὴφ
3379 3620 3613 3675 ἐπέϐαλε
3661 3621 3748 3683 τὰς

2166 3713 2361 3768 ἑαυτοῦ
2400 3716 2589 3784 χεῖρας
2627 3716 2740 3777 τοῖς
2794 3712 3089 3783 ὀφθαλμοῖς
3119 3712 3214 3765 τοῦ
3248 3710 3498 3783 σώματος
3538 3712 3743 3766 Ἰακώϐ.

2180 3805 2526 3861 ’Λνεϐίϐασεν
2544 3806 2601 3859 δὲ
2631 3805 2827 3869 ὁΘεὸς,
2853 3806 3068 3873 ἀνάγων
3104 3805 3241 3876 μετά
3260 3805 3321 3858 τὸ
3338 3805 3489 3869 τέλος
3515 3805 3614 3859 τοῦ
3643 3806 3746 3876 βίου

2169 3897 2259 3952 ἐπὶ
2277 3898 2337 3950 τὸ
2365 3898 2495 3970 παρ’
2535 3895 2712 3968 ἑαυτῷ
2733 3896 2884 3960 τέλος
2908 3896 2999 3949 τὸν
3043 3896 3284 3967 Ἰσραήλ.

2251 3989 2502 4057 Ἀνέστη
2527 3989 2596 4043 δὲ
2636 3987 2844 4043 Ἰακὼϐ
2865 3987 2984 4042 ἀπὸ
3007 3986 3113 4040 τοῦ
3131 3986 3384 4056 φρέατος
3411 3985 3519 4041 τοῦ
3553 3988 3747 4056 ὅρκου,

2166 4084 2265 4139 καί
2308 4081 2625 4137 ἀνέλαϐον
2657 4082 2775 4135 υἱοὶ
2843 4079 3090 4148 Ἰσραὴλ
3154 4080 3361 4135 Ἰακὼϐ
3393 4080 3503 4134 τὸν
3531 4078 3747 4147 autem

2165 4176 2382 4231 αὐτῶν.
2410 4176 2467 4229 '0
2500 4176 2597 4247 μὲν
2612 4172 2782 4229 ἐλθὼν
2812 4173 2904 4226 ἐπὶ
2925 4172 2988 4226 τὸ
3008 4170 3184 4245 φρέαρ
3213 4171 3306 4226 τοῦ
3334 4173 3500 4245 ὅρκου
3539 4172 3748 4243 Ἰσραήλ

2166 4270 2303 4332 ἐστι,
2335 4268 2516 4339 φέρων
2552 4266 2689 4339 μετά
2719 4265 2936 4320 πάντων
2973 4264 3081 4320 τῶν
3102 4264 3288 4335 αὑτοῦ,
3321 4261 3497 4337 οἶμαι,
3534 4264 3743 4318 Ἰακὼϐ⁶

2164 4362 2193 4413 ὁ
2223 4359 2279 4412 δὲ
2303 4359 2658 4430 ἀνιστάμενος
2681 4357 2791 4411 ἀπὸ
2823 4354 2917 4411 τοῦ
2944 4356 3177 4428 φρέατος
3204 4355 3294 4410 τοῦ
3335 4357 3522 4428 ὅρκου,
3557 4356 3743 4410 Ἰακώϐ

490 4448 588 4503 bat
624 4447 1027 4503 resurrectione
1058 4461 1166 4503 non
1223 4446 1409 4516 Israel,
1469 4448 1563 4503 sed
1610 4447 1800 4504 Jacob.
1862 4450 2063 4506 Deinde

2184 4469 2313 4504 εστιν
2332 4467 2345 4480 ο
2376 4451 2544 4504 ἐδεῖτο
2570 4450 2681 4522 γὰρ
2709 4448 3056 4512 ἀναστάσεως
3094 4448 3191 4519 οὐχ
3221 4450 3249 4501 ὁ
3288 4448 3526 4520 Ἰσραὴλ,
3581 4449 3692 4503 ἀλλ’
3716 4449 3743 4499 ὁ

489 4548 701 4608 postea,
754 4539 846 4608 qui
894 4552 1029 4603 opus
1080 4538 1320 4593 habebat
1380 4540 1751 4609 assumptione
1798 4538 2060 4597 Jacobum

2184 4542 2379 4597 Ιακώϐ.
2419 4539 2550 4596 Εἶτα
2598 4521 2734 4614 μετὰ
2779 4542 2955 4605 τοῦτο,
2988 4541 3236 4612 δεόμενον
3283 4540 3606 4612 ἀναλήψεως
3659 4542 3746 4593 Ἰα·

490 4638 704 4702 patrem
740 4640 1021 4688 assumunt
1051 4631 1147 4687 Iilii
1186 4647 1293 4687 non
1327 4628 1521 4697 Iacob,
1546 4630 1641 4686 sed
1670 4629 1856 4687 Israel.

564 4810 844 4883 Ejusdem.
886 4811 1029 4868 Misit
1073 4812 1284 4869 Pharao
1319 4829 1516 4869 currus
1548 4815 1640 4885 qui
1669 4814 1921 4870 tollerent
1958 4829 2063 4869 non

492 4901 681 4967 Israel,
730 4903 822 4957 sed
856 4900 1044 4958 Jacob.
1085 4903 1312 4960 Intravit
1366 4907 1418 4959 in
1456 4904 1778 4977 Egyptum,
1831 4922 1937 4961 non
1971 4906 2066 4961 de—

490 4993 706 5049 scendit
752 4990 939 5048 Jacob.
979 4994 1165 5051 lsraeli
1199 4996 1343 5051 enim
1381 4997 1585 5051 dictum
1636 5007 1721 5051 est
1760 5015 1775 5051 :
1825 4996 1953 5051 Noli
1987 4998 2059 5051 ti-

490 5101 632 5139 mere
657 5086 967 5139 descendere
986 5087 1042 5140 in
1071 5086 1364 5157 eEgyptum
1389 5089 1457 5143 ".

563 5175 791 5229 Intravit
840 5177 894 5230 in
936 5176 1230 5248 Eggplum
1256 5179 1445 5247 Jacob,
1477 5189 1529 5234 et
1556 5197 1708 5234 omne
1735 5198 1909 5235 semen
1945 5183 2062 5251 ejus

490 5285 609 5322 cum
652 5285 713 5324 eo
736 5267 803 5323 “.
847 5268 1000 5324 Nunc
1034 5271 1248 5340 quidem
1299 5286 1483 5327 semen
1515 5272 1682 5327 Iacob
1710 5273 1913 5327 dictum
1958 5283 2061 5337 est,

482 5376 653 5429 supra
683 5376 813 5417 vero
844 5362 938 5417 ﬁlii
966 5361 1156 5418 Israel.
1198 5365 1358 5433 Atqui
1408 5366 1455 5420 si
1491 5363 1657 5419 Iacob
1698 5373 1753 5420 et
1783 5379 1942 5419 omne
1970 5380 2062 5420 se-

494 5468 615 5506 men
641 5452 761 5520 ejus
790 5452 1015 5508 intravit
1048 5454 1099 5507 iu
1130 5452 1449 5526 Egyptum,
1482 5472 1587 5512 non
1622 5456 1844 5511 intravit
1883 5466 2061 5511 autem

494 5542 604 5598 Her
628 5555 682 5599 et
711 5546 926 5609 Aunan,
960 5562 1065 5601 non
1095 5559 1251 5602 erant
1281 5563 1464 5603 semen
1500 5547 1686 5606 Jacob,

600 5765 645 5796 “
670 5763 816 5820 Gen.~
839 5785 987 5833 XLIII,
1017 5771 1103 5825 54.

568 5770 816 5844 η’ῗβθὲί
839 5785 987 5844 κιιιι-ι,
1009 5771 1103 5844 ,54)
1194 5770 1260 5844 ,³⁷
1295 5771 1430 5827 Gen.
1462 5788 1612 5839 xuv,
1645 5772 1695 5825 7.
1722 5812 1739 5825 .

496 5835 540 5865 ⁸⁸
564 5834 718 5897 ibid..
753 5838 803 5891 5.

914 5841 957 5870 ιι
986 5841 1137 5907 ibid,
1173 5842 1225 5895 li.

1809 5769 1853 5801 ³⁸
1887 5767 2014 5823 ibid.
2036 5808 2050 5835 ,
2084 5769 2135 5823 8.

2165 4635 2279 4691 κὼϐ
2330 4635 2539 4707 πατέρα
2582 4635 2933 4705 ἀνειλήφασιν
2989 4634 3096 4688 υἱοὶ
3155 4633 3276 4704 οὐχὶ
3340 4631 3537 4687 Ἰακὼϐ
3563 4671 3580 4698 ,
3638 4633 3744 4687 ἀλλ’

2175 4726 2410 4780 Ἰσραήλ.

2241 4744 2250 4777 r
2359 4727 2410 4779 λ.

2241 4727 2356 4871 $12
2388 4816 2595 4873 αὐτοῦ.
2656 4816 2966 4871 Ἀπέστειλε
3013 4816 3213 4890 Φαραὼ
3257 4817 3472 4889 ἀμάξας
3526 4813 3658 4890 ἆραι
3689 4817 3747 4870 οὐ

2161 4907 2254 4961 τὸν
2304 4906 2536 4979 Ἰσραὴλ,
2566 4906 2701 4961 ἀλλά
2727 4907 2818 4961 τὸν
2834 4905 3049 4962 Ἰακώϐ.
3074 4907 3333 4979 Είσῆλῡεν
3354 4910 3434 4972 είς
3456 4908 3748 4977 Αἴγυπτον,

2160 5000 2221 5053 οὐ
2256 4998 2457 5071 κατέϐη
2499 4998 2712 5053 Ἰακώϐ.
2740 4998 2831 5069 Τῷ
2863 4999 2971 5069 γὰρ
3010 4998 3228 5072 Ἰσραὴλ
3258 5000 3491 5071 εἴρηται,
3518 5001 3613 5072 Μὴ
3644 5018 3748 5069 φο-

2163 5091 2271 5147 ϐοῦ
2296 5090 2621 5159 καταϐῆναι
2643 5093 2731 5156 εὶς
2762 5090 3085 5160 Αἴγυπτον.

2235 5182 2540 5253 Εἰσῆλθεν
2585 5185 2673 5249 είς
2725 5184 3031 5253 Αιγυπτον
3066 5182 3310 5242 Ἰακὼϐ.
3363 5182 3464 5236 καί
3518 5180 3644 5236 πᾶν
3684 5180 3745 5234 τὸ

2166 5274 2403 5344 σπέρμα
2426 5271 2614 5328 αὐτοῦ
2646 5272 2772 5342 μετ’
2799 5272 3007 5327 αὐτοῦ.
3032 5273 3258 5345 Σπέρμα
3290 5272 3388 5343 μὲν
3406 5272 3500 5325 νῦν
3527 5272 3626 5326 τοῦ
3658 5274 3748 5325 Ἰα-

2171 5366 2285 5420 κὼϐ
2313 5367 2595 5419 λέλεκται·
2628 5363 2879 5437 ἀνωτέρω
2903 5364 2959 5417 δὲ
2991 5366 3096 5417 υἱοὶ
3140 5364 3375 5437 Ἰσραήλ.
3407 5364 3553 5436 Πλὴν
3595 5365 3746 5435 εἴπερ

2182 5457 2396 5521 Ἰακὼϐ,
2422 5458 2515 5510 καὶ
2546 5457 2653 5510 πᾶν
2678 5456 2739 5509 τὸ
2779 5455 2998 5526 σπέρμα
3030 5456 3193 5510 αὐτοῦ
3243 5457 3490 5527 εἰσῆλθεν
3532 5459 3614 5521 εἰς
3660 5457 3745 5508 Ai-

2060 5620 2069 5633 !
2171 5567 2395 5619 γυπτον,
2420 5550 2519 5603 οὑκ
2540 5548 2786 5617 είσῆλϐεν
2813 5549 2869 5601 δὲ
2901 5549 3029 5619 Ἲηιρ,
3077 5549 3173 5601 καὶ
3213 5549 3416 5615 Δύνάν,
3461 5549 3562 5602 οὐκ
3609 5543 3743 5619 ἦσαν

2176 5642 2392 5712 σπέρμα
2420 5640 2514 5695 τοῦ
2551 5638 2762 5693 Ἰακώϐ.

2248 5769 2292 5802 ⁸⁹
2321 5769 2455 5825 Gen.
2489 5785 2616 5832 XLV,
2649 5768 2737 5823 20.
2853 5768 2896 5798 ⁴⁰
2926 5768 3059 5822 Gen.
3100 5780 3239 5832 sua,
3267 5767 3319 5820 4.
3432 5764 3473 5796 ⁸⁸
3509 5763 3665 5826 ibid.,
3691 5762 3743 5818 5.

2853 5768 2896 5798 ‘°
2926 5768 3059 5822 Gen.
3100 5780 3239 5832 xLVI,
3267 5767 3319 5820 4.

3887 101 3889 191 ι

3892 582 3893 661 ι
