3978 6494
271 394 356 452 Hi
1659 389 1725 444 1N
1761 389 2075 447 GENESIM.

3391 407 3492 460 H9.

333 505 650 577 Θυγατέρες
671 505 766 560 καὶ
795 506 1109 575 θυγατέρες
1129 507 1246 560 τῶν
1261 508 1596 577 θυγατέρων
1611 507 1795 560 αὐτοῦ

1997 507 2154 561 Filiae
2183 519 2231 562 et
2264 509 2388 577 ﬁlia:
2414 511 2647 578 ﬁliarum
2679 530 2894 568 suarum
2929 512 2996 574 ν’.
3039 515 3206 571 Filias
3239 519 3490 574 tidelicet

277 603 499 676 Αηλονὸτι
525 603 622 665 τὰς
651 602 951 674 θυγατέρας
979 603 1116 672 ἔχων
1161 602 1278 672 μεθ’
1334 602 1548 665 ἑαυτοῦ,
1578 603 1671 654 καὶ
1702 604 1825 664 τοὺς

275 697 529 768 γαμϐροὺς
563 694 912 761 συνεπάγετο.
935 693 1007 744 0-5
1029 691 1136 763 γὰρ
1152 693 1395 762 ἠνείχετο
1413 693 1518 758 ἔξω
1530 693 1628 763 τῆς
1647 693 1824 756 οἰκίας

265 786 416 842 αὑτοῦ
449 784 796 838 ἀποστέλλειν
826 784 924 847 τὰς
961 783 1284 853 θυγατέρας,
1324 785 1519 856 μήπως
1565 788 1822 856 τραπεῖεν

261 881 334 943 είς
361 877 810 947 εἰδωλολατρείαν.

331 965 434 1022 Τοῦ
456 967 661 1021 αὐτοῦ.
691 968 754 1018 El
799 966 870 1036 μὴ
901 965 1012 1035 ἔχει
1043 965 1347 1038 θυγατέρας
1379 969 1407 1020 ὁ
1444 966 1657 1033 Ἰακὼϐ,
1705 969 1822 1032 πῶς

262 1063 313 1115 αἱ
344 1060 634 1131 Θυγατέρες
666 1057 830 1112 αὐτοῦ
863 1058 1275 1113 καταϐαίνουσιν
1303 1061 1382 1123 εἰς
1407 1059 1676 1128 Αἴγυπτον
1697 1078 1709 1124 ;
1729 1061 1818 1131 Μὴ

259 1152 423 1206 τοίνυν
455 1151 856 1222 ἀλληγορεῖται.
909 1152 1064 1221 Ἑξῆς
1097 1152 1150 1204 δὲ
1175 1151 1318 1220 λέγει
1355 1154 1418 1204 ἐκ
1456 1151 1618 1216 Λείας
1660 1149 1816 1218 εἷναι,

261 1244 344 1296 καὶ
368 1243 666 1313 θυγατέρας
691 1243 773 1310 λγ¹
797 1243 954 1306 Δίνας
983 1243 1392 1314 ὀνομασθείσης.

326 1425 510 1482 Ταῦτα
550 1425 617 1478 δὲ
654 1427 728 1479 τὰ
763 1427 1022 1495 ὀνόματα
1051 1420 1168 1480 τῶν
1207 1427 1353 1481 υἱῶν
1392 1425 1658 1494 Ἰσραὴλ,
1699 1426 1816 1482 τῶν

253 1518 636 1572 εἰσελθόντων
656 1515 1084 1583 είςΑἵγυπτον.
1117 1515 1280 1580 Υἱῶν,
1315 1518 1414 1570 οὐκ
1459 1516 1671 1582 Ἰακὼϐ,
1703 1517 1814 1570 ἀλλ’

264 1607 488 1680 Ἰσραὴλ,
543 1607 888 1661 εἰσελθόντων
908 1648 922 1670 ,
951 1607 1009 1659 οὐ
1043 1608 1389 1662 καταϐάντων
1419 1611 1496 1672 εἰς
1524 1611 1813 1678 Αἴγυπτον,

252 1699 314 1752 τὰ
343 1699 574 1770 ὀνόματα
601 1697 772 1751 ταῦτά
803 1699 970 1750 ἐστιν.
1257 1761 1268 1772 ,

311 1791 676 1856 Πρωτότοκος
739 1789 962 1850 Ἰακὼϐ,
1031 1787 1322 1858 Ῥουϐὴμ,
1393 1792 1488 1844 καὶ
1543 1791 1608 1843 τὰ
1667 1791 1810 1862 ἑξῆς.

1928 612 2110 652 serum
2147 599 2370 666 babens,
2419 602 2578 656 simul
2627 618 2840 673 quoque
2890 621 3122 676 generos
3168 609 3488 666 adducebat.

1925 689 2109 760 Neque
2158 691 2302 745 enim
2353 694 2703 750 sustinuisset
2731 711 2881 752 ειη-ει
2929 697 3036 768 50
3069 701 3286 754 domum
3337 717 3489 757 suam

1923 781 2064 836 ﬁlias
2098 783 2388 850 abducere,
2425 799 2494 839 ne
2543 786 2608 839 ad
2667 787 2930 842 idolorum
2980 791 3180 846 cultant
3213 805 3492 851 converte-

1924 883 2134 934 rentur.

1993 957 2267 1030 Ejusdem.
2331 962 2388 1017 Si
2422 961 2586 1019 Jacob
2645 966 2785 1020 ﬁlias
2835 982 2940 1022 non
2987 973 3170 1039 habet,
3220 978 3490 1042 quomodo

1923 1054 2044 1108 ﬁliae
2085 1053 2202 1122 ejus
2235 1055 2569 1110 descendunt
2619 1057 2672 1111 in
2703 1057 3040 1131 Egyptum?
3077 1063 3209 1117 Vide
3258 1079 3386 1134 ergo
3421 1081 3488 1120 ne

1919 1161 2017 1215 per
2049 1147 2361 1216 allegoriam
2413 1149 2527 1204 haec
2557 1150 2825 1206 dicantur.
2867 1150 2922 1204 In
2978 1156 3328 1221 sequentibus
3359 1158 3489 1212 dicit

1919 1248 1984 1288 ex
2016 1233 2107 1290 Lia
2137 1251 2282 1302 usae,
2324 1247 2379 1293 et
2409 1239 2549 1295 tilias
2596 1241 2816 1312 triginta
2851 1250 2962 1300 tres
3013 1243 3156 1297 illius
3204 1261 3323 1314 quae
3353 1247 3488 1302 Dina

1917 1329 2234 1381 V0t~aballll‘.

1993 1416 2124 1472 lla'c
2147 1429 2270 1472 sunt
2302 1421 2512 1474 nomina
2541 1421 2772 1490 ﬁliorum
2805 1423 2978 1478 Israel
3002 1425 3093 1494 qui
3121 1426 3340 1496 ingressi
3367 1441 3486 1484 sunt

1917 1509 1973 1561 in
2005 1507 2298 1580 Aigyptuut
2323 1511 2386 1565 ⁸⁸.
2431 1512 2555 1566 ΙΙωο
2590 1524 2714 1566 sunt
2745 1515 2960 1568 nomina
2987 1516 3219 1572 Iiliorum
3256 1535 3359 1573 non
3393 1519 3487 1574 Ja-

1918 1601 2040 1664 eob,
2079 1603 2172 1654 sed
2217 1602 2404 1667 Israel,
2455 1603 2544 1671 qui
2599 1604 2829 1676 ingressi
2863 1617 3009 1672 sunt,
3047 1624 3152 1662 non
3192 1609 3487 1666 descende-

1917 1704 2044 1744 runt
2079 1693 2128 1745 in
2162 1691 2475 1764 Egyptum.

1991 1779 2381 1854 Primogenitus
2431 1785 2620 1848 Iacob,
2658 1787 2834 1842 Ruben
2857 1788 2924 1855 ",
2969 1800 3078 1846 etc.
3138 1791 3269 1847 Cum
3321 1809 3484 1864 supra

260 1876 528 1947 Ἀνωτὲρω
579 1877 744 1931 εἰπὼν
791 1877 860 1930 τὰ
902 1877 1140 1948 ὀνόματα
1192 1880 1299 1932 τῶν
1363 1880 1493 1933 υἱῶν
1535 1876 1671 1935 εἶναι
1720 1881 1800 1934 τοί

1921 1872 2118 1928 dixerit
2141 1890 2265 1930 esse
2297 1879 2518 1933 nomina
2547 1879 2778 1934 tiliormn
2814 1882 2996 1948 Israel,
3025 1900 3168 1940 nunc
3197 1867 3272 1942 ait
3296 1886 3481 1942 Jacobi

259 1969 481 2040 Ἰσραὴλ,
515 1969 610 2024 νῦν
635 1970 727 2024 τοῦ
785 1969 978 2022 Ἰακὼὸ
1003 1966 1140 2024 εἶναι
1168 1973 1507 2042 πρωτότοκόν
1545 1991 1676 2045 φησι
1723 1975 1812 2029 τὸν

259 2065 440 2136 Ῥουϐή
451 2083 512 2136 μ.

315 2157 418 2210 Τοῦ
441 2158 651 2213 αὑτοῦ.
687 2161 1048 2232 Σημειωτέον,
1091 2162 1172 2215 ὅτι
1222 2163 1318 2217 σὺν
1357 2164 1469 2227 τοῖς
1505 2165 1811 2235 γενομένοις

243 2252 295 2302 ὲν
321 2253 386 2322 γῇ
421 2250 642 2304 Χαναὰν
676 2253 811 2316 υίοῖς
855 2252 1048 2306 Ἰακὼϐ
1080 2254 1302 2326 ἀριθμεῖ
1335 2257 1530 2320 αὐτοὺς
1569 2259 1810 2322 καὶτοὺς

243 2343 294 2394 ἐν
316 2341 572 2413 Αἰγύπτῳ
624 2343 782 2408 ὄντας
825 2347 972 2409 υἱοὺς
1027 2347 1246 2417 Ἰωσήφ.
1295 2347 1668 2418 Συμϐἀλλεται
1701 2348 1809 2420 γὰρ

239 2434 386 2488 τοῦτο
409 2437 490 2498 εἰς
515 2436 574 2488 τὸ
598 2436 724 2507 ἑξῆς
757 2437 918 2507 ῥητὸν
971 2440 1099 2510 περὶ
1125 2438 1194 2492 τὰ
1221 2439 1348 2509 τέλη
1369 2479 1384 2503 ,
1432 2439 1561 2493 ἔνθα
1605 2441 1766 2509 φησίν
1792 2459 1805 2471 ·

252 2526 404 2592 Ἐμοί
449 2529 612 2578 εἰσιν
666 2528 908 2598 Est-puta
936 2529 1032 2583 καὶ
1059 2529 1382 2599 Μανασσῆ,
1426 2531 1506 2597 ὠς
1553 2531 1809 2602 Ῥουϐὴμ

241 2617 334 2670 καὶ
349 2620 393 2670 Σ
395 2616 612 2686 υμεών.

303 2709 402 2762 Kal
451 2706 624 2763 εἶπεν
665 2711 908 2779 Ἰσραὴλ
952 2713 1102 2781 πρὸς
1145 2713 1368 2783 Ἰωσήφ
1393 2731 1409 2746 ο
1454 2715 1806 2770 Ἀποθανοῦ-

232 2817 328 2869 μαι
357 2801 472 2856 ἀπὸ
503 2802 610 2856 τοῦ
637 2803 773 2870 νῦν,
809 2806 936 2858 ἐπεὶ
973 2805 1202 2874 ἑώρακα
1229 2806 1293 2859 τὸ
1319 2809 1642 2874 πρόσωπόν
1665 2825 1802 2862 σου.

241 2893 356 2946 Ἔτι
383 2894 490 2962 γὰρ
525 2895 606 2948 σὺ
631 2894 758 2962 ζῇς.
787 2897 1106 2967 Θαυμαστόν
1141 2898 1255 2950 ἐστι
1288 2897 1378 2950 τὸν
1413 2899 1698 2968 γενόμενον
1747 2901 1806 2953 ἐν

233 2983 478 3056 Αἰγύπτῳ
519 2986 591 3057 μὴ
618 2987 879 3058 βλαϐῆναι
922 2989 1030 3042 ἀπὸ
1057 2989 1164 3040 τῶν
1195 2989 1525 3058 Αἰγυπτίων,
1556 2990 1649 3042 καὶ
1692 2993 1805 3061 μεῖ-

234 3093 314 3129 ναι
365 3079 422 3130 ὲν
481 3081 552 3149 τῇ
617 3079 758 3133 κατὰ
825 3079 956 3133 Θεὸν
1017 3081 1152 3150 ζωῇ.
1196 3081 1392 3152 Διόπερ
1443 3081 1732 3151 θαυμάζων
1773 3083 1802 3135 ὁ

246 3167 447 3232 Ἰακὼϐ,
479 3167 602 3222 εἷπε
628 3169 706 3240 τῷ
750 3169 944 3242 Ἰωσὴφ
970 3171 1049 3236 τὸ,
1081 3173 1202 3224 Ἔτι
1227 3173 1334 3240 γὰρ
1359 3172 1440 3225 σὺ
1469 3170 1590 3239 ζῇς.

299 3261 576 3329 Ποιμένες
625 3261 929 3330 προϐάτων
970 3267 1022 3316 ol
1063 3263 1268 3328 παῖδές
1319 3280 1435 3318 σου
1472 3264 1540 3316 ἐκ
1588 3263 1800 3330 παιδὸς

228 3350 330 3416 ἕως
351 3351 452 3404 τοῦ
473 3351 613 3405 νῦν.
635 3391 647 3404 .
673 3393 686 3406 .
709 3393 721 3406 .
747 3357 794 3406 Ε
798 3354 938 3406 iam"
959 3352 1026 3405 δὲ
1053 3352 1258 3421 Φαραώ
1311 3353 1622 3420 Παροικεῖν
1637 3354 1706 3406 ὲν
1725 3352 1801 3422 τῇ

228 3440 300 3508 γῇ
325 3441 574 3510 ἥκαμεν.
609 3442 1076 3515 Παρρησιάζονται
1103 3445 1164 3496 τὸ
1194 3444 1450 3513 ποιμένες
1491 3439 1628 3496 εἶναι
1664 3444 1800 3514 πρὸς

229 3530 312 3582 τὸν
336 3533 556 3604 Φαραώ.
598 3531 763 3598 Εἶτα,
801 3535 888 3590 ἵνα
926 3536 998 3607 μὴ
1042 3535 1287 3606 ταραχθῇ
1329 3534 1560 3606 Φαραὼ,
1593 3535 1755 3606 φασίν
1781 3551 1794 3565 ·

229 3625 534 3690 Παροικεῖν
553 3625 624 3678 ἐν
645 3625 720 3694 τῇ
744 3625 821 3696 γῇ
845 3627 1093 3696 ἥκαμεν.

286 3709 426 3768 Εἷπε
447 3715 515 3768 δὲ
543 3715 753 3784 Φαραὼ
775 3717 856 3782 τῷ
895 3717 1135 3785 Ἰωσὴφ,
1165 3716 1392 3787 λέγων·
1421 3717 1798 3770 Κατοικείτω-

227 3821 342 3858 σαν
367 3808 436 3860 ἐν
452 3808 532 3877 τῇ
559 3808 778 3878 Γεσέμ.
825 3810 1038 3882 Ἐπειδὴ
1061 3812 1118 3864 ἐν
1139 3814 1249 3874 τοῖς
1271 3809 1630 3878 Τετραπλοῖς
1661 3807 1794 3878 (49),

228 3898 280 3964 ἐξ
302 3893 374 3952 ὧν
395 3901 576 3952 καὶτὸ
608 3901 936 3974 ἀντίγραφον
973 3900 1276 3972 μετελήφθη
1313 3899 1448 3970 πρὸς
1481 3899 1570 3952 τὸν
1608 3899 1796 3969 εἱρμὸν

225 3990 306 4042 τὸν
333 3993 389 4044 ἐν
536 3992 806 4062 Ἐϐραῖκῷ
837 3993 929 4046 καὶ
967 3995 1085 4056 ταῖς
1131 3992 1315 4054 ἄλλαις
1363 3991 1638 4054 ὲκδόσεσι,
1685 3991 1764 4044 δεί

225 4099 404 4136 κνυται
427 4085 522 4136 καὶ
548 4086 580 4154 ἡ
608 4085 1128 4156 τῶνἙϐδομήκοντα
1153 4085 1208 4138 ἔν
1225 4101 1334 4137 τισι
1353 4085 1537 4148 τόποις
1567 4101 1793 4155 μετατε-

225 4171 388 4236 Osi-sa,
419 4175 494 4238 ὼς
527 4175 596 4228 τὰ
630 4176 820 4246 πρῶτα
853 4175 1072 4246 ὕστερα,
1127 4175 1220 4230 καὶ
1248 4173 1316 4228 τὰ
1364 4175 1564 4247 ὕστερα
1601 4176 1796 4247 πρῶτα

223 4265 464 4332 γενέσθαι
489 4283 502 4296 ·
540 4267 680 4338 ὅπερ
709 4267 802 4319 καὶ
825 4266 1052 4320 ἐνταῦθα
1079 4267 1275 4338 εὑρέθη
1313 4267 1573 4320 παθοῦσα·
1603 4267 1792 4320 τούτου

223 4357 371 4428 χάριν
399 4359 798 4430 παρεθήκαμεν
842 4358 1178 4412 ἀκολουθίαν.
1209 4361 1366 4412 Ἔστι
1395 4359 1450 4412 δὲ
1484 4357 1622 4428 αὕτη
1647 4374 1660 4388 ⁸
1693 4357 1790 4429 τῷ,

223 4450 663 4520 Κατοικήσομεν
699 4453 752 4503 οὶ
779 4449 984 4516 παῖδές
1022 4465 1137 4503 σου
1173 4450 1242 4502 ἐν
1285 4449 1362 4519 γῇ
1407 4447 1628 4518 Γεσὲμ,
1668 4466 1794 4504 συν-

1913 1968 2332 2040 primogenitt’nn
2367 1986 2484 2026 esse
2513 1971 2725 2027 Ruben.

1983 2151 2259 2222 Ejusdem.
2303 2153 2711 2210 Observandum
2765 2166 2846 2213 est
2897 2161 3038 2214 natis
3075 2161 3127 2215 in
3162 2171 3304 2218 terra
3339 2163 3476 2218 Cha-

1912 2261 2051 2299 naan
2090 2247 2215 2300 Iiliis
2240 2245 2427 2312 Jacob,
2458 2251 2802 2304 annumerari
2852 2253 3012 2306 etiam
3047 2256 3186 2323 ipsos
3216 2257 3267 2310 in
3304 2256 3476 2327 Egy-

1913 2349 2002 2406 pto
2052 2347 2211 2391 natos
2259 2337 2397 2392 ﬁlios
2428 2337 2649 2408 Joseplt.
2713 2342 3146 2399 Consentaneum
3199 2347 3343 2400 enim
3375 2349 3478 2403 hoc

1910 2435 1992 2480 est
2034 2427 2099 2482 iis
2126 2443 2245 2496 quae
2267 2427 2432 2500 ‘infra
2463 2431 2608 2483 circa
2655 2428 2815 2486 linem
2853 2433 2997 2486 dicta
3029 2444 3154 2488 sunt
3185 2457 3196 2490 :
3228 2434 3333 2490 Mei
3356 2447 3478 2491 sunt

1909 2516 2168 2587 Ephraim
2194 2529 2241 2572 et
2269 2519 2568 2586 Manasses,
2591 2520 2725 2575 sicut
2755 2521 2932 2578 Ruben
2955 2534 3003 2580 et
3027 2523 3238 2580 Simeon
3266 2525 3331 2580 ¹⁶⁷.

1983 2703 2046 2757 Et
2074 2705 2206 2760 dixit
2239 2704 2409 2760 Israel
2458 2705 2526 2759 ad
2557 2703 2754 2777 Joseph
2797 2723 2815 2761 :
2855 2708 3058 2763 Moriar
3083 2711 3295 2776 antodo,
3345 2729 3476 2783 quo~

1909 2796 2054 2848 niam
2089 2797 2196 2850 vidi
2220 2797 2410 2866 faciem
2439 2808 2605 2852 tuam.
2647 2799 2830 2852 Adhuc
2865 2797 2999 2853 enim
3025 2802 3146 2855 viris
3171 2803 3236 2856 ⁸⁸.
3275 2801 3506 2859 Μίνωι(

1907 2889 2036 2942 dum
2065 2889 2192 2942 illud
2219 2899 2319 2952 est,
2352 2892 2585 2960 eumqui
2611 2891 2774 2946 fuerit
2801 2892 2848 2945 in
2868 2891 3123 2963 Egypto,
3153 2893 3338 2950 laesum
3367 2911 3474 2952 non

1907 2979 2072 3034 fuisse
2094 2981 2160 3034 ab
2179 2979 2474 3050 Egyptiis,
2503 2993 2556 3036 et
2584 2983 2846 3038 mansisse
2869 2985 2920 3037 in
2945 3000 3005 3038 ea
3033 3001 3151 3054 qua:
3177 2987 3472 3044 secundum
3525 2987 3532 2990 ’

1907 3069 2075 3124 Deum
2115 3081 2200 3126 est
2247 3074 2379 3126 vita.
2435 3074 2801 3138 Quamobrem
2849 3076 3077 3132 miratus
3121 3076 3286 3134 Jacob
3339 3057 3500 3138 dixit.

1904 3163 2138 3234 Josepho
2173 3183 2186 3218 :
2221 3165 2406 3220 Adhuc
2433 3167 2567 3220 enim
2591 3168 2736 3220 vivis.

1975 3255 2224 3310 Pastores
2252 3260 2424 3311 ovium
2451 3257 2584 3312 servi
2611 3260 2689 3311 tui
2710 3259 2772 3312 ab
2800 3259 3030 3328 infantia
3050 3278 3209 3332 usque
3231 3279 3468 3320 nunc....

1903 3348 2166 3403 Dixerunt
2208 3359 2382 3422 autem
2428 3345 2700 3402 Pharaoni
2740 3363 2759 3401 .'
2807 3351 2888 3403 Ad
2929 3351 3366 3422 peregrinandum
3414 3354 3471 3406 in

1903 3449 2042 3493 terra
2079 3440 2309 3493 venimus
2336 3439 2400 3492 ιθ.
2446 3439 2638 3494 Libere
2676 3441 2998 3508 profitentur
3025 3458 3205 3498 coram
3229 3443 3470 3498 Pharao-

1902 3544 1972 3584 ne
2003 3544 2062 3583 se
2109 3545 2228 3584 esse
2276 3539 2540 3598 pastores.
2585 3531 2788 3584 Deinde
2839 3539 2904 3585 ne
2957 3533 3205 3586 turbetur
3237 3515 3466 3597 I’harao,

1902 3623 2055 3676 aiunt
2093 3639 2108 3676 :
2140 3622 2222 3674 Ad
2255 3623 2696 3690 peregrinandum
2726 3623 2778 3674 in
2812 3633 2950 3675 terra
2978 3625 3230 3677 venimus.

1971 3714 2119 3768 Dixit
2168 3711 2380 3766 Pharao
2413 3716 2480 3766 ad
2511 3713 2706 3781 Ioseph
2748 3728 2767 3766 :
2803 3713 3050 3767 Habitent
3092 3715 3146 3768 in
3183 3723 3321 3768 terra
3367 3715 3468 3769 Ge-

1899 3822 2005 3859 sem
2029 3805 2094 3859 '°.
2142 3805 2586 3874 Quandoquidem
2623 3807 2674 3858 in
2706 3804 2982 3871 Tetraplis,
3023 3806 3162 3859 unde
3191 3821 3269 3860 ex-
3295 3807 3467 3866 tndar

1900 3899 2196 3953 secundum
2251 3897 2446 3950 seriem
2483 3895 2735 3950 llebraici
2788 3895 3127 3964 aliarumque
3167 3898 3463 3950 editomnn

1901 3997 2324 4056 transsumptum
2349 3993 2453 4049 est,
2477 3986 2798 4049 ostenditur,
2830 3984 3174 4056 Septuaginta
3201 3986 3496 4057 lnterpres

1900 4089 2010 4132 tum
2043 4079 2336 4132 editionem
2370 4077 2574 4146 aliquot
2611 4075 2662 4132 in
2694 4077 2825 4131 locis
2861 4078 3240 4147 transpositam
3273 4077 3460 4145 fuisse,

1898 4173 1968 4224 ita
2001 4179 2057 4224 ut
2087 4185 2206 4241 qua:
2237 4170 2418 4240 priora
2446 4179 2626 4232 erant,
2657 4171 2961 4238 posterius;
2995 4186 3111 4239 quas
3137 4173 3461 4240 posteriora,

1896 4262 2044 4331 prius
2099 4263 2414 4318 locarentur
2452 4281 2466 4314 :
2499 4261 2641 4330 quod
2677 4263 2774 4315 hoc
2808 4261 2970 4314 etiam
3021 4262 3142 4316 Ioc'o
3175 4263 3276 4331 ipsi
3323 4262 3464 4317 acci-

1896 4356 2040 4409 disse
2071 4353 2498 4424 deprehenditur
2542 4378 2552 4408 ;
2584 4355 2702 4407 ideo
2735 4368 2920 4408 verant
2955 4354 3150 4408 seriem
3179 4355 3264 4409 hic
3294 4371 3463 4424 appo-

1895 4448 2126 4522 suituus,
2162 4461 2283 4514 qum
2326 4446 2404 4500 sic
2433 4447 2615 4501 habet.
2661 4445 2755 4500 Illis
2795 4447 2974 4500 verbis
3030 4463 3042 4498 :
3092 4443 3460 4499 llabitabimus

225 4539 440 4594 ἅπτεται
471 4543 554 4604 τὸ,
593 4537 740 4595 Εἶπε
767 4540 833 4593 δὲ
850 4539 1056 4608 Φαραὼ
1082 4538 1160 4605 τῷ
1184 4539 1404 4608 Ἰωσήφ
1431 4557 1444 4570 ·
1487 4541 1784 4594 Κατοικει-

1925 4541 2035 4593 ueri
2061 4541 2135 4592 tui
2162 4540 2214 4592 in
2239 4549 2376 4594 terra
2405 4535 2606 4599 Gesem,
2636 4535 2976 4606 subjungilur
2995 4537 3146 4600 illud,
3178 4537 3326 4591 Dixit
3359 4555 3462 4592 au-

221 4647 413 4688 τωσαν
438 4636 510 4688 ἐν
537 4633 616 4704 τῇ
637 4637 854 4703 Ιέσέμ.
899 4636 968 4688 El
992 4633 1060 4686 δὲ
1115 4633 1353 4702 ἐπίστῃ,
1396 4633 1486 4686 ὅτι
1531 4631 1690 4686 εἰσὶν
1718 4633 1789 4687 ἐν

220 4728 410 4794 αὐτοῖς
431 4746 443 4758 ·
477 4727 577 4782 καὶ¹
609 4728 676 4780 τὰ
714 4727 858 4798 ἑξῆς.

277 4819 342 4870 El
364 4818 431 4871 δὲ
453 4817 676 4886 ἐπίστῃ
701 4817 788 4869 ὅτι
811 4815 970 4869 εἰσιν
995 4815 1066 4868 ἐν
1094 4814 1297 4880 αὐτοῖς
1321 4814 1586 4878 δυνατοί,
1614 4811 1789 4867 κατά-

220 4923 445 4976 στησον
479 4908 706 4974 αὐτοὺς
729 4907 1022 4976 ἄρχοντας
1045 4906 1166 4960 τῶν
1187 4905 1343 4977 ἐμῶν
1367 4905 1624 4974 κτηνῶν.
1649 4905 1788 4968 Τοὺς

219 5000 305 5053 τοῦ
347 5001 565 5073 Ἰσραὴλ
582 5001 840 5062 δυνατοὺς
851 4997 1050 5069 Φαραὼ
1071 4998 1318 5069 βούλεται
1348 4999 1612 5068 ἄρχοντας
1631 5013 1789 5048 κατα-

221 5091 405 5164 στῆσαι
421 5094 737 5163 Αἰγυπτίων
775 5091 1005 5161 κτηνῶν.
1029 5091 1094 5142 Εἴ
1109 5107 1190 5152 τις
1216 5089 1272 5140 δέ
1305 5089 1420 5140 ἐστι
1447 5087 1540 5140 τοῦ
1574 5086 1788 5158 Ἰσραὴλ

219 5185 450 5250 δυνατὸς,
489 5185 740 5254 φευγέτω
755 5184 814 5238 τὸ
829 5183 922 5236 ἐπὶ
953 5181 1161 5244 τούτοις
1196 5179 1462 5250 βούλημα.

279 5281 383 5334 Kal
415 5276 762 5348 εὐλογήσας
803 5274 1009 5330 Ἰακὼϐ
1029 5273 1134 5326 τὸν
1154 5271 1380 5340 Φαραὼ,
1407 5269 1664 5337 ἐξῆλθεν
1684 5270 1785 5323 ἀπ’

217 5371 413 5424 αὑτοῦ.
477 5371 599 5424 υύκ
655 5369 754 5432 ἂν,
812 5367 1016 5420 δίκαιον
1075 5364 1409 5434 εὐλογήσας,
1474 5353 1567 5414 ἀπ’
1626 5361 1788 5414 αὐτοῦ

217 5461 418 5535 ῑξῆλθε.
483 5461 752 5534 Ζητητέον
797 5460 852 5513 δὲ
902 5458 1084 5512 εἴποτε
1139 5454 1292 5524 ἅγιόν
1359 5472 1440 5518 τις
1488 5453 1788 5524 εὐλογήσας

258 5568 693 5635 “Gen.xr.vr,7.
746 5569 942 5626 “Gen.
977 5586 1120 5632 nrt,
1151 5571 1204 5624 8.
1281 5569 1326 5600 ⁸⁸
1374 5568 1507 5622 Ibid.

219 5643 530 5711 "Ibid.,4.
605 5644 818 5698 "Ibid.
893 5641 1212 5696 “lbid.IU.

1617 5567 1660 5599 ⁸⁷
1709 5566 2041 5638 Gen.xt.\'nt,
2073 5570 2128 5625 5.

1893 4643 1994 4684 tem
2017 4629 2226 4684 Pharao
2256 4631 2449 4696 Joseph
2476 4621 2502 4683 ς’
2523 4627 2774 4683 Habitent
2804 4632 2856 4684 in
2887 4638 3024 4684 terra
3050 4629 3252 4686 Cesem.
3289 4630 3345 4685 Si
3371 4648 3462 4684 au-
3503 4623 3518 4638 ’

1895 4731 1995 4775 tem
2025 4723 2223 4776 noveris
2260 4723 2398 4792 quod
2429 4722 2532 4774 sint
2567 4723 2620 4774 in
2645 4723 2739 4784 eis,
2771 4735 2878 4777 ett'.

1967 4812 2028 4868 Si
2057 4825 2228 4867 autem
2258 4816 2454 4867 noveris
2497 4815 2638 4880 quod
2667 4815 2767 4868 sint
2808 4811 2860 4868 in
2889 4813 2960 4868 eis
2996 4815 3180 4884 fortes,
3207 4818 3462 4870 constitue

1894 4907 2013 4960 illos
2036 4908 2292 4976 principes
2323 4923 2562 4976 pecorum
2582 4923 2810 4961 meorum
2831 4907 2896 4961 ⁸¹.
2942 4905 3130 4962 Fortes
3158 4909 3320 4963 Israel
3350 4909 3462 4963 vult

1894 4997 2106 5050 Pharao
2158 4997 2428 5066 principes
2484 4998 2739 5052 consului
2774 4997 3143 5069 {Egyptiorum
3179 5013 3454 5068 pecorum.

1896 5086 1951 5140 Si
1991 5087 2113 5156 quis
2143 5097 2320 5141 autem
2375 5088 2426 5139 in
2480 5085 2642 5140 lsrael
2698 5087 2852 5142 fortis
2905 5097 3008 5153 est,
3045 5079 3215 5158 fugiat
3266 5089 3454 5142 borum

1893 5180 2202 5232 consilium.

1965 5269 2032 5324 Et
2079 5285 2194 5325 cum
2244 5269 2584 5323 benedixisset
2637 5268 2802 5325 Jacob
2849 5268 3140 5335 Pharaoni,
3195 5267 3348 5321 exivit
3381 5265 3455 5318 'ab

1889 5383 1948 5418 eo
1973 5366 2038 5418 ".
2085 5363 2140 5418 Si
2175 5363 2537 5418 benedixisset
2583 5345 2770 5430 justo."
2805 5378 2910 5417 non
2962 5362 3216 5416 exivisset
3249 5359 3318 5412 ab
3365 5371 3451 5411 eo.

1889 5457 2245 5524 Quaerendum
2270 5470 2398 5510 vero
2419 5470 2486 5509 an
2505 5455 2792 5526 quispiam,
2815 5452 3276 5521 benedictojusto,
3307 5451 3457 5504 exieo

2239 5570 2284 5602 ⁵⁸
2311 5569 2448 5624 Gen.
2481 5585 2631 5632 XLVI,
2669 5567 2754 5622 30.
2836 5567 2880 5598 ’δ’
2917 5567 3054 5622 Gen.
3087 5579 3221 5626 xvn,
3253 5565 3285 5618 5
3313 5571 3365 5616 et
3395 5561 3450 5618 4.

279 5745 384 5812 (49)
418 5739 768 5814 Ἐπειδῂ-ἐν,
802 5737 925 5806 τοῖς
957 5734 1328 5805 Τετραπλοῖς,
1383 5744 1488 5814 etc.
1524 5734 1702 5790 Edidit
1748 5735 1800 5790 Itt

1922 5739 2245 5804 agmentum
2283 5727 2732 5785 Montcialconius
2777 5734 2961 5780 noster
3019 5737 3149 5782 tom.
3197 5725 3218 5782 I
3269 5726 3450 5782 [Iesa-

225 5811 432 5880 plurum,
463 5828 592 5883 pag.
625 5811 712 5865 52.
