3978 6500
497 404 593 458 H3

1938 403 2257 460 ORIGENIS

3641 414 3741 470 ιιι

489 527 559 578 rit
589 525 656 578 ab
687 539 772 580 eo.
817 523 880 577 Et
904 521 990 578 bie
1015 521 1233 592 quidem
1262 522 1594 582 benedicens
1633 525 1929 597 egreditur,
1966 543 2026 582 sn

2159 525 2396 597 ἀπῆλθεν
2441 528 2534 580 ἀπ’
2573 527 2759 584 αὑτοῦ.
2808 531 2917 584 Καὶ
2967 530 3153 586 ὲνοάδε
3193 533 3293 604 μὲν
3319 533 3558 603 εὐλογῶν
3585 535 3737 607 ἐξέρ-

487 631 584 687 pra
636 630 762 672 vero
809 613 978 670 Iacob
1033 615 1410 671 benedictione
1474 616 1760 688 impetrata
1817 618 2054 688 ingredi-

487 720 594 763 ῑῦΓ.

556 797 656 867 51
698 796 764 851 Et
801 798 978 851 intulit
1023 798 1218 867 Ioseph
1260 816 1411 854 omne
1453 809 1727 870 argentum
1761 801 1814 854 in
1839 803 2052 855 domum

485 887 780 943 Pharaonis
801 890 871 946 ".
897 889 957 944 Et
987 905 1092 958 quo
1124 905 1221 959 par
1245 900 1364 946 erat
1396 908 1554 946 omne
1577 903 1857 962 argentum
1883 891 2052 963 Egy-

483 979 558 1049 pti
587 994 641 1035 et
665 982 922 1036 Chanaan
955 983 1167 1047 inferri,
1199 983 1301 1038 nisi
1333 983 1386 1037 in
1419 984 1636 1037 domum
1667 983 2002 1039 Pharaonis?

551 1167 900 1222 Adduxerunt
924 1177 1098 1222 autem
1126 1184 1313 1237 pecora
1337 1183 1433 1221 sua
1468 1167 1538 1220 ad
1559 1165 1778 1236 Ioseph,
1810 1178 1858 1222 et
1903 1169 2048 1222 dedit

472 1261 551 1315 eis
573 1261 766 1329 Ioseph
816 1276 975 1328 panes
1013 1275 1107 1328 pro
1156 1259 1324 1328 equis,
1364 1268 1411 1312 et
1445 1258 1648 1322 ovibus,
1691 1268 1738 1313 et
1786 1259 1965 1324 bobus,
1996 1271 2044 1312 et

473 1354 644 1406 asinis
683 1354 752 1408 “.
784 1351 900 1407 Non
944 1352 1233 1406 crudeliter
1274 1352 1376 1405 boc
1419 1350 1549 1407 facit
1583 1351 1804 1421 Ioseph,
1830 1353 1922 1406 sed
1980 1367 2046 1406 ne

475 1445 732 1499 deﬁciant
770 1458 964 1514 pecora
1009 1444 1302 1512 pascendo,
1337 1453 1476 1499 etut
1513 1453 1701 1514 postea
1747 1443 1917 1515 gratis
1953 1443 2040 1498 illa

476 1535 736 1603 recipiant
759 1550 788 1588 a
810 1533 1111 1590 Pharaone.

545 1715 655 1771 Nec
676 1717 959 1786 quidquam
985 1715 1183 1768 residui
1221 1717 1366 1770 nobis
1389 1727 1461 1770 est
1489 1731 1662 1768 coram
1690 1714 1913 1767 Domino
1946 1730 2040 1767 no-

469 1816 808 1876 stro,prwter
845 1806 1117 1874 proprium
1145 1821 1340 1874 corpus
1379 1813 1424 1857 et
1464 1815 1656 1856 terram
1702 1811 1936 1856 nostram
1967 1803 2032 1856 ⁵³.

469 1902 738 1969 Quoniam
782 1904 848 1956 de
879 1903 1253 1972 peccatoribus
1295 1900 1494 1955 dicitur
1536 1900 1662 1954 illud
1692 1914 1706 1952 :
1735 1900 1875 1964 Quia
1913 1915 2038 1952 caro

467 2003 588 2047 sunt
622 1996 690 2057 ⁸⁸,
722 1994 842 2049 ideo
873 2005 925 2048 et
953 2009 1096 2046 nunc
1139 1991 1372 2064 Egyptii
1408 2002 1592 2062 utpote
1637 1993 1842 2054 carnei,
1875 1992 2040 2046 relin-

466 2087 556 2154 qni
583 2087 683 2141 sibi
715 2087 900 2141 dicunt
935 2101 1041 2140 non
1084 2087 1340 2152 animam,
1372 2087 1464 2140 sed
1513 2085 1794 2154 proprium
1838 2099 2037 2153 corpus

463 2190 510 2231 et
545 2189 744 2232 terram
773 2194 946 2233 suam.
980 2177 1093 2234 IIoe
1135 2189 1314 2232 autem
1360 2177 1781 2232 existimandum
1815 2185 1900 2232 est
1926 2177 2032 2231 dici

465 2270 532 2322 ab
555 2269 806 2322 omnibus
833 2268 924 2337 qui
959 2283 986 2321 ει
1023 2269 1130 2322 Deo
1162 2267 1322 2322 alieni
1353 2275 1502 2320 sunt.

536 2358 600 2412 Ut
626 2374 749 2429 ergo
780 2375 882 2412 non
914 2359 1204 2412 moriamur
1226 2373 1403 2410 coram
1433 2366 1504 2419 te,
1532 2373 1622 2411 nec
1665 2365 1807 2411 terra
1829 2356 2032 2410 deserta

458 2453 548 2512 sit,
573 2468 682 2506 eme
705 2468 797 2504 nos
826 2461 872 2504 et
918 2461 1112 2504 terram
1151 2461 1383 2502 nostram
1412 2450 1480 2502 ⁸⁷.
1511 2449 1704 2504 Coram
1745 2448 2032 2502 Pharaone

460 2545 645 2597 vivere
675 2544 862 2597 volunt
882 2541 1145 2612 Egyptii,
1180 2557 1282 2594 non
1309 2557 1491 2595 coram
1521 2540 1650 2596 Deo.

433 2773 447 2786 ,
536 2722 811 2794 Ejusdem.
844 2723 1078 2796 Egyptii
1129 2722 1452 2784 Pharaonis.
1481 2722 1653 2778 sancti
1697 2722 2028 2777 volunlesse

459 2814 552 2871 Dei
586 2817 870 2885 mancipia.

527 2908 833 2962 Invalueral
875 2910 1013 2962 enim
1042 2910 1096 2962 in
1113 2925 1200 2963 eos
1229 2907 1393 2976 [ames
1417 2905 1758 2962 ".Vidclicet
1786 2906 1837 2960 in
1861 2904 2027 2976 Ᾱζςγ-
2056 2974 2062 2978 ί

454 3003 620 3070 plios.
675 3002 860 3072 Neque
900 3003 1043 3056 enim
1091 3001 1296 3056 dictum
1334 3001 1526 3056 fuisset
1568 3000 1634 3056 de
1664 2999 1853 3066 Israel,
1879 3002 2027 3070 quod

453 3093 748 3148 inualuerat
775 3095 830 3148 in
860 3109 946 3147 eos
988 3092 1178 3162 fames.

2157 635 2335 689 χεται·
2379 619 2632 690 ἀνωτέρω
2660 622 2715 674 δὲ
2742 623 2770 674 ὁ
2808 623 3002 676 Ἰακὼϐ
3047 624 3296 693 εὐλογίας
3341 627 3517 697 τυχὼν
3560 627 3737 701 εἰσέρ-

2155 729 2326 782 χεται.

2223 801 2334 855 Καὶ
2387 801 2738 872 εἰσήνεγκεν
2781 804 2991 872 Ἰωσὴφ
3035 803 3158 859 πᾶν
3191 806 3255 859 τὸ
3305 808 3590 876 ἀργύρεον
3641 809 3733 871 εις

2152 895 2259 948 τὸν
2305 890 2472 948 οἶκον
2518 893 2741 963 Φαραώ.
2796 896 2903 948 Καὶ
2933 897 3036 949 ποῦ
3081 898 3188 950 ἔδει
3219 901 3328 952 πᾶν
3368 901 3429 952 τὸ
3457 901 3732 969 Αἰγύπτου

2150 987 2409 1058 ἀργύριον
2485 988 2577 1042 καὶ¹
2629 988 2850 1042 Χαναὰν
2913 988 3188 1058 γενέσθαι,
3247 991 3281 1063 ἢ
3342 993 3399 1044 έν
3452 993 3533 1063 τῷ
3597 996 3733 1065 οῐκῳ

2149 1079 2346 1151 Φαραώ
2366 1096 2380 1142 ;
2923 1065 2926 1068 i

2222 1174 2475 1242 ’Ἠγαγον
2510 1171 2577 1225 δὲ
2617 1173 2689 1226 τὰ
2719 1171 2908 1240 κτήνη
2938 1172 3136 1227 αὐτῶν
3157 1175 3306 1243 πρὸς
3346 1175 3582 1245 Ἰωσὴφ,
3629 1177 3731 1231 καὶ

2145 1263 2366 1317 ἔδωκεν
2414 1265 2620 1330 αὐτοῖς
2659 1265 2873 1334 Ἰωσὴφ
2911 1265 3130 1334 ἄρτους
3175 1269 3304 1321 ἀντὶ
3356 1268 3476 1322 τῶν
3505 1271 3724 1334 ἵππων,

2146 1353 2244 1406 καὶ
2277 1354 2408 1407 ἀντὶ
2439 1353 2557 1407 τῶν
2583 1355 2911 1423 προϐάτων,
2941 1357 3037 1410 καὶ
3085 1358 3217 1410 ἀντὶ
3259 1359 3376 1412 τῶν
3406 1360 3594 1424 βοῶν,
3627 1362 3724 1415 καὶ

2144 1436 2278 1499 ἀντὶ
2307 1445 2424 1498 τῶν
2449 1446 2620 1500 ὄνων.
2645 1447 2758 1500 Οὐκ
2789 1447 2954 1518 ὠμῶς
2984 1447 3142 1501 τοῦτο
3186 1453 3331 1503 ποιεῖ
3369 1453 3587 1524 Ἰωσὴφ,
3609 1453 3724 1506 ἀλλ’

2144 1534 2230 1587 ἵνα
2281 1537 2352 1606 μὴ
2398 1536 2614 1607 κάμωσι
2661 1537 2729 1590 τά
2766 1539 2932 1609 κτήνη
2979 1539 3291 1610 τρέφοντες,
3326 1541 3420 1594 καὶ
3455 1543 3543 1594 ἵνα
3585 1544 3723 1615 μετά

2141 1627 2313 1681 ταῦτα
2343 1628 2501 1699 χάριν
2521 1626 2660 1681 αὐτὰ
2685 1627 2941 1695 δέξωνται
2968 1631 3119 1701 παρά
3147 1631 3240 1684 τοῦ
3269 1631 3486 1704 Φαραώ.

2213 1717 2323 1770 Kal
2342 1720 2454 1787 οὐχ
2482 1720 2871 1773 ὑπολείπεται
2899 1720 3044 1789 ἡμῖν
3069 1721 3347 1775 ἐναντίον
3379 1721 3488 1775 τοῦ
3500 1722 3721 1791 Κυρίου

2142 1808 2313 1878 ἡμῶν
2335 1810 2373 1878 ἣ
2404 1809 2472 1863 τὸ
2504 1809 2658 1864 ἴδιον
2682 1810 2852 1880 σῶμα
2886 1812 2982 1865 καὶ
3011 1814 3048 1880 ἠ
3071 1812 3146 1882 γῆ
3180 1811 3366 1883 ἡμῶν.
3407 1815 3558 1867 Ἐπεὶ
3591 1815 3721 1886 περὶ

2140 1901 2248 1954 τῶν
2295 1901 2634 1973 ἁμαρτωλῶν
2682 1902 2900 1972 λέγεται
2949 1903 3031 1969 τὸ,
3063 1905 3165 1958 Διά
3206 1904 3270 1957 τὸ
3302 1901 3454 1959 εἶναι
3496 1905 3723 1972 αὐτοὺς

2139 1993 2386 2060 σάρκας·
2436 1992 2525 2046 διὰ
2566 1993 2726 2046 τοῦτο
2759 1993 2854 2048 καὶ
2892 1993 2985 2048 νῦν
3032 1996 3337 2064 Αἰγύπτιοι,
3370 1996 3446 2060 ὼς
3493 1998 3715 2068 σάρκες,

2139 2081 2516 2150 ὑπολελεῖφθαι
2549 2100 2710 2152 φασιν
2741 2084 2923 2148 αὐτοῖς
2953 2086 3071 2155 οὐχὶ
3098 2086 3292 2159 ψυχὴν,
3326 2086 3460 2141 ἀλλά
3495 2088 3556 2140 τὸ
3589 2088 3717 2142 ἴδιον

2137 2173 2295 2245 σῶμα
2327 2174 2421 2228 καὶ
2457 2175 2556 2247 τὴν
2584 2176 2687 2246 γῆν
2725 2175 2923 2229 αὐτῶν.
2977 2177 3148 2230 Τοῦτο
3178 2179 3234 2230 δὲ
3282 2179 3563 2248 νομιστέον
3610 2179 3718 2233 ὐπδ

2135 2267 2354 2321 πάντων
2380 2267 2489 2321 τῶν
2516 2269 2810 2341 ἀλλοτρίων
2840 2270 2934 2324 τοῦ
2958 2269 3093 2323 Θεοῦ
3114 2270 3387 2339 λέγεσθαι.

2207 2359 2332 2411 Ἵνα
2375 2353 2490 2412 οὖν
2511 2356 2597 2426 μὴ
2644 2357 3031 2426 ἀποθάνωμεν
3057 2358 3334 2413 ἐναντίον
3373 2376 3511 2423 σου,
3542 2361 3638 2414 καὶ
3670 2361 3714 2429 ἠ

2131 2446 2208 2517 γῆ
2252 2447 2547 2516 ἐρημωθῇ,
2601 2446 2813 2515 κτῆσαι
2856 2447 3013 2517 ἡμᾶς
3057 2449 3153 2502 καὶ
3202 2448 3314 2516 τὴν
3361 2448 3474 2519 γῆν
3520 2449 3708 2518 ἡμῶν.

2143 2539 2412 2592 Ἐναντίον
2445 2539 2537 2592 τοῦ
2559 2541 2757 2611 Φαραὼ
2797 2539 3040 2594 θέλουσιν
3062 2543 3111 2594 οἱ
3137 2541 3422 2610 Αἰγύπτιοι
3450 2542 3568 2614 ζῇν,
3609 2544 3712 2597 οὐκ

2130 2628 2367 2682 ἐναντίον
2405 2629 2561 2684 Θεοῦ.

2204 2718 2315 2774 Τοῦ
2339 2719 2546 2774 αὑτοῦ.
2564 2720 2682 2790 Κτῆ
2691 2738 2767 2791 μα
2789 2720 3066 2791 βούλονται
3085 2723 3135 2775 οἱ
3155 2721 3438 2790 Αἰγύπτιοι
3455 2722 3708 2791 γενέσθαι

2126 2811 2222 2865 τοῦ
2249 2811 2468 2883 Φαραὼ,
2495 2813 2570 2877 ὡς
2595 2815 2643 2866 οἱ
2673 2813 2818 2882 ἀγιοι
2841 2813 2936 2866 τοῦ
2963 2814 3120 2867 Θεοῦ.

2209 2903 2608 2972 Ἐπεκράτησε
2651 2905 2763 2974 γὰρ
2794 2904 2993 2958 αὐτῶν
3030 2909 3062 2959 o'
3097 2907 3291 2974 λιμός.
3319 2907 3569 2979 Δηλονὸῖι
3597 2908 3708 2961 τῶν

2124 2995 2456 3064 Αἰγυπτίων·
2495 2997 2554 3048 οὐ
2579 2994 2688 3066 γάρ
2720 2996 2786 3050 ἂν
2809 2997 3022 3068 εἴρηται
3045 3000 3171 3069 περὶ
3199 2998 3293 3051 τοῦ
3335 2999 3569 3071 Ἰσραὴλ,
3619 3003 3706 3054 ὅτι

2124 3087 2538 3155 ἐπεκράτησεν
2559 3087 2766 3141 ἀὐτῶν
2792 3092 2825 3142 ό
2856 3091 3050 3158 λιμός.

525 3183 592 3239 Et
636 3185 962 3254 confortatus
985 3183 1150 3239 Iacob
1173 3184 1305 3238 sedit
1335 3185 1388 3239 in
1425 3183 1556 3238 lecto
1584 3183 1648 3236 ¹⁹.
1676 3183 2024 3239 Confortatus

2193 3181 2305 3234 Kal
2331 3181 2666 3249 ἐνισχύσας
2706 3181 2905 3234 Ἰακὼϐ
2921 3181 3201 3237 ἐκάθισεν
3221 3181 3317 3235 ἐπὶ
3336 3181 3450 3250 τὴν
3472 3183 3701 3250 κοίτην.

451 3279 612 3344 sedit,
651 3287 711 3332 ut
742 3277 924 3332 divino
961 3276 1142 3332 alllatn
1171 3279 1359 3348 plenos
1404 3280 1675 3348 proferret
1717 3290 2020 3332 sermones.

453 3371 658 3439 Opinor
687 3379 866 3425 autem
897 3369 1066 3425 Iacob
1102 3380 1416 3440 aegrotasse,
1446 3369 1612 3424 Israel
1648 3384 1778 3424 vero
1801 3367 2025 3424 confor-

453 3473 629 3517 tatum
656 3477 800 3532 esse,
829 3463 918 3530 qui
952 3472 1006 3522 et
1041 3461 1320 3518 benedixit
1347 3464 1468 3518 liliis
1491 3462 1714 3532 Josepb,
1739 3472 1791 3517 et
1811 3478 1872 3517 ea
1905 3478 2023 3532 qua:

447 3565 750 3623 sequuntur
777 3554 1007 3624 peregit,
1041 3555 1092 3610 in
1125 3556 1324 3624 quibus
1347 3596 1362 3620 ,
1393 3555 1482 3609 ubi
1516 3556 1582 3610 de
1617 3555 1744 3610 ﬁliis
1769 3557 1883 3610 suis
1907 3555 2024 3624 agi-

450 3658 561 3712 tur,
592 3664 868 3719 nunquam
913 3649 1221 3704 nOminalur
1245 3647 1435 3705 Iacob.

517 3738 585 3794 Et
611 3743 744 3795 dixit
784 3742 958 3794 mihi:
996 3740 1128 3794 Ecce
1175 3760 1268 3813 ego
1330 3743 1526 3811 augebo
1567 3751 1615 3794 le
1663 3755 1708 3794 et
1759 3739 2020 3808 multipli-

443 3835 576 3888 cabo
605 3845 653 3888 te
681 3835 747 3889 ‘°.
784 3835 985 3905 Impius
1031 3836 1116 3890 vel
1171 3851 1277 3888 non
1339 3839 1561 3896 crescit,
1593 3833 1672 3886 vel
1701 3850 1728 3884 a
1769 3834 1879 3886 Deo
1909 3847 2017 3884 non

444 3930 666 3979 crescit.
703 3926 914 3988 Similia
954 3927 1104 3982 dices
1137 3928 1314 3982 etiam
1361 3937 1584 3996 propter
1624 3926 1749 3978 illml
1785 3941 1799 3978 :
1835 3924 2020 3977 Multi-

443 4019 669 4075 vlicabo.
700 4019 840 4073 Deus
867 4021 1011 4073 enim
1048 4020 1379 4075 benedicens
1422 4019 1537 4072 haec
1559 4019 1658 4072 ait.

517 4106 622 4161 Mei
652 4118 772 4162 sunt
825 4107 1073 4174 Epitraim
1123 4117 1170 4162 et
1207 4108 1477 4162 Manasses
1508 4124 1528 4173 ;
1570 4109 1704 4161 sicut
1738 4107 1918 4162 Ruben
1967 4119 2016 4162 et

442 4196 660 4252 Simeon
693 4210 845 4250 erunt
895 4197 1019 4251 mihi
1052 4199 1116 4251 “.
1171 4196 1326 4252 Sicut
1375 4198 1589 4263 Ruben,
1632 4207 1685 4251 et
1735 4198 2011 4268 prraim.

442 4288 617 4342 Ambo
673 4290 816 4342 enim
864 4288 1234 4358 pritnogeniti.
1291 4288 1444 4343 Sicut
1494 4288 1770 4343 Manasses
1812 4298 1863 4342 et
1923 4286 2013 4341 Si-

444 4396 621 4434 tneon.
657 4380 896 4450 Uterque
923 4381 1066 4436 enim
1098 4381 1253 4435 matri
1292 4396 1402 4436 sua:
1446 4393 1575 4436 natu
1614 4382 1886 4436 secundus
1907 4391 2010 4436 est.

514 4470 718 4542 Reliqui
743 4485 913 4526 autem
931 4489 1058 4536 quos
1095 4474 1338 4544 genueris
1365 4482 1482 4542 post
1509 4490 1616 4534 eos,
1643 4483 1794 4527 erunt
1830 4475 1884 4527 in
1918 4490 2010 4526 no-

2137 3272 2452 3342 Ἐνισχύσας
2483 3271 2753 3337 ἐκάθισεν,
2795 3273 2882 3324 ἵνα
2912 3273 3037 3336 τοὺς
3068 3272 3280 3337 ἐνθέους
3314 3275 3440 3344 εἴπῃ
3489 3273 3697 3343 λόγους.

2125 3360 2291 3435 Οἶμαι
2314 3365 2423 3436 γὰρ
2443 3365 2535 3418 τὸν
2564 3365 2664 3436 μὲν
2697 3364 2891 3419 Ἰακὼὸ
2911 3365 3271 3437 ἠνωχλῆσθαι,
3295 3367 3385 3421 τὸν
3401 3365 3456 3422 δὲ
3485 3369 3701 3442 Ἰσραὴλ

2124 3457 2481 3526 ὲνισχυκέναι,
2519 3457 2577 3520 ὃς
2607 3458 2700 3511 καὶ
2726 3457 2984 3530 εὑλόγησε
3017 3461 3142 3524 τοὺς
3175 3463 3322 3525 υἱοὺς
3357 3464 3569 3535 Ἰωσὴφ,
3605 3466 3702 3518 καὶ

2121 3544 2190 3597 τὰ
2239 3543 2383 3615 ἑξῆς,
2403 3547 2461 3600 έν
2513 3541 2594 3609 οἷς
2650 3547 2749 3600 οὐκ
2799 3546 3122 3619 ὀνομάζεται
3175 3551 3267 3603 ἐπὶ
3312 3552 3420 3604 τῶν
3475 3554 3702 3607 παιδέων

2135 3633 2348 3686 Ἰακώϐ.

2193 3725 2302 3779 Kal
2339 3721 2471 3780 εἶπέ
2497 3744 2619 3796 μοι’
2685 3727 2830 3782 Ἰδοὺ
2861 3729 2976 3799 ἐγὼ
3006 3731 3246 3795 αὐξανῶ
3287 3748 3381 3796 σε,
3417 3735 3514 3787 καὶ
3540 3739 3698 3802 πλη-

2122 3813 2282 3867 θυνῶ
2309 3829 2401 3870 σε.
2435 3818 2592 3870 Ἤτοι
2623 3819 2722 3871 οὐκ
2746 3819 2899 3884 αὔξει
2918 3822 2946 3872 ὁ
2969 3822 3189 3893 ἀσεϐὴς,
3233 3823 3264 3894 ἢ
3291 3825 3389 3878 οὐκ
3423 3824 3532 3878 ἀπὸ
3560 3825 3698 3878 Θεοῦ

2120 3903 2292 3969 αὔξει.
2331 3907 2404 3960 Τὸ
2433 3907 2476 3960 δ’
2503 3909 2685 3979 ὅμοιον
2709 3911 2853 3982 ἐρεῖς
2887 3912 2980 3965 καὶ
2999 3913 3085 3966 διὰ
3110 3914 3191 3977 τὸ,
3219 3916 3532 3981 Πληθυνῶ.
3561 3916 3699 3982 Θεὸς

2120 3997 2228 4069 γάρ
2259 3999 2495 4068 εὐλογῶν
2513 4001 2687 4055 ταῦτά
2717 4020 2900 4074 φησιν.

2204 4092 2361 4159 Ἐμοί
2405 4096 2564 4146 εἰσιν
2625 4095 2872 4165 Ἐφραῒμ
2904 4097 2998 4151 καὶ
3016 4098 3374 4167 Μανασσῆς·
3406 4101 3489 4167 ὡς
3528 4101 3698 4156 Ῥου-

2118 4185 2235 4254 ϐὴμ
2291 4187 2388 4240 καὶ
2429 4188 2672 4257 Συμεὼν
2707 4189 2955 4243 ἔσονταί
2996 4207 3118 4258 μοι.
3160 4193 3248 4254 Ὠς
3287 4192 3544 4263 Ῥουϐὴμ,
3597 4194 3696 4246 καὶ

2131 4278 2385 4349 Ἐφραῖμο
2419 4281 2715 4352 ἀμφότεροι
2742 4281 2849 4352 γάρ
2876 4284 3225 4353 πρωτότοκοι·
3264 4283 3340 4346 ὡς
3372 4285 3698 4354 Μανασσῆς,

2117 4369 2212 4421 καὶ
2244 4370 2487 4441 Συμεών·
2513 4373 2770 4442 ἑκάτερος
2792 4375 2901 4444 γὰρ
2919 4377 2983 4444 τῇ
3014 4375 3180 4445 μητρὶ
3217 4375 3690 4447 αὑτῶνδεὺτερος.

2191 4458 2268 4511 Τὰ
2302 4458 2371 4512 δὲ
2409 4458 2649 4529 ἔκγονα,
2702 4461 2739 4516 ἁ
2769 4462 2880 4518 ἐὰν
2935 4465 3237 4533 γεννήσῃς
3284 4468 3435 4535 μετὰ
3479 4467 3693 4532 ταῦτα,

439 4565 576 4617 mine
593 4564 818 4633 fratrum
859 4581 1072 4618 suorum
1101 4583 1120 4617 .·
1149 4566 1470 4619 vocabuntur
1519 4565 1576 4618 in
1621 4581 1800 4618 eorum
1853 4567 2012 4618 sorti-

2154 4563 2361 4602 σονται
2393 4552 2490 4605 ἐπὶ
2533 4551 2616 4617 τῷ
2666 4555 2906 4624 ὀνόματι
2963 4556 3082 4610 τῶν
3131 4557 3412 4628 ἀδελφῶν
3467 4559 3690 4616 αὐτῶνο

440 4654 533 4707 bus
559 4654 623 4708 ".
661 4653 788 4720 Alii,
823 4656 1018 4724 inquit,
1047 4655 1142 4709 lilii
1183 4671 1320 4724 quos
1363 4655 1636 4725 genueris,
1670 4657 2010 4726 cognomini-

2154 4641 2522 4709 ..ῑηθήσονται
2573 4645 2644 4697 ἐν
2689 4646 2813 4711 τοῖς
2857 4647 3106 4700 ἐκείνων
3148 4649 3411 4719 κλήροις.
3458 4655 3518 4706 Ol
3564 4655 3691 4709 lod—

437 4747 539 4800 bus
602 4745 826 4800 fratrum
887 4762 1110 4800 suorum
1161 4747 1408 4802 tribubus
1459 4748 1900 4802 accensebuntur
1954 4749 2008 4804 in

2159 4749 2288 4795 ενοι,
2331 4734 2515 4804 φησὶν,
2557 4734 2733 4807 ἓτεροι
2765 4739 2952 4804 παῖδές
2981 4757 3074 4793 σου
3104 4745 3224 4805 ταῖς
3252 4743 3558 4816 ἐπωνύμοις
3583 4765 3691 4816 φυ-

440 4837 676 4907 partinm
705 4837 992 4894 divisione.

2154 4826 2228 4888 ιῖς
2255 4824 2364 4878 τῶν
2407 4825 2647 4895 ἀδελφῶν
2689 4829 2867 4884 αὐτῶν
2910 4832 3267 4905 ταχοήσονται
3303 4837 3360 4889 ὲν
3387 4840 3452 4908 τῇ
3492 4837 3693 4910 κληρο-

2154 4915 2279 4967 mla.

2171 4931 2279 4968 σια.

518 5019 710 5075 Videns
733 5030 905 5075 autem
937 5020 1105 5076 Israel
1133 5022 1270 5090 ﬁlios
1299 5021 1519 5089 Ioseph,
1555 5023 1684 5075 dixit
1705 5039 1724 5075 :
1760 5023 1866 5087 Qui
1886 5032 2004 5075 sunt

2198 5026 2354 5080 Ἰδὼν
2367 5028 2435 5081 δὲ
2467 5030 2704 5100 Ἰσραὴλ
2727 5032 2867 5099 τοὺς
2891 5035 3056 5102 υἱοὺς
3089 5037 3321 5107 Ἰωσὴφ,
3343 5036 3489 5094 εἷπε·
3521 5042 3691 5109 Τίνες

438 5116 526 5170 isti
561 5115 649 5167 "?
677 5125 781 5168 clc.
816 5114 905 5167 llis
946 5115 1126 5168 verbis
1153 5133 1166 5168 :
1209 5113 1398 5167 Videtis
1431 5113 1598 5169 Israel
1625 5115 1762 5177 ﬁlios
1787 5115 2002 5182 Ioseph,

2154 5131 2210 5170 ’οι
2227 5114 2423 5183 οὗτοι;
2453 5121 2547 5173 καὶ
2575 5122 2642 5175 τὰ
2689 5123 2833 5194 ἑξῆς.
2860 5125 3010 5190 Δὸξει
3035 5129 3271 5182 ἐναντίον
3298 5130 3391 5200 τῷ,
3433 5130 3591 5184 Ἰδὼν
3615 5132 3692 5186 δὲ

437 5208 708 5262 videbitur
741 5208 1073 5262 contrarium
1106 5208 1246 5262 istud
1285 5223 1298 5258 :
1333 5205 1486 5260 Oculi
1507 5205 1672 5260 Iacob
1707 5207 2003 5277 caligabant

2154 5209 2359 5278 ’σραὴλ
2395 5212 2534 5277 τοὺς
2565 5215 2734 5295 υἱρὺς
2771 5217 3006 5287 Ἰωσὴφ,
3032 5219 3112 5283 τὸ,
3151 5223 3214 5274 Ol
3249 5223 3538 5292 ὀφθαλμοὶ
3579 5226 3690 5278 'Ia-

432 5318 542 5367 prw
589 5311 846 5354 senectute
878 5299 923 5330 ⁸⁸
956 5299 1103 5363 ,nisi
1152 5297 1296 5353 forte
1341 5301 1478 5353 idem
1536 5300 1607 5352 sit
1655 5299 1841 5353 oculos
1895 5315 2000 5352 non

2154 5299 2234 5355 ὼϐ
2255 5303 2693 5373 ὲϐαρυώπησαν
2723 5309 2842 5363 ἀπὸ
2868 5311 2974 5364 τοῦ
2995 5310 3233 5380 γήρους·
3257 5315 3304 5366 εἰ
3330 5317 3404 5386 μή
3437 5316 3535 5369 ποῦ
3568 5319 3691 5371 ἐστι

435 5408 590 5458 posse
623 5407 868 5464 cernere,
896 5401 953 5444 et
1001 5391 1185 5444 videre
1226 5391 1390 5445 Israel
1427 5406 1610 5446 semen
1643 5388 1862 5460 Ioseph,
1892 5391 2000 5444 Deo

2154 5394 2304 5447 ιύτὸν
2326 5395 2422 5466 τῷ,
2454 5398 2582 5462 τοὺς
2613 5399 2923 5472 ὀςςθαλμοὺς
2956 5404 3030 5476 μὴ
3061 5405 3318 5460 δύνασθαι
3344 5408 3586 5478 βλέπειν,
3623 5410 3692 5464 τὸ

437 5482 534 5550 ipsi
568 5481 745 5535 futura
769 5483 1198 5535 demonstratae.

2154 5488 2237 5539 ξεῖν
2274 5487 2364 5542 τὸν
2427 5489 2642 5562 Ἰσραὴλ
2682 5493 2743 5546 τὸ
2783 5495 3000 5566 σπέρμα
3041 5497 3136 5551 τοῦ
3179 5500 3395 5571 Ἰωσὴφ,
3419 5501 3511 5554 τοῦ
3547 5503 3692 5558 Θεοῦ

2104 5577 2372 5644 δείξαντος
2405 5581 2554 5653 αὐτῷ
2583 5583 2654 5637 τὰ
2679 5587 3038 5659 γενησόμενα.

505 5712 892 5802 ’ἲῆρριμκω-ιι,
933 5717 1015 5769 l0.
1061 5718 1104 5746 “
1137 5715 1291 5781 Ibi-L,
1329 5717 1405 5770 I7.
1453 5718 1498 5747 ⁵³
1524 5717 1630 5769 Ibid
1661 5759 1674 5778 ,
1710 5718 1795 5772 l?.
1839 5720 2030 5775 “Gen,

2258 5725 2311 5802 :7
2339 5724 2651 5792 Gemitu",
2675 5729 2776 5802 7179.
2855 5731 2900 5761 ⁸³
2930 5731 3038 5786 Ibid
3069 5771 3084 5798 ,
3108 5731 3198 5788 20.
3243 5734 3288 5766 "
3321 5732 3456 5790 Gen.
3491 5750 3690 5802 XLVIII,

433 5781 489 5835 ς.
531 5783 576 5812 σο
608 5781 760 5848 Ibid,
795 5786 843 5837 ιι.
882 5781 885 5782 ⁷
944 5788 982 5814 σε
1022 5789 1175 5850 Ιυξ‹1.,
1212 5787 1261 5839 5.
1342 5791 1384 5819 σε
1430 5787 1541 5839 tam
1574 5828 1585 5851 ,
1621 5790 1668 5839 υ.
1750 5790 1792 5819 σε
1819 5791 1973 5853 lbi.l.,
2009 5792 2030 5845 ε

2173 5793 2220 5826 ⁸⁸
2251 5795 2385 5849 Gen.
2424 5781 2753 5862 XI.VIII,7'll.l—.
