3978 6504
334 332 446 386 145

1571 331 1636 386 IN
1677 329 1980 386 GENESIM
2022 329 2306 385 llOMlLlA
2335 332 2374 385 1.

3479 334 3580 387 HG

421 453 710 518 Ἐκῖείνας
752 452 819 506 δὲ
878 452 1114 521 Ἰσραὴλ
1162 453 1273 521 τὴν
1319 453 1487 524 χεῖρα
1535 455 1648 523 τὴν
1680 454 1905 518 δεξιὰν,

2080 454 2186 524 52
2219 454 2513 508 Extendens
2537 464 2708 509 autent
2737 453 2908 510 Israel
2928 471 3138 509 manum
3162 454 3448 520 dexterum,
3480 459 3578 509 int-

328 543 629 597 éxéé’aler
646 543 742 596 ἐπὶ
770 543 886 610 τὴν
915 543 1188 612 κεφαλὴν
1221 546 1482 614 Ἐφραΐμ.
1519 547 1636 599 Ὅτι
1665 563 1910 618 παρηκο-

330 633 558 686 λούῡουν
591 635 640 687 οἱ
665 635 938 706 προφῆται
964 635 1208 699 νοοῦντες
1240 638 1369 708 περὶ
1404 631 1478 690 ὧν
1520 639 1910 708 προεφήτευον.

345 723 564 792 Ἀμέλει
593 723 730 793 μετὰ
762 723 934 777 ταῦτα
966 723 1075 777 τῶν
1108 724 1238 778 δέκα
1280 725 1461 795 φυλῶν
1495 727 1719 798 ἐξῆρχεν
1753 728 1786 798 ὴ
1819 726 1912 780 τοῦ

341 811 586 884 Ἐφραῒμ
635 815 796 886 φυλή.
840 815 929 880 Ἐξ
953 817 1117 870 αὑτοῦ
1151 817 1260 888 γὰρ
1288 821 1316 871 ὁ
1359 819 1627 890 μακάριος
1656 818 1859 888 Ἰησοῦς
1886 819 1914 870 ὁ

329 904 429 958 τοῦ
457 905 630 975 Ναυῆ,
661 905 915 978 ἀληθινὸς
943 907 1112 971 τύπος
1141 908 1216 962 ὢν
1243 909 1335 962 τοῦ
1360 909 1616 982 Χριστοῦ,
1647 912 1916 981 κατήγετο

330 997 394 1049 ἐν
421 999 532 1058 τοῖς
569 997 870 1066 Ἀριθμοῖς.
900 999 990 1052 Διὸ
1019 999 1227 1052 καὶτοῦ
1272 1000 1466 1072 Ἰωσὴφ
1495 999 1606 1072 (50)
1638 1005 1670 1072 ἡ
1701 1000 1914 1070 εὐλογία

330 1089 420 1142 ἐπ’
457 1089 620 1142 αὑτὸν
647 1091 998 1162 ἀναφέρεται.

412 1180 658 1244 [Ionicae
698 1199 773 1234 σε
825 1185 857 1236 ό
918 1183 1058 1249 Θεὸς
1114 1185 1196 1250 ὡς
1240 1185 1508 1252 Ἐφραθμ,
1541 1183 1634 1235 καὶ
1671 1183 1750 1247 ὡς
1792 1186 1912 1235 Μα-

329 1271 559 1338 νασσῆ·
611 1273 710 1325 καὶ
758 1273 934 1340 ἔθηκε
976 1276 1082 1327 τὸν
1144 1277 1390 1345 Ἐφραῒμ
1431 1277 1768 1345 ἔμπροσθεν
1808 1273 1914 1326 τοῦ

327 1363 656 1432 Μανασσῆ.
717 1365 1002 1436 Εὐκαίρως
1055 1369 1235 1442 χρήσῃ
1295 1368 1374 1438 τῷ
1436 1366 1584 1439 ῥητῷ
1646 1368 1774 1436 περὶ
1819 1365 1912 1420 τοῦ

327 1456 392 1510 ἐν
428 1461 698 1529 προσευχῇ
727 1458 1036 1530 ἔμπροσθεν
1062 1461 1282 1514 ἑστάναι
1304 1461 1394 1514 τὸν
1425 1459 1770 1530 τιμιώτερον.

404 1549 655 1618 Κὰμψας
707 1552 1067 1618 κατεκλίθης
1107 1553 1187 1618 ὡς
1233 1553 1409 1623 λέων,
1464 1551 1566 1604 καὶ
1610 1551 1690 1616 ὡς
1722 1549 1913 1617 σκύμ-

327 1657 459 1705 νος.
521 1641 624 1693 Τὸν
686 1643 808 1694 κατ’
860 1643 1173 1713 οἰκονομίαν
1236 1643 1465 1698 θάνατον
1525 1641 1780 1713 σημαίνει
1832 1640 1911 1704 τὸ,

325 1731 688 1798 κατελιλίθης
733 1732 863 1803 (51).
921 1734 1070 1787 Δάων
1129 1735 1278 1788 ἐστὶν
1327 1737 1356 1802 ῥ
1401 1735 1635 1806 Χριστὸς
1665 1736 1777 1796 τοῖς
1830 1749 1912 1784 τε-

2011 547 2182 615 posuit
2235 561 2392 612 super
2437 556 2591 611 caput
2658 545 3008 614 Epltraim”.
3053 546 3333 614 Propheta:
3385 548 3581 616 quippe

2013 650 2137 690 cum
2167 651 2227 690 ea
2251 637 2314 689 de
2338 635 2532 704 quibus
2555 638 2948 706 pr0pbetabant
2967 639 3351 708 intelligerent,
3372 639 3582 693 actibus

2012 727 2252 782 externis
2281 726 2365 780 illa
2397 727 2786 794 expritoehant.
2811 725 3075 783 Nimirum
3105 738 3225 798 post
3255 729 3369 782 haec
3394 727 3579 782 decem

2017 819 2262 874 tribubus
2294 818 2504 888 prtel'uil
2538 820 2709 873 tribus
2734 819 3008 887 Epltraitn.
3033 821 3111 876 Ab
3138 822 3254 890 ipso
3285 821 3429 874 enim
3454 820 3579 873 bea-

2017 917 2102 964 tus
2139 908 2300 964 Jesus
2328 909 2472 964 Nave
2502 911 2592 979 qui
2623 925 2747 964 vera
2794 909 2895 962 l'uit
2940 909 3138 965 Christi
3189 911 3384 980 figura,
3431 919 3582 963 ortus

2013 1007 2119 1064 est,
2146 1009 2206 1054 ut
2235 1001 2417 1057 videre
2446 1011 2530 1056 est
2559 1001 2612 1056 in
2654 1000 2926 1056 Numeris.
2968 1001 3307 1071 Quapropter
3341 1013 3395 1057 et
3415 1001 3582 1058 Jacob

2003 1093 2322 1160 benedictio
2352 1096 2417 1149 ad
2446 1096 2620 1165 ipsum
2647 1108 2862 1163 quoque
2885 1095 3142 1164 pertinet.

2090 1186 2272 1240 Faciat
2303 1188 2396 1240 tibi
2417 1187 2560 1240 Deus
2581 1189 2712 1240 sicut
2757 1186 3006 1257 Epkraim
3039 1197 3086 1241 et
3129 1185 3377 1240 Manasse
3411 1205 3430 1243 :
3457 1203 3584 1241 con-

2014 1277 2282 1346 stituitque
2339 1275 2598 1344 Ephraim
2648 1287 2772 1331 ante
2825 1276 3109 1331 Manassen
3157 1278 3222 1332 “.
3273 1275 3581 1346 Opportune

2015 1368 2186 1421 uteris
2223 1369 2310 1422 his
2359 1369 2573 1432 verbis,
2617 1379 2677 1423 ut
2728 1369 2781 1424 in
2837 1370 3084 1424 oratione
3150 1368 3578 1436 praestantiorem

2016 1460 2172 1514 alteri
2215 1459 2491 1529 pra-feras.

2086 1551 2377 1606 Incurvans
2403 1553 2685 1606 reclinatus
2710 1569 2764 1608 es
2779 1553 2912 1608 sicut
2941 1553 3043 1618 leo,
3059 1562 3106 1608 et
3131 1553 3265 1607 sicut
3292 1549 3499 1605 catulus
3511 1550 3576 1603 ".

2013 1643 2146 1697 Eam
2173 1660 2336 1713 quam
2379 1659 2444 1698 ex
2483 1645 2889 1714 dispensatione
2944 1645 3167 1715 pertulit
3221 1653 3470 1706 tnortem,
3511 1642 3581 1698 si-

2015 1737 2230 1805 gniﬁcat
2266 1736 2414 1799 illud,
2450 1737 2729 1790 reclinatus
2751 1754 2829 1792 es.
2860 1735 2968 1791 Leo
3005 1746 3087 1792 est
3117 1735 3364 1791 Christus
3397 1735 3461 1790 iis
3487 1733 3579 1804 qui

326 1817 494 1882 λείως
561 1820 1003 1892 ἀποθηριωθεῖσι·
1073 1827 1186 1888 τοῖς
1245 1824 1302 1877 δὲ
1378 1825 1458 1878 ἐτι
1526 1824 1908 1893 εἰσαγωγικοῖς

2020 1828 2232 1881 οιιιιιίιιο
2269 1828 2550 1892 ferociunt,
2574 1829 2640 1881 iis
2676 1843 2807 1882 vero
2828 1832 2919 1896 qui
2953 1827 3128 1883 adhuc
3161 1826 3458 1896 disciplinae
3487 1839 3580 1879 ca-

325 1911 436 1964 σκὺ
444 1929 590 1982 μνος.

2015 1931 2173 1984 paces
2203 1926 2350 1980 sunt,
2383 1919 2615 1972 catulus.

367 2065 3576 2095 Μ

887 2241 1788 2404 ORIGENIS
1897 2248 2102 2400 IN
2185 2243 3031 2403 GENESIM

1573 2539 2292 2668 HOMILI/E
2413 2619 2416 2622 -

1241 2793 2014 2888 INTERPRETE
2097 2777 2722 2888 RUFINO“.

841 3120 1120 3178 HOMILIA
1161 3120 1396 3180 PRIMA.

408 3215 479 3269 De
503 3223 622 3268 ortu
649 3215 830 3270 mundi
853 3225 898 3269 et
917 3230 1094 3269 eorum
1123 3230 1240 3284 qua:
1269 3214 1324 3267 in
1347 3213 1539 3268 mundo
1568 3214 1840 3286 sunt(55).

407 3309 472 3362 1η
501 3308 755 3378 principio
781 3307 894 3380 (54)
927 3309 1124 3361 creavit
1166 3305 1306 3360 Deus
1333 3305 1514 3360 caelum
1537 3315 1586 3360 et
1621 3316 1817 3362 terram
1844 3307 1912 3363 ⁸⁸.

320 3401 485 3468 Quod
503 3413 586 3456 est
605 3400 844 3455 omnium
869 3398 1216 3470 principium,
1241 3399 1344 3453 nisi
1365 3398 1624 3454 Dominus
1641 3407 1848 3462 noster,
1863 3405 1918 3452 et

322 3493 586 3548 Salvator
599 3491 840 3546 omnium
862 3489 1115 3546 Christus
1135 3489 1316 3569 Jesus,
1333 3490 1724 3561 primogenitus
1742 3488 1918 3544 omnis

329 3585 706 3642 crcaturmﬂn
725 3585 827 3640 hoc
844 3599 974 3653 ergo
991 3583 1278 3654 principio,
1297 3584 1398 3638 hoc
1414 3592 1516 3646 est,
1539 3583 1773 3638 inVerbo
1795 3597 1915 3647 suo,

331 3681 484 3735 Deus
502 3679 693 3734 υωιιιιη
712 3686 767 3732 et
787 3687 984 3731 terram
1005 3677 1131 3732 fecit
1145 3691 1160 3729 :
1175 3677 1318 3731 sicut
1339 3684 1392 3730 et
1406 3675 1740 3745 evangelista
1755 3673 1920 3729 Joan-

326 3784 435 3824 nes
461 3771 512 3823 in
547 3769 702 3822 initio
740 3767 1018 3837 Evangelii
1052 3768 1132 3822 sui
1166 3767 1262 3834 ait,
1285 3765 1472 3822 dicens
1504 3785 1516 3820 :
1551 3765 1617 3820 In
1651 3766 1918 3836 principio

327 3870 449 3913 erat
483 3858 732 3921 Verbum,
751 3867 800 3913 et
826 3857 1047 3912 Verbum
1065 3868 1176 3912 erat
1200 3858 1342 3926 apud
1361 3857 1548 3921 Deum,
1569 3865 1618 3910 et
1645 3855 1782 3911 Deus
1806 3866 1918 3910 erat

339 3948 593 4004 Verbum.
639 3949 752 4002 Hoc
801 3959 912 4002 erat
948 3950 1000 4002 in
1036 3949 1297 4016 principio
1327 3948 1466 4014 apud
1497 3948 1681 4000 Deum.
1723 3944 1916 3998 Omnia

326 4057 430 4110 per
459 4042 626 4108 ipsum
657 4040 803 4109 facta
831 4047 974 4105 sunt,
1006 4049 1051 4092 et
1075 4039 1186 4092 sine
1211 4039 1321 4107 ipso
1354 4037 1552 4107 factum
1585 4050 1658 4092 est
1685 4036 1818 4090 nihil
1849 4035 1917 4084 ".

331 4132 459 4187 Non
486 4148 611 4202 ergo
631 4133 716 4186 hic
742 4131 1036 4200 temporale
1058 4130 1273 4199 aliquod
1293 4129 1617 4198 principium
1636 4128 1768 4182 dicit
1789 4143 1802 4180 :
1821 4127 1918 4182 sed

330 4226 394 4279 in
423 4225 708 4294 principio,
729 4224 877 4278 idest
901 4224 954 4278 in
988 4222 1267 4276 Salvatore
1291 4221 1492 4275 factum
1517 4235 1638 4276 esse
1661 4220 1792 4277 dicit
1813 4232 1920 4274 cte-

334 4317 453 4370 lum
486 4325 540 4369 et
571 4325 796 4379 terram,
827 4325 882 4369 et
917 4313 1097 4368 omnia
1124 4327 1240 4380 qua:
1270 4311 1410 4366 facta
1446 4320 1592 4366 sunt.
1621 4310 1786 4364 Terra
1815 4325 1915 4362 au-

328 4418 440 4461 tem
473 4417 584 4460 erat
613 4407 884 4461 invisibilis
900 4413 948 4459 et
967 4406 1332 4474 incomposita,
1354 4415 1399 4457 et
1418 4403 1640 4457 tenebrae
1661 4409 1809 4455 erant
1830 4416 1915 4454 su-

1937 3127 1982 3186 C
2011 3104 2165 3193 jubet
2196 3123 2334 3191 ﬁeri,
2361 3130 2419 3177 et
2448 3121 2551 3179 hoc
2603 3122 2802 3179 coelum
2833 3122 3068 3194 appellat
3099 3142 3113 3179 :
3139 3140 3263 3182 cum
3303 3127 3370 3181 ad
3407 3128 3584 3198 ipsum

2019 3215 2196 3271 locum
2249 3218 2576 3280 venerimus,
2627 3215 2825 3271 ibidem
2879 3216 3205 3274 differentiae
3270 3221 3409 3276 ratio
3459 3220 3585 3276 coeli

2019 3306 2452 3377 ﬁrmamentique
2473 3307 2701 3373 dicetur,
2730 3321 2829 3362 cur
2855 3309 3020 3362 etiam
3061 3308 3462 3366 ﬁrmamentum
3483 3325 3586 3380 ap-

2017 3396 2271 3466 pellatum
2297 3399 2372 3454 sit
2399 3396 2617 3454 caelum.
2640 3395 2794 3454 Nunc
2819 3408 3000 3454 autem
3025 3400 3135 3455 ait:
3160 3399 3402 3456 Tenebrae
3434 3409 3587 3456 erant

2015 3505 2176 3557 super
2213 3489 2477 3559 abyssum.
2501 3487 2632 3556 Qua:
2656 3498 2743 3544 est
2795 3490 3023 3560 abyssus
3051 3489 3190 3544 illia
3223 3491 3481 3545 nimirum
3532 3493 3584 3546 in

2019 3594 2124 3648 qua
2177 3580 2284 3633 erit
2317 3578 2568 3633 diabolus
2592 3587 2647 3632 et
2676 3577 2850 3647 angeli
2879 3579 2995 3646 ejus
3044 3579 3176 3649 (55).
3203 3579 3442 3650 Denique
3483 3584 3585 3636 hoc

2022 3667 2465 3723 manifestissime
2487 3674 2542 3722 et
2578 3666 2633 3720 in
2657 3665 2950 3734 Evangelio
2978 3665 3318 3735 designatur,
3349 3681 3469 3720 cum
3501 3668 3583 3722 (Ιί-

2022 3761 2163 3818 citur
2191 3761 2257 3815 de
2306 3760 2590 3814 Salvatore
2611 3759 2660 3790 '°
2699 3775 2713 3812 :
2751 3757 2815 3812 Et
2860 3762 3112 3830 rogabant
3164 3759 3430 3812 dwmonia
3468 3773 3585 3827 qua:

2018 3852 2279 3921 ejiciebat,
2320 3868 2382 3905 ne
2417 3851 2627 3922 jubere:
2650 3867 2712 3904 ea
2769 3851 2846 3906 ire
2873 3852 2928 3906 in
2989 3851 3252 3921 abyssum.
3293 3849 3586 3918 Propterea

2020 3960 2151 4016 ergo
2183 3947 2326 4000 Deus
2357 3943 2519 3999 solvit
2553 3942 2827 4009 tenebras,
2854 3943 3072 3999 dicente
3096 3942 3377 4012 Scriptura
3406 3942 3450 3974 '“
3475 3960 3488 3996 :
3514 3938 3584 3994 Et

2019 4038 2154 4092 dixit
2182 4035 2320 4091 Deus
2347 4052 2367 4091 :
2400 4033 2525 4090 Fiat
2555 4034 2686 4099 lux;
2717 4044 2764 4088 et
2785 4034 2927 4103 [acta
2957 4045 3029 4089 est
3050 4035 3164 4088 lux.
3188 4034 3254 4088 Et
3279 4035 3404 4088 uidit
3441 4032 3584 4086 Deus

2014 4127 2203 4190 lucem,
2225 4130 2350 4199 quia
2373 4129 2506 4183 bona
2530 4139 2624 4188 est,
2650 4137 2698 4182 et
2719 4129 2894 4183 divisit
2920 4127 3058 4182 Deus
3095 4128 3232 4181 inter
3255 4129 3483 4181 medium
3508 4127 3590 4179 lu-

2011 4221 2084 4276 cis
2113 4231 2161 4275 et
2185 4222 2323 4275 inter
2350 4222 2578 4276 medium
2604 4222 2956 4276 tenebrarum.
2993 4219 3057 4273 Et
3085 4219 3188 4289 53
3217 4221 3418 4274 vocavit
3450 4219 3587 4272 Deus

2019 4309 2210 4373 lucem,
2231 4309 2415 4374 diem;
2448 4316 2497 4362 et
2538 4308 2777 4362 tenebras
2810 4311 3007 4362 vocavit
3042 4318 3260 4362 noctem.
3298 4305 3364 4360 Et
3391 4307 3586 4376 factum

2000 4411 2096 4456 -est
2119 4417 2346 4470 vespere,
2369 4408 2418 4454 et
2444 4400 2644 4470 factum
2666 4409 2740 4454 est
2774 4415 2948 4464 mane,
2977 4399 3088 4453 dies
3119 4415 3243 4452 una.
3275 4397 3586 4453 Secundum

332 4515 436 4569 per
454 4499 720 4568 abyssum,
745 4510 790 4552 et
820 4497 1048 4567 Spiritus
1081 4498 1175 4552 Dei
1226 4496 1494 4567 ferebatur
1527 4509 1684 4561 super
1722 4507 1910 4559 aquas.
1945 4476 1988 4532 ί)
2020 4495 2260 4550 litteram
2294 4492 2438 4548 Deus
2468 4501 2524 4546 et
2571 4492 2746 4547 lucem
2795 4502 2952 4547 vocat
3005 4493 3170 4558 diem,
3219 4500 3274 4545 et
3333 4491 3588 4544 tenebras

332 4592 635 4647 Invisibilis
661 4603 714 4648 et
744 4594 1099 4660 incumposita
1141 4603 1282 4646 terra
1327 4599 1746 4656 eratantequam
1779 4586 1919 4641 Deus

332 4682 572 4747 diceret,
599 4681 723 4736 Fiat
751 4684 864 4744 lux,
891 4694 944 4738 et
975 4693 1260 4752 antequam
1293 4681 1562 4734 divideret
1583 4677 1917 4734 interlucem

334 4783 400 4826 et
429 4775 694 4837 tenebras,
729 4777 1024 4829 secundum
1061 4775 1202 4844 quod
1242 4773 1512 4828 sermonis
1552 4773 1686 4827 ordo
1738 4769 1918 4825 decla-

330 4876 448 4920 rat.
475 4865 664 4918 Verum
688 4866 941 4936 quoniam
961 4866 1012 4920 in
1035 4864 1494 4935 consequentibus
1518 4863 1918 4917 firmamentum

429 4984 475 5014 ⁸⁸
512 4981 646 5036 Gcn.
682 4997 872 5043 vam,
907 4981 990 5034 14.
1068 4981 1113 5013 ⁶⁶
1165 4981 1318 5046 lbid.,
1347 4979 1437 5034 21).
1514 4979 1557 5010 ⁸⁷
1590 4977 1726 5034 Gen.
1760 4994 1908 5045 XLIX,
1933 4977 1987 5033 9.

331 5054 435 5110 3|.
513 5052 558 5084 '“
594 5051 730 5107 Gen.
758 5067 798 5115 ι,
838 5053 894 5110 5.
932 5052 987 5115 4,
1018 5051 1072 5106 5.

419 5144 530 5214 (50)
575 5143 817 5213 Ἰωσήφ.
861 5144 1166 5212 Lugendum
1201 5142 1412 5197 videtur
1456 5139 1665 5214 ’laxtbii.

291 5251 308 5259 ι
418 5207 532 5287 (Si)
565 5207 960 5287 Κατειὶζλίθηςῖ
1000 5215 1186 5287 Lectio
1199 5223 1282 5268 est
1307 5213 1630 5287 Aquila-,qui
1657 5210 1745 5287 ubi
1775 5207 1918 5287 LXX

332 5279 626 5339 verterunt
651 5279 940 5338 ἀναπεσὼν
969 5284 1285 5359 ἐκοιμήθης,
1312 5279 1426 5354 ipse
1471 5279 1744 5336 transtulit
1780 5279 1922 5351 κάμ-

332 5356 454 5407 ψας
482 5356 823 5407 κατεκλίοιης.

387 5373 454 5418 ας
482 5357 823 5418 κατεκλίοης.

331 5375 454 5427 φας
482 5375 823 5426 κατεκλιυης.

421 5427 533 5494 (5‘2)
561 5426 781 5480 ΟυΙΙίὶΙίυ
835 5435 960 5479 sunt
1010 5425 1090 5478 hae
1137 5423 1373 5477 homilite
1418 5437 1537 5476 cum
1575 5436 1706 5494 mss.
1745 5419 1918 5494 tribus

338 5489 785 5563 TII‘I'OIIICIISIDIIS,
817 5507 980 5564 atque
1016 5510 1122 5549 uno
1149 5492 1627 5564 Sangermauensi,
1663 5489 1920 5564 uno_Bcl-

334 5570 710 5627 vaccnsi.uno
745 5561 1131 5628 Geméticensi,
1162 5561 1286 5617 uno'
1308 5563 1620 5626 Bhemensi,
1657 5571 1710 5615 et
1749 5561 1920 5615 altero

342 5639 672 5696 monasterii
707 5637 892 5692 Sancti
926 5634 1244 5688 Theudorici
1275 5650 1440 5702 prope
1473 5634 1730 5686 libemos.

423 5709 537 5780 (55)
574 5708 648 5762 De
672 5720 791 5780 ortu
817 5705 1016 5780 mundi.
1049 5717 1093 5780 et
1118 5720 1292 5780 eorum
1334 5705 1749 5780 qurein‘ntundo
1776 5708 1919 5780 sunt.

346 5773 628 5838 ht'cudicc
683 5776 1002 5833 Bclvnccnsi
1035 5777 1222 5830 titulus
1248 5784 1330 5830 cst
1377 5791 1389 5828 :
1424 5773 1497 5828 De
1527 5773 1678 5826 initio
1711 5779 1921 5826 creatu-

2019 4583 2598 4641 noctem.'Secundum
2629 4583 2970 4654 spiritualem
3003 4599 3130 4639 vero
3174 4582 3589 4652 intelligentiam

2021 4677 2300 4732 videamus
2355 4676 2485 4740 quid
2533 4676 2602 4730 sit
2637 4676 2800 4744 quod,
2837 4691 2959 4731 cum
3017 4676 3156 4729 Deus
3190 4678 3241 4728 in
3297 4675 3449 4728 initio
3473 4673 3588 4736 illo.

2019 4773 2160 4841 quod
2200 4772 2448 4838 superius
2493 4769 2746 4832 diximus,
2783 4767 2974 4822 fecerit
3021 4768 3215 4821 caelum
3261 4775 3315 4820 et
3364 4773 3589 4826 terram,

2021 4865 2219 4917 dixerit
2255 4875 2471 4932 quoque
2500 4870 2555 4914 ut
2587 4859 2674 4913 lu)
2730 4859 2902 4924 ﬁeret,
2937 4867 2991 4914 et
3022 4858 3266 4913 diviserit
3297 4858 3438 4910 inter
3473 4867 3588 4908 me-

2064 4977 2110 5009 “
2131 4979 2329 5034 Cenes.
2363 4991 2400 5043 ι,
2435 4977 2489 5033 1.
2562 4975 2607 5007 ⁵⁸
2635 4973 2792 5030 Joan.
2843 4989 2880 5040 I,
2910 4974 2958 5038 l,
2983 4973 3039 5040 2,
3071 4973 3126 5028 5.
3232 4973 3277 5003 ⁷ο
3303 4971 3438 5027 Luc.
3470 4984 3589 5037 vm,

2023 5150 2205 5190 rarum
2236 5133 2354 5189 Dei.

2094 5204 2206 5275 (54)
2240 5204 2302 5258 ln
2331 5203 2608 5275 principio,
2636 5210 2743 5257 etc.
2768 5199 2834 5275 Ain
2869 5208 3060 5275 catena
3090 5197 3355 5275 Romana,
3393 5199 3586 5275 triplici

2023 5269 2213 5346 Regia,
2261 5269 2340 5328 et'
2369 5269 2538 5346 altera
2587 5287 2714 5346 qua;
2761 5271 2872 5346 fuit
2911 5269 3588 5346 cardinalis_Mazarini_in

2023 5339 2166 5401 hunc
2192 5360 2409 5398 versum
2440 5343 2542 5398 sub
2577 5339 2791 5397 nomine
2829 5339 3086 5412 ίἈκακίου
3136 5339 3330 5412 legitur
3363 5357 3376 5392 :
3409 5341 3590 5412 évdtpe

2023 5419 2115 5488 xi),
2143 5426 2247 5488 etc.
2301 5416 2358 5468 '0
2377 5414 2442 5488 Δδὲ
2488 5413 2765 5488 Ὠριγένης
2792 5411 2872 5488 Eb,
2890 5413 2973 5488 __t'-:_v
3001 5412 3164 5488 apxﬁ,
3194 5408 3439 5488 βούλεται
3457 5408 3592 5488 ’ἀγοὶ

2027 5480 2140 5548 ἓόῠ,
2173 5487 2230 5538 ὲν
2265 5485 2447 5554 σοφία,
2479 5480 2828 5552 meamea»
2855 5481 2988 5552 Υἱῷ.
3014 5480 3179 5554 illud,
3215 5481 3587 5554 in_principieiv,

2030 5557 2279 5679 grigenes
2307 5549 2495 5625 accipit
2521 5571 2615 5624 pro
2658 5569 2739 5619 eo,
2797 5549 2853 5608 in
2909 5549 3210 5624 sapientia,
3267 5549 3364 5602 ltoc
3405 5562 3502 5614 est,
3539 5553 3592 5602 iu

2065 5625 2194 5679 ‘ilio.

2065 5625 2194 5680 ’ilio.

2101 5696 2213 5768 (55)
2249 5694 2746 5768 Qumestabyssns?
2768 5692 2861 5768 illa
2891 5691 3136 5743 nimirum
3159 5691 3208 5768 in
3231 5705 3334 5759 qna
3359 5693 3453 5768 erit
3481 5691 3592 5768 dia-

2032 5761 2204 5835 bolus,
2227 5761 2332 5824 etc.
2374 5765 2430 5820 In
2451 5761 2638 5822 iisdem
2662 5763 2877 5820 Catenis
2905 5768 3082 5817 exstat
3109 5761 3209 5816 sub
3234 5764 3449 5816 nomine
3479 5764 3592 5812 Διο-
