3978 6500
506 320 604 374 ΗἹ

1955 308 2277 366 ORIGENZS

3644 302 3743 356 MS

503 441 652 494 dium
678 439 815 494 lucis
847 445 902 493 et
925 437 1364 497 tenebrarum,et
1392 434 1666 489 vocaverit
1697 433 1870 488 lucem
1905 433 2073 499 diem,
2104 437 2149 492 A
2179 434 2298 486 dus.
2364 432 2592 488 Studeat
2634 446 2766 502 ergo
2817 429 3191 500 unusquisque
3245 437 3494 484 nostrum
3546 427 3750 482 divisor

502 544 558 588 et
591 532 835 589 tenebras
878 540 1111 592 noctem,
1145 538 1200 583 et
1243 528 1441 582 dixerit
1470 529 1594 596 quia
1640 528 1842 582 factum
1884 536 1966 582 est
1992 541 2076 582 ve.

505 641 684 694 sprre,
709 636 759 676 et
792 626 990 678 factum
1028 631 1112 676 est
1161 636 1320 675 mane
1353 640 1366 676 :
1409 638 1512 676 non
1552 621 1706 685 dixit,
1737 621 1852 674 dies
1880 621 2070 687 prima,

505 717 600 770 sed
625 717 775 779 dixit,
810 714 924 768 dies
953 729 1080 766 una.
1109 713 1246 780 Quia
1267 723 1480 782 tempus
1514 713 1747 766 uetulum
1776 721 1895 765 erat
1924 720 2076 764 ante-

505 822 666 876 quam
719 817 860 860 esset
899 807 1148 858 mundus.
1197 803 1432 875 Tempus
1473 814 1650 857 autem
1688 818 1807 857 esse
1856 803 2076 869 ἰηςαψίι

505 914 570 953 ex
619 898 1087 967 consequentibus
1138 898 1348 952 diebus.
1381 896 1628 951 Secunda
1660 911 1890 963 namque
1937 895 2073 961 dies,

505 1000 560 1046 et
616 992 778 1046 terlia
815 992 951 1056 dies,
981 1001 1036 1045 et
1062 1001 1279 1061 quarta,
1307 999 1361 1044 et
1392 989 1612 1058 reliquie
1651 1002 1841 1043 omnes
1865 996 2077 1056 tempus

503 1081 779 1151 incipiunt
819 1085 1122 1152 designare.

575 1173 629 1226 2.
692 1172 758 1227 Et
817 1171 964 1226 Dixit
1003 1171 1142 1227 Deus
1195 1186 1213 1223 :
1277 1171 1403 1224 Fiat
1425 1170 1806 1238 ﬁrmamentum
1831 1170 1884 1222 in
1909 1170 2076 1222 medio

505 1283 658 1335 aquw
680 1306 693 1330 ,
722 1276 767 1319 et
801 1267 866 1319 sit
898 1265 1134 1318 dividens
1171 1265 1308 1316 inter
1357 1263 1587 1315 medium
1620 1278 1770 1332 aqua:
1813 1271 1862 1315 et
1903 1277 2074 1331 aqutr.

509 1355 574 1410 Et
605 1357 800 1426 factum
837 1369 910 1411 est
941 1358 1036 1411 sic.
1087 1356 1153 1409 Et
1204 1355 1324 1423 fecit
1383 1354 1520 1408 Deus
1563 1355 1952 1422 ﬁrmamentum
1997 1355 2068 1406 τ’.

504 1450 638 1504 Cum
661 1450 774 1518 jam
801 1459 958 1504 antea
1014 1449 1151 1503 Deus
1201 1446 1425 1501 fecisset
1458 1447 1679 1512 cadum,
1718 1461 1861 1499 nunc
1894 1443 2076 1497 ﬁrma-

505 1548 748 1593 mentum
793 1539 940 1594 facit.
990 1539 1142 1592 Fecit
1189 1540 1338 1592 enim
1398 1538 1594 1593 etclam
1623 1537 1791 1606 prius,
1845 1537 1911 1589 de
1970 1549 2076 1602 quo

505 1631 642 1686 dicit
670 1633 716 1663 ⁷³
754 1630 988 1686 :Cwlum
1024 1631 1150 1684 mihi
1191 1632 1337 1684 sedes
1377 1641 1475 1687 est.
1526 1630 1649 1684 Post
1704 1629 1832 1682 illud
1887 1638 2072 1680 autem

505 1723 908 1778 ﬁrmamentum
972 1720 1133 1786 facit,
1190 1723 1242 1777 id
1295 1733 1417 1789 est,
1477 1736 1797 1790 corporeum
1852 1721 2073 1776 cmlum.

2186 542 2340 596 aqua:
2377 525 2512 580 ellici
2542 525 2659 593 ejus
2686 540 2806 594 quae
2839 533 2923 579 est
2961 539 3141 594 supra,
3169 531 3222 576 et
3247 538 3366 591 quae
3395 530 3478 576 est
3506 520 3705 574 subtus
3734 536 3747 571 :

2183 635 2290 690 quo
2312 604 2527 675 scilicet
2563 617 2822 687 spiritalis
2857 633 3011 686 aqua:
3041 598 3392 679 intellectum,
3438 624 3492 668 et
3525 612 3751 682 partici-

2183 713 2330 781 pium
2383 713 2603 780 capiens
2649 711 2764 777 ejus
2808 727 2929 780 qua:
2973 719 3058 764 est
3104 725 3267 778 supra
3327 709 3752 771 ﬁrmamentum,

2183 804 2402 872 ﬁumina
2435 805 2499 855 de
2526 812 2700 856 rentre
2724 817 2823 855 suo
2854 803 3050 856 educat
3085 818 3236 870 aqum
3264 803 3391 855 viva:
3427 801 3669 855 salientis
3700 800 3751 852 in

2184 895 2340 948 vitam
2382 905 2627 947 (sternam
2657 894 2725 960 ⁷⁸,
2766 906 3084 964 segregatus
3131 895 3250 948 sine
3289 893 3453 947 dubio
3490 903 3543 948 et
3601 908 3753 961 sepa-

2186 995 2335 1040 ratus
2372 986 2440 1040 ab
2479 1001 2541 1039 ea
2589 1001 2723 1054 aqua
2786 1002 2907 1055 quae
2955 987 3145 1041 subtus
3184 997 3288 1051 est,
3371 984 3423 1039 id
3454 995 3554 1049 est,
3616 999 3751 1053 aqua

2185 1079 2386 1148 abyssi,
2417 1078 2468 1132 iu
2495 1094 2598 1146 qua
2627 1077 2869 1132 tenebra:
2896 1093 3020 1131 esse
3051 1079 3326 1142 dicuntur,
3363 1077 3414 1131 in
3458 1091 3562 1147 qua
3604 1077 3753 1146 prin-

2184 1189 2312 1243 ccps
2350 1174 2507 1243 hujus
2555 1173 2762 1236 mundi,
2797 1183 2852 1228 et
2884 1172 3227 1226 adversarius
3259 1172 3442 1236 draco,
3483 1180 3534 1226 et
3573 1170 3749 1240 angeli

2183 1264 2299 1332 ejus
2337 1264 2616 1326 habitant,
2660 1263 2801 1316 sicut
2841 1263 3094 1332 superius
3135 1263 3430 1317 indicatum
3467 1272 3568 1318 est.
3603 1261 3751 1316 Illius

2183 1370 2310 1426 ergo
2339 1371 2494 1425 aqua:
2536 1369 2788 1424 superna:
2835 1355 3162 1424 participio,
3210 1370 3329 1424 qum
3371 1369 3530 1422 supra
3580 1353 3750 1407 caelos

2183 1463 2301 1502 esse
2321 1447 2537 1512 dicitur,
2566 1447 2934 1514 urmsquisque
2959 1446 3196 1501 ﬁdelimn
3231 1447 3471 1502 cmlestis
3499 1445 3749 1511 efficitur,

2186 1541 2234 1594 id
2269 1547 2374 1603 est,
2408 1555 2532 1593 cum
2569 1554 2792 1594 sensum
2827 1555 2983 1594 suum
3016 1539 3180 1593 habet
3215 1540 3268 1593 in
3297 1539 3482 1593 arduis
3506 1548 3556 1592 et
3580 1539 3753 1593 excel-

2182 1633 2280 1696 sis,
2317 1632 2446 1686 uibil
2495 1634 2559 1687 de
2597 1642 2766 1697 terra,
2797 1633 2892 1687 sed
2926 1640 3096 1687 totum
3134 1632 3201 1686 de
3239 1631 3558 1685 ctelestibus
3595 1632 3752 1699 cogi-

2187 1735 2328 1787 tans,
2363 1741 2478 1793 qute
2511 1741 2719 1778 sursum
2765 1734 2884 1778 sunt
2917 1739 3186 1792 quamius,
3220 1722 3306 1774 ubi
3333 1721 3566 1775 Christus
3598 1732 3674 1775 est
3700 1723 3752 1776 in

503 1817 678 1872 Omne
703 1818 842 1871 enim
877 1833 1074 1886 corpus
1108 1819 1320 1871 lirmum
1354 1829 1436 1869 est
1471 1817 1590 1870 sine
1632 1816 1818 1880 dubio,
1855 1824 1912 1869 et
1945 1813 2076 1868 soli-
2109 1799 2150 1854 Β
2179 1816 2398 1868 dextera
2441 1814 2536 1867 Dei
2566 1812 2748 1867 Patris
2771 1814 2838 1867 ⁷⁷.
2878 1813 3030 1866 Tunc
3075 1812 3217 1865 enim
3248 1821 3305 1865 et
3333 1811 3446 1879 ipse
3485 1825 3546 1864 ea
3594 1810 3754 1863 laude

507 1909 635 1962 dum
659 1925 671 1974 ;
698 1920 750 1964 et
785 1910 885 1964 hoc
917 1921 999 1964 est
1033 1908 1174 1974 quod
1211 1907 1400 1960 dividit
1435 1908 1575 1962 inter
1607 1923 1802 1976 aquam
1845 1922 1966 1976 qua:
1995 1913 2078 1960 est

504 2017 673 2072 super
711 2004 945 2067 caelum,
988 2013 1042 2058 et
1086 2018 1278 2072 aquam
1324 2018 1441 2072 qua:
1472 2013 1553 2057 est
1591 2002 1690 2055 sub
1720 2001 1879 2054 cailo.
1939 2001 2075 2055 Cum

504 2093 652 2147 enim
706 2111 766 2148 ea
805 2111 924 2163 qua:
977 2094 1223 2150 facturus
1269 2104 1388 2148 erat
1419 2093 1581 2157 Deus,
1613 2109 1679 2146 ex
1715 2094 1904 2162 spiritu
1948 2108 2078 2146 cuu-

501 2191 714 2237 starent
752 2195 806 2239 et
837 2201 1090 2252 corpore,
1123 2187 1226 2241 ista
1274 2189 1339 2240 de
1375 2201 1539 2240 causa
1588 2185 1638 2238 iu
1690 2185 1980 2253 principio,
2022 2196 2077 2238 et

501 2287 626 2332 ante
657 2279 834 2332 omnia
874 2281 1072 2334 caelum
1123 2281 1324 2334 dicitur
1373 2278 1614 2341 factum,
1656 2278 1708 2331 id
1751 2287 1853 2338 est,
1899 2277 2076 2330 omnis

500 2371 764 2438 {spiritalis
809 2371 1115 2426 substantia
1163 2370 1332 2441 (56),
1383 2388 1545 2439 super
1606 2386 1768 2440 quam
1820 2369 1966 2422 velut
2021 2367 2072 2421 in

498 2464 702 2520 throno
767 2467 1002 2533 quodam
1055 2473 1110 2519 et
1165 2466 1292 2519 sede
1357 2465 1497 2518 Deus
1544 2462 1858 2533 requiescit.
1929 2461 2074 2516 Istud

502 2564 682 2607 autem
727 2555 948 2618 ctelum,
1001 2555 1050 2609 id
1102 2565 1206 2616 est.
1260 2554 1696 2619 ﬁrmamentum,
1749 2568 2072 2621 corporeum

501 2655 605 2698 est.
661 2645 726 2699 Et
765 2647 886 2701 ideo
937 2647 1066 2701 illud
1119 2647 1334 2716 quidem
1383 2648 1612 2716 primum
1662 2645 1884 2706 malum,
1932 2645 2072 2713 quod

506 2733 754 2802 spiritale
799 2734 1056 2800 diximus,
1110 2750 1266 2792 mens
1301 2747 1484 2790 nostra
1527 2746 1633 2802 est,
1689 2752 1807 2807 qua:
1854 2746 1908 2791 et
1958 2737 2072 2806 ipsa

498 2823 726 2892 spiritus
757 2835 858 2889 est,
901 2827 950 2880 id
978 2837 1081 2892 est,
1125 2827 1388 2896 spiritalis
1416 2829 1578 2882 homo
1606 2839 1793 2884 noster
1844 2831 2072 2884 interior

498 2924 582 2968 est
612 2915 770 2986 (57),
804 2917 893 2982 qtti
924 2919 1069 2974 videt
1098 2935 1163 2974 ac
1197 2921 1458 2990 perspicit
1492 2909 1678 2976 Deum.
1711 2923 1856 2978 Istud
1888 2932 2070 2976 autem

499 3009 792 3076 corporale
821 3009 1020 3065 etplqu
1057 3011 1201 3080 quod
1230 3012 1630 3066 ﬁrmamentum
1667 3013 1884 3076 dicitur,
1923 3023 2074 3068 exte-

499 3098 616 3152 rior
674 3101 834 3154 horno
875 3110 1062 3156 noster
1105 3111 1217 3165 est,
1269 3103 1360 3171 qui
1398 3103 1758 3172 corporaliter
1811 3105 2068 3158 intuetur.

503 3189 661 3244 Sicut
712 3206 842 3260 ergo
889 3193 1288 3246 ﬁrmamentum
1336 3193 1530 3248 coelum
1577 3193 1905 3262 appellatum
1963 3203 2067 3257 est,

497 3294 564 3334 ex
593 3294 658 3335 eo
683 3281 826 3350 quod
856 3280 1065 3335 dividat
1098 3283 1241 3336 inter
1265 3299 1361 3337 eas
1393 3298 1566 3351 aquas
1611 3300 1729 3352 qua:
1758 3295 1885 3338 sunt
1909 3298 2072 3354 super

497 3370 703 3440 ipsum,
731 3381 782 3425 et
821 3387 917 3426 eas
947 3387 1065 3440 qua:
1099 3374 1200 3428 sub
1243 3374 1358 3443 ipso
1390 3385 1517 3429 sunt
1554 3394 1566 3428 :
1597 3375 1668 3429 ita
1696 3386 1747 3429 et
1777 3376 1940 3429 homo
1974 3378 2067 3446 qui

497 3463 551 3515 in
598 3477 826 3531 corpore
874 3463 1084 3531 positus
1139 3474 1243 3527 est,
1296 3466 1340 3518 si
1397 3465 1640 3519 dividere
1701 3468 1959 3534 potuerit,
2019 3476 2072 3520 et

494 3554 810 3608 discernere
871 3571 988 3622 quae
1036 3556 1143 3610 sitit
1196 3570 1348 3624 aqua:
1398 3572 1518 3626 quae
1581 3567 1709 3612 sunt
1761 3560 2072 3628 superiores

495 3659 662 3713 super
696 3644 1121 3710 ﬁrmamentum,
1169 3657 1222 3700 et
1253 3663 1373 3718 quae
1410 3653 1510 3701 sub
1539 3647 1885 3704 ﬁrmamento
1923 3659 2068 3714 sum,

491 3737 659 3791 etiam
694 3737 809 3805 ipse
849 3738 1068 3802 malum,
1109 3739 1159 3793 id
1195 3748 1298 3806 est,
1326 3741 1570 3796 ctelestis
1606 3745 1790 3808 homo,
1830 3741 2070 3811 appella-

494 3828 662 3891 bitur,
708 3831 1003 3882 secnndum
1037 3833 1264 3897 apostoli
1312 3831 1458 3886 l‘anli
1506 3837 1829 3888 sententiam
1879 3835 2068 3888 dicen-

495 3920 568 3973 tis
595 3919 642 3950 7"
677 3937 690 3972 :
726 3917 926 3972 Nostra
969 3931 1146 3973 autem
1196 3925 1526 3977 conversatio
1567 3927 1620 3977 in
1664 3926 1806 3978 caelis
1845 3937 1940 3980 est.
1991 3925 2064 3978 lta

495 4024 627 4078 ergo
653 4012 1002 4065 continentur
1030 4012 1191 4065 verba
1238 4013 1348 4080 ipsa
1382 4014 1682 4083 Scriptum
1715 4015 1760 4046 ⁷⁸
1788 4035 1803 4069 :
1840 4016 1904 4069 Et
1943 4016 2067 4084 fecit

492 4101 633 4154 Deus
675 4101 1084 4170 ﬁrmamentum,
1134 4112 1183 4156 et
1237 4105 1416 4157 divisit
1457 4106 1590 4158 inter
1644 4107 1867 4159 medium
1915 4123 2067 4177 aqua:

491 4211 610 4264 qua:
639 4204 714 4248 est
741 4210 896 4260 super
921 4195 1334 4262 firmamentum,
1385 4205 1433 4250 et
1471 4197 1606 4251 inter
1643 4200 1870 4250 medium
1913 4216 2065 4268 aqua:

491 4303 611 4356 qua:
631 4297 704 4340 est
736 4287 913 4340 subter
941 4287 1355 4355 ﬁrmamentum.
1392 4287 1456 4340 Et
1484 4291 1684 4341 vocavit
1711 4289 1850 4343 Deus
1881 4292 2066 4357 ﬁrma-

491 4391 719 4430 mentum
772 4379 982 4432 etclam.
1025 4377 1091 4430 Et
1133 4379 1257 4432 vidit
1307 4380 1445 4432 Deus
1472 4382 1597 4450 quia
1641 4381 1831 4435 bonum
1873 4395 1969 4448 est,
2014 4395 2062 4438 et

2180 1905 2378 1974 dignus
2409 1903 2696 1958 habebitur
2719 1919 2745 1957 a
2773 1903 2902 1967 Deo,
2929 1919 3046 1972 qua:
3071 1904 3158 1958 hic
3182 1903 3441 1957 scribitur
3465 1916 3584 1954 eum
3617 1901 3754 1955 dici-

2181 2004 2269 2050 tur
2295 1995 2440 2068 (58):
2477 1995 2541 2048 Et
2570 1996 2700 2049 uidit
2740 1995 2875 2049 Deus
2907 1996 3030 2065 quia
3072 1995 3258 2048 bonum
3291 2003 3364 2048 est
3398 1994 3468 2046 ⁷⁸.
3508 1995 3752 2064 Denique

2179 2097 2236 2144 ct
2264 2103 2327 2141 ea
2359 2104 2480 2157 quae
2516 2088 2581 2142 de
2626 2088 2782 2141 tertia
2827 2088 2912 2140 die
2959 2087 3009 2140 in
3057 2085 3512 2155 consequentibus
3542 2085 3751 2141 descri-

2180 2178 2402 2247 buntur,
2453 2181 2504 2234 in
2549 2181 2690 2234 hunc
2727 2180 2973 2233 eumdcm
3021 2180 3355 2234 conveniunt
3387 2179 3748 2234 intellectum.

2177 2271 2267 2324 Ait
2297 2272 2440 2326 enim
2467 2271 2511 2302 ⁷⁹
2545 2288 2558 2324 :
2590 2267 2652 2322 Et
2684 2269 2812 2322 dixit
2850 2268 2988 2322 Deus
3020 2285 3038 2322 :
3070 2268 3427 2337 Congregetur
3456 2284 3594 2336 aqua
3631 2283 3752 2337 qua:

2178 2373 2253 2416 est
2305 2364 2399 2416 sub
2437 2361 2562 2416 caelo
2598 2363 2650 2414 in
2677 2362 3130 2431 congregationem
3172 2376 3354 2419 unam.
3402 2369 3451 2414 et
3497 2370 3750 2428 appareat

2177 2455 2351 2510 arida.
2381 2453 2445 2506 Et
2477 2453 2677 2522 factum
2703 2462 2777 2506 est
2810 2454 2899 2505 ita.
2925 2451 3030 2505 Nos
3051 2466 3178 2520 ergo
3205 2452 3510 2504 laboremus
3533 2465 3754 2520 congre-

2178 2561 2307 2614 gare
2339 2561 2535 2615 aquam
2575 2561 2692 2614 qua:
2737 2554 2822 2597 est
2863 2544 2964 2598 sub
3002 2543 3161 2607 caelo,
3195 2550 3250 2596 et
3273 2541 3518 2607 abjicere
3557 2557 3672 2596 eam
3719 2557 3749 2594 a

2179 2636 2336 2690 nobis
2361 2676 2376 2701 ,
2406 2642 2484 2699 ut,
2532 2650 2650 2688 eum
2695 2634 2798 2687 hoc
2828 2632 3025 2686 factum
3057 2631 3243 2694 fuerit,
3281 2642 3542 2700 appareat
3576 2632 3748 2692 arida,

2179 2745 2298 2797 quae
2331 2737 2456 2782 sunt
2486 2728 2540 2781 in
2569 2743 2735 2781 carne
2763 2735 2914 2797 gesta
2948 2740 3109 2794 opera
3149 2735 3356 2790 nostra,
3397 2740 3505 2795 quo
3541 2725 3750 2778 scilicet

2175 2822 2409 2874 videntes
2463 2821 2700 2874 homines
2762 2835 2918 2886 opera
2983 2829 3166 2871 nostra
3233 2819 3410 2884 bona,
3460 2819 3750 2888 glorificent

2178 2910 2396 2966 Patrem
2439 2921 2678 2966 nostrqu
2708 2915 2794 2982 qui
2837 2912 2888 2963 in
2935 2909 3073 2964 caelis
3104 2920 3179 2964 est
3210 2910 3277 2966 ‘°.
3306 2909 3362 2965 Si
3393 2913 3540 2964 enim
3569 2926 3744 2980 aquas

2178 3007 2311 3060 istas
2359 3020 2479 3074 qua:
2535 3013 2658 3058 sunt
2706 3005 2804 3058 sub
2855 3003 2994 3059 etelo
3046 3019 3150 3056 non
3203 3004 3644 3072 separaverimus
3711 3021 3740 3057 a

2178 3098 2358 3160 nobis,
2387 3096 2437 3150 id
2469 3105 2571 3158 est,
2599 3103 2822 3164 peccata
2855 3103 2907 3148 et
2939 3093 3068 3147 vitia
3100 3093 3346 3162 corporis
3379 3092 3568 3151 nostri.
3597 3093 3742 3146 arida

2176 3197 2362 3244 nostra
2403 3203 2507 3242 non
2541 3187 2741 3256 poterit
2783 3200 3070 3255 apparere,
3110 3200 3210 3240 nec
3249 3184 3449 3239 habere
3491 3186 3741 3239 ﬁduciam

2173 3281 2506 3352 procedendi
2540 3281 2606 3334 ad
2654 3280 2852 3334 lucem.
2904 3277 3089 3331 Omnis
3139 3279 3276 3331 enim
3323 3278 3413 3348 qui
3447 3280 3585 3331 male
3613 3282 3741 3347 ag't,

2173 3376 2285 3428 odit
2338 3375 2527 3435 lucem,
2580 3383 2628 3428 et
2670 3391 2770 3427 non
2821 3375 2957 3427 venit
2997 3372 3066 3424 ad
3093 3371 3294 3437 lucem,
3336 3384 3388 3427 ut
3422 3392 3526 3428 non
3568 3373 3740 3427 maui-

2173 3466 2432 3533 {estentur
2467 3463 2606 3536 (59)
2648 3481 2802 3532 Opera
2853 3464 2988 3532 ejus,
3039 3476 3085 3518 ει
3133 3466 3407 3518 videantur
3443 3465 3490 3516 si
3539 3465 3594 3516 in
3641 3464 3746 3517 Dea

2172 3569 2290 3612 sunt
2318 3569 2460 3628 gesta
2502 3558 2567 3611 ⁸¹.
2610 3557 2740 3624 Qum
2769 3558 2954 3625 utique
2987 3557 3179 3611 ﬁducia
3221 3573 3327 3611 non
3372 3557 3538 3610 aliter
3583 3558 3736 3609 dabi-

2174 3659 2279 3716 tur,
2308 3652 2409 3703 nisi
2442 3648 2582 3703 velut
2604 3663 2772 3717 aquas
2796 3646 3110 3712 abiieiamus
3137 3664 3166 3700 a
3212 3647 3370 3702 nobis
3407 3656 3460 3701 et
3488 3662 3736 3717 segrege-

2175 3758 2295 3795 mus
2324 3741 2453 3794 vitia
2485 3739 2754 3810 corporis,
2787 3753 2908 3806 qua:
2943 3749 3071 3794 sunt
3102 3740 3344 3794 materia:
3371 3750 3737 3808 peccaturum.

2172 3835 2288 3900 Quo
2339 3834 2482 3888 facto
2526 3833 2638 3902 jam
2671 3832 2819 3886 arida
2853 3843 3044 3886 nostra
3069 3849 3171 3887 non
3206 3832 3739 3902 permanebitarida,

2171 3926 2310 3981 sicut
2345 3941 2410 3980 ex
2449 3923 2907 3992 consequentibus
2938 3924 3262 3978 ostenditur.
3307 3923 3402 3977 Ait
3457 3924 3604 3978 enim
3649 3923 3691 3954 ⁸⁸
3724 3945 3737 3978 :

2173 4019 2241 4071 Et
2273 4028 2587 4088 congregata
2614 4028 2690 4070 est
2721 4033 2858 4086 aqua
2903 4033 3019 4086 qua:
3044 4027 3119 4070 est
3153 4017 3245 4070 sub
3291 4017 3416 4070 crelo
3441 4018 3494 4070 in
3529 4033 3742 4086 congre-

2169 4111 2405 4178 gationes
2448 4125 2594 4173 suas,
2634 4118 2682 4162 et
2737 4109 2981 4178 apparuit
3026 4109 3200 4162 arida.
3247 4107 3315 4162 Et
3356 4111 3558 4164 vocavit
3603 4109 3740 4163 Deus

2169 4203 2375 4254 aridam
2409 4210 2638 4266 terram,
2695 4210 2740 4253 et
2777 4201 3208 4270 congregationes
3247 4218 3502 4270 aquarum
3546 4204 3740 4255 vocarit

2167 4295 2358 4362 maria.
2409 4291 2568 4347 Sicut
2609 4307 2738 4362 ergo
2765 4293 2915 4346 arida
2949 4294 3084 4357 haec,
3116 4302 3399 4363 segregata
3431 4309 3460 4346 a
3488 4308 3550 4346 se.
3579 4308 3737 4362 aqua,

2167 4383 2625 4454 quemadmodum
2661 4383 2913 4452 superius
2943 4383 3195 4446 diximus,
3228 4385 3369 4438 ultra
3405 4400 3511 4438 non
3543 4386 3740 4438 mansit

493 4468 689 4537 factum
733 4483 805 4524 est
844 4488 1068 4541 vespere,
1092 4484 1139 4524 et
1174 4473 1374 4538 factum
1413 4485 1485 4526 est
1521 4491 1690 4538 mane,
1723 4476 1832 4528 dies
1875 4493 2060 4530 secun-
2093 4496 2136 4551 ι)
2167 4479 2342 4541 arida,
2389 4478 2482 4532 sed
2519 4475 2630 4546 jam
2678 4485 2819 4531 terra
2864 4478 3217 4532 nominatur:
3250 4483 3349 4533 hoc
3378 4480 3537 4532 modo
3572 4479 3736 4532 etiam

561 4587 606 4618 τ’
636 4584 769 4646 Gen.
792 4607 829 4655 ι,
852 4593 904 4645 6.

493 4656 783 4780 z’UColoss.
827 4674 908 4724 ιιι,
953 4661 998 4713 l.

489 4820 662 4897 δῴρου
699 4819 1060 4897 fragmentum
1107 4821 1248 4897 istud
1285 4839 1297 4876 :
1334 4823 1498 4897 Eho;
1546 4823 1606 4876 τὸ
1656 4824 1843 4897 σκότος
1894 4826 1992 4896 οὐχ
2025 4828 2060 4897 ἡ

488 4891 599 4974 τῶν
625 4891 889 4974 σςυμᾲξαζν
921 4891 1054 4974 σκιὰ·
1095 4894 1326 4974 εἴρητμιι,
1376 4893 1510 4974 ἀλλὰ
1544 4895 1732 4974 νοητόν
1771 4912 1846 4974 τι,
1908 4891 2064 4974 τοί)τὲ

489 4961 673 5037 ἐςτινὸ
693 4959 970 5037 ῥιὰμδολοςς
1006 4959 1382 5037 ῖὺᾉᾼξένήοήτιρ
1403 4963 1538 5037 urbe,
1571 4959 1686 5037 πῶς
1707 4965 1884 5037 νοήσω
1905 4982 1927 5037 ;Α
1955 4965 2064 5037 ἆρα

489 5005 672 5014 ----,,
698 5005 932 5024 --.μνη
1017 5005 1214 5022 .-,--..
1241 5005 1286 5014 ν.
1317 5005 1381 5014 ην
1446 5005 1487 5014 ,η
1578 5005 1655 5016 ...π
1717 5005 1884 5017 ψη..
1955 5005 1987 5019 υ.
2030 5005 2063 5019 ν.

485 5031 550 5104 τὸ
583 5030 854 5104 ἀληθινὸν,
903 5032 994 5104 τρν
1028 5033 1154 5085 Υἱόν
1179 5049 1192 5096 ;
1221 5005 1301 5085 ι’τί
1323 5005 1538 5086 οὖντᾶεῖ⁷
1559 5005 1718 5104 sim};
1745 5051 1757 5099 ;
1790 5007 1943 5088 Μετέι
1971 5005 2063 5089 ὧν

486 5101 735 5177 οῷρανὺν,
770 5103 882 5177 καὶ-
902 5101 999 5177 τὴν
1028 5104 1150 5177 ﬁla,
1190 5105 1283 5177 xui.
1311 5103 1418 5177 τῂν
1441 5101 1696 5177 ﬁngam),
1730 5105 1915 5177 mla?)
1943 5125 2064 5177 νοη-

483 5171 576 5227 τὸν
617 5171 805 5234 σκότος
837 5173 927 5225 τὸν
958 5171 1221 5238 διάϐολον,
1262 5176 1290 5226 ὁ
1335 5171 1466 5236 Θεὸς
1497 5174 1708 5242 Λόγος;
1751 5176 1856 5227 Καὶ
1888 5177 1971 5240 τίς
1997 5171 2064 5230 ἄν

483 5244 644 5296 τοῦτο
672 5245 1062 5314 συγχωρήσειε,
1091 5244 1195 5306 ἓως
1231 5243 1296 5297 ἂν
1329 5245 1419 5298 τὸν
1456 5243 1580 5296 νοῦν
1620 5245 1768 5312 Elei;
1805 5246 1863 5298 Si
1888 5258 2062 5300 autem

483 5314 710 5366 tenebrae
733 5315 890 5384 dicta:
929 5323 1071 5377 sunt,
1099 5330 1198 5366 non
1241 5330 1513 5380 corporum
1540 5317 1745 5376 umbra,
1776 5318 1863 5367 sed
1894 5318 2046 5384 spiri—

484 5385 587 5436 tale
615 5383 908 5452 quidpiam,
941 5385 1037 5436 hoc
1071 5393 1168 5445 est,
1211 5385 1452 5436 diabolus
1481 5399 1498 5435 :
1529 5385 1687 5447 istud,
1719 5403 1736 5433 ι
1762 5385 1858 5452 ﬁat
1884 5383 1994 5443 lux.
2022 5407 2042 5438 ι

481 5469 582 5518 quo
605 5465 755 5519 pacto
781 5453 1112 5522 intelligam?
1139 5469 1276 5522 numq
1300 5455 1462 5506 lucem
1491 5471 1683 5515 veram,
1718 5453 1811 5506 hoc
1835 5466 1928 5515 est.
1961 5455 2052 5507 Fi-

482 5525 658 5575 lium?
689 5523 826 5594 Quid
849 5521 982 5594 ergo
1021 5524 1206 5576 dices?
1250 5521 1373 5577 Post
1405 5523 1610 5594 (telum,
1649 5535 1862 5594 terram,
1895 5528 2052 5594 abys-

481 5607 620 5653 sum,
647 5604 692 5644 et
727 5593 990 5658 spiritales
1025 5594 1259 5646 tenebras
1289 5593 1584 5656 diabolum,
1620 5595 1716 5646 erit
1750 5593 1885 5647 Dens
1926 5593 2054 5648 Ver-

483 5663 646 5713 bum?
672 5663 820 5726 Quod
845 5663 960 5728 quis
989 5680 1092 5716 non
1121 5675 1290 5716 mente
1311 5673 1494 5730 captus
1515 5665 1826 5716 concesserit
1851 5668 1874 5718 Σ)
1914 5666 2049 5718 Tum

480 5741 792 5787 catenarum
835 5743 1022 5790 auctor
1055 5734 1107 5789 id
1140 5733 1392 5791 observat
1427 5750 1439 5789 :
1474 5733 1645 5788 ἰστέον
1674 5735 1754 5787 ὅτι
1787 5735 1884 5806 τὴν
1921 5737 2059 5808 Ὠρι-

987 4588 1031 4619 ⁷³
1072 4587 1192 4642 lsai.
1244 4606 1390 4653 uw,
1435 4592 1484 4644 l.

1075 4661 1121 4694 ⁷⁸
1159 4661 1295 4716 Gen.
1334 4676 1375 4727 ι,
1429 4662 1512 4717 10.
1607 4663 1652 4694 ⁷⁸
1684 4663 1815 4716 Ibid.
1850 4665 1904 4718 9.

1592 4592 1636 4622 7"
1686 4591 1826 4646 Phil.
1869 4609 1949 4648 Ill.
1989 4593 2084 4648 20.

1935 4634 1949 4659 ’
1979 4634 2024 4697 εἲ
2046 4634 2262 4721 itaita.
2305 4634 2491 4729 tite.

2218 4597 2264 4628 "
2306 4595 2502 4650 Geues.
2553 4609 2588 4660 ι,
2639 4593 2690 4656 7,
2733 4593 2788 4648 8.
2900 4595 2947 4626 ⁷⁸
2979 4593 3134 4648 Joan.
3177 4609 3274 4656 vn,
3316 4593 3407 4658 58,
3448 4603 3502 4648 et
3536 4609 3607 4659 Iv,
3647 4592 3736 4648 l4.

2592 4665 2635 4694 ³³⁸
2690 4663 2848 4719 Joau.
2896 4681 2972 4729 ιιι,
3014 4666 3103 4718 20.
3217 4667 3262 4696 ⁸³
3303 4664 3502 4720 Genes.
3546 4680 3584 4730 ι,
3618 4664 3647 4718 9
3679 4673 3739 4717 et

2168 4825 2358 4894 γένους
2400 4823 2835 4896 δόξανίὲὶέγχει,
2869 4822 3041 4888 οὕτως
3069 4823 3489 4896 γέρμηνεύοντος.
3555 4824 3738 4879 Scien—

2171 4890 2295 4949 dum
2325 4907 2398 4947 est
2435 4890 2768 4963 (Diodorum)
2799 4911 3008 4960 carpere
3051 4890 3290 4963 Origo-nis
3317 4898 3620 4949 sententiam
3642 4898 3737 4964 qui

2171 4969 2244 5020 sic
2284 4979 2393 5017 erat
2423 4966 2814 5028 interpretatus.
2859 4965 3118 5017 Ctl’lel'lllll
3160 4966 3259 5018 ltnc
3294 4967 3411 5019 loco
3443 4967 3529 5019 ubi
3558 4967 3736 5020 Gene-

2172 5035 2401 5090 brardus
2427 5035 2640 5105 habet,
2693 5033 2935 5087 diabolus
2982 5044 3029 5087 et
3056 5036 3268 5101 angelus
3292 5037 3429 5105 ejus,
3463 5040 3642 5090 melius
3673 5036 3732 5091 in

2173 5121 2302 5160 tnss.
2340 5104 2552 5173 legitur,
2585 5105 2826 5157 diabolus
2858 5113 2906 5156 et
2934 5105 3104 5170 angeli
3129 5105 3263 5172 ejus.

2243 5175 2378 5245 (56)
2411 5174 2594 5228 Omnis
2622 5175 2874 5245 spiritalis
2911 5177 3204 5228 substantia
3227 5183 3365 5240 ,etc.
3405 5175 3477 5228 Dc
3498 5185 3733 5244 tempore

2173 5244 2280 5314 quo
2307 5261 2522 5298 omnem
2553 5244 2851 5306 spiritalem
2883 5246 3245 5297 substantiam
3285 5261 3312 5298 a
3346 5247 3455 5300 Deo
3489 5257 3726 5299 creatam

2170 5315 2423 5382 opinatus
2456 5315 2524 5366 sit
2556 5314 2839 5379 Origenes,
2871 5316 3106 5382 disputat
3133 5317 3470 5370 clarissimus
3511 5315 3731 5371 lluetius

2158 5385 2622 5452 Origenianorum,
2656 5383 2746 5435 lib.
2779 5399 2836 5443 ll,
2863 5395 3052 5450 quaest.
3084 5385 3137 5449 5,
3168 5402 3311 5439 num.
3342 5387 3395 5438 9.

2231 5454 2375 5524 (57)
2434 5452 2674 5524 Interior
2714 5465 2806 5506 est.
2853 5455 2907 5506 ιιι
2948 5455 3285 5510 tlesideratur
3317 5458 3368 5510 in
3405 5456 3533 5510 libb.
3570 5466 3727 5509 antea

2159 5528 2288 5577 edit.
2322 5523 2414 5575 sed
2444 5524 2639 5592 legitur
2668 5523 2720 5575 iu
2763 5539 2896 5577 mss.

2236 5594 2378 5662 ('58)
2412 5593 2534 5646 Mss.
2572 5595 2771 5646 dicitur
2805 5632 2820 5654 ,
2854 5593 2982 5647 libb.
3011 5595 3140 5648 editi
3162 5639 3176 5660 ,
3204 5598 3350 5649 dicit.

2234 5665 2370 5734 (59)
2401 5663 2552 5718 Libb.
2589 5673 2749 5738 antea
2783 5664 2934 5724 editi,
2967 5675 3019 5718 ut
3052 5667 3104 5717 in
3136 5685 3196 5720 ea
3225 5668 3722 5738 manifestentur,at

2161 5745 2390 5808 quatuor
2426 5750 2552 5788 mss.
2587 5744 2644 5789 ut
2673 5735 2725 5789 in
2754 5746 2939 5791 nostro
2966 5745 3134 5795 textu.
