3978 6494
283 326 309 380 Ι
324 326 388 380 59

1477 310 1543 366 ΙΝ
1583 301 1881 365 GENESIM
1921 299 2205 355 IIOMILIA
2241 301 2283 354 I.

3414 274 3516 329 150

282 451 473 495 “nstra
505 452 757 508 corpora,
792 436 836 492 si
870 435 984 490 haec
1009 433 1077 488 ab
1120 432 1201 487 eis
1237 430 1545 501 segregatio
1584 428 1696 497 fiat,
1735 424 1844 493 jam
1877 423 1921 478 A
1952 419 2092 473 illius
2117 416 2322 471 fructus
2346 455 2360 475 .
2402 422 2552 467 artus
2582 408 2749 465 nostri
2782 407 2872 477 qui
2905 420 2969 460 ex
3000 404 3144 459 bono
3193 394 3373 453 cordis
3419 409 3519 448 no-

283 547 397 585 nan
424 532 817 600 permanebunt
852 528 1021 591 arida,
1065 525 1157 579 sed
1207 534 1345 578 terra
1405 522 1845 590 appellabuntur,

290 641 362 679 ex
394 639 458 679 eo
484 624 627 692 quod
667 622 895 675 fructum
926 621 1034 673 Deo
1076 618 1223 672 ferre
1244 613 1354 681 jam
1383 621 1655 682 poterunt.
1705 610 1849 676 Quo-

302 719 450 770 niam
494 716 710 785 quidem
733 714 786 767 in
814 713 967 767 initio
993 712 1133 764 Deus
1157 708 1351 763 cmlum
1380 705 1507 758 fecit
1540 714 1594 757 et
1619 714 1848 757 terram:

285 819 477 879 postea
506 824 639 863 vero
669 808 797 862 fecit
836 808 1234 859 firmamentum
1285 810 1339 853 et
1376 798 1602 852 aridam.
1645 796 1707 850 Et
1758 794 1851 846 lir-

289 907 627 955 mamentum
656 899 872 968 quidem
907 894 1120 950 vocavit
1152 892 1374 953 cretum,
1407 891 1616 943 donans
1643 887 1691 941 ei
1733 885 1851 954 ejus

289 990 415 1044 ειεξιί
472 986 615 1058 quod
671 996 798 1041 ante
841 992 1124 1039 creaverat
1176 994 1394 1034 nomen.
1451 977 1670 1029 Aridam
1724 988 1853 1026 vero

290 1081 586 1151 appellavit
612 1090 832 1141 terram,
858 1091 955 1145 pro
990 1089 1055 1128 eo
1080 1073 1221 1143 quod
1251 1072 1299 1126 ei
1332 1069 1642 1125 facultatem
1670 1066 1852 1119 feren-

290 1175 486 1228 darum
509 1171 782 1225 fructuum
815 1167 1129 1238 largiretur.
1162 1162 1217 1217 Si
1253 1163 1374 1231 quis
1399 1175 1530 1230 ergo
1561 1174 1656 1212 sua
1698 1156 1854 1225 culpa

290 1265 480 1318 aridus
511 1262 688 1317 adhuc
712 1268 911 1322 manet,
948 1266 1003 1310 et
1036 1256 1268 1309 fructum
1303 1252 1507 1306 nullum
1545 1249 1651 1320 55.
1678 1245 1852 1311 affert,

296 1357 397 1411 sed
425 1356 604 1424 spinas
637 1363 690 1407 ct
720 1352 964 1415 tribulos,
998 1350 1140 1404 velut
1173 1347 1309 1416 ignis
1331 1360 1485 1399 escas
1511 1357 1724 1412 gerens,
1765 1355 1854 1393 se-

295 1448 531 1502 cundum
564 1462 624 1500 ea
650 1460 768 1514 tnta:
792 1458 856 1497 ex
884 1457 940 1497 se
966 1441 1209 1511 protulit,
1236 1439 1402 1493 etiam
1423 1436 1539 1503 ipse
1566 1448 1688 1487 esca
1719 1431 1858 1499 ignis

293 1538 546 1593 efficitur.
589 1536 642 1590 Si
676 1550 804 1589 vero
847 1534 1023 1587 studio
1064 1541 1116 1586 et
1149 1529 1426 1599 diligentia
1467 1541 1563 1579 sua
1592 1520 1858 1592 separatis

290 1644 362 1682 ex
422 1644 481 1682 se
525 1627 681 1695 aquis
732 1622 943 1695 abyssi,
994 1621 1084 1691 qui
1136 1630 1260 1675 sunt
1297 1620 1598 1672 dtemonum
1642 1628 1856 1675 sensus,

290 1722 541 1775 exhibuit
568 1735 628 1775 se
656 1730 852 1772 terram
884 1714 1244 1776 fructiferam,
1275 1711 1436 1764 debet
1458 1722 1678 1778 sperare
1715 1706 1861 1760 simi-

293 1811 390 1874 lia,
433 1810 573 1879 quod
619 1817 670 1860 ct
731 1809 842 1874 ipse
884 1804 1257 1859 introducatur
1317 1815 1344 1853 a
1398 1798 1507 1853 Deo
1554 1796 1607 1851 in
1657 1806 1857 1851 terram

289 1902 548 1956 ﬂuentem
582 1900 663 1954 lac
687 1910 741 1954 et
774 1898 895 1952 mel.

370 1995 423 2047 5.
468 1991 757 2046 Videamus
789 1998 969 2042 autem
1002 2002 1072 2043 ex
1122 1980 1583 2052 consequentibus
1606 1979 1696 2048 qui
1737 1988 1863 2032 sunt

297 2090 533 2151 fructus,
557 2100 693 2155 quos
719 2086 1019 2154 producere
1077 2083 1213 2135 Deus
1241 2078 1395 2145 jubet
1425 2084 1627 2129 terram
1666 2073 1860 2141 ipsam,

290 2182 385 2234 cui
433 2182 546 2250 ipse
574 2180 675 2234 hoc
708 2190 901 2230 nomen
934 2173 1181 2229 indulsit.
1234 2170 1301 2223 Et
1336 2168 1484 2231 vidit,
1546 2165 1719 2233 inquit
1780 2163 1861 2226 ⁸³,

293 2272 441 2325 Deus
469 2273 592 2341 quia
620 2272 803 2324 bonum
831 2279 926 2333 est,
958 2275 1004 2319 et
1037 2266 1169 2320 dixit
1203 2264 1339 2317 Deus
1370 2278 1387 2314 :
1421 2258 1688 2313 Producat
1722 2265 1862 2308 terra

292 2366 511 2419 herbam
562 2364 685 2433 [iuni
726 2379 896 2417 semen
940 2360 1245 2415 seminantis
1279 2354 1561 2408 secundum
1604 2365 1765 2420 genus
1817 2358 1861 2399 et

289 2458 583 2510 secundum
627 2453 1057 2515 similitudinem,
1133 2459 1179 2503 et
1256 2438 1461 2515 lignum
1529 2441 1865 2512 {ructiferum

292 2547 500 2616 faciens
531 2547 779 2613 fructum,
833 2544 982 2611 cujus
1014 2556 1188 2595 semen
1231 2549 1305 2592 est
1352 2539 1405 2589 in
1440 2535 1550 2603 ipso
1582 2532 1865 2586 secundum

293 2639 698 2691 similitudinem
722 2651 874 2703 super
899 2645 1095 2687 terram
1121 2648 1137 2683 :
1163 2638 1209 2683 et
1230 2628 1426 2698 factum
1447 2636 1520 2679 est
1545 2623 1867 2680 sic.Secuu-

295 2729 429 2781 dum
462 2728 692 2782 litteram
718 2724 991 2779 manifesti
1025 2733 1153 2777 sunt
1181 2722 1391 2773 fructus
1419 2714 1555 2786 quos
1593 2724 1736 2769 terra
1762 2727 1866 2765 non

299 2819 458 2870 arida
496 2818 764 2886 producit.
809 2815 911 2869 Sed
950 2813 1146 2866 iterum
1172 2808 1474 2863 referamus
1519 2804 1584 2857 ad
1630 2818 1749 2857 nos.
1812 2800 1867 2853 Si

293 2911 416 2980 jam
466 2908 594 2963 faeti
645 2923 833 2962 sumus
867 2918 1031 2969 terra,
1088 2904 1132 2958 si
1172 2902 1284 2972 jam
1330 2915 1433 2953 non
1476 2910 1663 2952 sumus
1693 2893 1867 2957 arida,

302 3002 604 3057 aderamus
644 3001 853 3053 fructus
895 2999 1093 3051 uberes
1136 3005 1190 3049 et
1224 2995 1471 3047 diversos
1519 2990 1659 3053 Deo,
1709 2995 1767 3040 ut
1818 2994 1871 3039 ct

308 3112 417 3151 nos
465 3094 849 3149 benedicamur
900 3107 927 3144 a
969 3089 1131 3143 Patre
1175 3087 1387 3142 dicente
1425 3084 1518 3135 διε
1558 3081 1689 3135 Ecce
1742 3079 1872 3133 odor
1899 3107 1943 3164 ε

299 3190 408 3257 ﬁlii
438 3189 537 3242 mei
561 3188 692 3240 sicut
719 3185 848 3238 odor
870 3184 983 3253 agri
1018 3181 1179 3251 pleni,
1205 3194 1355 3250 quem
1392 3177 1659 3230 benedixit
1693 3173 1876 3227 Domi-

303 3298 451 3344 nus;
503 3291 557 3334 et
587 3280 713 3334 illud
757 3277 902 3347 quod
948 3276 1027 3329 ait
1082 3273 1371 3343 Apostolus
1425 3270 1765 3339 compleatur
1819 3267 1873 3319 in

305 3374 468 3428 nobis
493 3372 539 3403 ⁸⁵
565 3390 577 3425 :
608 3371 768 3424 Terra
801 3370 939 3423 enim
976 3365 1237 3432 excipiens
1263 3363 1561 3432 frequenter
1592 3360 1874 3414 venientem

304 3480 471 3532 super
491 3480 547 3519 se
575 3462 814 3525 imbrem,
840 3470 885 3513 et
915 3473 1168 3528 generans
1188 3455 1402 3509 herbam
1428 3461 1778 3521 opportunam
1811 3449 1876 3502 iis

305 3574 343 3609 α
368 3557 550 3625 quibus
572 3554 785 3617 colitur,
809 3551 1056 3620 percipiet
1102 3546 1482 3602 benedictiones
1516 3560 1547 3596 a
1578 3541 1709 3595 Deo.
1748 3540 1878 3605 Quae

307 3664 435 3702 vero
463 3649 643 3715 spinas
682 3656 727 3699 et
762 3643 977 3695 tribulos
1012 3639 1233 3709 profert,
1267 3638 1485 3704 reprobo
1515 3644 1612 3697 est,
1641 3641 1688 3686 et
1719 3630 1879 3685 male-

309 3740 458 3790 dicto
486 3737 748 3804 proxima,
776 3734 925 3804 cujus
952 3732 1073 3801 ﬁnis
1097 3739 1175 3784 est
1198 3731 1249 3782 in
1283 3728 1637 3781 adastionem.

386 3828 441 3880 4.
478 3825 539 3884 Et
567 3826 813 3895 produxit
840 3836 978 3878 terra
1003 3824 1212 3877 herbam
1260 3819 1385 3888 freni
1415 3834 1587 3871 semen
1619 3815 1884 3869 seminan-

312 3920 387 3973 tis
454 3919 737 3972 secttndum
783 3933 941 3987 genus
1000 3925 1046 3969 et
1112 3912 1395 3968 secundum
1456 3908 1880 3971 similitudinem,

313 4021 367 4065 et
392 4012 587 4080 lignum
636 4010 965 4079 fructiferum
1002 4008 1202 4075 faciens
1242 4005 1492 4074 fructum,
1528 4000 1677 4070 cujus
1710 4015 1885 4053 semen

315 4104 373 4156 in
407 4104 523 4170 ipso
552 4103 751 4173 faciens
789 4103 1019 4170 fructum
1060 4098 1347 4153 secundant
1391 4110 1551 4164 genus
1591 4108 1749 4160 super
1777 4101 1884 4144 ter-

317 4211 458 4247 ram.
489 4194 553 4246 Et
584 4196 712 4248 vidit
748 4194 885 4247 Deus
921 4194 1046 4263 quia
1100 4191 1290 4243 bonum
1334 4197 1430 4249 est,
1479 4196 1524 4239 et
1571 4186 1768 4254 factum
1813 4192 1886 4235 est

318 4302 553 4356 vespere,
603 4297 650 4340 et
699 4285 898 4354 factum
948 4293 1022 4338 est
1070 4298 1244 4343 mane,
1288 4282 1398 4332 dies
1448 4279 1603 4332 tertia
1648 4277 1716 4331 ⁸⁸.
1770 4275 1886 4329 Νοιι

322 4377 499 4432 solum
538 4377 689 4447 jubet
732 4387 892 4430 terra:
928 4373 1174 4444 proferre
1223 4368 1444 4425 herbam
1477 4368 1631 4434 fami,
1692 4367 1786 4421 sed
1836 4374 1891 4419 et

322 4485 509 4525 semen
544 4469 805 4538 proferre,
854 4476 913 4522 ut
948 4482 1161 4533 semper
1194 4465 1425 4520 fructum
1462 4462 1633 4531 possit
1658 4459 1878 4516 afferre.

324 4562 389 4616 Et
419 4578 526 4614 non
560 4562 730 4614 solum
751 4560 901 4629 jubet
927 4558 1127 4629 lignum
1169 4554 1539 4619 fructiferum,
1581 4552 1675 4607 sed
1713 4560 1767 4604 et
1811 4551 1889 4603 fa-

325 4655 478 4709 ciens
508 4669 719 4718 semen,
757 4651 911 4719 cujus
946 4663 1129 4704 semen
1175 4648 1228 4701 in
1278 4646 1394 4715 ipso
1439 4653 1541 4709 est,
1591 4643 1887 4698 secundum

322 4760 513 4816 genus,
550 4746 599 4799 id
632 4753 731 4805 est,
765 4753 823 4797 ut
849 4756 1062 4811 semper
1090 4755 1155 4795 ex
1185 4740 1272 4793 his
1310 4737 1642 4801 seminibus,
1683 4750 1802 4804 quae
1837 4716 1889 4787 in

323 4856 385 4893 se
414 4841 602 4904 habet,
642 4837 874 4891 fructum
913 4833 1093 4903 possit
1138 4830 1355 4885 afferre.
1404 4829 1469 4883 Et
1512 4842 1611 4882 nos
1649 4840 1778 4895 ergo
1816 4826 1889 4880 ita

328 4930 590 4985 debemus
617 4938 669 4982 et
714 4928 1042 4982 fructificare
1078 4922 1334 4987 fructum,
1368 4931 1421 4975 et
1454 4921 1660 4974 semina
1692 4920 1892 4972 habere

328 5024 384 5077 in
417 5022 575 5076 nobis
606 5021 755 5091 ipsis,
806 5018 855 5073 id
904 5025 1021 5083 est,
1060 5016 1302 5070 omnium
1355 5013 1620 5067 bonorum
1671 5024 1890 5079 operum

328 5117 687 5182 oumiumque
711 5111 963 5164 virtutum
990 5107 1196 5162 semina
1227 5106 1281 5159 in
1314 5104 1476 5158 corde
1504 5109 1689 5156 nostro
1722 5099 1895 5155 conti-

333 5222 509 5267 nere:
547 5215 604 5257 ut
637 5205 747 5257 lucc
781 5203 1039 5256 habentes
1070 5200 1175 5251 fixa
1213 5198 1265 5250 in
1304 5196 1571 5249 mentibus
1603 5194 1803 5247 nostris
1831 5208 1893 5247 ex

330 5298 462 5368 ipsis
484 5296 598 5364 jam
633 5309 822 5348 omnes
852 5306 1038 5355 actus,
1082 5293 1171 5360 qui
1209 5288 1541 5344 incurrenint
1580 5286 1767 5348 nobis,
1814 5299 1900 5338 sc-

331 5391 569 5448 cundum
593 5390 858 5458 justitiam
896 5403 1168 5458 geramus.
1203 5384 1292 5438 Isti
1328 5392 1453 5438 sunt
1490 5381 1633 5433 enim
1675 5378 1900 5433 seminis

1953 509 2050 564 stri
2075 504 2686 575 thesauroproferuntur
2711 502 2843 572 (60).
2874 497 2930 553 Si
2959 510 3090 550 vero
3118 491 3369 546 audimus
3398 484 3520 555 qui-

1953 602 2075 657 dem
2116 599 2363 659 verbum,
2399 605 2455 650 et
2484 610 2551 649 ex
2578 593 2763 647 auditu
2789 589 2970 645 statim
3008 596 3146 640 terra
3181 588 3362 636 nostra
3394 591 3520 646 pro—

1952 690 2101 743 ducit
2141 687 2382 749 herbam,
2424 694 2479 739 et
2516 684 2630 737 haec
2664 682 2826 735 herba
2856 686 3148 744 antequam
3189 672 3256 725 ad
3294 665 3520 723 maturi-

1956 788 2120 834 tatem
2158 778 2243 832 vel
2277 777 2340 830 ad
2382 778 2615 829 fructum
2656 771 2860 833 veniat,
2896 767 3119 831 aruerit,
3152 774 3291 819 terra
3333 765 3515 812 nostra

1957 881 2175 940 petrosa
2216 866 2594 937 appellabitur.
2627 865 2681 917 Si
2711 876 2838 915 vero
2870 875 2935 915 ea
2966 874 3085 927 quin
3115 858 3367 910 dicuntur
3394 864 3523 919 prov-

1957 960 2295 1016 fundioribus
2326 958 2573 1011 nitantur
2606 954 2658 1007 in
2693 951 2859 1005 corde
2907 958 3090 1002 nostro
3112 946 3411 1004 radicibus,
3446 942 3518 995 ita

1958 1062 2013 1105 ut
2055 1058 2110 1105 ct
2158 1049 2388 1102 fructum
2432 1059 2653 1114 operum
2706 1038 2948 1101 aﬂ‘erant,
2991 1047 3045 1091 ct
3101 1036 3303 1090 semina
3361 1035 3411 1087 in
3461 1045 3522 1087 se

1962 1143 2199 1195 habeant
2244 1140 2576 1200 futurorum,
2617 1144 2746 1188 tunc
2788 1146 2917 1186 vere
2957 1126 3378 1194 uniuscujusque
3424 1139 3524 1177 nm

1958 1246 2129 1288 suum
2153 1243 2294 1286 terra
2314 1227 2610 1284 secundum
2630 1225 2882 1279 virtutem
2907 1236 3059 1276 suam
3090 1216 3244 1271 affert
3266 1215 3521 1281 fructum,

1961 1327 2066 1380 alia
2105 1323 2485 1387 centesimum,
2538 1320 2641 1374 alia
2697 1315 3118 1385 sexagesimum,
3167 1310 3270 1363 alia
3305 1306 3522 1375 trigesi-

1963 1435 2110 1473 mum
2137 1418 2204 1471 ⁸⁷.
2230 1416 2335 1472 Sed
2362 1426 2417 1469 et
2449 1413 2575 1469 illud
2604 1408 3005 1466 admonendum
3026 1402 3335 1460 necessario
3366 1400 3525 1455 duxi-

1961 1526 2101 1575 mus,
2147 1519 2203 1562 ut
2247 1509 2454 1562 fructus
2484 1516 2667 1559 noster
2720 1516 2988 1569 nusquam
3050 1496 3280 1558 zizania,
3318 1493 3368 1546 id
3419 1500 3523 1553 est,

1965 1616 2232 1671 nusquam
2277 1599 2462 1654 lolium
2495 1598 2729 1649 habeat:
2764 1603 2820 1646 ut
2848 1591 3057 1645 fructus
3103 1596 3284 1642 noster
3316 1598 3419 1637 non
3456 1582 3527 1634 sit

1964 1709 2122 1749 secus
2158 1694 2319 1757 viam,
2369 1690 2461 1744 sed
2508 1689 2559 1741 in
2598 1687 2709 1754 ipsa
2764 1684 2952 1749 via,in
3006 1682 3093 1734 illa
3150 1692 3266 1748 quae
3306 1671 3526 1732 dicit”,

1966 1787 2076 1856 Ego
2119 1800 2234 1838 sum
2282 1783 2388 1845 via,
2432 1780 2753 1841 seminetur,
2815 1776 2998 1844 utique
3051 1773 3102 1826 in
3164 1784 3246 1828 ca.
3294 1781 3360 1820 ne
3397 1778 3528 1817 aves

1964 1877 2084 1931 coeli
2153 1873 2445 1929 comedant
2501 1870 2707 1922 fructus
2767 1878 3021 1927 nostros,
3085 1874 3259 1929 neque
3314 1857 3527 1909 vineam

1965 1977 2225 2022 nostram.
2255 1965 2310 2019 Si
2347 1964 2470 2032 quis
2497 1972 2675 2014 tamen
2709 1968 2950 2012 nostrum
2986 1956 3142 2008 vinea
3174 1965 3292 2005 esse
3318 1959 3529 1999 merue-

1965 2061 2069 2123 rit,
2093 2057 2273 2111 videat
2305 2068 2371 2108 ne
2407 2068 2507 2123 pro
2540 2066 2640 2104 uva
2694 2048 2886 2102 alferat
2919 2046 3139 2115 spinas;
3201 2050 3250 2094 et
3312 2046 3531 2108 propter

1966 2153 2069 2206 hoc
2111 2149 2225 2217 jam
2282 2162 2387 2200 non
2435 2144 2739 2214 putabitur,
2804 2152 2977 2208 neque
3044 2135 3297 2197 fodietur,
3356 2142 3533 2197 neque

1969 2244 2321 2299 mandabitur
2357 2239 2591 2294 nubibus
2621 2244 2676 2287 ut
2702 2234 2886 2301 pluant
2923 2242 3087 2296 super
3109 2240 3223 2280 eam
3256 2221 3487 2293 pluviam
3515 2237 3530 2274 :

1968 2338 2063 2392 sed
2097 2351 2127 2390 e
2158 2332 2435 2389 contrario
2481 2328 2819 2396 relinquetur
2853 2324 3101 2387 deserta,
3139 2327 3199 2373 ut
3226 2318 3537 2372 increscant

1970 2443 2129 2497 super
2157 2441 2275 2479 eam
2310 2423 2495 2493 spiam.

2040 2521 2094 2575 5.
2150 2518 2281 2572 Post
2337 2516 2450 2569 haec
2506 2525 2635 2566 vero
2683 2508 2793 2578 jam
2844 2506 3243 2559 firmamentum
3296 2504 3537 2552 meretur

1970 2616 2131 2669 etiam
2189 2607 2545 2664 luminaribus
2586 2599 2861 2655 adornari.
2920 2597 3009 2650 Ait
3056 2594 3203 2649 enim
3253 2590 3395 2645 Deus
3435 2588 3480 2620 ⁸⁹
3519 2603 3535 2640 :

1974 2707 2136 2760 Fiant
2164 2701 2447 2758 luminaria
2474 2700 2526 2751 in
2552 2696 2879 2766 ﬁrmamento
2909 2689 3044 2751 cadi,
3071 2696 3126 2740 ut
3151 2688 3352 2738 luceant
3384 2695 3540 2749 super

1973 2812 2190 2861 terram,
2237 2806 2283 2848 et
2330 2790 2569 2846 dividant
2596 2791 2732 2841 inter
2770 2784 2974 2837 diemet
3013 2786 3237 2831 noctem.
3297 2772 3451 2827 Sicut
3482 2770 3540 2822 in

1976 2860 2316 2945 firmamento
2358 2886 2462 2939 isto
2518 2882 2663 2951 quod
2709 2878 2821 2946 jam
2850 2871 3047 2928 cadum
3076 2868 3255 2923 fuerat
3305 2860 3541 2933 appella-

1979 2994 2116 3046 tum,
2144 2982 2303 3048 jubet
2335 2979 2474 3032 Deus
2506 2974 2623 3028 fieri
2672 2967 2985 3028 luminaria,
3028 2971 3086 3017 ut
3116 2958 3362 3015 dividant
3399 2956 3543 3009 inter

1978 3076 2212 3132 medium
2241 3071 2345 3126 dici
2377 3078 2431 3123 et
2470 3066 2643 3122 noctis
2675 3080 2688 3116 :
2724 3061 2796 3113 ita
2828 3067 2883 3111 et
2912 3058 2965 3110 in
2991 3054 3152 3108 nobis
3187 3049 3305 3105 fieri
3340 3052 3539 3116 potest:

1978 3167 2022 3222 si
2067 3174 2246 3218 tamen
2276 3159 2591 3215 studeamus
2619 3164 2675 3209 et
2710 3167 2809 3206 nos
2835 3147 3018 3203 vocari
3059 3152 3114 3198 et
3139 3140 3273 3196 eﬂici
3297 3137 3493 3193 ccelum
3523 3151 3537 3187 :

1978 3255 2265 3310 luminaria
2304 3248 2624 3305 habebimus
2657 3247 2709 3298 in
2742 3242 2896 3297 nobis
2918 3281 2933 3307 ,
2959 3252 3077 3308 qua:
3103 3233 3402 3289 illuminent
3427 3244 3545 3293 nos,

1978 3343 2257 3398 Christum
2315 3347 2368 3391 et
2421 3334 2723 3389 Ecclesium
2787 3329 2925 3397 ejus.
2980 3326 3097 3395 Ipse
3142 3332 3226 3378 est
3267 3322 3410 3376 enim
3452 3319 3545 3372 lux

1980 3434 2187 3497 mundi,
2228 3432 2320 3500 qui
2374 3439 2429 3482 et
2460 3424 2757 3481 Ecclesiam
2794 3420 3061 3475 illuminat
3086 3432 3180 3473 sua
3222 3416 3359 3469 luce.
3394 3411 3549 3466 Sicut

1980 3527 2124 3582 enim
2167 3524 2294 3577 luna
2332 3522 2398 3576 de
2432 3520 2543 3575 sole
2565 3517 2766 3571 dicitur
2794 3509 3295 3583 perciperelumen,
3345 3514 3403 3558 ut
3445 3518 3544 3573 per

1980 3619 2151 3686 ipsam
2186 3616 2346 3668 etiam
2375 3627 2476 3666 nox
2503 3606 2672 3678 possit
2702 3604 3034 3665 illuminari;
3070 3602 3144 3652 ita
3190 3610 3243 3652 et
3273 3595 3541 3658 Ecclesia.

1982 3716 2233 3776 suscepto
2291 3705 2493 3759 lumine
2544 3697 2772 3761 Christi,
2832 3693 3103 3747 illuminat
3149 3703 3338 3744 omnes
3368 3688 3457 3755 qui
3496 3688 3549 3739 in

1984 3799 2305 3872 ignorantia:
2345 3801 2501 3847 nocte
2545 3798 2857 3843 versantur.
2912 3782 2969 3837 Si
3013 3796 3142 3836 vero
3194 3780 3315 3847 quis
3360 3778 3413 3830 in
3448 3777 3551 3830 hoc

1985 3866 2261 3965 proﬁciat,
2294 3897 2353 3942 ut
2382 3884 2492 3953 jam
2526 3882 2667 3935 ﬁlius
2712 3877 2805 3932 Dei
2847 3873 3129 3937 efﬁciatur,
3166 3870 3246 3925 sic
3283 3878 3338 3923 ut
3366 3869 3419 3921 In
3463 3866 3552 3919 die

1984 3956 2212 4040 honeste
2243 3978 2498 4040 ambulet,
2524 3972 2676 4044 quasi
2706 3969 2845 4024 filius
2873 3966 2988 4027 Dei,
3011 3972 3065 4017 et
3097 3962 3238 4015 filius
3273 3959 3408 4013 lucis
3431 3975 3443 4011 :
3465 3956 3553 4011 hic

1987 4079 2055 4130 ab
2081 4075 2198 4144 ipso
2224 4070 2440 4124 Christo
2463 4064 2800 4122 illuminatur
2833 4059 2973 4113 sicut
3003 4057 3119 4110 dies
3139 4053 3169 4107 a
3206 4052 3342 4107 sole.

2061 4141 2114 4223 ϐξ
2166 4164 2233 4218 Et
2269 4165 2368 4217 sint
2402 4163 2455 4215 in
2481 4159 2629 4228 signa
2672 4164 2719 4209 et
2758 4164 3011 4219 tempora,
3047 4159 3093 4202 et
3144 4149 3199 4200 in
3245 4146 3354 4197 dies
3397 4154 3442 4195 et
3500 4141 3556 4193 in

1996 4274 2212 4314 annos:
2257 4266 2304 4309 et
2363 4254 2493 4322 ﬁant
2543 4250 2611 4302 ad
2664 4242 3071 4299 illuminandum
3116 4241 3168 4291 in
3227 4238 3555 4306 firmamenta

1992 4352 2128 4416 coeli,
2170 4360 2221 4401 ut
2247 4348 2452 4400 luceant
2478 4357 2633 4409 super
2685 4349 2901 4391 (errant.
2942 4333 3006 4385 Et
3049 4332 3247 4398 factum
3283 4336 3355 4380 est
3383 4326 3457 4378 sic
3487 4323 3555 4374 9°.

1914 4440 1962 4494 Ῑ)
1994 4447 2148 4501 Sicut
2194 4438 2484 4495 luminaria
2523 4437 2627 4489 ista
2677 4431 2825 4495 cmli,
2885 4442 3004 4495 qua:
3068 4426 3335 4484 videmus,
3383 4416 3558 4485 posita

1994 4548 2120 4594 sunt
2151 4537 2201 4590 iu
2241 4534 2391 4602 signa
2420 4539 2476 4585 et
2514 4529 2566 4582 in
2598 4538 2865 4594 tempora,
2899 4529 2956 4574 et
3002 4518 3119 4572 dies
3171 4522 3225 4568 et
3273 4524 3465 4575 annos,
3504 4518 3563 4560 ut

1993 4633 2209 4687 luceant
2246 4627 2312 4681 de
2354 4623 2695 4677 firmamento
2726 4617 2849 4671 caeli
2897 4612 2984 4667 his
3024 4609 3115 4679 qui
3153 4620 3316 4674 super
3360 4612 3561 4655 terram

1998 4730 2123 4777 sunt
2156 4742 2166 4775 :
2201 4719 2303 4772 hoc
2343 4714 2502 4768 modo
2535 4712 2696 4764 etiam
2732 4708 2988 4762 Christus
3024 4699 3333 4757 illuminans
3376 4691 3563 4747 Eccle-
3632 4750 3650 4763 κ

2000 4814 2134 4869 siam
2182 4822 2359 4871 suam,
2415 4803 2568 4872 signa
2598 4802 2694 4853 dat
2728 4813 2822 4868 per
2861 4802 3134 4866 prmcepta
3169 4805 3264 4845 sua
3294 4794 3389 4841 :ut
3429 4784 3567 4839 sciat

2003 4901 2273 4974 quomodo
2311 4896 2432 4966 quis
2485 4900 2705 4959 accepto
2741 4890 2895 4957 signo
2940 4885 3112 4954 fugiat
3152 4883 3219 4935 ab
3258 4880 3338 4934 ira
3378 4889 3567 4945 super-

2002 5006 2254 5055 ventura,
2300 4990 2379 5043 uti
2421 5003 2486 5043 ne
2510 4988 2623 5040 dies
2648 4983 2734 5037 illa
2769 4982 2911 5036 sicut
2941 4979 3026 5030 fur
3059 4990 3183 5028 cum
3212 4971 3567 5038 comprehen-

2004 5090 2097 5142 dat
2134 5105 2146 5141 :
2183 5086 2275 5140 scd
2309 5092 2367 5137 ut
2392 5079 2564 5147 magis
2597 5073 2883 5146 pervenire
2917 5068 3088 5139 possit
3119 5067 3171 5120 in
3207 5078 3405 5117 annum
3456 5060 3568 5113 Do—

2008 5181 2136 5236 mini
2171 5172 2583 5245 acccptabilcm.
2618 5166 2876 5221 Christus
2897 5175 3026 5231 ergo
3060 5165 3145 5213 est
3176 5156 3268 5209 lux
3290 5170 3408 5209 vera
3450 5165 3569 5221 qua:

2006 5276 2271 5331 illuminat
2312 5284 2515 5323 omnem
2545 5262 2805 5316 hominem
2845 5256 3128 5309 venientem
3171 5250 3226 5302 in
3256 5249 3393 5299 hunc
3419 5259 3572 5297 mun-

2006 5375 2133 5425 dum
2166 5367 2244 5430 9‘;
2271 5380 2333 5419 cx
2363 5360 2513 5428 cujus
2540 5356 2741 5410 lumine
2781 5351 3077 5407 illuminata
3113 5343 3373 5405 Ecclesia,
3405 5339 3571 5392 etiam

402 5532 449 5562 ³³
488 5529 623 5585 Gen.
654 5546 693 5583 ι.
747 5529 813 5581 l0
853 5538 904 5581 et
939 5528 1024 5583 ιι.
1083 5526 1289 5579 “Gen.
1338 5521 1629 5580 χκνιι.27.
1706 5519 1750 5549 κδ
1782 5486 1872 5570 na

1977 5533 2012 5577 ι,
2047 5515 2076 5585 7
2116 5522 2168 5565 et
2204 5510 2257 5563 8.
2330 5505 2379 5585 ξθ
2412 5505 2548 5561 Grn.
2586 5519 2632 5566 ι,
2666 5501 2729 5553 12
2759 5510 2812 5551 rt
2848 5498 2931 5550 I3.
3010 5494 3054 5523 ⁸⁷
3107 5490 3298 5543 Matth.
3329 5501 3447 5551 xm,
3478 5485 3573 5542 23.

333 5604 376 5636 ⁸⁸
396 5601 555 5657 Joan.
597 5615 706 5665 xw,
759 5600 815 5654 6.
888 5600 931 5630 δί’
960 5597 1095 5651 Gen.
1129 5613 1166 5660 I,
1206 5596 1289 5649 Η.
1365 5595 1411 5626 νθ
1454 5593 1584 5648 Ibid.
1616 5590 1679 5643 Η
1704 5600 1757 5643 et
1792 5588 1880 5644 I5.

1956 5588 1999 5617 ⁹¹
2047 5584 2203 5645 .Ioztn,
2243 5596 2280 5642 I,
2327 5578 2379 5631 8.

416 5733 561 5807 (60)
590 5733 675 5788 Ex
700 5734 831 5787 bona
866 5732 1038 5785 cordis
1075 5730 1240 5783 nostri
1273 5728 1536 5781 thesauro.
1570 5723 1661 5778 Sic
1684 5721 1883 5778 habent
1907 5734 2063 5784 mss.,
2093 5712 2338 5785 impressi
2370 5723 2513 5773 vero,
2534 5721 2597 5759 ex
2619 5703 2764 5756 bonis
2792 5701 2964 5753 cordis
2996 5694 3159 5749 nostri
3180 5693 3465 5746 thesauris.
