3978 6528
482 309 579 364 illi

1959 305 2282 362 OlllGENlS

3619 308 3714 363 £52

473 424 588 493 ipsa
617 423 703 480 lux
730 425 1182 490 mundieﬂicitur,
1217 421 1528 478 illuminans
1557 435 1653 477 eos
1677 423 1769 494 qui
1815 423 1868 476 in
1897 431 2046 477 tene-
2075 428 2121 484 Α
2148 422 2446 478 secundum
2478 420 2753 491 propriam
2785 433 2942 476 suam
2983 420 3261 477 virtutem.
3290 419 3398 476 Aut
3423 419 3572 475 enim
3596 436 3713 480 cum

473 517 590 572 bris
615 525 740 571 sunt
781 534 794 572 :
821 519 959 572 sicut
998 525 1053 572 et
1096 515 1210 585 ipse
1231 513 1488 570 Christus
1515 522 1853 568 contestatur
1879 514 2041 568 disci-

471 607 616 676 pulis
660 607 774 663 suis
817 607 1006 662 dicens
1040 607 1086 640 "
1122 623 1136 659 :
1180 603 1283 659 Vos
1307 605 1431 659 estis
1461 605 1554 659 tua:
1581 605 1783 658 mundi.
1828 605 1907 658 Ex
1935 619 2042 674 quo

472 699 800 763 ostenditur,
829 699 957 768 quia
991 697 1248 754 Christus
1285 697 1501 767 quidem
1531 696 1620 751 lux
1660 703 1744 750 est
1771 695 2042 766 apostolo-

473 806 616 857 rum,
647 787 874 858 apostoli
911 802 1040 844 vero
1079 789 1168 845 lux
1205 789 1414 843 mundi.
1442 787 1545 858 Ipsi
1587 788 1730 842 enim
1768 796 1892 840 sunt
1935 801 2040 840 non

472 881 734 936 habentes
761 879 1029 935 maculam
1054 879 1135 935 vel
1167 897 1376 950 rugam,
1405 890 1498 934 aut
1543 879 1750 948 aliquid
1783 877 2041 946 hujusce-

470 973 638 1037 modi,
678 988 802 1026 vera
844 972 1088 1027 Ecclesia
1120 989 1132 1025 :
1160 975 1299 1028 sicut
1324 983 1380 1028 et
1435 972 1734 1042 Apostolus
1789 969 1923 1024 dicit
1948 969 2039 1026 “t

469 1061 539 1117 Ut
575 1065 682 1133 ipse
699 1065 795 1117 sibi
822 1064 1062 1118 exhibeat
1091 1065 1375 1134 gloriosam
1410 1064 1702 1118 Ecclesiam
1728 1079 1830 1116 non
1853 1063 2042 1116 haben-

469 1164 568 1208 tem
599 1155 889 1220 maculam,
913 1166 1006 1208 aut
1030 1172 1240 1226 rugam,
1287 1166 1378 1210 aut
1410 1146 1970 1226 aliqttid'ltujusmodi.

541 1246 590 1298 7.
630 1245 700 1299 Et
739 1247 860 1316 fecit
896 1245 1035 1299 Deus
1065 1247 1170 1298 duo
1202 1244 1491 1297 luminaria
1523 1261 1714 1315 magna
1740 1261 1758 1298 :
1786 1244 2043 1297 luminare

463 1336 642 1406 majus
680 1337 732 1390 in
769 1338 1126 1406 principatum
1169 1336 1310 1402 diei;
1365 1347 1414 1391 et
1459 1337 1726 1391 luminare
1764 1338 1938 1389 minus
1988 1336 2042 1389 in

464 1429 821 1497 principatum
845 1431 1033 1494 noctis,
1069 1439 1117 1482 et
1166 1429 1366 1483 stellas.
1406 1429 1471 1482 Et
1502 1429 1675 1500 posuit
1705 1445 1766 1483 ea
1809 1427 1949 1482 Deus
1981 1429 2034 1482 in

465 1517 797 1586 firmamento
815 1517 952 1582 εαξη,
969 1529 1021 1571 ιιι
1045 1518 1257 1573 luceant
1279 1535 1433 1587 super
1451 1529 1641 1572 terram
1670 1528 1718 1572 et
1736 1525 2042 1586 potestatem

473 1608 696 1662 habeant
722 1610 826 1662 diei
853 1617 903 1663 et
929 1611 1118 1676 noctis,
1143 1618 1192 1663 et
1210 1610 1450 1664 dividant
1483 1609 1861 1664 intermedium
1882 1609 2038 1672 lucis,

471 1710 518 1752 et
548 1701 687 1754 inter
718 1699 822 1771 55
860 1702 1086 1755 medium
1120 1701 1470 1756 tenebrarum.
1500 1699 1567 1754 Et
1592 1701 1718 1754 vidit
1742 1700 1884 1756 Deus
1914 1700 2040 1768 quia

2149 511 2320 567 turbis
2343 511 2591 566 venimus
2614 513 2856 576 adeum,
2884 519 2956 573 et_
2969 526 3068 581 per
3089 510 3373 581 parabolas
3401 527 3498 567 nos
3526 513 3711 581 reiicit,

2145 602 2210 657 ad
2251 604 2352 658 hoc
2397 604 2774 658 tantummodo
2808 617 2875 657 ne
2920 602 3110 657 multis
3135 602 3357 671 jejuniis
3406 603 3713 660 deﬁciamus

2147 695 2200 749 in
2229 696 2314 750 via
2351 715 2363 751 :
2402 703 2496 749 aut
2532 704 2678 749 certe
2711 709 2931 764 semper
2976 705 3032 750 et
3069 695 3437 750 indesinenter
3481 695 3600 765 ejus
3625 711 3715 765 pe-

2146 781 2301 836 dibus
2331 782 2640 837 assidemus
2666 784 2733 848 ’9,
2769 791 3030 838 vacantes
3057 783 3125 837 ad
3171 787 3275 838 hoc
3325 783 3498 838 solum
3532 794 3592 840 ut
3625 801 3714 838 an-
3764 780 3769 785 ’

2145 875 2358 930 diamus
2387 875 2611 930 verbum
2661 875 2802 946 ejus,
2855 891 3197 946 nequaquam
3247 877 3548 946 perturbati
3589 891 3710 947 erga

2145 965 2374 1021 multum
2416 967 2804 1033 ministerium,
2843 970 2937 1023 sed
2979 968 3236 1038 Optimam
3272 975 3478 1036 partem
3513 967 3715 1038 eligen-

2147 1067 2248 1122 tes,
2274 1074 2395 1128 quae
2437 1075 2546 1113 non
2579 1059 2860 1115 auferetur
2897 1075 2926 1115 a
2953 1061 3133 1116 nobis.
3169 1060 3236 1115 Et
3279 1059 3466 1128 utique
3506 1060 3600 1129 qui
3638 1061 3716 1116 sic

2145 1149 2414 1204 accedunt
2448 1150 2515 1204 ad
2557 1165 2702 1216 eum,
2750 1152 2922 1208 multo
2963 1151 3198 1221 amplius
3242 1165 3310 1205 es
3355 1152 3476 1220 ejus
3518 1151 3716 1207 lumine

2145 1251 2577 1312 consequuntur.
2625 1241 2681 1296 Si
2712 1257 2841 1298 vero
2889 1244 3031 1298 sicut
3061 1244 3289 1312 apostoli
3320 1259 3584 1314 nusquam
3609 1259 3715 1299 om-

2145 1333 2275 1387 nino
2310 1347 2624 1387 moveamur
2654 1337 2849 1399 ab'eo,
2891 1334 2984 1390 sed
3029 1349 3243 1405 semper
3273 1351 3394 1390 cum
3422 1350 3487 1391 eo
3515 1352 3716 1406 perma-

2145 1440 2370 1480 neamus
2404 1425 2456 1480 itt
2499 1427 2752 1481 omnibus
2799 1427 3246 1484 tribulationibus
3275 1429 3414 1497 ejus,
3456 1439 3585 1482 tunc
3622 1444 3716 1482 no-

2143 1517 2226 1571 bis
2255 1527 2474 1572 secreto
2507 1531 2594 1582 ea,
2619 1532 2741 1587 quae
2767 1518 2832 1572 ad
2865 1519 3054 1574 turbas
3091 1519 3305 1574 locutus
3339 1521 3536 1582 fuerat,
3563 1535 3716 1588 expo-

2144 1608 2244 1674 nit,
2278 1618 2441 1676 atque
2472 1608 2744 1674 dissolvit,
2776 1618 2830 1664 et
2856 1610 3029 1666 multo
3060 1610 3260 1665 clarius
3294 1611 3567 1665 illuminat
3599 1626 3712 1666 nos.

2147 1698 2202 1753 Si
2245 1715 2375 1754 vero
2401 1701 2562 1755 etiam
2601 1702 2722 1756 talis
2745 1703 2871 1772 quis
2899 1702 3082 1766 fuerit,
3118 1714 3171 1757 ut
3207 1705 3453 1773 possitet
3491 1705 3544 1758 in
3574 1720 3717 1757 tuon-

471 1793 663 1846 bonum
685 1769 758 1847 est
786 1769 872 1848 iet
893 1790 1090 1862 factum
1121 1804 1193 1848 est
1221 1809 1444 1862 vespere,
1478 1802 1526 1846 et
1549 1793 1744 1861 factum
1782 1802 1856 1846 est
1893 1808 2042 1845 mane
2077 1769 2121 1830 Β
2152 1800 2257 1844 tetn
2294 1791 2592 1845 ascendere
2627 1806 2752 1846 cum
2781 1807 2847 1847 eo
2886 1793 3028 1847 sicut
3059 1794 3270 1856 Petrus,
3299 1804 3352 1848 et
3378 1793 3635 1859 Iacobus,
3665 1802 3717 1850 et

467 1885 580 1939 dies
601 1896 791 1954 quarta
807 1886 874 1941 “.
897 1885 1050 1940 Siettt
1072 1885 1149 1941 sol
1167 1895 1219 1940 et
1237 1886 1361 1939 luna
1387 1901 1579 1954 magna
1599 1885 1884 1938 luminaria
1902 1885 2040 1940 dicta

465 1986 598 2030 sunt
624 1991 742 2032 esse
771 1979 821 2031 in
852 1977 1192 2034 ﬁrmamento
1223 1975 1380 2043 caeli;
1410 1976 1483 2029 ita
1517 1985 1571 2031 et
1602 1976 1653 2030 in
1701 1975 1854 2030 nobis
1887 1973 2039 2029 Chri-

463 2078 583 2124 stus
612 2077 666 2124 et
694 2069 959 2124 Ecclesia.
992 2068 1098 2124 Sed
1131 2067 1387 2138 quoniam
1424 2068 1588 2122 etiam
1618 2067 1806 2122 stellas
1856 2069 1906 2121 in
1949 2068 2039 2120 ﬁr-

463 2170 739 2216 memento
787 2161 962 2230 posuit
1003 2161 1165 2225 Deus,
1201 2159 1483 2213 videamus
1531 2173 1652 2228 qua:
1695 2169 1820 2212 sunt
1873 2160 2039 2213 etiam

460 2251 514 2304 in
549 2252 703 2305 nobis
731 2252 924 2316 stetlze,
951 2252 1005 2306 id
1039 2259 1141 2316 est,
1179 2252 1231 2306 in
1263 2251 1446 2306 cordis
1484 2252 1654 2306 nostri
1687 2251 1850 2306 caelo.
1888 2250 2039 2322 Moy-

461 2358 551 2398 ses
595 2343 750 2397 stella
791 2353 876 2399 est
916 2345 967 2398 in
1004 2344 1182 2410 nobis,
1225 2359 1345 2413 qua:
1389 2343 1530 2399 lueet
1560 2352 1614 2398 et
1647 2343 1913 2398 illuminat
1943 2359 2040 2400 nos

461 2435 673 2490 actibus
702 2436 836 2491 suis.
855 2437 920 2490 Et
949 2437 1248 2504 Abraham,
1275 2435 1454 2501 Isaac,
1473 2447 1526 2490 et
1551 2435 1745 2502 Jacoh,
1773 2446 1826 2492 et
1848 2437 2064 2502 lsaias,‘

459 2539 514 2584 et
539 2526 825 2594 Jeremias,
866 2538 920 2583 et
967 2529 1242 2597 Ezechiel,
1289 2539 1343 2584 et
1385 2529 1572 2592 David,
1606 2536 1661 2583 et
1709 2529 1897 2585 Daniel
1936 2547 1949 2583 :
1984 2539 2039 2584 et

460 2636 652 2676 omnes
684 2621 882 2691 quibus
915 2619 1200 2690 Scriptura
1245 2631 1432 2677 saneta
1471 2621 1839 2678 testimonium
1867 2622 2034 2688 dedit,

461 2711 590 2781 quia
621 2711 925 2780 placuerint
954 2713 1085 2768 Deo.
1127 2713 1275 2768 Sicut
1303 2713 1448 2768 enim
1480 2714 1630 2769 stella
1653 2714 1716 2768 ab
1749 2712 1902 2768 stella
1931 2713 2037 2782 cli/’-

460 2803 562 2874 fert
593 2805 646 2857 in
672 2805 912 2859 claritate
939 2806 1007 2871 ”,
1032 2806 1102 2861 ita
1131 2807 1294 2861 etiatn
1320 2817 1635 2863 sanctorum
1662 2808 2036 2878 unusquisque

461 2897 758 2950 secundum
788 2897 1213 2967 magnitudinem
1261 2914 1412 2953 suam
1456 2899 1635 2953 lumen
1675 2914 1830 2955 suum
1859 2899 2036 2954 fundit

460 2994 515 3049 in
546 3010 665 3050 nos.
698 2993 852 3050 Sicut
884 3009 1062 3051 autem
1094 2997 1253 3052 solet
1285 2997 1412 3053 luna
1453 2997 1763 3052 illuminant
1802 3011 2031 3066 corpora

459 3095 644 3140 nostra
672 3104 684 3139 :
714 3085 788 3140 ita
814 3098 868 3143 et
894 3103 922 3142 a
947 3088 1165 3144 Christo
1191 3097 1356 3160 atque
1382 3089 1622 3144 Ecclesia
1657 3089 2036 3145 illuminantur

459 3186 674 3234 mentes
703 3189 926 3236 nostrae.
966 3179 1046 3234 Ita
1080 3191 1258 3237 tamen
1311 3181 1703 3249 illuminamur,
1733 3182 1776 3237 si
1820 3197 1925 3237 non
1959 3181 2035 3236 si-

457 3283 582 3323 mus
610 3269 881 3326 mentibus
910 3271 1059 3328 caici.
1085 3272 1217 3337 Nam
1243 3273 1388 3329 sicut
1411 3273 1494 3329 sol
1520 3284 1571 3330 et
1598 3274 1722 3328 luna
1745 3271 2036 3343 corporali-

460 3359 562 3414 bus
594 3360 767 3416 oculis
797 3376 974 3418 caecos
999 3364 1248 3433 quamvis
1292 3364 1592 3432 illustrent,
1622 3364 1698 3419 illi
1738 3372 1917 3418 tamen
1955 3379 2035 3418 re-

458 3448 646 3519 cipere
691 3450 873 3508 lumen
911 3468 1020 3510 non
1065 3462 1330 3524 possunt;
1368 3457 1439 3510 ita
1491 3465 1543 3512 et
1580 3455 1829 3512 Christus
1861 3455 2031 3510 lucem

457 3555 614 3596 suam
644 3544 1167 3612 praestatmentibus
1206 3544 1430 3612 nostris,
1465 3546 1560 3603 sed
1589 3547 1661 3602 ita
1690 3548 1906 3604 demum
1938 3564 2034 3603 nos

457 3633 806 3701 illuminabit,
847 3637 895 3692 si
953 3653 1295 3711 nequaquam
1347 3642 1565 3697 caecitas
1617 3642 1816 3697 mentis
1864 3645 2034 3713 impe-

457 3725 593 3780 diat.
619 3725 772 3793 Quod
800 3728 965 3783 etiam
997 3730 1041 3784 si
1071 3731 1282 3787 accidat
1311 3733 1506 3802 primo,
1546 3741 1764 3802 oportet
1808 3749 1902 3788 eos
1940 3735 2031 3801 qui

461 3818 594 3873 casei
618 3827 745 3873 sunt
771 3821 922 3888 sequi
950 3820 1250 3890 Christum,
1275 3824 1515 3880 dicentes
1537 3834 1586 3879 et
1615 3825 1915 3880 clamantes
1944 3826 1989 3858 ⁸⁸
2017 3845 2029 3880 :

458 3906 711 3963 Miserere
739 3910 905 3975 nobis,
935 3910 1015 3980 ﬁli
1045 3911 1243 3980 David,
1283 3924 1346 3970 ut
1379 3916 1544 3970 etiam
1579 3917 1753 3972 visum
1803 3919 1870 3972 ab
1916 3919 2035 3986 ipso

462 3999 814 4068 recipientes,
865 4002 1076 4070 possint
1125 4003 1386 4073 deinceps
1432 4014 1486 4059 et
1540 4006 1678 4062 lucis
1705 4007 1824 4078 ejus
1859 4008 2032 4077 splen-

459 4089 593 4144 dore
627 4091 849 4144 radiari.
885 4089 1080 4146 Verum
1127 4107 1237 4148 non
1287 4095 1566 4164 mqualiter
1593 4111 1783 4152 omnes
1823 4099 1916 4166 qui
1961 4099 2035 4153 vi-

460 4181 590 4236 dent
623 4182 1000 4238 illuminantur
1027 4201 1054 4239 a
1081 4184 1318 4252 Christo,
1371 4189 1466 4244 sed
1509 4189 1705 4260 singuli
1735 4190 2029 4245 secundum

458 4288 578 4330 eam
609 4290 921 4331 mensuram
952 4276 1346 4346 illuminantur,
1372 4296 1476 4352 qua
1498 4282 1606 4336 vim
1649 4281 1865 4338 luminis
1893 4283 2032 4338 reei-

458 4379 591 4436 pere
618 4365 817 4420 valent.
846 4364 912 4420 Et
947 4367 1094 4422 sicut
1134 4384 1241 4423 non
1271 4369 1556 4439 :cqualiter
1600 4372 1741 4426 oculi
1784 4374 2031 4441 corporis

2145 1880 2403 1948 Joannes,
2431 1883 2530 1936 iste
2577 1900 2684 1937 non
2725 1885 2894 1938 solum
2938 1886 3143 1941 Christi
3174 1886 3396 1950 lumine,
3427 1887 3520 1940 sed
3552 1889 3714 1941 etiam

2142 1976 2322 2033 Patris
2353 1978 2524 2048 ipsius
2568 1979 2964 2035 illutninahitur
2991 1997 3145 2037 voce.

2210 2071 2263 2126 8.
2300 2068 2369 2126 Et
2409 2072 2543 2126 dixit
2574 2071 2713 2126 Deus
2740 2089 2760 2128 :
2793 2069 3102 2128 Producant
3141 2089 3292 2143 aqute
3333 2074 3566 2142 repentia
3601 2076 3716 2128 ani-

2141 2178 2350 2216 marum
2385 2164 2655 2230 uicerunt,
2699 2174 2746 2217 et
2781 2163 3022 2218 volatilia
3071 2165 3302 2219 volantia
3327 2179 3486 2234 super
3523 2175 3715 2218 terram

2139 2256 2426 2307 secundum
2479 2253 2870 2322 ﬁrmamentum
2910 2256 3046 2310 cceli.
3091 2254 3160 2309 Et
3193 2257 3393 2323 factum
3441 2267 3519 2316 est
3572 2258 3650 2310 sic
3675 2256 3713 2311 ⁸.

2142 2341 2450 2397 Secundum
2491 2342 2725 2420 litteram
2751 2343 2904 2411 jussu
2940 2343 3034 2400 Dei
3069 2346 3448 2414 producuntur
3472 2346 3543 2400 ah
3564 2348 3716 2416 aquis

2141 2435 2384 2503 repentis
2423 2443 2478 2488 et
2527 2433 2763 2489 volatilia
2789 2477 2807 2503 ,
2862 2443 2916 2492 et
2959 2435 3076 2491 hace
3114 2452 3234 2506 quae
3261 2438 3508 2492 videmus
3550 2453 3577 2492 a
3611 2453 3715 2506 quo

2138 2523 2252 2578 sint
2303 2521 2442 2576 facta
2490 2527 2897 2594 cognoscimus.
2953 2525 3060 2581 Sed
3114 2527 3388 2581 videamus
3441 2527 3716 2596 quomodo

2136 2615 2302 2668 etiam
2332 2616 2631 2670 secundum
2657 2625 2902 2672 nostrum
2929 2616 3329 2672 ﬁrmamentum
3361 2619 3506 2685 cmli,
3536 2619 3587 2672 id
3612 2628 3713 2685 est,

2136 2706 2334 2761 mentis
2381 2715 2580 2762 nostrae
2622 2707 2706 2762 vel
2752 2708 2932 2764 cordis
2967 2709 3316 2772 soliditatem,
3370 2710 3485 2766 haec
3517 2710 3711 2764 eadem

2138 2798 2288 2852 ﬁant.
2318 2799 2589 2864 Arbitror,
2611 2800 2737 2870 quia
2774 2801 2820 2856 si
2859 2817 3014 2856 mens
3047 2811 3236 2857 nostra
3264 2800 3567 2856 illuminata
3599 2802 3714 2854 fue-

2136 2892 2207 2946 rit
2233 2908 2261 2944 a
2287 2901 2472 2947 nostro
2503 2892 2616 2948 sole
2638 2893 2875 2960 Christo,
2897 2893 3120 2962 jubetur
3156 2896 3499 2966 postmodum
3528 2909 3596 2948 ex
3633 2895 3713 2952 his

2137 2997 2258 3051 qua:
2293 2983 2346 3036 in
2389 2998 2451 3037 ea
2501 2993 2627 3038 sunt
2660 2986 2819 3054 aquis
2865 2988 3168 3056 producere
3210 2987 3451 3056 repentia
3481 2987 3710 3041 etvola-

2139 3075 2252 3128 tilia
2283 3074 2542 3140 volantia,
2579 3076 2631 3130 id
2666 3086 2768 3139 est,
2806 3078 3163 3147 cogitationes
3209 3081 3378 3133 bonas
3400 3079 3487 3134 vel
3542 3080 3712 3133 malas

2135 3166 2384 3236 proferre
2420 3170 2760 3230 inmedium,
2808 3179 2867 3226 ut
2913 3171 3169 3226 discretio
3227 3171 3320 3225 ﬁat
3367 3174 3636 3225 bonorum
3681 3187 3710 3224 a

2138 3259 2317 3324 malis,
2373 3275 2495 3330 qua:
2538 3261 2727 3330 utique
2768 3272 2998 3331 utraque
3048 3278 3116 3318 ex
3170 3265 3334 3319 corde
3386 3265 3707 3334 procedunt.

2139 3351 2214 3406 De
2242 3351 2409 3407 corde
2440 3366 2674 3422 namque
2698 3362 2888 3409 nostro
2915 3355 3063 3408 velut
3089 3355 3156 3410 de
3177 3356 3335 3424 aquis
3363 3356 3713 3425 proteruntur

2138 3454 2193 3498 et
2234 3444 2389 3500 hante
2441 3444 2798 3514 cogitationes
2849 3454 2907 3501 et
2964 3445 3140 3500 malae.
3177 3447 3283 3502 Sed
3315 3462 3420 3502 nos
3443 3447 3617 3502 verbo
3649 3463 3709 3502 ac

2138 3545 2412 3606 praecepto
2439 3535 2532 3590 Dei
2561 3545 2792 3607 utraque
2817 3537 3157 3608 proferamus
3187 3541 3254 3594 ad
3279 3550 3635 3610 conspectum
3660 3548 3712 3594 et

2131 3629 2395 3699 judicium
2442 3628 2562 3696 Dei,
2604 3639 2662 3684 ut
2694 3645 2818 3684 cum
2873 3631 3043 3701 ipsius
3075 3631 3470 3686 illuminatione
3503 3633 3710 3686 discer-

2137 3735 2268 3776 nere
2299 3721 2574 3792 possimus
2619 3736 2650 3775 a
2687 3721 2832 3777 bono
2871 3723 3014 3792 quod
3045 3723 3242 3778 malum
3277 3707 3394 3788 est,
3425 3725 3474 3777 id
3506 3734 3614 3789 est,
3659 3735 3711 3780 ut

2137 3827 2198 3868 ea
2229 3827 2350 3882 qua:
2381 3828 2547 3882 super
2580 3822 2777 3868 terram
2813 3823 3032 3885 repunt,
3065 3824 3120 3868 et
3156 3825 3403 3871 terrenas
3445 3817 3710 3872 sollicitu-

2136 3905 2294 3961 dines
2319 3914 2534 3977 gerunt,
2585 3921 2901 3976 separemus
2958 3923 2988 3961 a
3041 3907 3232 3972 nobis;
3286 3907 3376 3962 illa
3411 3924 3544 3963 vero
3591 3925 3710 3979 quite

2137 3998 2364 4054 meliora
2395 4007 2544 4067 sunt,
2579 3998 2632 4053 id
2661 4009 2744 4054 est
2793 3998 3057 4062 volatilia,
3097 4000 3340 4054 sinamus
3375 3999 3565 4054 volare
3606 4017 3708 4054 non

2135 4089 2310 4145 solum
2349 4104 2514 4162 super
2553 4101 2780 4158 terram,
2825 4094 2919 4146 sed
2955 4092 3118 4146 etiam
3178 4095 3472 4148 secundum
3523 4094 3709 4146 [inna-

2137 4192 2382 4238 mentum
2411 4181 2578 4248 C(eli;
2615 4183 2664 4237 id
2699 4193 2802 4249 est,
2835 4196 2894 4237 ut
2919 4199 3138 4238 sensum
3196 4195 3249 4238 et
3285 4185 3553 4238 rationem
3600 4194 3708 4238 tam

2137 4285 2480 4330 terrenorum
2509 4291 2670 4344 quam
2697 4276 3000 4330 ett-[estiam
3027 4285 3426 4343 pertractemus
3453 4275 3504 4328 in
3528 4276 3706 4340 nobis,

2135 4377 2194 4419 ut
2226 4366 2532 4436 intelligere
2567 4383 2786 4438 quoque
2837 4369 3125 4437 possimus,
3167 4384 3288 4437 qua!
3320 4369 3431 4423 sint
3460 4369 3512 4422 in
3553 4369 3708 4422 nobis

459 4459 633 4512 nostri
663 4458 1036 4513 illuminantnr
1063 4475 1092 4514 a
1135 4461 1272 4525 sole,
1301 4462 1395 4517 sed
1423 4472 1630 4531 quanto
1672 4465 1795 4534 quis
1831 4466 1883 4518 in
1911 4465 2026 4520 loca
2063 4479 2107 4532 ι)
2139 4459 2297 4513 noxia
2343 4475 2410 4514 ex
2468 4462 2804 4528 repentibus.
2861 4459 2916 4514 Si
2975 4461 3268 4517 viderimus
3318 4461 3602 4518 mulierem
3645 4460 3708 4514 ad

459 4548 650 4603 altiora
680 4551 1078 4618 conscenderit,
1107 4560 1162 4608 et
1186 4563 1364 4606 ortum
1389 4553 1504 4621 ejus
1526 4555 1770 4610 editioris
1800 4557 2033 4624 specula:

457 4640 743 4696 intuitione
798 4642 960 4697 fuerit
1011 4645 1433 4714 contemplatus,
1481 4655 1631 4700 tanto
1698 4647 1928 4714 amplius
1978 4657 2032 4702 et

458 4729 766 4798 splendoris
811 4733 928 4802 ejus
955 4732 1062 4787 vim
1096 4733 1359 4803 percipiet
1391 4743 1445 4788 et
1478 4735 1678 4790 caloris
1709 4753 1723 4790 :
1756 4737 1828 4790 ita
1863 4737 2026 4790 etiam

456 4837 611 4876 mens
661 4835 846 4878 nostra
881 4835 1088 4892 quanto
1127 4825 1286 4880 altius
1329 4837 1383 4880 et
1419 4826 1692 4883 excelsius
1733 4828 2025 4897 appropin-

455 4915 706 4982 quaverit
743 4916 985 4979 Christo,
1030 4932 1093 4972 ac
1131 4932 1190 4972 se
1218 4918 1539 4973 viciniorem
1577 4919 1856 4990 splendori
1893 4919 2030 4974 lucis

453 5005 572 5077 ejus
599 5005 884 5076 obiecerit,
921 5018 1068 5064 tanto
1102 5009 1541 5080 magniﬁcentius
1587 5020 1642 5066 et
1683 5012 1882 5068 clarius
1909 5012 2027 5082 ejus

454 5099 657 5156 lumine
712 5101 1033 5166 radiahitur,
1086 5105 1224 5159 sicut
1267 5114 1321 5159 et
1370 5105 1486 5176 ipse
1532 5107 1608 5162 ait
1653 5121 1750 5176 per
1791 5111 2028 5180 proplie...

367 5200 376 5204 “
454 5200 564 5246 tam
595 5193 640 5224 ⁸⁷
668 5213 681 5249 :
710 5195 1135 5264 Appropinquate
1170 5198 1320 5263 milii,
1367 5208 1414 5251 et
1459 5198 1890 5266 appropinquabo
1936 5216 2028 5252 υο-

453 5282 553 5344 bis,
579 5282 711 5337 dicit
737 5284 1016 5340 Dominus.
1041 5285 1107 5339 Et
1134 5286 1325 5340 iterum
1349 5288 1478 5342 dicit
1501 5289 1545 5321 ⁸⁸
1573 5305 1587 5342 :
1617 5289 1758 5342 Deus
1779 5291 2031 5357 approxi-

453 5391 605 5430 mans
641 5393 735 5446 ego
763 5393 901 5438 sum,
935 5388 984 5432 et
1023 5394 1122 5431 non
1158 5377 1300 5432 Deus
1334 5379 1399 5432 de
1421 5378 1590 5449 longe.
1627 5380 1742 5434 Non
1778 5380 2027 5434 similiter

457 5474 634 5522 tamen
669 5469 916 5523 venimus
976 5471 1041 5524 ad
1091 5485 1214 5524 eum
1264 5484 1478 5539 omnes,
1527 5475 1618 5526 sed
1657 5473 2028 5542 unusquisque

523 5632 570 5662 "
624 5630 868 5692 Matth.v,
915 5633 1000 5688 Μ,
1077 5635 1123 5666 ’³
1162 5635 1297 5706 Eph.
1327 5651 1380 5696 v,
1409 5635 1500 5690 ‘27.
1575 5637 1622 5668 "
1655 5635 1791 5691 Gen.
1833 5653 1869 5701 ι,
1906 5636 1991 5693 16.
2028 5647 2079 5688 et
2108 5653 2260 5705 seqq.

527 5717 604 5754 ar.
636 5700 746 5760 1.3:
796 5703 1083 5760 l..coh.tv.
1116 5705 1168 5760 8.
1247 5706 1293 5740 ³³
1319 5706 1521 5760 Jerent.
1573 5723 1730 5760 χχιιι.
1784 5707 1875 5760 25.
1954 5709 1997 5738 99
2045 5706 2170 5760 Luc.
2200 5725 2252 5760 Χ.

2088 5725 2170 5762 uc.
2200 5725 2252 5762 Xo

455 5701 604 5754 char.
636 5700 746 5768 1,3;
796 5703 986 5760 Lech.
1010 5722 1084 5772 tv,
1116 5705 1168 5762 8.
1206 5700 1219 5706 ”
1247 5706 1293 5740 ³³
1319 5706 1521 5767 Jerem.
1573 5723 1730 5772 χχιιι,
1784 5700 1875 5770 23.

2137 4552 2632 4620 concupiscendum
2657 4568 2796 4619 eam,
2837 4552 2966 4606 illud
3007 4563 3087 4607 est
3122 4554 3172 4607 itt
3201 4554 3356 4609 nobis
3387 4554 3580 4624 reptile
3622 4569 3709 4606 vc-

2137 4653 2416 4697 nenatum.
2453 4645 2508 4696 Si
2551 4659 2679 4698 vero
2731 4645 2804 4698 sit
2853 4644 2906 4697 in
2944 4646 3096 4699 nobis
3141 4645 3456 4700 sobrietatis
3489 4660 3705 4711 sensus,

2134 4733 2345 4789 etiamsi
2377 4734 2594 4790 domina
2625 4734 2875 4806 [Egyptian
2928 4751 3026 4790 nos
3057 4736 3410 4801 adamaverit,
3445 4735 3707 4792 elﬁcimur

2133 4841 2282 4893 aves,
2321 4836 2376 4881 et
2410 4827 2783 4896 relinquentes
2808 4826 3065 4898 Egyptia
3092 4829 3413 4883 vestimenta
3445 4831 3498 4884 in
3531 4829 3706 4883 mani-

2130 4921 2232 4976 bus
2264 4919 2400 4988 ejus,
2428 4936 2494 4977 ex
2532 4921 2786 4976 obscenis
2821 4921 3032 4976 insidiis
3057 4922 3414 4976 evolahimus.
3447 4921 3504 4976 Si
3537 4923 3606 4976 sit
3651 4922 3702 4974 in

2131 5011 2289 5066 nobis
2314 5027 2508 5068 sensus
2533 5014 2597 5067 ad
2625 5012 2908 5066 iurandum
2944 5028 3044 5068 nos
3079 5028 3400 5084 provocans,
3435 5014 3581 5069 istud
3628 5021 3708 5068 est

2134 5105 2325 5175 reptile
2374 5106 2690 5174 pessimum.
2724 5104 2780 5161 Si
2814 5122 2944 5162 vero
2978 5110 3050 5172 sit
3103 5108 3156 5161 in
3203 5108 3358 5161 nobis
3405 5122 3618 5171 sensus,
3651 5115 3706 5160 ut

2135 5198 2348 5252 etiamsi
2385 5201 2490 5252 duo
2534 5198 2740 5252 minuta
2772 5199 3087 5264 habeamus,
3122 5184 3237 5254 hinc
3267 5202 3381 5268 ipsa
3414 5215 3512 5270 pro
3547 5201 3704 5254 mise-

2133 5291 2371 5346 ricordia
2409 5289 2703 5346 oll‘cramns
2739 5293 2790 5346 in
2835 5295 2975 5346 dona
3027 5293 3145 5359 Dei,
3213 5293 3315 5346 iste
3359 5307 3552 5347 sensus
3590 5293 3702 5345 avis

2136 5391 2241 5446 est,
2273 5382 2406 5437 nihil
2436 5382 2501 5438 de
2529 5383 2760 5438 terrenis
2787 5383 3056 5453 cogitans,
3084 5385 3176 5439 sed
3205 5384 3270 5436 ad
3305 5383 3701 5437 ﬁrmamentum

2137 5473 2259 5528 eteli
2291 5472 2560 5528 volatibus
2597 5473 2844 5531 tendens.
2875 5477 2933 5530 Si
2963 5476 3142 5530 veniat
3174 5476 3328 5530 nobis
3362 5488 3554 5528 sensus
3583 5488 3702 5542 per-

2371 5639 2416 5669 ”
2453 5637 2489 5691 ll
2520 5636 2647 5693 Cor.
2674 5656 2764 5702 xv,
2789 5639 2878 5698 Η.

2368 5710 2382 5739 ¹
2416 5711 2609 5771 Cenes.
2640 5728 2677 5773 ι,
2714 5713 2802 5764 20.

2953 5640 3000 5673 οδ
3032 5638 3224 5695 Matth.
3255 5653 3332 5702 ix,
3367 5636 3456 5696 27.
3531 5637 3575 5668 ⁸⁷
3598 5636 3700 5692 Za-
