3978 6496
186 326 286 380 155

1418 330 1484 385 lN
1515 315 1823 388 causam
1863 330 2146 388 llOMlLlA
2180 334 2217 389 l.

3330 346 3431 403 £35

186 447 419 502 suadens
450 436 606 502 nobis
655 448 931 503 cruciatus
979 452 1225 522 martyrii
1276 467 1377 508 nos
1408 469 1510 507 non
1559 454 1756 508 debere
1787 462 1830 517 Λ
1862 470 2051 508 norum
2084 455 2310 509 lucidius
2354 454 2644 512 iudicatur.
2687 457 2976 530 Propterea
3007 476 3137 533 ergo
3167 464 3233 518 de
3258 470 3433 523 omni-

188 539 440 604 tolerare,
473 539 612 593 istud
643 540 749 594 erit
782 542 973 611 reptile
1004 554 1350 598 venenatum.
1393 545 1448 600 Si
1497 562 1623 601 vero
1666 563 1754 601 as-

184 632 375 685 cendat
422 621 804 686 nobis-sensus
830 642 885 686 et
919 634 1173 704 cogitatio
1205 635 1345 703 talis,
1389 645 1448 691 ut
1482 653 1652 708 usque
1685 640 1754 694 ad

187 734 415 777 mortem
445 739 542 793 pro
573 725 800 779 veritate
825 736 1115 788 certemus,
1143 728 1259 782 avis
1286 730 1389 783 erit
1420 730 1555 791 haec,
1585 747 1613 784 a
1647 740 1754 787 ter-

185 817 328 870 renis
378 820 444 869 ad
494 832 725 886 superna
776 822 1167 879 conscendens.
1204 822 1467 876 Similiter
1494 824 1655 877 etiam
1689 825 1754 880 de

183 909 391 963 casteris
421 909 500 962 vel
531 920 877 979 peccatorum
902 911 983 965 vel
1016 913 1278 967 virtutum
1316 914 1604 984 speciebus
1630 930 1754 970 sen-

184 1002 423 1055 tiendum
458 1011 563 1067 est,
603 1011 656 1054 et
702 1002 1117 1058 discernendum
1156 1021 1275 1073 quae
1320 1009 1430 1061 sint
1487 1010 1749 1078 repentia,
1788 1076 1789 1079 η

183 1102 234 1147 et
256 1108 375 1159 qua}
396 1093 503 1146 sint
526 1094 787 1161 volatilia,
814 1113 935 1164 qute
962 1100 1263 1167 producere
1280 1101 1347 1153 ad
1368 1099 1751 1157 discretionem

181 1183 233 1238 in
264 1196 559 1254 conspectu
598 1186 688 1239 Dei
721 1203 875 1256 aqute
904 1200 1101 1245 nostra:
1125 1190 1407 1260 jubentur.

247 1281 302 1335 9.
338 1278 405 1333 Et
440 1282 558 1349 fecit
596 1281 732 1336 Deus
761 1294 898 1338 cetos
926 1301 1162 1354 magnos,
1203 1296 1250 1341 et
1283 1304 1489 1341 onmem
1520 1290 1750 1343 animam

180 1373 469 1437 repentium
511 1374 842 1437 animalium,
875 1392 993 1446 (μίαν
1036 1378 1328 1432 eduxerunt
1374 1397 1525 1449 aqua:
1566 1398 1750 1434 secun-

178 1465 301 1517 dum
346 1482 504 1534 genus
547 1483 720 1530 suum,
752 1477 799 1520 et
825 1484 976 1520 omne
1013 1467 1223 1524 volatile
1255 1484 1536 1539 pennatam
1564 1490 1751 1526 secun-

177 1558 297 1609 dum
333 1574 493 1625 genus
527 1575 680 1611 suum
717 1561 759 1614 ’.
807 1560 873 1614 Et
913 1561 979 1616 de
1012 1563 1096 1617 bis
1141 1564 1408 1628 similiter,
1446 1572 1505 1618 ut
1538 1565 1602 1619 de
1645 1566 1751 1620 illis

174 1660 295 1713 qua:
325 1660 486 1714 supra
519 1647 791 1713 diximus,
839 1650 1179 1705 sentiendum
1218 1660 1321 1715 est,
1368 1652 1508 1719 quod
1551 1652 1753 1720 produ-

176 1750 299 1790 cere
329 1736 624 1790 debeamus
668 1737 827 1791 etiam
863 1749 1012 1793 cetos
1050 1756 1292 1811 magnos,
1324 1750 1377 1796 et
1402 1744 1635 1799 animam
1668 1756 1744 1800 re-

174 1827 422 1899 pentium
453 1828 752 1883 secundum
785 1829 892 1901 56
916 1847 1106 1901 genus.
1147 1833 1206 1886 In
1232 1835 1443 1905 magnis
1473 1835 1591 1890 istis
1620 1838 1755 1892 cetis

175 1916 368 1985 impias
382 1916 756 1983 cogitationes,
779 1928 832 1971 et
859 1920 1094 1974 nefarios
1114 1936 1356 1991 quosque
1375 1934 1560 1978 contra
1582 1926 1752 1981 Deum

170 2027 366 2067 sensus
400 2012 916 2069 arbitroriudicari.
953 2014 1082 2082 Qua:
1116 2024 1293 2069 tamen
1333 2016 1513 2070 omnia
1546 2017 1745 2086 produ-

172 2102 344 2156 cenda
379 2113 507 2157 sunt
543 2111 670 2158 ante
701 2114 1049 2173 conspectum
1089 2104 1206 2169 Dei,
1253 2114 1308 2159 et
1342 2108 1583 2174 ponenda
1619 2116 1746 2161 ante

171 2194 369 2265 ipsum,
423 2203 482 2247 ut
530 2193 834 2249 dividamus
864 2204 916 2250 et
951 2210 1268 2264 separemus
1313 2196 1450 2250 bona
1492 2212 1520 2249 a
1563 2198 1743 2264 malls,

169 2299 224 2341 ut
257 2289 553 2357 unicuique
583 2302 715 2342 suus
755 2286 906 2343 locus
949 2303 979 2341 a
1024 2288 1251 2343 Domino
1285 2289 1578 2358 tribuatur,
1604 2291 1745 2345 sicut

168 2394 229 2434 ex
264 2379 353 2433 his
377 2396 498 2449 qua:
525 2389 832 2450 sequuntur
858 2380 1197 2435 ostenditur.

234 2471 327 2524 10.
366 2471 433 2523 Et
469 2473 593 2526 vidit
629 2472 769 2527 Deus
797 2472 920 2540 quia
967 2473 1102 2525 bona
1130 2481 1275 2537 sunt,
1308 2486 1352 2526 et
1381 2472 1642 2527 benedixit
1682 2492 1743 2528 ea

166 2563 349 2615 dicens
377 2578 397 2616 :
429 2561 663 2620 Crescite
695 2574 743 2618 et
774 2563 1221 2632 multiplicamini,
1263 2574 1312 2618 et
1362 2565 1549 2631 replete
1579 2583 1745 2634 aquas

165 2672 280 2723 qua:
311 2665 436 2708 sunt
478 2656 533 2709 in
566 2656 721 2721 mari,
760 2664 809 2709 et
861 2654 1093 2709 volatilia
1133 2654 1435 2720 repleantur
1462 2672 1618 2721 super
1641 2667 1745 2709 ter-

170 2760 275 2795 ras.
321 2747 390 2797 Et
433 2749 630 2816 factum
671 2755 744 2799 est
784 2763 990 2815 vespere
1028 2757 1076 2799 et
1119 2763 1290 2807 mane,
1332 2747 1439 2800 dies
1479 2747 1662 2816 quinta
1704 2746 1743 2799 ³.

169 2832 225 2885 In
265 2835 402 2887 tnari
444 2836 659 2904 quidem
698 2845 845 2891 cetos
883 2852 1125 2907 magnos,
1167 2847 1219 2891 et
1258 2854 1473 2891 ontnent
1514 2838 1747 2891 animant

168 2923 484 2978 animalium
525 2936 580 2980 et
618 2927 951 2995 repentium,
992 2942 1111 2995 quae
1151 2928 1521 2996 produxerunt
1559 2942 1744 2996 aqua},

156 3013 305 3082 jubet
341 3016 655 3078 immorari,
696 3016 786 3069 ubi
831 3024 885 3069 et
920 3016 1082 3070 draco
1126 3015 1216 3070 ille
1258 3033 1416 3086 quem
1460 3018 1745 3086 plasmavit

1857 546 1957 598 btts
1996 546 2097 599 hoc
2121 547 2249 601 dicit
2275 547 2557 616 Scriptura
2654 567 2667 603 :
2710 552 2773 603 Et
2810 554 2936 606 vidit
2965 553 3104 609 Deus
3133 557 3257 624 quia
3297 561 3429 613 bona

1855 645 1998 695 sunt.
2029 636 2210 703 Quare
2245 649 2423 695 tamen
2457 658 2559 694 nou
2590 652 2672 696 est
2701 646 2985 713 scriptum,
3029 647 3091 701 Et
3127 651 3259 702 dixit
3293 651 3430 706 Deus

1855 728 1979 795 quia
2016 729 2157 783 bona
2190 740 2335 799 sunt,
2366 735 2458 787 sed
2496 732 2635 786 Vidit
2663 733 2800 789 Deus
2830 739 2957 805 quia
3003 740 3134 794 bona
3169 744 3331 798 sunt?
3374 746 3429 797 Id

1854 826 1954 885 est,
1981 820 2115 874 vidit
2142 823 2431 878 utilitatem
2465 826 2726 894 ipsorum,
2762 838 2815 882 et
2856 845 2974 884 eam
3007 834 3291 900 rationem,
3323 853 3428 905 qua

1854 921 1976 961 cum
2004 922 2187 964 essent
2220 913 2336 982 ipsa
2379 930 2476 983 per
2500 930 2559 969 se
2596 915 2746 984 talia,
2790 917 2960 973 bonos
3012 930 3190 977 tamen
3247 925 3428 980 facere

1854 1011 2083 1066 possunt
2115 1003 2372 1070 optimos.
2402 1003 2695 1073 Propterea
2722 1022 2851 1075 ergo
2882 1008 3016 1061 dixit
3042 1010 3063 1041 ’
3092 1029 3105 1064 :
3138 1013 3360 1067 Crescite
3379 1026 3427 1068 et

1852 1089 2300 1158 multiplicamini,
2333 1103 2380 1147 et
2407 1094 2600 1163 replete
2639 1114 2801 1167 aquas
2827 1115 2942 1168 qua:
2968 1100 3022 1152 in
3047 1105 3182 1155 mari
3212 1116 3353 1170 sunt;
3378 1117 3426 1159 et

1853 1180 2097 1234 volatilia
2125 1184 2431 1253 repleantur
2459 1204 2616 1256 super
2640 1198 2832 1255 terras,
2871 1191 2921 1244 id
2957 1201 3057 1259 est,
3097 1204 3154 1246 ut
3183 1196 3283 1249 ceti
3310 1198 3428 1265 qui-

1853 1272 1974 1325 dem
2018 1275 2201 1343 magui
2245 1286 2297 1329 et
2328 1278 2569 1345 repentia
2611 1278 2662 1330 in
2707 1282 2839 1333 mari
2869 1291 3071 1347 essent,
3097 1284 3237 1337 sicut
3270 1300 3429 1355 supe—

1853 1362 1973 1417 rius
1996 1366 2370 1433 exposuimus,
2395 1379 2449 1422 et
2480 1369 2721 1422 volatilia
2752 1385 2913 1439 super
2956 1385 3149 1429 terras.

1922 1456 2006 1509 ii.
2033 1455 2099 1509 Et
2132 1458 2264 1511 dixit
2298 1458 2433 1512 Deus
2472 1474 2490 1511 :
2522 1458 2799 1515 Producut
2828 1474 2967 1516 terra
3000 1468 3231 1518 animant
3261 1468 3426 1521 vivam

1850 1549 2139 1600 secundum
2182 1565 2365 1618 genus,
2391 1551 2755 1619 quadrupedia
2795 1564 2842 1606 et
2885 1559 3119 1622 repentin
3157 1568 3201 1609 et
3233 1560 3422 1609 bestias

1851 1646 2005 1690 teme
2039 1638 2321 1693 secundant
2348 1656 2507 1708 genus
2558 1657 2578 1694 :
2626 1652 2672 1694 et
2709 1642 2905 1709 factum
2940 1654 3015 1697 est
3060 1646 3157 1698 sic.
3194 1644 3260 1697 Et
3306 1644 3424 1713 fecit

1852 1726 1993 1781 Deus
2030 1727 2221 1783 bestias
2265 1741 2416 1785 terra?
2467 1734 2753 1787 secundum
2798 1751 2977 1802 genus,
3028 1746 3075 1787 et
3120 1738 3297 1789 omnia
3348 1753 3426 1787 re-

1847 1822 2206 1887 pentiaterrat
2244 1825 2529 1877 secundum
2584 1841 2763 1892 genus.
2817 1825 2884 1878 Et
2938 1828 3069 1881 vidit
3127 1829 3264 1881 Deus
3298 1830 3424 1897 quia

1848 1913 1983 1965 bona
2008 1923 2126 1967 sunt
2154 1914 2219 1967 ¹⁰.
2261 1914 2569 1968 Secundum
2597 1918 2830 1971 litteram
2857 1920 3069 1988 quidem
3097 1921 3240 1974 nulla
3274 1938 3421 1991 qua:-

1847 2003 1952 2057 stio
1977 2014 2077 2061 est.
2113 2003 2395 2060 Manifeste
2413 2006 2557 2060 enim
2587 2024 2614 2059 a
2643 2010 2750 2063 Deo
2772 2020 2953 2064 creata
2985 2028 3106 2066 esse
3146 2014 3417 2075 dicuntur,

1847 2096 1932 2151 vel
1961 2097 2240 2160 animalia,
2268 2098 2348 2150 vel
2390 2101 2780 2168 quadrupedis,
2812 2101 2893 2154 vel
2939 2103 3143 2165 bestiae,
3180 2105 3259 2158 vel
3303 2122 3420 2158 ser-

1846 2200 2037 2259 pentes
2066 2206 2231 2259 super
2278 2200 2504 2248 terram.
2551 2194 2751 2261 Aptare
2784 2204 2962 2247 autem
3003 2198 3115 2251 IIIBC
3154 2198 3255 2262 bis,
3303 2214 3423 2267 quae

1846 2295 2009 2349 supra
2037 2281 2407 2350 exposuimus,
2436 2285 2730 2337 secundum
2761 2286 3055 2353 spiritalem
3087 2289 3418 2343 intellectum

1846 2390 1951 2427 non
1983 2375 2159 2428 etiosa
2199 2389 2284 2429 res
2314 2384 2416 2429 est.
2454 2376 2528 2429 lbi
2560 2377 2773 2444 quidem
2808 2380 3009 2432 dictum
3044 2390 3128 2433 est
3159 2381 3199 2411 ¹¹
3237 2400 3249 2433 :
3290 2382 3422 2435 Pro-

1845 2466 2040 2518 ducant
2083 2482 2233 2534 aqua:
2270 2467 2502 2533 repentia
2536 2468 2832 2520 animarum
2867 2471 3123 2534 vivarum,
3152 2482 3197 2524 et
3226 2474 3418 2525 volati-

1845 2556 1919 2609 lia
1964 2556 2195 2610 volantia
2238 2576 2396 2626 super
2436 2568 2629 2611 terram
2681 2562 2966 2614 secundant
3027 2562 3417 2628 ﬁrmamentum

1846 2648 2004 2712 caeli;
2040 2648 2125 2702 hic
2163 2658 2344 2702 autem
2381 2648 2453 2700 ait
2484 2649 2525 2679 “
2562 2662 2579 2700 :
2614 2648 2878 2702 l’roducat
2910 2660 3049 2702 terra
3082 2653 3310 2703 animant
3350 2651 3421 2702 ri-

1846 2755 1963 2792 vam
1988 2743 2278 2792 secundum
2308 2756 2492 2808 genus,
2516 2741 2881 2807 quadrupedia
2917 2752 2962 2795 et
2994 2744 3225 2809 repentia
3252 2751 3300 2795 et
3332 2743 3419 2793 be-
3492 2812 3496 2819 Α
3540 2788 3555 2799 ρ

1845 2832 1976 2883 stias
2014 2840 2168 2885 terra:
2195 2831 2477 2885 secundum
2510 2849 2693 2902 genus.
2724 2833 2786 2886 Et
2830 2835 2918 2887 i!la
2950 2837 3167 2903 quidem
3192 2850 3311 2903 qute
3351 2837 3419 2889 de

1847 2922 2003 2991 aquis
2026 2922 2288 2993 producta
2319 2934 2465 2987 sunt,
2496 2925 2732 2978 diximus
2758 2926 2957 2979 debere
2991 2938 3167 2980 motus
3188 2935 3240 2982 et
3265 2929 3415 2997 cogi-

1849 3017 2081 3068 tationes
2102 3017 2299 3069 mentis
2326 3026 2544 3081 nostra),
2570 3017 2659 3084 qui
2694 3019 2759 3071 de
2786 3017 3055 3085 profundo
3082 3020 3263 3072 cordis
3293 3035 3418 3086 pro-

166 3106 305 3158 Deus
334 3106 404 3159 ad
442 3107 780 3160 illudendum
817 3108 867 3161 ei
900 3107 1169 3163 inhabitat
1200 3110 1240 3165 ‘.
1276 3110 1533 3165 Volucres
1565 3120 1741 3164 autem
1771 3138 1813 3194 ο
1848 3102 2143 3170 ducuntur,
2202 3108 2447 3177 intelligi.
2483 3107 2633 3161 Nunc
2687 3124 2818 3162 vero
2861 3110 2962 3163 hoc
3017 3112 3158 3179 quod
3189 3111 3414 3176 dicitur,

164 3199 519 3267 multiplicari
576 3199 727 3268 jubet
788 3215 951 3267 super
990 3210 1212 3266 terram,
1264 3218 1384 3273 qua:
1451 3203 1740 3272 aliquando

163 3289 314 3340 arida
359 3290 488 3355 fuit,
520 3304 662 3342 nunc
695 3298 873 3343 autem
899 3289 1011 3357 jam
1047 3301 1191 3344 terra
1231 3292 1549 3361 appellatur,
1598 3292 1740 3345 sicut

159 3378 415 3444 superius
446 3380 813 3446 exposuimus.
841 3378 945 3434 Sed
981 3381 1219 3449 requiret
1241 3380 1437 3449 aliquis
1467 3381 1740 3449 quomodo

160 3472 259 3521 ceti
301 3471 487 3538 magni
521 3481 572 3525 et
618 3472 859 3540 repentia
895 3474 947 3525 in
982 3472 1123 3524 malo
1158 3472 1524 3541 accipiuntur,
1554 3481 1607 3526 et
1646 3488 1741 3525 vo-

159 3561 329 3615 latilia
368 3560 425 3615 in
464 3563 625 3624 bono,
652 3578 775 3616 cum
811 3565 875 3617 de
901 3564 1151 3618 omnibus
1172 3564 1332 3618 simul
1357 3564 1560 3619 dicttun
1584 3565 1691 3618 sit“
1721 3580 1735 3617 :

159 3650 224 3704 Et
258 3653 390 3705 vidit
434 3651 571 3706 Deus
604 3654 729 3723 quia
773 3652 905 3705 bona
937 3652 1108 3706 sunt?
1161 3652 1296 3722 Ipsis
1340 3653 1544 3707 sanctis
1601 3654 1739 3708 bona

156 3754 283 3797 Sunt
333 3758 427 3807 ea,
479 3759 597 3811 qua:
650 3743 756 3798 illis
797 3744 1159 3796 adversantur
1208 3744 1376 3812 :quia
1413 3744 1633 3799 vincere
1674 3758 1734 3798 ea

158 3846 414 3905 possunt,
457 3846 510 3888 et
546 3850 669 3889 cum
726 3850 787 3890 ea
836 3833 1086 3901 vicerint,
1143 3836 1364 3905 majoris
1399 3836 1584 3906 gloria:
1626 3838 1741 3891 elli-

159 3929 379 3982 cimttur
395 3928 539 3995 apud
572 3926 759 3983 Deum.
794 3927 1036 3994 Denique
1064 3944 1185 3982 cum
1215 3928 1464 3984 diabolus
1491 3930 1739 3999 petiisset

161 4032 215 4073 ut
249 4022 356 4074 sibi
384 4029 630 4088 potestas
655 4021 876 4074 daretur
900 4024 1187 4076 adversum
1209 4019 1309 4075 Job
1342 4022 1384 4086 ⁸,
1419 4022 1738 4092 impugnans

158 4129 278 4167 eum
316 4114 668 4167 adversarius
730 4128 891 4168 causa
944 4115 991 4167 ei
1037 4114 1245 4169 exstitit
1295 4113 1521 4183 dupiieis
1553 4115 1738 4182 glorite

159 4218 273 4275 pust
308 4205 618 4259 victoriam.
663 4203 813 4270 Quod
862 4207 1167 4259 05teuditur
1209 4220 1270 4258 ex
1320 4219 1411 4270 eo,
1447 4205 1570 4274 quia
1617 4220 1738 4274 qua:

158 4314 207 4350 ltt
247 4298 506 4366 praesenti
539 4297 865 4365 perdiderat,
898 4300 947 4350 in
996 4298 1215 4366 duplum
1257 4298 1543 4367 receperit,
1572 4296 1731 4352 simili

156 4393 318 4444 modo
350 4391 473 4444 sine
504 4389 666 4442 dubio
709 4397 763 4442 et
821 4389 872 4441 in
925 4389 1242 4444 ctelestibus
1295 4399 1632 4458 recepturus.
1672 4390 1738 4445 Et

1851 3198 2120 3251 Producat
2146 3209 2283 3252 terra
2315 3200 2546 3251 animant
2579 3200 2739 3252 vivam
2766 3203 3049 3253 secundum
3077 3216 3258 3269 genus,
3284 3219 3418 3271 qua-

1848 3290 2163 3358 drupedum,
2195 3300 2241 3343 et
2285 3291 2571 3358 repentium
2607 3299 2655 3345 et
2703 3291 2982 3345 bestiarum
3022 3310 3175 3360 super
3223 3305 3415 3348 terram

1847 3383 2137 3437 secundum
2166 3400 2349 3451 genus,
2383 3384 2670 3437 exterioris
2703 3385 2937 3439 hominis
2980 3387 3169 3450 nostri,
3218 3387 3267 3439 id
3308 3395 3413 3452 est,
3460 3436 3469 3445 .

1848 3474 2082 3528 carnalis
2108 3486 2159 3528 et
2190 3475 2383 3527 terreni
2426 3486 2602 3529 motus
2625 3477 2859 3530 arbitror
2892 3477 3139 3532 indicari.
3180 3479 3417 3548 Denique

1848 3564 1982 3618 nihil
2012 3565 2227 3618 volatile
2264 3566 2314 3618 in
2346 3565 2430 3618 his
2458 3582 2578 3634 qua:
2606 3567 2669 3619 de
2701 3582 2864 3622 carne
2916 3567 3175 3635 loquitur,
3211 3570 3417 3622 indica-

1846 3657 1946 3720 vit,
1974 3657 2066 3710 sed
2103 3660 2471 3711 tantummodo
2500 3659 2867 3727 quadrupedis
2893 3670 2941 3712 et
2976 3660 3219 3726 repentia
3248 3672 3300 3713 et
3334 3662 3420 3714 be-

1848 3750 1984 3805 stias
2019 3759 2196 3802 terrae.
2257 3747 2564 3803 Secundum
2616 3750 2743 3803 illud
2800 3764 2990 3819 nempe
3036 3753 3175 3820 quod
3212 3754 3414 3806 dictum

1847 3854 1928 3898 est
1955 3844 2022 3897 ab
2051 3844 2307 3911 Apostolo
2332 3844 2396 3909 ¹³,
2431 3846 2554 3913 quia
2592 3862 2693 3897 non
2745 3844 2950 3897 habitat
2998 3846 3051 3898 in
3098 3862 3257 3899 carne
3303 3864 3415 3900 mea

1847 3934 2061 3999 bonum,
2087 3944 2140 3989 et
2168 3936 2296 4004 quia
2324 3936 2587 4003 sapientia
2640 3935 2814 3988 carnis
2856 3935 3071 3988 inimica
3099 3945 3172 3989 est
3203 3935 3312 3990 Deo
3351 3939 3414 3993 “.

1847 4027 1947 4081 ista
1987 4027 2240 4081 nimirum
2270 4036 2418 4091 sunt,
2449 4043 2569 4097 quae
2610 4036 2776 4091 terra,
2818 4028 2868 4081 id
2913 4038 3017 4092 est,
3063 4044 3189 4081 earo
3236 4040 3415 4082 nostra

1845 4117 2118 4187 producit,
2150 4117 2214 4171 de
2247 4117 2446 4187 quibus
2475 4132 2689 4169 rursum
2739 4116 3020 4185 Apostolus
3060 4116 3300 4185 praecipit
3344 4119 3419 4171 di-

1845 4223 1974 4263 cens
2006 4209 2052 4240 ”
2085 4225 2099 4263 :
2130 4207 2442 4277 Mortiﬁcate
2474 4209 2700 4262 membra
2748 4221 2913 4260 vestra
2954 4224 3070 4275 qua:
3098 4216 3219 4260 sunt
3264 4225 3419 4275 super

1845 4312 2064 4365 terram,
2108 4300 2525 4369 fornicationem,
2554 4300 2962 4361 immunditiam,
3010 4300 3416 4365 impudicitiam,

1847 4396 2153 4459 avaritiam,
2205 4392 2588 4457 idololatriam,
2624 4402 2676 4447 et
2713 4400 2927 4445 caetera.
2967 4391 3099 4444 Cum
3134 4406 3266 4459 ergo
3304 4391 3419 4447 haec

157 4483 457 4550 Apostolus
486 4483 616 4536 dicit
644 4482 686 4544 ⁷,
716 4482 842 4550 quia
889 4499 1037 4535 nemo
1067 4492 1375 4543 coronatur,
1412 4483 1511 4536 nisi
1537 4483 1626 4552 qui
1665 4482 1739 4534 le—
1776 4500 1818 4554 ι)
1845 4488 2023 4543 omnia
2048 4486 2811 4557 ﬁerentquaevideuturjussu
2836 4484 2923 4537 Dei
2944 4483 3055 4537 lieri
3075 4498 3167 4552 per
3182 4480 3416 4536 Verbum

155 4576 336 4643 gitime
365 4575 664 4627 certaverit.
702 4574 762 4627 Et
798 4588 983 4626 revera
1010 4575 1278 4641 quomodo
1304 4576 1410 4627 erit
1442 4587 1739 4637 certamen,

157 4668 199 4720 si
238 4683 348 4721 non
394 4664 563 4721 fuerit
594 4667 684 4736 qui
731 4667 985 4721 resistat?
1014 4666 1257 4734 Quantus
1292 4667 1454 4720 decor
1478 4675 1529 4721 et
1561 4665 1742 4735 splen-

159 4761 255 4814 dor
294 4762 369 4815 sit
403 4760 542 4815 lucis
575 4775 681 4814 non
713 4760 1139 4830 dignosceretur,
1175 4759 1278 4812 nisi
1316 4760 1621 4814 obscuritas
1653 4759 1737 4813 in—

156 4854 471 4907 tercederet
500 4852 698 4907 noctis.
735 4852 889 4909 Unde
916 4853 1078 4923 aliqui
1124 4854 1175 4906 in
1220 4853 1474 4909 castitate
1514 4851 1738 4905 laudan-

157 4960 265 5012 tur,
308 4948 420 5001 ttisi
454 4946 579 5015 quia
613 4945 702 4998 alii
754 4960 851 5013 pro
885 4944 1223 5014 impudicitia
1268 4942 1737 4999 condetnnautur?

156 5039 311 5094 Unde
345 5039 454 5091 viri
502 5037 670 5091 fortes
702 5037 1202 5104 tuaguilicareutur,
1259 5035 1357 5090 nisi
1410 5036 1734 5089 exsisterent

156 5130 463 5185 imbecilles
505 5139 559 5181 et
596 5129 809 5182 timidi?
866 5128 921 5181 Si
988 5144 1231 5182 amarum
1281 5127 1559 5190 adhibeas,
1609 5138 1735 5181 tunc

158 5223 315 5275 dulce
338 5222 580 5274 efficitur
608 5220 953 5274 laudabilius.
991 5219 1047 5275 Si
1072 5231 1249 5273 atrum
1281 5218 1737 5283 consideraveris,

158 5316 401 5383 gratiora
434 5313 530 5367 tibi
558 5329 677 5382 qua:
720 5313 870 5367 clara
907 5323 1032 5367 Sttlll
1063 5313 1406 5367 videbuntur.
1436 5311 1502 5364 Et
1533 5322 1591 5365 ut
1616 5311 1740 5365 bre-

158 5408 294 5460 viter
326 5406 537 5471 dicam,
564 5420 632 5460 ex
660 5404 923 5459 malorum
967 5403 1407 5460 consideratione
1445 5404 1611 5458 decus
1638 5404 1738 5457 bo-

219 5608 579 5673 ’Cen.t,21.
652 5614 1086 5681 ’lbhl,92,95.

160 5686 467 5740 'lbid.22.
559 5684 769 5741 "tutu.
838 5690 925 5753 ‘24,
989 5686 1078 5740 es.
1189 5685 1225 5717 ιι

292 5758 316 5773 Θ

164 5771 240 5813 ιιι.
285 5771 337 5812 ῧ.

1285 5686 1415 5739 “nd.
1469 5686 1553 5737 20.

1162 5614 1185 5647 ⁸
1216 5613 1351 5666 Psal.
1384 5630 1498 5670 ειη,
1532 5613 1618 5666 Ξῐῖ.
1681 5611 1701 5643 ⁸
1725 5611 1917 5665 (Iertes.
1954 5628 1990 5675 t,
2021 5611 2109 5665 9|.

1635 5685 1676 5714 ¹²
1708 5681 1840 5738 Ibid.
1885 5684 1973 5737 ΞΗ.

1848 4582 2052 4649 ejus,et
2078 4595 2253 4649 prtepa
2266 4585 2475 4633 ra‘retur
2498 4580 2792 4633 itmnensus
2818 4578 2920 4630 iste
2938 4587 2991 4630 et
3016 4576 3240 4630 visibilis
3264 4591 3421 4627 tuttu-

1844 4672 1966 4733 dus,
1986 4670 2144 4725 simul
2164 4680 2343 4724 autem
2373 4680 2425 4722 et
2456 4684 2550 4738 per
2572 4667 2842 4737 allegoria:
2863 4667 3086 4734 ligurum
3115 4665 3430 4719 ostenderes

1846 4771 1933 4817 tur
1959 4777 2077 4832 qua:
2104 4773 2285 4815 essent
2307 4777 2426 4829 qua:
2447 4774 2715 4815 exornare
2738 4769 2956 4826 possent
2974 4759 3232 4812 minorem
3262 4776 3421 4811 mun-

1842 4854 1988 4917 dum,
2023 4856 2071 4907 id
2112 4862 2215 4917 est,
2246 4853 2539 4918 hominem,
2578 4850 2834 4919 tuucjam
2878 4852 2992 4918 ipse
3054 4852 3216 4905 horno
3263 4866 3418 4904 crea-

1845 4956 1931 4999 tur
1970 4948 2266 5001 secundum
2287 4928 2361 5000 'ea
2392 4961 2513 5017 qua:
2552 4946 2606 4999 in
2655 4946 3111 5015 consequentibus
3146 4946 3421 4999 declaran-

1839 5049 1945 5096 tur.

1914 5131 2001 5183 l2.
2038 5131 2105 5183 Et
2133 5131 2268 5184 dixit
2312 5130 2449 5185 Deus
2485 5150 2502 5188 :
2540 5129 2825 5183 Faciamus
2871 5130 3132 5183 hominem
3172 5130 3240 5183 ad
3286 5129 3419 5183 ima-

1843 5222 2013 5292 ginem
2046 5231 2093 5276 et
2134 5224 2537 5278 sintilitudinent
2570 5234 2827 5288 nostram,
2871 5232 2917 5275 et
2947 5223 3296 5290 principatum
3327 5237 3418 5289 ge-

1844 5324 1925 5367 rat
1962 5315 2187 5383 piscium
2233 5319 2394 5371 maris
2426 5326 2473 5371 et
2515 5318 2778 5372 volucrum
2823 5315 2960 5378 cadi,
3007 5322 3055 5367 et
3083 5310 3417 5373 animalium,

1848 5416 1893 5459 et
1941 5410 2192 5463 universa:
2223 5421 2399 5476 terrm,
2445 5420 2489 5463 et
2523 5410 2751 5464 omnium
2779 5426 2894 5479 qua:
2926 5414 3108 5477 repunt
3138 5420 3294 5475 super
3321 5412 3419 5458 ter-

2984 5606 3005 5637 ⁸
3022 5605 3216 5659 Genes.
3254 5617 3292 5664 t,
3323 5600 3417 5657 21.

2189 5611 2209 5642 °
2241 5608 2357 5663 Job.
2390 5626 2428 5664 ι.
2507 5611 2526 5640 ⁷
2557 5610 2572 5663 1
2602 5610 2739 5664 Tim.
2769 5624 2829 5671 tt,
2856 5607 2909 5665 5.
2984 5607 3216 5659 8Genes.
3254 5617 3292 5664 t.
3323 5607 3415 5657 21.

2189 5682 2329 5727 ςὶηιιι-
2363 5680 2552 5727 vn-18-
2666 5682 2708 5713 1⁵
2738 5680 2890 5727 Itoni).
2925 5692 3039 5727 vttt.
3072 5676 3126 5727 7.
3231 5673 3272 5706 ¹⁸
3299 5672 3415 5727 (Jul.

2092 5684 2130 5714 ¹³
2175 5680 2329 5735 Rom.
2363 5680 2552 5747 vtt,18.
2666 5682 2708 5713 ”
2738 5680 2890 5732 Rom.
2925 5692 3039 5742 vm,
3072 5676 3126 5731 7.
