3902 6504
546 325 653 384 155

2055 307 2378 365 ΟΠΙΕΕΝΙΞ
3677 305 3756 356 lii

548 463 662 500 ram
693 446 758 500 ¹⁶.
793 444 1196 513 Consequenter
1232 437 1531 494 secundum
1582 453 1644 492 ea
1697 451 1815 507 quae
1865 433 2115 504 superius
2147 435 2189 487 Α
2215 432 2306 500 qui
2341 443 2467 482 vero
2504 428 2645 481 hunc.
2676 438 3000 494 corporeum
3037 427 3228 490 ριιιθηι
3251 433 3395 494 esse;
3430 421 3516 489 τιυὶ
3551 421 3614 474 ³ιά
3645 422 3760 475 im-

549 540 920 608 exposuimus,
963 535 1123 587 talem
1170 532 1445 606 hominem
1475 529 1689 600 qualem
1729 529 2115 596 descripsimus

551 632 668 684 νιιΙι
699 628 1060 697 principatum
1098 639 1285 692 gerere
1313 623 1691 694 praedictarum
1725 619 2039 681 bestiarum,
2063 626 2116 672 et

550 723 850 790 volucrum,
890 729 944 772 et
989 719 1314 786 repentium,
1349 713 1758 782 quadrupedum
1788 721 1842 765 et
1873 710 2113 764 omnium

553 813 902 881 reliquorum.
931 811 1064 878 Qua:
1102 808 1333 878 qualiter
1378 805 1609 874 intelligi
1659 819 1755 873 per
1798 802 2115 870 allegoriam

541 906 793 966 debeant,
828 904 1196 972 exposuimus,
1239 916 1361 954 eum
1401 899 1634 953 diximus
1670 896 1847 965 juberi
1891 911 2117 964 aquam,

542 997 594 1052 id
625 1006 708 1050 est
757 1001 993 1048 mentem
1035 995 1154 1063 ejus
1183 992 1474 1062 spiritalem
1511 990 1620 1059 (6|)
1667 1004 1886 1042 sensum
1915 986 2120 1057 produ-

541 1104 686 1152 cere,
721 1099 775 1142 et
809 1098 1004 1142 terram
1041 1101 1257 1139 sensum
1285 1084 1464 1136 carnis
1495 1082 1757 1152 proferre,
1788 1090 1846 1134 ut
1875 1079 2119 1134 domine-

543 1187 633 1235 tur
665 1181 744 1234 eis
793 1195 964 1240 mens,
999 1189 1050 1232 et
1086 1194 1190 1230 non
1238 1173 1326 1229 illa
1362 1176 1670 1229 dominetur
1702 1175 1772 1228 ei.
1808 1173 1932 1226 Vult
1972 1173 2118 1226 enim

541 1269 690 1325 Deus
720 1280 777 1324 ιιι
803 1288 992 1340 magna
1024 1272 1122 1323 ista
1152 1269 1244 1322 Dei
1272 1268 1475 1321 factura
1507 1268 1686 1328 homo,
1713 1274 1934 1334 propter
1957 1280 2118 1333 quem

540 1370 595 1411 et
613 1361 894 1411 universus
920 1367 1132 1412 creatus
1158 1367 1241 1412 est
1270 1355 1524 1418 mundus,
1552 1371 1655 1408 non
1675 1354 1844 1410 solum
1869 1355 2122 1407 immacu-

544 1448 684 1504 latus
703 1453 769 1505 sit
791 1455 858 1504 ab
890 1453 993 1513 his,
1026 1467 1148 1520 quze
1187 1465 1352 1520 supra
1380 1447 1998 1511 diximus,etimmunis,
2025 1447 2118 1500 sed

541 1552 598 1596 et
631 1543 936 1597 dominetur
970 1546 1068 1600 eis.
1106 1543 1225 1598 Jam
1255 1559 1383 1598 vero
1419 1541 1584 1612 quale
1615 1539 1814 1592 animal
1835 1540 1906 1593 sit
1935 1539 2116 1602 homo,

541 1651 609 1689 ex
649 1637 777 1704 ipsis
802 1638 1098 1706 Scriptura:
1142 1638 1485 1694 sermonibus
1523 1635 1948 1688 consideremus.
1999 1630 2122 1685 Otii-

542 1741 641 1780 nes
688 1729 904 1796 reliqua;
960 1739 1224 1783 creaturae
1265 1727 1509 1795 iussione
1554 1723 1660 1794 57
1706 1723 1796 1778 Dei
1833 1725 2005 1788 Iiunt,
2039 1724 2120 1776 di-

2219 524 2396 593 ginem
2427 529 2481 573 et
2513 517 2923 573 similitudinem
2959 516 3052 570 Dei
3085 515 3262 568 factus
3293 523 3398 577 est,
3425 515 3583 568 Deuut
3613 515 3762 584 ipsum

2218 627 2540 683 corporeum
2575 619 2630 665 et
2677 611 2930 664 humana:
2983 610 3172 662 formze
3204 607 3455 660 videntur
3490 608 3760 662 inducere:

2218 708 2358 776 quod
2413 705 2617 761 sentire
2647 705 2712 758 de
2772 702 2878 757 Deo
2925 702 3366 757 manifestissime
3417 699 3633 767 impium
3677 711 3762 752 est.

2220 799 2463 868 Denique
2508 795 2759 851 carnales
2796 795 2884 849 isti
2937 793 3190 848 homines
3223 793 3316 863 qui
3349 791 3669 846 intellectum
3701 792 3765 843 di.

2219 891 2460 943 vinitatis
2489 890 2765 957 ignorant,
2815 886 2989 940 sicubi
3048 886 3099 938 in
3136 885 3434 954 Scripturis
3474 883 3538 937 de
3584 882 3687 935 Deo
3707 882 3766 935 le-

2219 993 2370 1051 gunt,
2403 981 2529 1052 quia
2589 979 2773 1033 calum
2828 979 2960 1030 mihi
2995 978 3140 1031 sedes
3168 987 3264 1042 est,
3293 988 3431 1030 terra
3464 984 3633 1028 autem
3668 992 3766 1027 sca-

2221 1075 2410 1130 bellum
2447 1074 2637 1144 pedum
2673 1089 2910 1126 meorum
2941 1072 3008 1136 ⁸³,
3061 1071 3411 1140 suspicantur.
3457 1069 3618 1123 Demn
3676 1079 3766 1122 tam

2221 1167 2460 1234 iungentis
2478 1181 2597 1221 esse
2633 1165 2896 1231 corporis,
2919 1173 2975 1217 ιιι
3005 1173 3193 1233 putent
3243 1177 3365 1216 eum
3411 1163 3681 1216 sedentem
3725 1163 3768 1214 in

2221 1261 2362 1315 cudo
2404 1260 2567 1330 pedes
2599 1272 2767 1328 usque
2815 1262 2881 1312 ad
2934 1267 3132 1311 terram
3167 1254 3508 1324 protendere.
3560 1253 3666 1307 lloc
3687 1271 3770 1306 au-

2226 1363 2331 1408 ti-m
2357 1354 2622 1417 sentiunt,
2678 1353 2802 1421 quia
2866 1367 2971 1404 non
3037 1349 3236 1404 habent
3297 1348 3418 1402 illas
3453 1364 3634 1412 aures,
3670 1364 3772 1417 qua:

2222 1445 2382 1513 digne
2421 1446 2630 1514 possint
2676 1444 2868 1497 audire
2910 1443 3073 1497 verba
3127 1442 3217 1496 Dei
3274 1442 3340 1497 de
3403 1441 3530 1507 Deo,
3559 1457 3674 1510 qua:
3695 1457 3773 1510 per

2224 1536 2562 1604 Scripturam
2620 1536 2953 1593 referuntur.
2995 1536 3147 1602 Quod
3189 1537 3333 1589 enim
3387 1536 3563 1589 dicit:
3596 1532 3772 1588 Ctzluut

2223 1629 2353 1681 inihi
2392 1630 2537 1683 sedes
2569 1639 2669 1694 est,
2741 1631 2813 1683 ita
2861 1630 3020 1699 digne
3077 1629 3144 1684 de
3189 1627 3300 1683 Deo
3341 1627 3680 1697 intelligitur,
3730 1637 3775 1678 ut

2223 1723 2465 1776 sciamus
2497 1723 2624 1789 quia
2661 1722 2712 1776 in
2747 1722 2831 1776 his
2859 1737 3092 1791 quorum
3151 1722 3202 1775 in
3253 1721 3408 1776 ctnlts
3454 1720 3775 1773 conversatio

542 1829 699 1874 eente
724 1820 1103 1888 Scriptura”:
1135 1821 1199 1874 Et
1219 1822 1351 1874 dixit
1371 1815 1690 1873 Deus:Fiat
1710 1817 2118 1884 ﬁrmamentum.
2156 1824 2195 1876 Β
2228 1823 2331 1879 est,
2371 1813 2513 1868 Deus
2547 1815 2840 1884 requiescit
2884 1826 2941 1870 et
2987 1815 3207 1870 residet.
3251 1814 3308 1868 In
3359 1815 3442 1868 his
3471 1823 3654 1866 autem
3700 1812 3775 1880 qui

543 1909 616 1964 Et
657 1913 789 1966 dixit
832 1913 967 1968 Deus
996 1932 1014 1968 :
1043 1914 1395 1984 Congregetur
1430 1929 1568 1983 aqua
1601 1927 1718 1981 qua?
1760 1911 1855 1964 sub
1887 1910 2012 1963 caelo
2042 1922 2114 1964 est

540 2003 596 2057 in
624 2017 1076 2074 congregationem
1102 2024 1279 2072 unam,
1317 2018 1364 2060 et
1404 2016 1651 2075 appareat
1675 2005 1851 2056 arida.
1883 2003 1948 2056 Et
1982 2004 2116 2056 dixit

546 2096 683 2150 Deus
709 2116 726 2152 :
755 2097 1022 2152 Producat
1053 2110 1192 2152 terra
1219 2100 1433 2152 herbam
1457 2098 1609 2166 fa’ni;
1653 2097 1722 2150 ita
1751 2097 1914 2149 etiam
1950 2096 2000 2148 itt
2036 2112 2121 2148 re-

543 2187 706 2256 liquis
736 2191 886 2244 dicit.
922 2190 1212 2244 Videamus
1253 2201 1431 2245 autem
1485 2207 1604 2259 qua:
1662 2200 1785 2244 sunt
1831 2203 1950 2258 qua:
2005 2189 2119 2256 ipse

541 2281 686 2335 Deus
717 2281 868 2346 fecit,
899 2293 952 2336 et
976 2299 1073 2352 per
1101 2283 1216 2337 hinc
1259 2300 1377 2351 qua:
1406 2283 1720 2351 magnitudo
1747 2280 1981 2336 hominis
2027 2281 2119 2344 sit,

541 2375 920 2427 advertantus.
974 2374 1037 2427 In
1069 2377 1329 2444 principio
1360 2377 1482 2444 fecit
1525 2376 1663 2428 Deus
1697 2377 1878 2428 caelum
1925 2384 1971 2426 et
2018 2384 2122 2425 ter-

544 2481 659 2517 ram
689 2465 753 2519 ¹⁸.
797 2463 1063 2518 Similiter
1083 2468 1158 2520 ait
1192 2467 1232 2498 "
1263 2485 1276 2520 :
1310 2466 1376 2519 Et
1404 2468 1522 2534 fecit
1550 2467 1655 2519 duo
1687 2465 1976 2518 luminaria
2005 2481 2120 2517 ma-

544 2572 675 2625 gna.
710 2555 778 2607 Et
807 2572 946 2609 nune
982 2557 1174 2609 iterum
1209 2559 1251 2588 ¹⁰
1279 2575 1290 2610 :
1318 2556 1606 2610 Faciamus
1643 2558 1924 2610 hominem.
1959 2556 2011 2608 In
2041 2557 2123 2610 his

546 2647 678 2701 solis
703 2647 918 2702 factura
955 2649 1123 2717 ipsius
1155 2649 1244 2702 Dei
1269 2649 1579 2713 ascribitur,
1608 2651 1661 2703 iii
1690 2649 1811 2702 aliis
1845 2665 1972 2703 vero
1999 2665 2124 2703 nus-

545 2753 706 2807 quam
734 2757 748 2803 ;
781 2741 873 2794 sed
907 2742 1276 2794 tantummodo
1307 2741 1579 2794 cmlumet
1612 2750 1778 2805 terra,
1807 2738 1886 2794 sol
1913 2751 1966 2793 et
1995 2740 2122 2792 litua

548 2847 614 2884 ae
641 2831 834 2895 stellae,
865 2842 919 2885 et
948 2848 1090 2886 nunc
1123 2833 1282 2885 homo
1321 2847 1350 2885 a
1383 2833 1489 2886 Deo
1529 2831 1664 2885 facta
1693 2841 1816 2886 sunt
1848 2831 1984 2902 (6‘2),
2015 2847 2126 2884 om-

549 2922 640 2976 nia
672 2938 798 2982 vero
833 2923 1038 2992 reliqua
1066 2924 1312 2992 jussione
1357 2923 1474 2992 ejus
1521 2922 1664 2978 facta
1699 2937 1819 2976 esse
1845 2923 2121 2976 dicuntur.

549 3013 627 3068 Ex
663 3015 761 3068 hoc
785 3031 916 3085 ergo
941 3017 1225 3070 considera
1262 3026 1462 3088 quanta
1489 3017 1560 3070 sit
1599 3016 1910 3084 magnitudo
1957 3016 2126 3067 homi-

509 3133 512 3136 -
549 3107 662 3171 nis,
696 3108 786 3174 qui
819 3118 925 3160 tam
987 3111 1198 3178 magnis
1240 3108 1524 3163 elementis
1561 3117 1782 3178 tamque
1837 3107 2124 3176 przecipuis

2225 1906 2399 1959 adhuc
2452 1917 2730 1960 terrenum
2783 1909 3120 1976 propositum
3173 1917 3392 1977 gerunt,
3437 1907 3626 1959 ultima
3673 1922 3776 1974 pars

2225 1996 2341 2065 ejus
2368 1997 2722 2066 providentia:
2781 1999 3076 2060 invenitur,
3117 1999 3261 2066 quod
3293 2000 3345 2052 in
3391 1999 3586 2067 pedum
3614 1999 3775 2066 appel-

2228 2090 2427 2144 latione
2461 2091 2756 2162 figuraliter
2779 2092 3074 2146 indicatur.
3110 2093 3186 2146 Ex
3223 2094 3423 2161 quibus
3454 2093 3498 2147 si
3523 2093 3622 2162 qui
3660 2091 3779 2148 forte

2237 2184 2474 2236 studium
2517 2199 2582 2238 ac
2630 2184 2959 2239 desiderium
3010 2186 3348 2255 sumpserint
3381 2185 3495 2239 fieri
3522 2186 3778 2250 caelestes,

2226 2276 2562 2345 perfectione
2583 2277 2706 2330 vita:
2737 2286 2793 2332 et
2819 2277 3120 2333 intellectus
3146 2279 3461 2344 altitudine,
3493 2277 3780 2333 efﬁciuntur

2227 2369 2390 2420 etiam
2425 2368 2521 2437 ipsi
2555 2367 2710 2422 sedes
2729 2368 2846 2432 Dei,
2880 2367 3009 2422 facti
3041 2369 3191 2437 prius
3240 2369 3434 2438 peritia
3485 2377 3541 2422 et
3577 2381 3780 2421 conver-

2227 2458 2437 2511 satione
2479 2459 2735 2513 cmlestcs
2765 2475 2779 2524 ;
2816 2460 2904 2527 qui
2964 2461 3127 2514 etiam
3184 2461 3371 2514 dicunt
3399 2459 3484 2514 ἐς
3517 2459 3779 2514 Suscitasit

2229 2566 2322 2604 nos
2345 2566 2460 2603 cum
2486 2548 2724 2615 Christo,
2753 2561 2798 2604 et
2832 2551 2992 2606 simul
3014 2554 3191 2606 sedere
3220 2569 3313 2606 nos
3349 2552 3468 2621 fecit
3497 2555 3550 2606 in
3587 2552 3780 2606 caelesti-

2229 2641 2342 2694 bus.
2374 2641 2477 2696 Sed
2511 2651 2566 2697 et
2597 2642 2672 2696 illi
2699 2657 2929 2711 quorum
2967 2646 3253 2697 thesaurus
3278 2644 3328 2697 in
3364 2645 3498 2698 ctelo
3525 2655 3648 2704 est.
3686 2658 3781 2699 eo:-

2227 2732 2393 2786 lcstes
2416 2733 2518 2786 dici
2550 2743 2777 2803 possunt
2818 2745 2874 2790 et
2932 2733 3090 2788 sedes
3147 2735 3262 2800 Dei,
3320 2737 3581 2805 quoniam
3618 2737 3683 2788 ibi
3718 2745 3780 2789 est

2228 2840 2324 2880 cor
2353 2840 2538 2880 eorum
2570 2828 2658 2881 tibi
2695 2836 2780 2882 est
2807 2830 3094 2883 thesaurus
3128 2845 3340 2884 eorum.
3390 2829 3452 2881 Et
3493 2845 3604 2882 non
3634 2829 3782 2882 solum

2230 2920 2522 2988 requiescit
2551 2933 2715 2990 super
2749 2935 2843 2976 eos
2876 2922 3040 2982 Dens,
3075 2922 3169 2975 sed
3210 2931 3266 2976 et
3315 2922 3586 2974 inhabitat
3621 2922 3669 2973 ia
3699 2923 3781 2974 eis.

2231 3015 2436 3069 Sivero
2485 3024 2666 3068 tantus
2693 3015 2816 3083 quis
2860 3015 2993 3069 ellici
3027 3024 3220 3083 potest,
3246 3025 3301 3068 ut
3335 3017 3505 3084 possit
3531 3013 3782 3068 dicere”:

2231 3109 2310 3161 Αη
2366 3109 2735 3161 documentum
2785 3109 3020 3178 quaeritis
3084 3108 3199 3177 ejus
3258 3111 3348 3178 qui
3402 3111 3455 3160 in
3506 3127 3594 3162 me
3641 3111 3783 3180 loqui-

549 3199 890 3268 ada-quatur,
922 3200 1012 3269 qui
1059 3201 1222 3255 habet
1269 3201 1535 3254 honorem
1561 3200 1706 3262 cmli,
1734 3209 1953 3268 prepter
1980 3199 2122 3266 qttod
2151 3187 2193 3244 C
2228 3209 2316 3252 tur
2357 3197 2600 3254 Christus
2645 3199 2743 3253 ?in
2792 3199 2896 3254 hoe
2932 3215 3034 3254 non
3072 3200 3244 3254 solum
3281 3200 3548 3256 inhabitat
3617 3205 3783 3270 Deus,

547 3299 605 3344 et
633 3292 896 3346 caelorum
946 3293 994 3346 el
1017 3292 1352 3360 promittitur
1391 3289 1832 3360 regnunnllabet
1857 3300 1913 3345 et
1965 3300 2124 3344 terra:

551 3383 836 3452 honorem,
876 3388 1130 3455 quoniam
1175 3387 1391 3456 quidem
1447 3389 1498 3440 itt
1559 3395 1758 3440 terram
1812 3387 2030 3450 bonam,
2071 3395 2126 3440 et

551 3484 754 3529 terram
798 3479 1043 3531 vivorum
1071 3478 1322 3532 fluentem
1364 3478 1444 3532 lae
1468 3488 1522 3532 et
1555 3478 1656 3532 mel
1686 3478 1892 3548 ingredi
1917 3488 2120 3546 sperat.

551 3566 724 3622 llaltet
753 3570 1012 3624 honorem
1047 3570 1178 3625 solis
1205 3580 1261 3623 et
1295 3569 1710 3640 lunartbabens
1756 3569 2126 3638 repromissio-

550 3676 671 3714 nem
699 3663 903 3732 fulgere
937 3667 1081 3720 sicut
1112 3667 1194 3720 sol
1226 3667 1278 3720 in
1309 3682 1472 3736 regno
1496 3665 1610 3719 Dei.

622 3755 708 3808 1⁸5.
741 3756 874 3809 Illud
920 3772 1050 3811 sane
1087 3759 1248 3811 etiam
1305 3757 1631 3811 eminentius
1691 3755 1743 3807 in
1809 3756 2128 3810 conditione

551 3845 792 3901 hominis
835 3848 1012 3908 video.
1051 3849 1194 3917 quod
1251 3848 1378 3902 alibi
1431 3866 1534 3901 non
1573 3849 1788 3905 invenio
1827 3849 2122 3902 dictum“:

553 3936 624 3992 Et
665 3938 785 4006 fecit
817 3939 954 3992 Deus
980 3939 1262 4001 hominem,
1287 3942 1354 3992 ad
1389 3941 1668 4008 imaginem
1707 3941 1802 3994 Dei
1837 3942 1956 3999 fecit
1985 3957 2124 3993 eunt.

553 4030 711 4096 Quod
741 4045 916 4100 neque
945 4033 996 4084 in
1024 4033 1186 4096 caelo,
1235 4048 1408 4102 neque
1437 4035 1488 4085 in
1523 4043 1691 4096 terra,
1724 4049 1896 4103 neque
1923 4033 1975 4086 in
2018 4033 2129 4087 sole

554 4121 642 4174 vel
670 4121 792 4174 luna
822 4122 1129 4177 invenimus
1152 4123 1644 4193 ascriptum..llunc
1667 4138 1800 4178 sane
1830 4124 2127 4189 hominem,

556 4227 718 4280 quem
750 4213 879 4267 dicit
911 4216 976 4268 ad
1013 4215 1299 4284 imaginem
1354 4217 1444 4270 Dei
1475 4219 1698 4284 factum,
1730 4235 1832 4272 non
1869 4217 2126 4286 intelligi-

558 4321 678 4359 mus
701 4307 1039 4376 corporalem
1091 4310 1226 4381 (63).
1276 4309 1392 4364 Non
1427 4313 1569 4365 enim
1599 4312 1845 4381 corporis
1895 4311 2128 4381 figmen-

558 4407 672 4453 tum
708 4400 800 4455 Dei
849 4403 1139 4470 imaginem
1165 4404 1426 4468 coutinet,
1455 4421 1630 4474 neque
1657 4405 1832 4459 factus
1858 4419 1983 4458 esse
2008 4419 2130 4460 eor-

556 4493 760 4561 poralis
794 4495 957 4549 homo
997 4497 1214 4561 dicitur,
1250 4500 1342 4551 sed
1393 4497 1713 4566 plasmatus,
1743 4497 1883 4550 sicut
1912 4496 1963 4548 in
1993 4511 2127 4550 con-

557 4587 916 4654 sequentibus
945 4590 1205 4658 scriptum
1255 4599 1360 4646 est.
1408 4591 1498 4644 Ait
1525 4592 1668 4644 enim
1721 4590 1766 4620 ²⁸
1795 4605 1808 4640 :
1834 4587 2125 4641 Plasmavit

559 4676 700 4731 Deus
743 4680 1023 4736 hominem.
1058 4682 1111 4735 ld
1144 4692 1226 4737 est
1263 4684 1417 4736 finxit
1461 4683 1526 4738 de
1560 4691 1718 4751 tecm:
1760 4683 1908 4737 limo.
1951 4681 1998 4734 Is
2033 4695 2130 4732 au-

559 4779 668 4826 tem
703 4774 792 4841 qui
827 4775 890 4827 ad
915 4776 1204 4845 imaginem
1241 4777 1330 4830 Dei
1354 4776 1530 4831 factus
1563 4787 1642 4829 est
1673 4786 1725 4830 et
1753 4776 1818 4829 ad
1873 4773 2126 4828 similitu-

559 4865 741 4920 dinem
775 4866 910 4936 (σι),
946 4868 1169 4922 interior
1203 4869 1362 4923 homo
1394 4880 1582 4923 noster
1612 4878 1716 4934 est,
1754 4865 2040 4920 invisibilis
2075 4873 2128 4916 et

560 4956 944 5026 incorporalis,
981 4961 1411 5028 etincorruptus
1461 4971 1622 5030 atque
1673 4957 2012 5014 innuortalis.
2071 4953 2124 5008 lit

560 5051 644 5106 his
669 5053 814 5106 enim
861 5054 1054 5109 talibus
1104 5053 1197 5109 Dei
1249 5056 1425 5125 imago
1478 5056 1676 5108 rectius
1709 5051 2043 5120 intelligitur.
2072 5047 2127 5100 Si

636 5171 676 5200 ¹⁷
707 5169 901 5224 Cenes.
931 5187 969 5224 ι.
1003 5170 1056 5225 6.
1093 5172 1144 5225 9.
1178 5173 1263 5227 11.
1342 5173 1383 5202 ’⁸
1408 5171 1557 5230 ἱΙ)ἰι1.,
1587 5172 1640 5223 1.
1719 5167 1760 5200 ¹⁹
1788 5165 1938 5228 ibid.,
1980 5164 2059 5216 16

560 5257 709 5302 t.\'vt,
753 5243 801 5298 l.
887 5241 933 5273 “
967 5242 1165 5309 EplteS.
1199 5259 1231 5295 II
1263 5285 1280 5306 ,
1320 5243 1372 5296 6.
1477 5243 1520 5272 "
1560 5242 1595 5293 ll
1631 5239 1754 5293 Cor.
1791 5251 1909 5294 χιιι.
1943 5235 1998 5286 '5.

561 5314 606 5345 ¹⁹
639 5314 845 5367 Coloss.
878 5328 915 5375 t,
952 5303 1036 5365 15'.
1116 5314 1160 5344 ³⁰
1194 5303 1326 5368 lleb.
1357 5329 1394 5376 ι,
1443 5314 1497 5366 5.
1575 5313 1616 5344 ³⁸
1645 5309 1801 5365 Joan.
1856 5321 1964 5368 xw,
1997 5303 2144 5364 9,“).

635 5450 749 5519 (Gl)
785 5449 1106 5517 Spirilalem.
1153 5449 1278 5502 Ilazc
1332 5465 1429 5502 vox
1483 5450 1632 5502 deest
1679 5449 1730 5501 iit
1783 5460 1940 5501 antea
1977 5448 2135 5502 editis

569 5522 741 5585 libris,
768 5524 859 5574 sed
897 5521 1126 5573 habetur
1155 5519 1203 5572 itt
1243 5536 1374 5572 mss.
1413 5530 1465 5572 et
1496 5520 1800 5574 necessaria
1831 5530 1991 5573 estut
2023 5534 2133 5572 res-

567 5593 798 5667 pondeat
821 5591 975 5644 alteri
1002 5591 1266 5654 membro,
1294 5599 1341 5643 et
1373 5600 1562 5642 terram
1591 5606 1801 5643 sensum
1827 5592 1998 5644 carnis
2020 5607 2137 5659 pro-

591 5676 722 5712 erre.

653 5677 674 5708 Γ
710 5701 722 5712 .

570 5666 754 5793 ίΜμῗῖ)
787 5729 887 5783 Mss
917 5767 938 5797 ,
965 5729 1108 5796 facta
1136 5740 1280 5793 sunt;
1314 5729 1442 5783 libb.
1475 5730 1629 5792 editi,
1656 5730 1826 5800 factus
1867 5739 1966 5784 est.

646 5800 756 5868 (65)
793 5799 908 5855 Non
960 5802 1302 5870 intelligimus
1361 5799 1704 5870 corporalem.
1771 5804 1840 5856 De
1903 5803 2134 5874 imagine

2167 5161 2212 5190 ²⁰
2246 5161 2374 5214 ibi-l.
2411 5162 2493 5214 £6.

2111 5233 2156 5263 ²⁸
2191 5231 2331 5284 Psal.
2369 5248 2519 5296 xvm,
2561 5236 2609 5289 1.

2229 3293 2324 3347 sed
2372 3292 2536 3345 etiam
2589 3291 2906 3346 in‘ambulat.
2954 3295 3021 3348 Et
3089 3305 3373 3366 propterea
3419 3297 3649 3365 perfecti
3687 3299 3782 3367 qui-

2228 3395 2332 3450 que
2373 3383 2623 3438 cmlestes
2670 3383 2830 3451 facti,
2862 3385 2944 3438 Vel
2979 3387 3103 3440 ςαξΙί
3149 3388 3346 3451 effecti,
3383 3402 3647 3444 enarrant
3690 3393 3784 3460 glo-

2230 3475 2365 3528 riam
2421 3477 2540 3540 Dei,
2592 3479 2734 3532 sicut
2790 3479 2840 3532 in
2897 3479 3111 3537 l’salmo
3166 3482 3363 3536 dicitur
3399 3485 3467 3539 “.
3515 3483 3784 3554 Propterea

2229 3569 2461 3638 denique
2519 3570 2746 3640 apostoli
2798 3572 2892 3641 qui
2961 3582 3119 3627 erant
3189 3575 3345 3637 cedi,
3397 3579 3682 3630 mittuntur
3731 3579 3784 3629 ad

2228 3664 2596 3717 enarrandum
2655 3666 2880 3731 gloriam
2941 3667 3070 3731 Dei,
3122 3676 3176 3720 et
3242 3667 3534 3739 Boanerges
3610 3685 3786 3724 nomen

2230 3757 2523 3826 accipiunt,
2572 3760 2713 3826 quod
2767 3766 2850 3814 est
2902 3757 3002 3826 ﬁlii
3054 3758 3366 3821 tonitrui",
3397 3771 3453 3813 ut
3514 3776 3612 3830 per
3667 3762 3787 3815 toni-

2233 3852 2337 3904 trui
2383 3861 2739 3919 potestatem,
2781 3865 2910 3906 vere
2959 3866 3052 3906 eos
3109 3851 3275 3904 cmlos
3323 3866 3446 3906 esse
3494 3855 3786 3907 credamus.

2231 3940 2381 3996 Ferit
2423 3960 2550 4013 ergo
2599 3943 2741 3997 Deus
2791 3944 3074 4011 hominem,
3107 3945 3175 3996 ad
3217 3945 3500 4014 imaginent
3547 3945 3643 3998 Dei
3684 3945 3787 4014 fecit

2231 4035 2380 4087 illum
2432 4036 2496 4090 ’⁸.
2557 4035 2783 4103 Oportet
2833 4050 2930 4089 nos
2976 4036 3163 4089 videre
3198 4051 3316 4104 qua:
3369 4045 3453 4089 est
3511 4037 3612 4090 ista
3669 4037 3787 4089 ima-

2231 4142 2298 4196 go
2324 4125 2434 4196 (65)
2470 4127 2589 4191 Dei,
2623 4137 2677 4180 et
2708 4127 3020 4195 perquirere
3060 4127 3125 4179 ad
3150 4127 3304 4196 cujus
3328 4127 3584 4197 imaginis
3617 4128 3790 4184 simili-

2231 4219 2472 4272 tudinem
2527 4220 2688 4274 ltomo
2728 4220 2902 4273 factus
2944 4228 3044 4272 est.
3086 4218 3202 4273 Non
3252 4220 3396 4272 enim
3452 4221 3588 4274 dixit
3615 4251 3642 4287 ,-
3677 4222 3787 4290 quia

2229 4308 2362 4362 fecit
2388 4310 2525 4363 Deus
2550 4309 2824 4364 hominem
2875 4313 2942 4364 ad
2975 4311 3263 4382 imaginem
3297 4321 3349 4364 et
3386 4311 3786 4364 similitudinem

2231 4415 2403 4464 suam,
2453 4404 2587 4467 sed,
2615 4403 2684 4454 ad
2735 4404 3012 4472 imaginem
3056 4403 3294 4470 Deifecit
3351 4404 3520 4458 illum.
3565 4405 3695 4471 Quae
3722 4415 3791 4458 est

2235 4507 2367 4561 ergo
2403 4491 2508 4545 alia
2548 4493 2730 4562 imago
2763 4495 2852 4548 Dei
2881 4495 2947 4549 ad
2980 4495 3133 4563 cujus
3179 4495 3431 4564 imaginis
3492 4497 3791 4550 similitudi-

2239 4598 2359 4635 nem
2395 4582 2570 4637 factus
2602 4599 2686 4640 est
2715 4585 2896 4652 homo,
2929 4589 3029 4640 nisi
3081 4587 3336 4641 Salvator
3364 4599 3572 4653 noster,
3604 4593 3694 4660 qui
3721 4600 3791 4644 est

2236 4677 2609 4746 primogenilus
2678 4681 2846 4734 omnis
2902 4697 3156 4736 creatura:
3203 4684 3247 4714 ²⁹
3305 4686 3329 4736 ?
3379 4686 3443 4738 de
3504 4700 3614 4754 quo
3671 4686 3794 4739 scri-

2235 4773 2383 4834 ptum
2437 4778 2542 4833 est,
2590 4772 2715 4839 quia
2753 4774 2824 4826 sit
2875 4774 3122 4843 splendor
3159 4777 3340 4829 αἰεινηί
3393 4779 3629 4843 luminis,
3664 4791 3709 4832 el
3736 4779 3794 4846 [i-

2235 4873 2367 4925 gura
2410 4877 2658 4929 expressa
2689 4867 2996 4923 substantia:
3039 4870 3134 4925 Dei
3165 4871 3230 4936 3°,
3258 4875 3381 4941 quia
3409 4885 3460 4928 et
3490 4875 3607 4943 ipse
3647 4876 3711 4928 de
3746 4886 3795 4926 se

2235 4952 2366 5004 dicit
2396 4952 2462 5006 ³¹ε
2499 4954 2606 5023 Ego
2632 4957 2683 5010 in
2721 4958 2896 5024 Patre,
2927 4973 2974 5014 et
3020 4960 3178 5017 Pater
3215 4965 3267 5016 in
3296 4982 3411 5030 me;
3439 4977 3484 5018 et
3515 4968 3605 5035 qui
3633 4983 3713 5019 me
3736 4968 3796 5018 ri-

2237 5045 2345 5106 det,
2375 5047 2508 5098 videt
2536 5060 2581 5101 et
2625 5048 2858 5107 Patrem.
2894 5055 3044 5108 Sicut
3086 5059 3227 5110 enim
3254 5059 3343 5126 qui
3383 5060 3575 5112 viderit
3612 5059 3791 5127 imagio

2605 5167 2646 5196 ²¹
2694 5167 2798 5218 ibid
2829 5169 2955 5228 ,“l7.
3059 5172 3101 5201 ²²
3149 5170 3344 5224 Cenes.
3385 5187 3443 5232 tl,
3476 5173 3528 5226 7.
3633 5172 3790 5222 "lsa.

2713 5239 2754 5268 ²⁷
2789 5238 2952 5292 Marc.
3001 5256 3094 5305 ιιι,
3130 5241 3210 5294 l7.
3315 5241 3359 5272 ’⁸
3387 5249 3582 5298 bones.
3624 5259 3680 5308 ι,
3711 5241 3791 5294 ‘27.

2234 5449 2326 5504 Det
2356 5468 2408 5503 ιιι
2439 5450 2655 5506 homine
2690 5453 2948 5518 impressa
2979 5453 3105 5520 quid
3131 5451 3379 5520 opinatus
3419 5447 3489 5520 sit
3521 5447 3792 5516 Origenes,

2237 5523 2434 5574 \‘iliCslS
2494 5527 2631 5590 apud
2690 5517 3115 5576 illustrissimum
3167 5517 3794 5587 lluetiumOrigeniano-

2232 5608 2348 5642 rum
2371 5591 2560 5664 libLIt,
2590 5605 2782 5664 quzest.
2813 5593 2901 5652 1‘2.
2937 5593 3173 5664 num.”9.
3372 5660 3383 5664 _
3697 5657 3725 5664 __
3756 5654 3766 5664 _

2299 5661 2410 5730 ((54)
2444 5662 2510 5714 Et
2534 5657 3060 5715 ad'siinilitudinem.
3090 5663 3211 5714 llzec
3235 5660 3423 5730 qumitt
3453 5670 3610 5714 antea
3641 5657 3795 5711 editis

2233 5735 2432 5786 omissa
2471 5742 2612 5795 sunt,
2640 5734 2957 5800 supplentur
2988 5747 3017 5786 e
3049 5749 3176 5786 mss.

2305 5803 2416 5874 (65)
2445 5802 2576 5868 Qum
2597 5815 2670 5858 est
2699 5804 2797 5856 ista
2831 5805 3022 5873 imago.
3051 5803 3105 5856 ltt
3131 5813 3285 5858 antea
3311 5802 3470 5858 editis
3503 5801 3650 5856 deest
3674 5804 3770 5850 ista
