3902 6498
155 351 248 410 {57
1349 343 1415 399 IN
1453 343 1749 401 GENESIM
1792 343 2080 399 IlUiilLlA
2120 344 2157 398 Ι.
3269 348 3368 402 158

155 466 262 526 nem
283 465 529 534 alicujus,
555 464 701 518 videt
732 479 853 518 eum
879 462 1030 530 cujus
1073 463 1254 534 imago
1277 471 1378 528 est,
1413 466 1484 518 ita
1514 474 1568 518 ct
1604 480 1699 533 per
1727 469 1773 526 Α
1802 465 1934 517 dixit
1980 481 2065 518 eos
2117 464 2254 517 Deus
2313 464 2488 517 dicens
2515 479 2532 517 :
2563 464 2789 518 Crescite
2844 473 2890 517 et
2921 464 3365 536 multiplicamini,

159 561 368 617 Tilerbum
399 558 514 622 Dei,
548 572 667 626 qua:
713 567 794 612 est
838 558 1012 627 imago
1044 557 1158 616 Dei.
1205 557 1366 609 Deum
1387 557 1506 624 quis
1538 558 1699 610 videt.
1805 569 1852 610 et
1886 558 2071 626 replete
2103 566 2324 620 terram,
2379 567 2423 609 et
2463 556 2814 610 dominamini
2849 559 2902 610 in
2933 574 2992 610 ea
3041 557 3104 611 ³⁵.
3143 559 3365 626 Dignum

157 653 212 707 l-Zt
243 651 306 703 ita
345 663 530 701 verum
559 648 664 701 erit
693 649 832 716 quod
861 649 996 700 dixit
1022 664 1034 698 :
1069 647 1171 712 Qui
1198 661 1274 698 me
1296 647 1462 709 videt,
1490 647 1624 699 videt
1655 659 1700 702 et
1804 651 2016 702 videtur
2044 649 2144 703 hoc
2176 649 2228 701 iu
2281 648 2399 702 loco
2435 650 2718 716 requirere
2773 652 3069 704 secundum
3105 651 3368 717 litteram,

157 742 372 798 Patrem.
396 739 476 792 Ad
496 738 654 808 hujus
680 740 1076 808 ergoimaginis
1098 737 1500 791 similitudinem
1540 739 1700 793 homo
1802 741 2074 808 quomodo
2133 742 2365 792 nomium
2429 739 2572 792 facta
2621 739 2842 794 muliere
2881 741 3008 795 dicit
3041 742 3314 809 Scriptura
3351 760 3366 796 :

159 836 312 889 tactus
367 841 469 894 est,
505 840 558 884 et
606 838 895 899 propterea
947 829 1197 882 Salvator
1249 838 1449 894 noster,
1493 830 1580 898 qui
1619 841 1700 883 est
1800 831 2102 884 Masculum
2139 841 2185 884 et
2229 830 2480 898 feminam
2529 829 2652 898 fecit
2698 847 2808 884 eos.
2874 830 3240 896 Fortassis,ut
3270 848 3371 902 ego

158 928 313 993 imago
333 923 444 985 Dei,
481 920 854 976 misericordia
893 931 1070 972 motus
1099 933 1196 986 pro
1239 918 1479 981 homine,
1511 919 1599 986 qui
1634 920 1697 972 ad
1799 924 2059 987 arbitror,
2100 930 2317 990 prOpter
2363 922 2790 975 benedictionem
2823 937 2925 989 qua
2975 925 3250 978 benedixit
3278 939 3370 978 eos

157 1018 257 1081 eius
277 1013 681 1068 similitudinem
715 1011 888 1064 lactus
923 1010 1120 1072 fuerat,
1147 1011 1333 1063 videns
1364 1025 1509 1074 eum,
1533 1011 1698 1079 depo-
1801 1016 1984 1068 dicens
2011 1031 2024 1068 :
2057 1013 2283 1066 Crescite
2311 1021 2358 1065 et
2385 1012 2828 1075 multiplicamini,
2859 1021 2917 1078 et,
2939 1014 3126 1082 replete
3153 1026 3366 1078 terram,

157 1109 243 1162 sita
267 1120 357 1160 sua
391 1104 636 1172 imagine,
668 1103 883 1171 maligni
915 1101 1199 1171 imaginem
1233 1100 1529 1165 induxisse,
1584 1103 1699 1171 ipse
1797 1105 2132 1174 przeveuiens
2156 1105 2300 1174 quod
2330 1104 2570 1158 futurum
2618 1113 2758 1171 erat,
2788 1105 2918 1158 dicit
2949 1123 2961 1158 :
2997 1105 3290 1160 Masculum
3322 1117 3370 1161 et

159 1211 315 1254 motus
364 1195 730 1249 misericordia
759 1234 773 1256 ,
828 1194 1062 1262 imagine
1113 1182 1349 1248 liétniuis
1402 1203 1695 1263 assmupta,
1804 1198 2052 1267 feminam
2083 1197 2202 1266 fecit
2242 1214 2354 1261 eos,
2393 1197 2648 1266 quoniam
2699 1197 3183 1264 quidemcrescere
3214 1198 3373 1252 aliter

158 1293 288 1345 venit
351 1288 416 1340 ad
471 1301 624 1348 eum,
683 1287 822 1339 sicut
874 1286 1162 1354 Apostolus
1216 1295 1553 1342 contestatur
1612 1287 1693 1339 di-
1799 1298 1853 1342 et
1887 1287 2235 1356 multiplicari
2271 1305 2374 1341 non
2405 1297 2616 1356 poterat
2643 1288 2825 1350 homo,
2853 1287 2951 1340 nisi
2982 1302 3104 1338 eum
3141 1285 3368 1340 femina.

132 1399 267 1453 ,(ὀιὶε
292 1381 330 1410 ³¹
362 1379 532 1435 tcum
559 1380 611 1430 ίη
640 1377 810 1446 imm“
843 1376 934 1428 θεῖ
957 1387 1109 1442 εὕδειν
1140 1394 1243 1430 πυη
1282 1379 1521 1445 rapinam
1549 1376 1697 1428 (ινὺί-
1800 1381 1873 1436 Ut
1907 1396 2034 1448 ergo
2067 1381 2372 1434 benedictio
2395 1380 2510 1447 ejus
2545 1381 2663 1433 sine
2695 1381 2861 1434 dubio
2882 1380 3056 1431 futura
3093 1395 3216 1433 esse
3249 1397 3370 1433 cre-

156 1483 307 1528 tratus
328 1481 399 1524 est
427 1487 536 1524 esse
564 1487 615 1523 se
645 1471 895 1539 (aqualem
937 1469 1063 1531 Deo,
1089 1469 1179 1521 ted
1226 1470 1551 1535 semetipsum
1587 1469 1699 1521 e.ri-
1799 1475 2039 1538 deretur,
2065 1473 2141 1526 ait
2177 1493 2187 1526 :
2231 1471 2532 1525 Masculum
2577 1483 2626 1524 "et
2671 1472 2919 1542 feminam
2971 1471 3092 1539 fecit
3117 1488 3224 1524 eos.
3261 1472 3374 1526 Iloc

156 1567 331 1620 nauivit
357 1565 582 1632 formum
610 1563 742 1614 servi
786 1563 1046 1630 accipiens
1088 1561 1141 1612 in
1187 1561 1583 1613 similitudinem
1607 1561 1698 1612 ltO-
1801 1579 2036 1633 namque
2067 1564 2225 1617 modo
2273 1564 2437 1616 houto
2470 1564 2658 1616 videns
2712 1562 2990 1615 crescendi
3033 1572 3082 1614 et
3117 1562 3376 1628 inultipli-

96 1653 105 1670 ⁵
155 1661 331 1711 mitium
362 1658 554 1726 factus,
578 1666 623 1707 et
660 1654 840 1706 habitu
870 1655 1104 1706 inventus
1140 1663 1192 1704 ut
1230 1653 1406 1712 homo,
1448 1652 1697 1706 liuntiliu-
1797 1654 1954 1707 eaudi
2010 1654 2452 1720 consequentiam
2481 1667 2600 1706 esse
2648 1669 2712 1704 ex
2744 1668 2830 1713 eo,
2874 1654 3015 1720 quod
3071 1652 3118 1704 ei
3173 1652 3372 1705 femina

154 1750 558 1816 a'tsemctipsum
592 1763 750 1816 usque
796 1747 862 1797 ad
913 1755 1148 1799 mortem.
1205 1744 1525 1814 Quicunque
1567 1762 1697 1816 ergo
1794 1747 2143 1815 juugebatur,
2181 1746 2471 1800 certiorem
2502 1761 2648 1814 spem
2679 1763 2869 1816 gerere
2893 1756 3104 1814 poterat
3139 1747 3374 1800 inbeue-

162 1842 364 1894 wniunt
389 1843 453 1893 ad
484 1854 629 1905 eum,
653 1851 701 1892 et
755 1839 1085 1892 rationabilis
1112 1838 1360 1908 imaginis
1406 1840 1699 1908 participes
1732 1825 1773 1883 Β
1804 1837 2037 1891 dictione
2067 1838 2269 1890 divina.
2329 1837 2383 1888 Si
2410 1837 2552 1888 enim
2594 1838 2820 1890 dixisset
2885 1837 3167 1905 Scriptura
3199 1851 3212 1886 :
3241 1834 3375 1888 Cre-

156 1932 273 1986 ellici
299 1933 536 1995 student,
582 1947 675 1997 per
709 1931 1008 1997 profectum
1035 1945 1189 1983 suum
1227 1932 1522 1984 secundum
1557 1933 1698 1985 inte—
1800 1926 1928 1979 scite
1955 1936 2000 1977 ει
2045 1925 2470 1993 multiplicamini
2513 1935 2558 1978 et
2595 1927 2786 1995 replete
2818 1937 3035 1991 terram,
3064 1927 3374 1979 etdomina-

155 2025 330 2076 rioreut
369 2023 642 2076 hominem
678 2033 1008 2076 renovantur
1033 2023 1270 2090 quotidie
1312 2021 1375 2074 ad
1413 2023 1696 2091 imaginem

152 2116 255 2183 ejus
289 2113 375 2182 qui
409 2112 537 2167 fecit
561 2128 684 2178 eos;
726 2112 797 2164 ita
853 2124 907 2165 ut
970 2114 1172 2180 possint
1223 2110 1530 2165 conlormes
1579 2127 1698 2166 cor-

156 2207 259 2274 pori
290 2205 554 2259 claritatis
591 2205 708 2275 (66)
734 2205 850 2273 ejus
871 2203 1030 2270 cllici,
1065 2206 1155 2258 sed
1205 2205 1572 2272 unusquisque
1602 2219 1698 2272 pro

154 2298 340 2351 viribus
361 2298 756 2365 suis.Apostoli
802 2315 860 2351 se
897 2299 961 2351 ad
991 2296 1105 2364 ejus
1155 2296 1562 2351 similitudinem
1611 2313 1696 2351 re-

155 2389 443 2444 formarunt
479 2389 587 2458 58
619 2391 668 2442 in
706 2399 910 2442 tantum
938 2402 993 2442 ut
1018 2389 1132 2458 ipse
1164 2391 1229 2443 de
1268 2391 1346 2445 eis
1371 2391 1576 2444 diceret
1611 2392 1654 2423 ³³
1681 2409 1695 2446 :

157 2481 292 2537 Vada
338 2483 404 2534 ad
452 2481 665 2535 Patrem
733 2499 899 2535 meum
953 2493 998 2535 et
1061 2484 1268 2536 Patrem
1326 2494 1570 2547 vestrum,
1631 2485 1698 2536 ad

154 2575 301 2628 Deum
347 2591 516 2626 meum
568 2587 612 2628 et
649 2577 716 2627 ad
752 2576 913 2628 Deum
954 2587 1200 2629 vestrum.
1259 2576 1371 2644 Ipse
1424 2593 1549 2630 vero
1587 2577 1696 2645 jam

155 2665 361 2732 petierat
399 2665 610 2718 Patrem
668 2682 762 2735 pro
815 2667 1094 2736 discipulis
1128 2669 1261 2730 suis,
1296 2679 1349 2720 ut
1384 2670 1460 2723 eis
1509 2672 1700 2724 simili-

153 2758 267 2810 tudo
313 2758 536 2826 pristina
568 2759 898 2822 redderetur,
931 2777 1050 2814 cum
1102 2761 1237 2814 dixit
1263 2762 1307 2792 ³³
1335 2779 1349 2818 :
1383 2760 1564 2825 Pater,
1605 2766 1696 2827 ila,

152 2859 203 2901 ut
237 2851 362 2902 sicut
409 2867 504 2920 ego
547 2862 594 2903 et
653 2863 706 2902 tu
743 2868 902 2904 unum
956 2870 1156 2919 sumus,
1181 2857 1253 2906 ita
1278 2866 1324 2907 et
1353 2857 1439 2908 isti
1474 2857 1525 2907 in
1552 2858 1699 2910 nobis

152 2956 300 2993 unum
324 2943 449 2994 sint.
485 2943 706 3011 Semper
733 2959 862 3013 ergo
889 2946 1191 3000 intueamur
1228 2949 1381 3001 istam
1413 2949 1698 3016 imaginem

155 3033 257 3095 Dei,
289 3043 346 3086 ut
375 3037 642 3102 possimus
695 3038 756 3089 ad
801 3038 914 3104 ejus
947 3039 1355 3093 similitudinem
1394 3039 1695 3094 reformari.

1801 2019 1932 2070 mini
1959 2019 2109 2081 inea,
2139 2035 2242 2070 non
2277 2016 2534 2083 adjicieus
2563 2019 2683 2084 hoc,
2719 2020 2841 2086 quia
2877 2019 3165 2070 musculum
3208 2027 3257 2071 et
3296 2020 3374 2086 fe-

1800 2113 1994 2164 minum
2018 2112 2138 2179 fecit
2169 2127 2278 2176 eos,
2309 2111 2495 2178 utique
2549 2111 2908 2163 benedictioni
2966 2113 3161 2165 divina:
3192 2114 3373 2166 incre—

1799 2203 1956 2258 dulus
1983 2203 2304 2266 exstitisset,
2338 2202 2550 2256 sicutet
2573 2199 2738 2254 Maria
2775 2204 2839 2255 ad
2871 2218 2988 2254 eam
3039 2203 3372 2256 benedictio-

1800 2313 1919 2350 nem
1956 2312 2059 2363 qua
2085 2295 2508 2349 benedicebatur
2537 2297 2605 2348 ab
2633 2295 2845 2363 angelo,
2867 2296 2942 2347 ait
2972 2295 3016 2324 ³⁵
3050 2314 3062 2348 :
3099 2295 3372 2358 Quomodo

1800 2389 1961 2440 sciam
1993 2387 2088 2439 hoc
2139 2385 2296 2456 (67)?
2337 2387 2584 2455 quantum
2628 2387 2796 2438 cirum
2834 2403 2934 2437 non
2965 2401 3236 2454 cognosco.
3267 2385 3375 2436 Aut.

1809 2481 2040 2532 fortasse
2062 2480 2190 2547 quia
2246 2479 2427 2533 omnia
2485 2493 2659 2547 quaca
2695 2477 2803 2530 Deo
2845 2477 2982 2529 facta
3039 2487 3186 2541 sunt,
3244 2493 3376 2528 con-

1795 2571 1982 2640 juncta
2016 2586 2068 2625 et
2095 2574 2468 2639 compaginata
2499 2571 2772 2631 dicuntur,
2809 2581 2866 2621 ut
2894 2569 3090 2622 caelum
3125 2579 3175 2622 ct
3205 2578 3369 2630 terra,

1801 2671 1852 2716 et
1887 2663 2044 2716 solet
2082 2663 2242 2725 luna;
2282 2664 2352 2714 ita
2383 2675 2521 2728 ergo
2548 2669 2604 2712 ut
2631 2660 3009 2715 ostenderetur
3037 2662 3288 2729 quoniam
3320 2670 3374 2713 et

1801 2753 1964 2807 homo
1994 2753 2084 2806 Dei
2109 2770 2242 2823 opus
2270 2765 2374 2819 est,
2403 2763 2456 2807 et
2485 2766 2588 2804 non
2623 2751 2739 2804 sine
2777 2753 3089 2815 harmonia,
3125 2751 3374 2805 velcom-

1803 2845 2003 2914 petenti
2063 2845 2447 2912 conjunctione
2475 2842 2743 2912 prolatus
2775 2856 2878 2909 est,
2938 2843 3139 2897 idcirco
3172 2856 3374 2911 pracve-

1801 2939 1952 2990 niens
1999 2936 2118 2990 ait:
2158 2937 2455 2991 Masculttm
2508 2953 2551 2992 et
2614 2938 2863 3009 feminam
2910 2935 3028 3004 fecit
3076 2951 3181 2987 eos.
3243 2934 3365 2987 lla-c

1800 3029 2016 3096 quidem
2048 3029 2115 3082 ad
2143 3043 2259 3081 eam
2289 3031 2645 3098 qumstiouem
2670 3030 2812 3084 dicta
2843 3035 2991 3092 sunt,
3020 3040 3138 3092 quae
3177 3038 3372 3078 secun-

152 3125 202 3178 Si
225 3125 356 3178 enim
389 3128 454 3178 ad
491 3128 774 3196 imaginem
812 3129 902 3182 Dei
953 3129 1132 3183 factus
1165 3131 1351 3201 homo,
1381 3141 1566 3186 contra
1603 3149 1696 3185 na-

1804 3121 1925 3173 dutu
1955 3119 2188 3172 litteram
2219 3120 2445 3189 proferri
2477 3131 2672 3191 potest.

154 3228 313 3270 turam
347 3219 566 3273 intuens
614 3221 903 3289 imaginem
939 3223 1133 3276 diaboli
1192 3239 1287 3293 per
1316 3235 1594 3292 peccaturo
1622 3225 1697 3278 si-

150 3308 278 3362 milis
298 3307 411 3375 ejus
437 3309 666 3365 eﬂ’ectus
692 3320 776 3366 est
807 3329 821 3365 :
857 3314 1027 3368 multo
1064 3316 1232 3383 magis
1265 3317 1478 3370 intuens
1515 3317 1704 3386 imagi-

160 3414 270 3452 nem
308 3400 420 3462 Dci,
451 3403 517 3455 ad
547 3402 699 3469 cujus
730 3389 1139 3460 similitudinem
1191 3407 1363 3459 laetus
1389 3417 1469 3461 est
1500 3423 1528 3459 a
1567 3408 1698 3470 Deo,

151 3505 238 3558 per
254 3489 491 3545 Verbum
520 3505 574 3547 et
599 3495 852 3549 virtutem
877 3497 993 3565 ejus
1025 3499 1245 3567 recipiet
1278 3497 1506 3551 formam
1557 3500 1730 3552 illam-

151 3595 256 3648 quae
284 3583 404 3635 data
430 3585 482 3638 ei
519 3585 689 3640 fuerat
719 3603 816 3656 per
861 3599 1129 3643 naturam.
1183 3591 1286 3644 Sed
1318 3605 1474 3644 nemo
1508 3592 1700 3659 despe-

153 3681 224 3725 ret
244 3675 426 3730 videus
451 3678 860 3732 similitudinem
907 3697 1060 3735 suam
1091 3684 1260 3750 magis
1287 3699 1405 3737 esse
1433 3699 1553 3737 cum
1582 3685 1703 3738 dia-

150 3760 260 3818 bolo
289 3782 448 3834 quam
496 3784 617 3821 cum
652 3769 780 3833 Deo,
824 3786 982 3840 posse
1028 3787 1085 3825 se
1134 3773 1327 3826 iterum
1381 3788 1702 3842 reetiperaie

149 3849 360 3906 formam
398 3856 652 3927 imaginis
685 3860 800 3923 Dei,
843 3861 970 3928 quia
1012 3878 1115 3914 non
1149 3863 1294 3916 venit
1329 3861 1578 3918 Salvator
1603 3881 1697 3917 vo-

146 3957 258 3999 eare
287 3947 488 4014 justos,
525 3949 618 4002 sed
669 3961 986 4018 peccatores
1032 3952 1085 4005 iu
1123 3955 1518 4023 paenitentiam.
1564 3956 1700 4008 Mat-

149 4039 306 4093 tliaaus
331 4041 654 4110 publicanus
670 4052 808 4110 erat,
833 4054 885 4098 et
913 4046 1095 4114 utique
1121 4048 1295 4116 imago
1339 4050 1455 4118 ejus
1484 4051 1700 4106 dialiolo

146 4131 322 4186 similis
351 4145 494 4199 erat,
523 4137 614 4190 sed
648 4137 873 4192 veniens
903 4139 966 4191 ad
994 4141 1276 4208 imaginem
1305 4141 1395 4194 Dei
1418 4141 1698 4196 Dominmu

156 4233 204 4276 et
230 4225 566 4279 Salvatorem
599 4240 867 4291 nosu'um,
903 4240 958 4284 et
1005 4247 1237 4298 sequens
1267 4249 1406 4299 eam,
1443 4237 1702 4289 transfor-

147 4325 308 4369 matus
336 4327 419 4371 est
451 4319 515 4370 ad
547 4319 960 4374 similitmlinem
1021 4322 1270 4389 imaginis
1318 4325 1434 4378 Dei.
1471 4323 1702 4380 Jacobus

145 4402 373 4463 Zebedazi
437 4411 599 4472 filius,
657 4422 712 4466 ct
756 4412 994 4469 Joannes
1045 4415 1215 4468 frater
1247 4418 1362 4485 ejus
1403 4420 1700 4485 piscatores

1877 3210 1962 3265 15.
1996 3211 2285 3266 Videamus
2306 3223 2482 3266 autem
2527 3215 2687 3266 etiam
2739 3229 2834 3282 per
2893 3210 3205 3280 allegoriam
3237 3222 3375 3275 quo-

1803 3305 1963 3358 modo
1985 3306 2049 3357 ad
2081 3305 2369 3374 imaginem
2426 3306 2516 3358 Dei
2572 3307 2729 3358 homo
2788 3306 2961 3358 factus
3018 3301 3290 3356 masculus
3319 3307 3373 3353 et

1803 3397 2004 3451 femina
2067 3407 2167 3451 est.
2215 3397 2442 3451 Interior
2510 3398 2670 3451 homo
2721 3408 2904 3450 noster
2952 3412 3014 3448 ex
3069 3396 3262 3462 spiritu
3320 3402 3374 3445 et

1805 3493 1981 3545 anima
2026 3503 2258 3547 constat.
2302 3493 2572 3546 Masculus
2621 3494 2845 3560 Spiritus
2903 3493 3120 3555 dicitur,
3173 3489 3370 3542 femina

1807 3585 1983 3638 anima
2024 3594 2199 3652 potest
2240 3588 2564 3652 nuncupari.
2615 3587 2742 3640 [lare
2771 3586 2812 3638 si
2848 3583 3200 3638 concordiam
3229 3581 3374 3633 inter

1804 3690 1862 3728 se
1890 3675 2122 3727 habeant
2150 3685 2202 3728 et
2230 3689 2575 3738 ctmscnsum,
2598 3676 2974 3729 c0nveuienlia
3008 3673 3147 3726 inter
3172 3687 3230 3725 se
3259 3672 3373 3740 ipsa

1804 3777 2056 3821 crescunt
2086 3777 2138 3820 et
2173 3765 2620 3833 multiplicantur,
2671 3774 3039 3834 generantque
3075 3764 3211 3816 tilios
3249 3777 3373 3815 sen-

1803 3875 1896 3913 sus
1922 3859 2110 3922 bonos,
2134 3869 2187 3912 et
2221 3859 2526 3911 intellectus
2546 3857 2627 3911 vel
2657 3857 3015 3926 cogitationes
3045 3855 3227 3914 utiles,
3275 3867 3372 3921 per

1804 3968 1922 4020 qua:
1972 3951 2217 4018 repleant
2260 3961 2484 4015 terram,
2545 3959 2598 4002 et
2639 3949 2990 4002 dominentur
3036 3946 3088 4000 in
3129 3960 3228 4009 ea;
3271 3945 3372 3998 hoc

1804 4055 1907 4105 est,
1942 4042 2244 4110 subjet‘tum
2278 4042 2381 4095 sibi
2439 4058 2654 4095 sensum
2705 4040 2887 4094 carnis
2921 4041 2985 4092 ad
3035 4039 3256 4092 meliora
3289 4039 3372 4091 iu-

1804 4137 1988 4189 stituta
2038 4143 2378 4198 convertunt,
2415 4143 2468 4187 et
2499 4135 2850 4187 dominantur
2883 4132 2982 4194 eis,
3018 4131 3370 4184 seiliceteum

1804 4228 1854 4280 in
1878 4226 2022 4279 nullo
2047 4242 2176 4279 caro
2205 4235 2388 4278 contra
2440 4225 2768 4279 voluntatem
2810 4223 3031 4290 spiritus
3066 4221 3371 4274 insolescit.

1801 4318 1918 4374 Jam
1953 4333 2079 4372 vero
2121 4319 2162 4371 si
2207 4320 2385 4372 anima
2431 4316 2716 4384 conjuncta
2769 4314 3008 4383 Spiritui,
3041 4324 3202 4381 atque
3231 4311 3370 4378 ejus,

1803 4423 1861 4466 ut
1891 4415 1960 4482 ita
1985 4413 2179 4476 dicam,
2212 4411 2478 4478 coujugio_
2517 4408 2785 4476 copulata,
2822 4406 3054 4461 declinet
3087 4404 3372 4471 aliquando

145 4507 325 4562 erant,"
353 4509 404 4552 ct
464 4501 714 4555 homines
778 4506 897 4558 sine
949 4505 1167 4569 litteris,
1208 4509 1298 4576 qui
1351 4510 1538 4576 utique
1573 4517 1701 4563 tunc
1734 4510 1776 4563 D
1806 4505 1869 4557 ad
1889 4520 2180 4572 corporeus
2225 4505 2549 4570 voluptates,
2596 4515 2932 4568 sensumque
2966 4515 3120 4552 suum
3155 4499 3204 4550 iu
3235 4497 3374 4550 dele-

145 4588 301 4655 magis
325 4591 389 4642 ad
421 4590 713 4659 imaginem
744 4593 943 4646 diaboli
989 4595 1395 4649 similitudinem
1431 4598 1694 4662 ferebant,

145 4677 227 4729 sed
272 4689 564 4746 sequentes
597 4689 650 4733 et
680 4681 767 4734 isti
800 4680 1092 4749 imaginem
1157 4683 1272 4747 Dei,
1319 4683 1524 4738 similes
1571 4683 1696 4738 facti

143 4778 254 4819 sunt
279 4771 349 4833 ei,
374 4772 519 4824 sicut
542 4781 596 4824 et
621 4774 802 4826 caeteri
830 4775 1075 4842 apostoli.
1109 4773 1304 4828 Paulus
1355 4774 1524 4842 ipsius
1565 4775 1700 4828 ima-

144 4857 272 4925 ginis
296 4860 388 4914 Dei
417 4873 735 4931 persecutor
765 4876 899 4919 erat.
944 4868 1009 4922 Ut
1043 4878 1219 4920 autem
1249 4867 1422 4935 potuit
1446 4869 1694 4920 decorem

143 4948 246 5016 ejus
266 4959 317 5004 et
337 4953 798 5020 pulchritudinem
819 4958 1203 5022 contueri,visa
1227 4974 1308 5022 ea,
1334 4959 1382 5010 in
1405 4966 1606 5010 tantum
1631 4959 1694 5009 ad

144 5038 247 5108 cjus
292 5043 714 5098 similitudinem
762 5047 1089 5103 reformatus
1139 5062 1239 5114 est,
1283 5058 1340 5103 ut
1369 5050 1578 5104 diceret
1608 5049 1696 5102 3“z

143 5130 215 5181 Αη
241 5132 610 5187 documentum
655 5137 890 5204 quwritis
935 5138 1046 5205 ejus
1097 5141 1185 5208 qui
1231 5140 1286 5191 in
1333 5154 1412 5189 me
1467 5135 1702 5204 loquitur

145 5217 370 5275 Christus
388 5228 414 5279 .9

207 5335 287 5390 M.
321 5335 623 5390 Masculum
679 5349 725 5392 et
783 5339 1034 5409 feminam
1087 5344 1209 5411 ferit
1265 5359 1388 5406 eos,
1438 5351 1484 5393 et
1548 5335 1702 5392 bene-

203 5428 242 5501 ξι
277 5429 411 5486 Phil.
460 5447 498 5484 lt
525 5473 539 5490 .
564 5432 631 5496 6,
675 5435 727 5500 7,
767 5445 819 5488 et
850 5437 904 5491 8.
1013 5438 1057 5469 δ’
1081 5436 1238 5492 Joau.
1288 5454 1381 5501 xx,
1411 5437 1497 5490 17.

144 5497 187 5531 ³⁸
210 5500 332 5555 Luc.
366 5518 404 5566 ι,
459 5501 552 5558 54.
716 5497 723 5500 ’
1080 5538 1081 5541 η

206 5614 309 5690 (66)
339 5616 495 5680 λιες..
523 5620 726 5686 corpori
753 5618 1036 5685 claritatis,
1067 5602 1193 5675 libb.
1226 5621 1376 5687 editi,
1401 5621 1688 5690 corporalis

145 5686 402 5747 claritatis.
441 5690 603 5742 male.

206 5757 308 5826 (σῖ)
339 5759 524 5813 Sciam
585 5760 728 5818 hoc?
783 5761 857 5816 Et
911 5762 1170 5817 memoria
1224 5757 1364 5816 citat
1412 5761 1689 5833 Origenes.

1639 5433 1682 5463 ³³
1707 5428 1866 5483 Joau.
1888 5445 2021 5494 xvu,
2059 5432 2148 5484 22.

1806 4595 2136 4650 ctationibus
2187 4596 2498 4648 carnalibus
2549 4593 2798 4652 inclinet,
2827 4604 2881 4644 et
2926 4589 3215 4658 aliquando
3251 4589 3373 4656 qui-

1809 4689 1926 4742 dem
1954 4689 2336 4756 obtemperare
2366 4687 2612 4739 videatur
2657 4685 2986 4738 salutaribus
3012 4685 3229 4740 monitis
3263 4684 3374 4752 spi-

1807 4780 1960 4842 ritus,
1990 4779 2281 4847 aliquando
2304 4792 2431 4830 vero
2472 4776 2618 4830 vitiis
2670 4775 2980 4831 carnalibus
3039 4777 3212 4836 cedat,
3247 4776 3370 4830 talis

1805 4869 2023 4933 anima,
2056 4869 2199 4921 velut
2253 4867 2512 4921 adulterio
2564 4867 2806 4934 corporis
2857 4867 3142 4929 maculata,
3200 4881 3372 4933 neque

1803 4978 2076 5028 crescere,
2105 4976 2275 5030 neque
2306 4958 2653 5027 multiplicari
2711 4958 2947 5026 legitime
2993 4959 3211 5022 dicitur,
3236 4974 3368 5027 quo-

1805 5058 1945 5108 niam
1979 5053 2196 5122 quidem
2247 5051 2386 5104 ﬁlios
2419 5049 2788 5103 adulterorqu
2825 5049 3168 5118 imperfectos
3227 5049 3371 5102 Seri-

1806 5158 1964 5216 ptura
2021 5146 2291 5214 designat.
2343 5144 2495 5196 Talis
2546 5144 2925 5204 euintanima,
2979 5157 3098 5208 quae
3152 5141 3373 5209 spiritus

1806 5243 2190 5313 conjunctione
2215 5243 2453 5304 deserta,
2483 5241 2664 5295 sensui
2716 5257 2774 5294 se
2804 5242 2984 5294 carnis
3009 5251 3064 5293 et
3091 5239 3372 5293 desideriis

1805 5333 2179 5403 corporalibus
2206 5346 2370 5388 totam
2414 5333 2730 5403 prosternit,
2778 5333 2922 5385 velut
2985 5346 3175 5384 aversa
3207 5345 3234 5381 a
3267 5330 3372 5382 Deo

2255 5431 2298 5462 ³³
2325 5432 2362 5484 ll
2397 5430 2524 5484 Cor.
2575 5443 2694 5492 xm,
2719 5427 2772 5480 5.
2909 5427 2953 5457 ³⁵
2989 5426 3184 5480 Cenes.
3206 5441 3250 5487 l,
3277 5423 3369 5480 ‘27.

1795 5620 1930 5675 Nam
1969 5621 2022 5671 in
2071 5617 2319 5671 omnibus
2368 5617 2525 5671 cold.
2564 5616 2768 5671 Graecis
2821 5623 2876 5667 et
2930 5611 3137 5665 Latinis
3176 5610 3374 5678 legitur

1801 5691 1916 5753 πῶς
1967 5689 2118 5742 ἔσται
2158 5688 2349 5753 τοῦτο;
2390 5688 2503 5752 πῶς
2538 5688 2691 5740 ἔσται
2728 5701 2816 5755 μοι
2867 5683 3060 5748 “colito;
3105 5683 3375 5747 Quomodo

1800 5763 1885 5831 fiet
1907 5763 2045 5814 istud
2067 5762 2090 5812 Ρ
