3902 6500
140 407 214 460 161
1299 396 1366 452 ΙΝ
1398 395 1683 454 GENESM?

1787 393 2015 451 OMILIA
2053 395 2114 452 Il.

3240 395 3341 450 £62

132 489 448 576 satictitatem
479 514 740 570 debemus
767 516 1053 572 exsistere.
1084 515 1188 587 lpsi
1222 515 1395 586 gloria
1429 516 1482 570 in
1513 527 1669 569 a-tcr-
1700 524 1744 577 Α
1776 515 1912 584 ipsa,
1945 529 2066 583 qua‘
2095 513 2300 582 scripta
2336 521 2481 578 sunt,
2516 527 2898 582 proponamus.
2937 510 3004 566 Et
3047 512 3214 578 dixit,
3249 515 3333 568 in-

133 628 192 670 na
215 608 395 665 saecula
427 609 772 663 surculorum.
811 609 1006 664 Amen.

705 697 982 753 IIOSIILIA
1045 697 1112 750 ll.

240 791 311 846 De
339 791 544 859 fabrica
583 806 746 854 arcae,
783 801 830 842 et
869 805 1047 842 eorum
1077 803 1194 858 quae
1225 789 1278 841 in
1322 804 1382 842 ea
1425 799 1567 844 sunt.

195 881 504 950 incipientes
538 883 606 934 de
655 896 781 934 arca
809 923 823 947 ,
858 897 976 946 qum
1019 884 1316 936 secundutu
1361 879 1673 932 Inundalum

139 977 217 1031 Dei
242 990 268 1026 a
299 970 406 1025 Noe
427 982 738 1025 constructa
764 962 870 1033 est,
888 972 1178 1036 disserere,
1201 972 1373 1040 primo
1396 969 1664 1031 omnium,

138 1067 422 1124 rideamus,
457 1078 577 1129 qua:
611 1062 676 1115 de
705 1077 766 1115 ea
807 1063 1110 1116 secundum
1150 1063 1384 1117 litteram
1425 1061 1677 1114 referun-

138 1169 240 1212 tur:
269 1165 319 1209 et
345 1154 666 1222 quaestiones
701 1163 1069 1223 proponentes
1099 1169 1218 1224 qum
1250 1153 1409 1224 objici
1443 1169 1470 1205 a
1508 1151 1678 1220 pluri-

137 1248 222 1302 bus
250 1245 414 1298 solent
435 1282 451 1306 ,
482 1245 646 1296 etiam
693 1245 1066 1300 absolutiones
1104 1259 1290 1299 earum
1321 1259 1388 1298 ex
1419 1244 1527 1306 his,
1559 1256 1679 1308 quae

139 1339 274 1393 nobis
316 1347 442 1389 sunt
488 1351 517 1389 a
572 1335 868 1404 majoribus
903 1337 1098 1390 tradita
1131 1375 1149 1402 ,
1196 1336 1579 1405 requiramus;
1621 1343 1680 1388 ιιι

137 1447 242 1484 cum
273 1429 630 1495 hujuscemodi
673 1427 1022 1484 fundamenta
1051 1429 1370 1499 jecerimtts,
1411 1427 1480 1481 ab
1512 1427 1679 1481 histo-

137 1525 218 1576 riae
251 1529 394 1573 testu
442 1521 714 1589 possimus
739 1520 1034 1574 ascendere
1063 1521 1129 1574 ad
1177 1519 1441 1589 spiritalis
1483 1518 1679 1572 intelli-

134 1612 311 1682 gentia:
338 1611 625 1680 mysticum
651 1620 705 1664 et
736 1612 1085 1677 allegoricum
1117 1625 1361 1678 sensum,
1390 1621 1445 1666 et
1475 1610 1519 1665 si
1552 1608 1680 1678 quid

136 1705 182 1757 in
213 1702 287 1756 eis
311 1717 572 1755 arcanum
611 1701 916 1756 continetur
939 1740 954 1766 ,
987 1702 1220 1770 aperire,
1258 1701 1486 1758 Domino
1525 1699 1686 1756 nobis

136 1793 267 1847 verbi
319 1793 400 1847 sui
439 1794 720 1847 scientiam
775 1795 1069 1850 rcrelante.
1111 1794 1300 1849 Primo
1350 1794 1516 1864 igitur
1567 1793 1682 1846 ltmc

1775 607 1916 676 quit,
1950 607 2205 660 Dominus
2235 607 2302 659 ad
2332 606 2481 660 Noe:
2518 605 2738 675 Tempus
2761 609 2927 661 omnis
2951 606 3176 661 hominis
3206 614 3344 662 venit

1775 709 1894 752 ante
1918 715 1998 752 me
2017 739 2034 762 ,
2067 699 2319 767 quoniam
2351 698 2568 768 impleta
2591 709 2668 752 est
2707 709 2848 752 terra
2885 699 3247 769 iniquitatibus
3275 702 3342 752 ab

1774 791 1878 852 eis,
1910 801 1957 844 et
1987 806 2102 843 ecce
2137 805 2230 859 ego
2257 791 2554 858 disperdam
2584 789 2705 843 it'los
2733 806 2849 842 cum
2883 799 3046 844 terra.
3082 788 3193 843 Fac
3217 806 3344 860 ergo

1777 880 1873 934 tibi
1899 898 2076 935 arcam
2109 883 2172 934 de
2202 881 2360 950 lignis
2400 882 2694 951 quadratis,
2725 883 2876 935 nidos
2909 882 3072 950 [acies
3106 883 3162 936 in
3191 898 3340 949 arca,
3378 867 3394 904 ⁸

1776 982 1821 1024 et
1847 971 2184 1024 bituminabis
2205 987 2320 1024 eam
2351 971 2414 1023 ab
2445 971 2586 1024 intus
2609 981 2656 1023 et
2681 987 2713 1022 a
2739 970 2868 1039 foris
2897 971 3166 1034 bitumine,
3189 981 3238 1023 et
3267 971 3344 1024 sic

1777 1061 1937 1129 [aries
1971 1078 2172 1115 arcam.
2218 1061 2588 1115 Trecentorum
2628 1061 2922 1114 cubitorum
2966 1063 3346 1131 longilurlinem

1777 1169 1940 1216 arcte,
1968 1165 2014 1206 et
2043 1155 2422 1224 quinquaginta
2452 1153 2745 1206 cubitorum
2772 1152 3138 1216 latitudinem,
3171 1162 3218 1206 et
3249 1156 3372 1206 tri-'

1775 1247 1918 1316 ginta
1946 1245 2239 1298 cubitorum
2272 1245 2609 1298 altitudinem
2637 1245 2750 1314 ejus
2789 1244 3036 1312 colligens
3064 1244 3222 1313 facies
3253 1262 3346 1296 ar-

1778 1352 1931 1400 cam,
1980 1345 2026 1388 et
2082 1338 2135 1389 in
2179 1336 2410 1389 cubitum
2452 1336 2838 1388 consummabis
2870 1351 2984 1389 eam
3031 1337 3085 1388 in
3116 1352 3340 1390 summa.

1781 1425 1983 1480 Ostium
2018 1438 2188 1480 autem
2221 1443 2359 1479 arcte
2407 1426 2569 1495 facies
2600 1444 2630 1478 a
2663 1427 2825 1481 (alere
2851 1469 2866 1494 ,
2905 1426 3157 1496 inferiora
3203 1427 3347 1479 bica-

1778 1529 2020 1580 merula,
2081 1526 2130 1570 et
2190 1519 2530 1572 tricanterata
2589 1519 2860 1582 superiora
2922 1519 3084 1588 facies
3140 1535 3222 1571 ea.
3285 1518 3349 1570 Et

1782 1619 1902 1679 post
1951 1626 2117 1678 pauca
2163 1611 2310 1664 addit
2373 1631 2384 1665 :
2419 1610 2485 1664 Et
2543 1611 2665 1677 fecit
2692 1651 2706 1672 ,
2749 1611 2919 1679 inquit
2951 1610 2996 1642 “
3022 1650 3036 1675 ,
3081 1608 3194 1663 Noe
3234 1627 3348 1663 ont-

1783 1705 1868 1757 nia
1919 1720 2037 1773 qum
2081 1705 2321 1774 pra'cepit
2397 1705 2441 1758 ei
2503 1703 2760 1758 Dominus
2820 1704 3009 1770 Deus,
3066 1705 3141 1757 sic
3201 1703 3346 1773 fecit.

134 1904 384 1975 Ζητητέον
414 1908 651 1961 ποταπὴν
687 1908 770 1961 δεῖ
799 1908 988 1978 νοῆσαι
1034 1907 1096 1960 τὸ
1149 1908 1335 1978 σχῆμα
1377 1906 1477 1976 τῆς
1506 1903 1675 1958 κιϐω-

1787 1899 1884 1969 Βο
1918 1898 2100 1952 Primo
2131 1914 2260 1967 ergo
2292 1899 2553 1968 qmeritnr
2591 1899 2802 1968 qualem
2839 1908 3082 1967 oporteat
3107 1899 3219 1970 (70)
3251 1901 3348 1952 ba-

133 1997 214 2049 τοῦ
238 2013 250 2026 ·
281 1998 415 2064 ὅπερ
441 1999 648 2067 νομίζω
671 2000 755 2052 ὅτι
787 1998 1147 2069 πυραμοειδές
1176 2001 1346 2058 ἐστιν,
1380 1996 1682 2068 ἀρχόμενον

135 2089 222 2159 μὲν
249 2088 352 2141 ἀπὸ
384 2090 588 2160 μήκους
617 2089 940 2162 τριακοσίων
970 2088 1180 2159 πηχῶν,
1225 2088 1333 2142 ἀπὸ
1363 2088 1420 2142 δὲ
1451 2087 1684 2148 πλάτους

134 2182 472 2252 πεντήκοντα,
515 2181 612 2234 καὶ
655 2184 746 2236 ἐπὶ
768 2183 894 2246 τοὺς
934 2181 1226 2254 τριάκοντα
1254 2180 1346 2233 τοῦ
1381 2179 1548 2250 ὕψους
1578 2180 1684 2248 πή-

131 2289 232 2341 κεις
258 2274 735 2344 ὲτασυναγόμενον,
760 2274 900 2327 ὥστε
929 2274 1030 2344 τὴν
1050 2273 1292 2345 κορυφὴν
1310 2271 1560 2342 γενέσθαι
1589 2272 1685 2342 μή-

133 2381 243 2425 κους
271 2363 362 2415 καὶ
398 2363 630 2427 πλάτους
664 2365 862 2434 πῆχυν.
894 2365 1076 2416 Ἔστω
1095 2363 1153 2416 δὲ
1181 2363 1248 2416 τὰ
1283 2363 1380 2434 μὲν
1407 2361 1556 2415 κάτω
1587 2359 1685 2413 αύ-

131 2457 236 2524 τῆς,
265 2456 406 2526 ἅπερ
451 2456 757 2526 ὠνόμασται
804 2455 1095 2522 κατάγαια,
1125 2454 1338 2525 ὀροφῶν
1379 2452 1498 2507 δύο·
1532 2451 1603 2505 τὰ
1628 2451 1684 2506 δὲ

134 2547 260 2618 ὑπὲρ
289 2546 384 2609 τὰς
417 2547 512 2600 δύο
541 2547 742 2617 ὀροφὰς
770 2549 864 2601 ἐπὶ
910 2549 985 2616 τῷ
1013 2549 1267 2619 ἀνωτέρω
1312 2547 1514 2618 ὀρόφῳ,
1561 2547 1684 2618 ὁρο-

132 2637 234 2706 φῶν
260 2637 443 2707 τριῶν.
484 2638 652 2692 Τοῦτο
669 2639 725 2692 δὲ
752 2641 844 2693 καὶ
869 2643 896 2693 ὁ
927 2641 1220 2711 Σύμμαχος
1260 2639 1444 2708 σαφῶς
1473 2638 1687 2702 ἐξέθετο

130 2727 283 2781 εἰπών
305 2745 316 2758 ο
349 2729 513 2783 Κατὰ
545 2729 789 2800 δίστεγα
835 2733 931 2784 καὶ
972 2733 1248 2800 τρίστεγοι
1277 2729 1550 2795 ποιήσεις
1576 2731 1684 2784 αὐ-

129 2817 250 2883 τήν.
287 2819 532 2872 Noaian
553 2820 609 2873 δὲ
641 2819 760 2874 καθ’
788 2821 1023 2892 ἑκάστην
1051 2820 1253 2892 ὀροφὴν
1282 2817 1688 2889 ἀποδιαλαμΰα-

130 2909 309 2978 νόμενα
336 2910 514 2980 χωρία
547 2910 685 2979 ὑπὲρ
733 2909 828 2962 τοῦ
875 2910 1200 2982 χωρίζεσθαι
1232 2909 1299 2962 τὰ
1331 2908 1685 2980 ἀνομοιογενῆ

129 2999 231 3063 ζῶα
259 3002 350 3054 ἀπ’
382 3001 628 3071 ἀλλήλων
655 3019 666 3031 ·
703 3002 798 3054 ml.
826 3001 1090 3055 καλείσθω
1127 3002 1193 3055 τὰ
1221 3000 1690 3072 ἀποδιαλαμϐανό-

133 3105 256 3157 μενα
280 3089 452 3142 ταῦτα
504 3090 696 3160 χωρία,
745 3091 950 3144 νοσσιαί
975 3107 988 3121 ο
1029 3092 1061 3162 ἢ
1095 3090 1170 3154 ὡς
1199 3093 1228 3144 ὁ
1251 3090 1545 3162 Σύμμαχος
1587 3108 1688 3145 πε-

130 3180 328 3250 ποίηκε,
379 3181 584 3235 καλιαί.
623 3181 731 3235 Καὶ
779 3185 906 3251 μετ’
940 3184 1138 3252 ὀλίγα’
1175 3185 1311 3236 Φασὶ
1333 3183 1510 3237 τοίνυν
1541 3185 1621 3237 ὅτι
1652 3185 1684 3256 ἡ

1784 1992 1952 2044 bi;um
1981 1991 2154 2058 ipsum
2201 1999 2254 2043 et
2285 1989 2511 2043 formam
2542 2006 2681 2044 arcae
2725 1991 2970 2060 intelligi.
3032 1991 3203 2057 Quam
3249 2005 3350 2062 ego

1785 2091 1937 2150 puto,
1989 2091 2247 2149 quantum
2287 2095 2350 2134 ex
2401 2082 2482 2135 his
2510 2097 2630 2151 quae
2676 2083 3058 2138 desc2ibuntur
3104 2093 3347 2151 apparet,

1783 2185 2018 2243 quatuor
2046 2173 2262 2242 angulis
2302 2189 2366 2226 ex
2387 2159 2504 2227 limo
2533 2183 2943 2243 consurgentem
2973 2173 3083 2243 (7|)
3115 2174 3348 2227 eisdem-

1783 2279 1888 2334 que
1917 2263 2179 2333 paulatim
2239 2279 2410 2332 usque
2443 2264 2509 2317 ad
2558 2279 2827 2318 summum
2860 2265 2913 2318 in
2943 2275 3226 2333 augustum
3267 2272 3350 2316 at-

1787 2357 1992 2418 tractis,
2039 2357 2091 2409 in
2148 2357 2384 2424 spatium
2421 2357 2578 2408 unius
2614 2357 2780 2410 cubiti
2831 2356 2994 2410 fuisse
3044 2356 3348 2410 collectam.

1786 2446 1877 2500 Sic
1923 2445 2066 2501 enim
2114 2446 2374 2510 refertur,
2421 2449 2564 2514 quod
2601 2447 2654 2498 in
2697 2445 3057 2500 fundamentis
3091 2444 3206 2512 ejus
3238 2453 3350 2499 tre-

1784 2539 1926 2593 centi
1977 2538 2144 2592 cubiti
2203 2539 2252 2592 in
2309 2537 2720 2606 longitudinem,
2777 2537 2828 2590 itt
2878 2537 3170 2590 latudinetn
3222 2551 3353 2589 vero

1785 2626 2173 2694 quinquaginta
2210 2626 2320 2678 sint
2371 2625 2554 2693 poiti,
2603 2625 2820 2693 triginta
2856 2635 3036 2678 autem
3080 2628 3130 2678 in
3160 2623 3352 2679 altitu-

1787 2718 1967 2770 dinem
2006 2717 2278 2770 aediﬁcati.
2323 2715 2425 2769 Sed
2453 2716 2676 2770 collecta
2702 2727 2786 2770 est
2824 2716 2878 2770 in
2904 2730 3159 2771 Cacumen
3184 2731 3355 2786 angu-

1785 2818 1950 2872 stum,
1981 2809 2048 2862 ita
2086 2819 2143 2862 ιιι
2189 2807 2403 2863 cubitus
2445 2809 2514 2860 sit
2548 2807 2864 2870 latitudinis,
2918 2818 2972 2862 et
3002 2807 3352 2877 longitudinis

1787 2899 1924 2970 ejus.
1983 2899 2100 2955 Jam
2141 2915 2267 2954 vero
2304 2901 2630 2954 intrinsecus
2659 2915 2721 2953 ea
2770 2900 3130 2968 quidemquae
3161 2902 3352 2953 dicun-

1789 3002 1876 3044 tur
1900 2990 2016 3059 ejus
2041 2990 2318 3054 inferiora,
2348 2992 2673 3045 bicamerata
2706 3000 3000 3058 ponuntur,
3045 2992 3094 3042 id
3123 2999 3227 3056 est,
3259 2991 3354 3043 ha-

1789 3081 2102 3136 bitationem
2156 3083 2423 3151 duplicem
2471 3083 2828 3138 continentia.
2887 3082 3174 3152 Superiora
3223 3097 3354 3136 vero

1793 3177 2158 3238 tricamerata,
2195 3175 2357 3228 veluti
2394 3175 2440 3228 si
2474 3176 2718 3230 dicamus
2775 3177 3071 3246 triplicibus
3104 3187 3355 3231 cons'ru-

132 3271 220 3340 μὲν
248 3273 543 3344 κατωτέρω
568 3273 701 3344 πρὸς
729 3273 806 3344 τῷ
858 3272 1091 3351 πυθμένι
1119 3274 1212 3326 τοῦ
1244 3274 1491 3346 διορόφου
1519 3275 1681 3343 στέγη

1788 3277 1870 3322 cta
1916 3268 2232 3322 cmnaculis.
2277 3270 2383 3322 Sed
2415 3270 2496 3322 lia:
2544 3270 2934 3324 habitationum
2983 3270 3355 3322 distinctiones

129 3362 199 3422 εἰς
229 3361 470 3414 σκύϐαλα
501 3363 730 3415 τέτακτο
753 3381 766 3393 ·
799 3365 832 3434 ἡ
873 3363 928 3416 δὲ
957 3363 1159 3435 ταύτης
1193 3364 1449 3436 ἀνωτέρω
1479 3368 1559 3428 είς
1588 3365 1687 3436 τὴν

131 3455 435 3523 συναγωγὴν
469 3453 568 3523 τῆς
595 3455 799 3527 τροφῆς
831 3455 938 3506 τῶν
968 3454 1140 3519 ζώων,
1175 3456 1313 3509 ὥστε
1341 3458 1590 3528 εὐπορεῖν
1618 3455 1687 3509 τὰ

129 3543 218 3611 μὲν
246 3545 571 3618 σαρκοῗόρα,
607 3547 852 3616 σαρκῶν·
885 3547 962 3618 τῷ
993 3547 1154 3619 ἔτερα
1191 3549 1304 3612 ζῶα
1334 3548 1483 3618 παρὰ
1511 3547 1578 3601 τὰ
1607 3549 1687 3612 εἰς

127 3632 432 3705 διατήρησιν
481 3637 820 3706 εἰσαχθέντα,
880 3638 1086 3708 τροφῆς
1137 3637 1322 3689 ἕνεκεν
1367 3637 1686 3708 εἰσαχθῆναι

128 3723 198 3784 είς
223 3723 316 3792 τὴν
349 3725 584 3778 κιϐωτόν
605 3743 616 3754 ·
651 3725 717 3778 τὰ
771 3726 826 3778 δὲ
862 3726 934 3796 μὴ
961 3726 1201 3789 τοιαῦτα,
1245 3727 1345 3796 τῆς
1381 3726 1684 3796 ἐπιτηδείου

125 3810 338 3866 ἕκαστον
370 3815 670 3885 εὐπορῆσαι
702 3815 928 3885 τροφῆς.
969 3815 1154 3868 Ταζτα
1207 3815 1303 3885 μὲν
1331 3815 1410 3879 εἰς
1438 3815 1528 3867 τὸν
1560 3816 1686 3887 περὶ

127 3902 221 3954 τῶν
249 3905 562 3973 καταγαίων
607 3906 867 3976 διορόφων
917 3905 1092 3972 λόγον.
1135 3906 1205 3959 Τὸ
1246 3906 1300 3958 δὲ
1352 3905 1486 3976 μετὰ
1516 3907 1688 3960 ταῦτα

125 3995 412 4066 τριώροφον
439 4001 552 4061 τοῖς
576 3998 734 4063 ζώοις
761 3999 1098 4052 ἀποτέτακτο
1127 3999 1266 4052 κατὰ
1294 3998 1392 4062 τὰς
1413 3998 1686 4068 νομισθεί-

127 4102 214 4150 σας
247 4090 488 4154 νοσσιάς.
528 4093 634 4144 Καὶ
664 4093 805 4156 εἰκὸς
837 4093 918 4146 ὅτι
965 4091 1040 4162 τῷ
1076 4093 1170 4162 μὲν
1208 4091 1313 4144 τῶν
1339 4091 1512 4159 ὄφεων
1537 4091 1685 4160 γένει

124 4181 337 4233 καὶτῶν
376 4183 584 4255 θηρίων
633 4187 666 4255 ἡ
697 4185 792 4238 τοῦ
839 4185 1148 4238 κατωτάτω
1179 4184 1484 4256 τριωρόψου
1533 4182 1686 4254 χώρα

1790 3361 1855 3413 ad
1880 3362 1981 3414 hoc
2004 3359 2156 3414 facta:
2183 3361 2452 3427 videntur,
2485 3371 2538 3415 ut
2573 3364 2787 3417 secerni
2816 3379 2908 3432 per
2935 3363 3172 3430 singulas
3206 3377 3357 3414 man-

1789 3453 1969 3506 siones
2009 3453 2218 3507 diversa
2265 3453 2575 3508 animalium
2607 3456 2690 3508 vel
2721 3455 3014 3509 bestiarum
3051 3469 3246 3523 genera
3275 3453 3358 3506 fa-

1789 3543 1942 3597 cilius
1983 3543 2222 3614 possint,’
2266 3554 2319 3597 et
2347 3560 2375 3596 a
2415 3545 2600 3599 bestiis
2635 3545 2764 3599 feris
2812 3555 3090 3600 mansueta
3127 3559 3356 3615 quinque

1790 3644 1836 3686 et
1882 3636 2071 3704 ignara
2121 3635 2350 3704 scjungi.
2393 3635 2510 3689 Ista:
2562 3649 2690 3704 ergo
2729 3635 3118 3690 habitationum
3146 3637 3355 3690 discre-

1793 3730 1969 3781 tiones
2001 3728 2108 3781 nidi
2142 3728 2502 3796 appellantur.
2545 3725 2820 3792 Quadrata
2867 3743 2995 3780 vero
3028 3728 3164 3796 ligna
3193 3726 3357 3782 fuiSse

1793 3819 2121 3883 referuntur,
2171 3834 2278 3886 quo
2323 3829 2378 3873 et
2426 3819 2640 3873 facilius
2691 3819 2919 3872 alterum
2974 3819 3128 3872 al.eri
3178 3826 3358 3888 posset

1792 3911 1988 3978 aptari,
2022 3919 2075 3962 et
2126 3910 2423 3964 inuttdante
2461 3910 2666 3966 diluvio
2697 3919 2839 3964 totus
2878 3925 3139 3979 aquarum
3175 3909 3359 3980 prohi-

1794 4003 2013 4055 beretur
2061 4002 2332 4067 incursus,
2391 4017 2511 4056 cum
2561 4001 2886 4056 intrinsecus
2933 4012 2984 4056 et
3018 4002 3360 4056 exzrinsccus

1793 4093 1958 4146 oblita
1997 4092 2264 4146 bitumine
2305 4093 2564 4160 junctura
2602 4097 2920 4146 muniretur.
2955 4091 3234 4145 Traditum
3265 4107 3356 4145 sa-

1795 4199 1860 4236 ne
1890 4185 2046 4238 nobis
2078 4194 2180 4247 est,
2216 4195 2266 4238 et
2315 4201 2419 4237 non
2457 4185 2658 4253 absque
2697 4184 3188 4247 verisimilitudine,
3223 4183 3357 4236 infe-

125 4271 434 4344 ἀπενεμῆθη
457 4293 471 4304 ο
505 4279 618 4338 τοῖς
642 4277 696 4329 δὲ
723 4278 941 4348 κτήνεσι
969 4279 1062 4330 καί
1092 4279 1201 4338 τοῖς
1232 4276 1436 4338 λοιποῖς
1461 4275 1571 4328 τῶν
1603 4294 1683 4329 τι-

1797 4278 1960 4338 riora,
1987 4291 2109 4344 qua:
2133 4290 2293 4345 supra
2318 4276 2552 4329 diximus
2573 4283 2882 4330 constructa
2908 4275 3213 4344 dupliciter,
3235 4289 3356 4342 quae

126 4361 460 4436 Θασσοτέρων
495 4367 526 4437 ἢ
555 4367 939 4439 ἡμερωτέρων,
977 4367 1126 4432 τάξει
1167 4367 1260 4419 καὶ
1291 4366 1434 4437 λόγῳ
1459 4366 1528 4420 τὰ
1549 4368 1688 4420 ἀνω-

126 4453 271 4524 τέρω.
319 4458 521 4529 Ἐχρῆν
551 4459 606 4511 δὲ
636 4460 725 4512 τὸν
758 4458 1059 4530 ἄνθρωπον,
1089 4457 1276 4529 ὥσπερ
1304 4461 1370 4529 τῇ
1405 4457 1564 4528 φύσει
1593 4457 1691 4526 ἄρ-

1796 4375 1850 4418 et
1901 4367 2190 4432 separatim
2225 4357 2550 4420 bicamerata
2599 4366 2860 4436 appeliata
2910 4372 3055 4430 sinu,
3115 4366 3358 4435 csceptis

1799 4458 2192 4525 Superioribus,
2217 4473 2336 4527 qua:
2387 4458 2729 4512 tt-icamerata
2779 4457 2892 4527 ('72)
2951 4458 3224 4520 dicuntur,
3287 4457 3355 4510 ad

1491 4551 1738 4608 VERSIO
1792 4551 1998 4607 NOVA.

188 4643 547 4708 Quicrendum
584 4660 690 4713 quo
738 4655 894 4715 pacto
939 4661 1082 4701 arcas
1114 4644 1343 4698 formam
1395 4643 1696 4716 intelligere
1727 4645 2168 4716 oporteat._l€am
2215 4652 2344 4716 puto
2397 4643 2448 4698 in
2491 4644 2784 4716 pyramidis
2824 4642 3054 4716 speciem
3088 4653 3353 4700 structant

127 4711 318 4786 fuisse,
349 4725 520 4786 atque
547 4731 575 4768 a
602 4711 876 4783 principio
901 4717 1117 4785 quidem
1151 4724 1512 4786 trecentorum
1539 4711 1844 4786 cubitorum
1876 4711 2445 4786 longitttdineifuisse,
2471 4711 2750 4769 latitudine
2775 4711 2907 4786 {ero
2936 4715 3346 4786 quinquaginta,

122 4783 398 4854 altitudine
429 4782 695 4852 triginta,
732 4782 805 4839 ita
851 4782 1128 4840 ut'vertex
1167 4783 1696 4854 fueritlongitudine
1747 4795 1802 4840 et
1849 4785 2008 4838 simul
2041 4785 2329 4838 latitudine
2366 4785 2530 4838 cubiti
2570 4785 2751 4838 unius.
2789 4782 3136 4854 Supponatur
3174 4782 3354 4840 autem

126 4852 295 4924 intima
327 4854 472 4922 ejus,
505 4851 624 4924 quin
660 4854 912 4909 inferiora
941 4858 1308 4916 nominantur,
1341 4851 1507 4924 fuisse
1537 4853 1766 4924 duarum
1797 4855 2305 4922 contignationum:
2343 4869 2460 4922 qua:
2495 4865 2670 4908 autem
2713 4851 2879 4924 supra
2905 4851 3039 4908 duas
3070 4853 3190 4910 illas
3221 4872 3356 4910 cou-

125 4921 447 4994 lignatioues
478 4921 632 4978 erant
653 4964 669 4986 ,
703 4925 860 4979 trium
889 4924 1374 4994 contignatimutut.
1406 4922 1459 4994 l_d
1489 4921 1634 4994 enim
1679 4923 1826 4994 clare
1857 4921 2216 4994 Symmachus
2243 4921 2490 4992 espdsuit
2525 4924 2740 4994 dicens:
2779 4923 2879 4977 Per
2909 4927 3056 4977 binas
3097 4936 3145 4978 et
3177 4936 3353 4979 ternas

124 4993 534 5063 contignationes
568 4995 732 5062 facies
769 5011 905 5049 eam.
942 4993 1225 5063 Cogitetur
1257 4992 1382 5044 item
1418 4992 1469 5044 ιιι
1521 4993 1749 5060 singulis
1796 4992 2291 5063 contignationibus
2320 5005 2570 5059 separata
2623 4993 2790 5048 fuisse
2835 4997 2971 5056 loca,
3003 5003 3058 5046 ut
3091 4997 3351 5059 animalia

125 5061 341 5135 diversa:
378 5061 584 5135 speciei
625 5061 1469 5135 segregarentur;rocenturque
1501 5074 1747 5135 separata
1777 5063 1866 5116 illa
1910 5062 2022 5135 loca
2052 5064 2187 5128 nidi,
2218 5064 2499 5135 roqo'tal,
2538 5063 2642 5127 vel,
2677 5073 2733 5117 ut
2785 5065 3142 5135 Symmachus
3171 5066 3353 5128 vertit,

125 5133 336 5186 καλιαί.
369 5131 442 5185 Et
470 5136 651 5202 paucis
681 5129 1005 5198 interpositis
1029 5149 1048 5186 :
1082 5132 1276 5202 Dicunt
1308 5131 1475 5202 igitur
1516 5129 1754 5202 intimam
1790 5133 2032 5186 outnium
2061 5149 2180 5199 quite
2211 5136 2275 5186 ad
2308 5133 2529 5186 fundum
2564 5143 2703 5195 erat,
2739 5129 3190 5200 contignationem
3225 5134 3353 5187 lituo

127 5216 181 5253 ac
208 5205 436 5256 stercori
471 5201 785 5273 deputatam
820 5202 1014 5257 fuisse:
1049 5201 1179 5257 huic
1201 5201 1446 5273 Aricinum
1484 5201 1830 5273 superiorem
1869 5203 2126 5255 alimento
2171 5203 2482 5256 animalium
2523 5205 2825 5272 capiendo;
2877 5204 2948 5256 ita
2982 5214 3038 5257 ut
3067 5206 3354 5257 carnixora

126 5273 359 5342 carnium
410 5269 627 5342 copiam
677 5275 963 5338 baberent,
997 5274 1118 5340 quia
1165 5271 1270 5326 alia
1301 5269 1552 5323 animalia
1583 5281 1780 5338 praeter
1806 5289 1866 5325 ea
1905 5286 2027 5338 qua:
2067 5276 2350 5325 servanda:
2381 5269 2603 5342 speciei
2627 5275 2840 5326 inducta
2875 5283 3020 5326 erant
3054 5313 3068 5335 ,
3106 5288 3201 5341 pio
3235 5274 3356 5342 cibo

126 5341 340 5411 aliorum
363 5341 696 5411 intromissa
730 5343 943 5396 fuerant
970 5343 1024 5396 in
1055 5357 1276 5403 arcam;
1310 5354 1428 5411 qua;
1468 5349 1647 5392 autem
1677 5350 1955 5395 mansueta
1989 5354 2175 5411 erant,
2209 5341 2593 5411 congruentem
2630 5345 2728 5397 sibi
2769 5359 2946 5398 escam
2978 5358 3221 5409 paratam
3256 5341 3354 5394 ha-

126 5409 298 5463 buere.
333 5410 464 5465 Ηωο
509 5414 576 5466 de
615 5412 818 5466 inlimis
848 5403 1346 5482 contignationibus
1381 5409 1523 5462 dicta
1556 5419 1734 5464 sunto.
1765 5413 1842 5465 Ex
1876 5413 2046 5466 tribus
2079 5403 2242 5482 porro
2275 5403 2396 5468 aliis
2427 5403 2930 5482 contignationibus
2951 5403 3117 5480 (qua:
3171 5413 3354 5464 intima

185 5499 228 5530 ⁸³
261 5498 468 5560 Cenes.
498 5521 576 5571 vr,
619 5507 689 5560 t5
717 5516 770 5562 ct
813 5521 968 5577 seqq.
1045 5489 1094 5538 ’θ’
1122 5506 1274 5568 ibid.,
1304 5506 1395 5559 22.

187 5597 292 5665 (ιο)
323 5597 516 5670 Primo
545 5615 666 5670 ergo
696 5601 951 5669 quwritur
998 5600 1203 5670 qualem
1252 5609 1511 5670 oporteat,
1568 5611 1682 5655 etc.

128 5664 296 5721 Grieca
331 5668 501 5735 hujus
552 5664 656 5724 loci
690 5664 853 5724 uerba
901 5664 1068 5724 edidit
1099 5669 1538 5726 Montefalronitts
1590 5685 1686 5724 no-

129 5746 227 5808 stcr
253 5748 382 5808 toni.
412 5741 428 5792 I
463 5736 850 5807 llexaptorum,
882 5754 935 5808 p.
958 5741 1047 5793 24.

191 5807 295 5877 (τι)
327 5807 489 5875 Mss"
525 5824 589 5863 ex
619 5812 724 5864 into
765 5807 1177 5880 consurgentem.
1242 5807 1378 5862 Libb
1433 5811 1588 5866 editi.
1621 5827 1684 5864 ex

1787 5614 1891 5652 uno
1921 5597 2373 5665 consurgentibus.

1856 5668 1972 5740 (7‘2)
1999 5667 2272 5740 Appellata
2311 5677 2454 5730 sunt,
2484 5672 2708 5736 exceptis
2739 5666 3235 5740 sttperioribus,qua'
3260 5669 3357 5720 tri-

1786 5734 2076 5792 camerata.
2123 5734 2244 5790 ΙΙιιξο
2293 5740 2455 5792 verba
2487 5742 2536 5790 in
2569 5734 2726 5792 attica
2761 5739 2918 5791 editis
2961 5738 3356 5804 desiderantur,

1792 5811 1883 5862 sed
1913 5807 2228 5876 supplentur
2253 5823 2282 5860 e
2311 5825 2436 5862 mss.
