3902 6500
556 373 661 430 163
2037 380 2097 439 01

2244 381 2358 439 ΝΙΞ
3696 400 3785 461 164

553 494 699 549 hunc
737 492 952 547 modum
984 492 1149 548 fuisse
1185 493 1444 562 duplicia,
1480 495 1736 563 quoniam
1768 494 1985 566 qliidcm
2019 514 2094 552 an

2244 517 2383 570 [οντα
2401 501 2510 554 τῶν
2532 501 2765 573 ἀλόγων,
2788 500 2863 561 ὧν
2879 509 3208 583 ἐπιϐέϐηκεν
3233 515 3418 583 αὐτὸς,
3451 516 3598 573 οὕτω
3628 522 3715 575 καὶ
3737 526 3785 579 ἐν

551 602 678 640 num
726 585 992 653 integrum
1026 586 1246 640 luertmt
1291 587 1468 640 omnia
1503 588 1752 641 animalia
1789 591 1842 642 in
1872 605 2017 643 arca.
2058 589 2092 643 E

2243 594 2289 662 τῇ
2306 590 2465 685 ᾲχὼρᾳ
2486 591 2620 650 εἶναι
2647 598 2906 654 ἀνωτάτω
2928 603 3029 673 τῆς
3050 606 3280 660 κιϐωτοῦ
3313 610 3441 682 περὶ
3472 612 3570 684 τὴν
3610 616 3784 685 τρίτην

548 677 736 744 utique
763 676 813 727 in
838 674 1005 727 totum
1030 690 1227 729 annum
1253 691 1473 731 necesse
1500 687 1619 731 erat
1638 678 1921 747 providere
1949 679 2089 734 cibos

2242 662 2747 761 ττέγην,ήὺποχείρια
2761 691 2950 762 ἔχοντα
3068 696 3228 752 λοιπὰ
3244 700 3350 753 τῶν

542 774 600 820 et
624 780 732 820 non
768 764 939 819 soluat
964 766 1113 820 cibos
1144 778 1331 821 verum
1369 775 1423 820 et
1455 767 1816 838 digestionum
1863 769 2083 823 constiti

2245 775 2279 827 ῖὲ
2306 778 2405 847 τὴν
2442 779 2678 849 πλαγίαν
2707 785 2835 855 περὶ
2866 781 2934 857 ἧς
2964 789 3175 859 εἴρηται
3200 791 3291 863 (74
3316 793 3440 865 bis)‘
3474 795 3591 864 τὴν
3619 797 3685 851 δὲ

545 858 680 919 loca,
715 873 820 926 quo
851 872 1026 927 neque
1056 860 1170 925 ipsa
1206 860 1481 923 animalia,
1509 860 1778 929 praecipue
1804 869 1982 915 tamen
2020 862 2086 916 ho

2241 886 2336 923 )ar
2351 870 2460 940 τῆς
2486 876 2734 929 κιϐωτοῦ
2756 878 2823 929 ἐκ
2848 883 3120 949 πλαγίων
3172 885 3467 953 ποιήσεις,
3518 891 3782 957 γεγονέναι

542 950 742 1015 mines,
776 951 884 1004 limi
920 950 1113 1005 foetore
1144 960 1495 1005 vexarentur.
1539 952 1787 1006 'l‘radunt
1814 967 1944 1023 ergo
1974 968 2083 1023 quo

2243 961 2350 1025 rapi.
2379 962 2475 1033 τὴν
2506 966 2748 1020 κάτωθεν
2784 969 3006 1042 πρώτην
3030 975 3247 1048 στέγην,
3281 979 3367 1031 ἵνα
3397 980 3606 1033 ἐκεῖθεν
3638 984 3784 1036 εἰσελ-

541 1040 766 1095 inferior
793 1042 941 1112 regio
963 1044 1096 1111 ipsa,
1130 1060 1246 1111 qua:
1271 1043 1320 1096 in
1344 1042 1510 1097 fundo
1539 1054 1641 1109 est,
1685 1044 1750 1097 ad
1780 1045 2082 1114 hujuscemo

2239 1052 2381 1107 δόντα
2414 1056 2481 1108 τὰ
2530 1056 2644 1119 ζῶα
2672 1059 2807 1131 ἀπίῃ
2836 1062 2928 1115 ἐπὶ
2961 1040 3088 1129 τοὺς
3115 1040 3479 1139 τεταγμένους
3524 1075 3644 1134 ταῖς
3674 1092 3780 1127 νοσ-

540 1132 595 1188 di
628 1136 981 1189 necessitates
1001 1137 1303 1204 mancipata
1328 1136 1392 1189 sit
1419 1148 1472 1189 et
1502 1147 1726 1206 excepta
1749 1155 1763 1203 ;
1788 1138 1915 1195 huic
1936 1151 2079 1195 auter

2238 1148 2363 1208 nati;
2388 1147 2601 1212 τόπους.
2640 1151 2749 1204 Καὶ
2770 1152 2929 1207 τοῦτο
2958 1132 3313 1231 βέλτιον
3341 1132 3589 1229 φαίνεται
3619 1132 3779 1232 λέγειν

542 1229 794 1299 superior
836 1230 1111 1298 contigua,
1138 1231 1526 1283 conservandis
1568 1231 1779 1299 pabulis
1807 1232 2083 1300 deputetur

2238 1235 2344 1306 περὶ
2366 1236 2555 1306 αὐτῆς,
2584 1237 2615 1308 ἢ
2639 1240 2841 1307 ἄνωθεν
2865 1246 3101 1314 νομίζειν
3128 1229 3262 1318 μετὰ
3287 1251 3486 1320 πολλῆς
3511 1229 3779 1319 δυσκολίας

543 1320 756 1376 Etenim
794 1323 1158 1375 necessarium
1213 1323 1512 1387 videbatur,
1570 1334 1628 1379 ut
1659 1326 1725 1382 iis
1752 1328 1963 1393 bestiis,
1994 1328 2084 1399 qui

2234 1325 2282 1379 τὰ
2310 1327 2423 1392 ζῶα
2448 1329 2795 1385 καταϐαίνειν
2824 1335 2913 1387 ἐπὶ
2930 1338 3055 1401 τοὺς
3077 1342 3307 1405 οἰκείους
3328 1345 3526 1407 τόπους
3548 1362 3562 1374 ·
3596 1344 3775 1399 θειοτέ-

509 1406 640 1469 ’ὶιιιε
675 1426 862 1469 natura
921 1416 1061 1471 vesci
1113 1417 1373 1471 carnibus
1424 1420 1593 1485 dedit,
1650 1419 1957 1474 introducta
2004 1420 2047 1473 si

2235 1436 2317 1483 iac;
2344 1422 2488 1485 τινὸς
2536 1422 2817 1495 δυνάμεως
2863 1427 3150 1504 ἔχρῃζενὴ
3190 1435 3457 1503 ἀσφάλεια
3488 1438 3586 1507 τῆς
3620 1438 3776 1492 idem.

538 1510 886 1564 extrinsecus
930 1512 1208 1576 animalia,
1263 1528 1491 1581 quorum
1545 1521 1827 1566 vescentes
1854 1513 2079 1566 carnibu

2234 1511 2386 1582 Lév'qg
2415 1513 2620 1586 ταύτης
2650 1516 2838 1589 θύρας,
2868 1521 3048 1575 οὐκέτι
3081 1524 3376 1597 δυναμένου
3413 1529 3562 1592 τινὸς
3596 1528 3775 1593 ἔξωθεν

536 1616 862 1658 conservare
886 1604 1050 1659 vitam
1082 1605 1416 1673 posteritatis
1442 1604 1753 1673 reparantur
1769 1604 1939 1672 gratia
1968 1602 2077 1657 vale

2235 1601 2502 1675 ινθρώπου
2530 1607 2880 1677 ἀσφαλτῶσαι
2912 1614 3079 1686 αὐτὴν
3106 1617 3247 1690 ὑπὲρ
3275 1619 3368 1672 τοῦ
3402 1622 3477 1692 μὴ
3506 1624 3776 1694 παρεισδῦ-

537 1706 661 1749 rent
694 1713 709 1750 :
740 1696 860 1749 aliis
891 1711 1023 1751 vero
1050 1697 1174 1761 alia,
1230 1712 1351 1766 qua:
1384 1694 1646 1748 naturalis
1680 1710 1811 1749 usus
1841 1695 2078 1763 deposcit

2232 1714 2293 1749 παι
2330 1695 2492 1767 ὕδωρ.
2519 1698 2609 1751 Διὸ
2633 1698 2875 1753 ἔκλεισε
2902 1702 3118 1770 Κύριος
3153 1707 3187 1758 ὁ
3218 1707 3363 1773 Θεὸς
3396 1709 3652 1764 ὄπισθεν
3676 1713 3773 1770 τοῦ

533 1798 886 1842 servarentur
939 1788 1217 1843 alimenta.
1281 1788 1336 1842 in
1372 1787 1468 1841 hos
1496 1802 1627 1857 ergo
1661 1802 1789 1840 usus
1821 1786 2074 1841 inferiore

1957 1787 2106 1841 iores
2206 1786 2353 1853 Νῶε,
2380 1786 2477 1840 καὶ
2505 1789 2692 1855 οὕτως
2721 1788 2957 1859 ἐγένετο
2989 1796 3022 1847 ό
3051 1800 3498 1867 κατακλυσμός.

535 1894 740 1952 partes,
772 1900 894 1951 quae
925 1885 1270 1939 bicameratae
1307 1884 1582 1947 dicuntur,
1618 1882 1834 1934 tradunt
1864 1880 2036 1936 fuisse
2065 1880 2373 1945 distinctas,
2424 1884 2731 1952 superiores
2766 1902 2895 1941 vero
2943 1891 3010 1943 ad
3043 1891 3411 1947 habitaculum
3441 1894 3659 1961 bestiis,
3702 1898 3771 1949 vel

532 1977 859 2031 animalibus
888 1976 1198 2044 deputatas,
1245 1974 1297 2028 in
1332 1973 1528 2043 quibus
1573 1972 1862 2028 inferiores
1889 1973 2104 2042 quidem
2134 1973 2237 2044 61
2277 1973 2426 2040 feris,
2474 1985 2526 2029 et
2558 1977 2860 2035 immitibus
2887 1981 3096 2049 bestiis,
3131 1984 3215 2038 vel
3249 1987 3603 2054 serpentibus
3631 1989 3770 2044 habi-

535 2069 772 2124 tacuhuu
806 2068 1126 2137 praebuisse,
1162 2068 1245 2120 his
1276 2080 1404 2119 vero
1426 2066 1684 2133 contigua
1718 2065 1767 2118 in
1801 2063 2177 2133 superioribus
2211 2066 2350 2129 loca,
2387 2068 2696 2123 mitioribus
2727 2072 3100 2129 animantibus
3131 2076 3337 2131 stabula
3371 2077 3562 2133 fuisse.
3610 2079 3770 2149 Supra

533 2162 714 2217 omnia
746 2177 875 2214 vero
923 2160 977 2214 in
1012 2159 1226 2213 excelso
1256 2157 1568 2213 hominibus
1597 2157 1778 2211 sedem
1812 2157 2068 2221 locatam,
2101 2165 2285 2225 utpote
2332 2159 2423 2227 qui
2450 2167 2506 2212 ct
2535 2159 2741 2215 honore
2772 2173 2827 2217 et
2856 2165 3065 2221 ratione
3096 2178 3288 2223 cuncta
3324 2169 3644 2239 prtecellant
3672 2189 3687 2225 :
3719 2184 3768 2226 ut

530 2257 672 2310 sicut
726 2254 936 2308 ratione
975 2262 1030 2307 et
1063 2252 1330 2322 sapientia
1378 2252 1742 2322 principatum
1775 2265 1964 2321 gerere
2013 2266 2173 2321 supra
2201 2251 2379 2305 omnia
2418 2267 2538 2320 quae
2565 2252 2618 2307 in
2657 2256 2821 2310 terris
2864 2265 3011 2323 sunt,
3043 2259 3248 2314 dicitur
3278 2263 3469 2325 homo,
3513 2263 3587 2316 ita
3616 2264 3766 2317 etiam

529 2349 649 2405 loco
679 2349 895 2415 celsior,
931 2356 988 2402 et
1022 2362 1186 2416 supra
1221 2361 1413 2402 omnes
1441 2347 1769 2413 animantes,
1806 2361 1924 2415 qua:
1970 2346 2023 2400 in
2062 2361 2184 2401 arca
2218 2356 2372 2411 sunt,
2399 2348 2698 2403 collocatus
2739 2348 2831 2403 sit.
2873 2349 3121 2405 Tradunt
3146 2363 3327 2407 autem
3360 2353 3526 2407 etiam
3554 2354 3765 2408 ostium.

529 2446 674 2514 quod
699 2460 764 2499 ex
795 2444 967 2498 latere
994 2441 1193 2497 factum
1216 2442 1435 2506 dicitur,
1468 2456 1533 2495 eo
1570 2441 1671 2495 loci
1704 2434 1892 2504 fuisse,
1929 2450 1986 2494 ut
2020 2439 2299 2507 inferiora,
2330 2456 2450 2511 qua:
2480 2443 2617 2497 dixit
2659 2442 3009 2508 bicamerata,
3044 2445 3182 2499 infra
3215 2460 3273 2501 se
3303 2446 3548 2511 haberet,
3580 2458 3636 2501 et
3662 2463 3767 2517 quae

532 2544 669 2596 dixit
697 2543 1070 2602 tricamerata,
1101 2539 1381 2607 superiora
1412 2554 1440 2590 a
1473 2537 1594 2592 loco
1622 2538 1748 2593 ostii
1782 2537 2048 2607 appellata
2078 2539 2185 2592 sint
2225 2556 2239 2592 :
2271 2546 2328 2591 ut
2363 2538 2490 2592 inde
2515 2539 2755 2608 ingressa
2787 2539 3040 2594 universa
3074 2541 3349 2607 animalia,
3381 2558 3477 2613 per
3507 2558 3608 2597 sua
3638 2559 3765 2611 quic-

530 2649 637 2702 que
686 2634 799 2688 loca
843 2633 1137 2689 secundum
1168 2632 1310 2700 quod
1362 2646 1524 2700 supra
1575 2631 1832 2693 diximus,
1875 2645 2113 2700 congrua
2155 2632 2483 2686 discretione
2517 2633 2785 2701 dirempta
2817 2633 2950 2687 sint.
2992 2634 3189 2689 Verum
3226 2637 3350 2690 osﬁi
3387 2636 3560 2705 ipsius
3599 2638 3763 2691 inuni-

532 2742 653 2780 men
687 2728 822 2800 (75),
863 2746 968 2783 non
1002 2714 1113 2801 iam
1158 2734 1411 2787 quuanis
1452 2732 1753 2787 rationibus
1782 2729 2129 2797 adimpletur.
2172 2729 2454 2796 Quomodo
2479 2730 2650 2795 enim,
2698 2740 3050 2799 posteaquam
3098 2730 3343 2785 clausum
3375 2742 3479 2795 est,
3512 2742 3566 2785 et
3598 2731 3764 2785 nullus

532 2822 807 2875 hominum
855 2832 1007 2877 extra
1053 2840 1235 2878 arcam
1284 2824 1405 2889 fuit,
1463 2824 1780 2878 hituininari
1812 2824 2155 2877 extrinsecus
2181 2822 2381 2875 ostium
2430 2822 2627 2891 potuit,
2658 2822 2760 2877 nisi
2792 2824 2914 2891 quia
2969 2825 3164 2877 divina-
3198 2825 3417 2877 virtutis
3459 2826 3585 2878 sine
3614 2824 3763 2878 dubio

525 2924 663 2979 opus
695 2912 811 2976 fuit,
857 2929 924 2967 ne
962 2914 1344 2983 ingrederetur
1371 2929 1510 2985 aqua
1541 2930 1641 2985 per
1672 2916 1899 2978 aditum,
1947 2929 2103 2982 quem
2142 2914 2373 2967 humana
2406 2929 2509 2969 non
2540 2915 2812 2970 munierat
2858 2916 3087 2970 manus?
3132 2915 3421 2985 Propterea
3453 2931 3588 2983 ergo
3626 2915 3761 2969 Scri-

525 3015 681 3072 ptura
717 3022 837 3059 cum
877 3007 943 3060 de
973 3010 1186 3063 czeteris
1212 3011 1464 3064 omnibus
1499 3010 1748 3075 dixisset,
1786 3010 1912 3079 quia
1947 3009 2076 3063 fecit
2105 3023 2287 3062 arcam
2318 3008 2452 3073 Noe,
2488 3018 2541 3065 et
2568 3011 2861 3087 introduxit
2898 3012 3169 3074 animalia,
3202 3022 3256 3064 et
3294 3011 3455 3073 ﬁlios,
3486 3024 3543 3063 et
3579 3024 3761 3064 uvorcs

522 3116 735 3165 eorum,
767 3104 833 3158 de
864 3104 1007 3159 ostio
1046 3120 1148 3159 non
1181 3106 1344 3171 dixit,
1379 3107 1503 3174 quia
1540 3106 1656 3161 Noe
1701 3107 1896 3160 clausit
1934 3107 2132 3160 ostium
2176 3122 2316 3160 arca:
2347 3123 2360 3159 :
2409 3108 2501 3162 sed
2535 3108 2635 3172 ait,
2690 3108 2814 3175 quia
2861 3109 3052 3161 clausit
3084 3107 3339 3161 Dominus
3381 3106 3520 3161 Deus
3575 3107 3760 3176 deforis

521 3200 712 3251 ostium
745 3216 903 3265 arcte,
949 3211 997 3255 et
1042 3203 1116 3255 sic.
1142 3202 1337 3263 factum
1368 3212 1443 3256 est
1474 3203 1728 3257 diluvium
1747 3203 1816 3257 ".
1872 3200 2281 3258 Observandum
2322 3214 2499 3256 tamen
2546 3214 2629 3257 est
2658 3204 2800 3271 quod
2836 3213 2954 3271 post
2985 3203 3241 3256 diluvium
3277 3217 3382 3255 non
3425 3204 3631 3257 dicitur
3663 3203 3757 3257 Noe

521 3296 799 3365 aperuisse
829 3298 1053 3362 ostium,
1106 3298 1200 3352 sed
1248 3299 1565 3363 fenestram,
1605 3313 1727 3352 cum
1782 3300 1965 3353 emisit
1993 3313 2237 3364 corvum,
2271 3306 2330 3352 ut
2357 3298 2567 3352 videret
2616 3307 2794 3351 utrum
2826 3306 3093 3352 cessasset
3136 3312 3277 3365 aqua
3327 3311 3491 3365 super
3541 3305 3754 3350 terram.

523 3393 675 3459 Quod
712 3407 893 3445 autem
948 3392 1199 3447 intulerit
1244 3395 1425 3447 cibum
1460 3394 1569 3447 Noe
1613 3395 1665 3446 in
1702 3410 1883 3448 arcam
1929 3394 2179 3448 omnibus
2209 3394 2601 3456 animantibus,
2637 3393 2719 3447 vel
2771 3392 2981 3456 bestiis,
3013 3408 3132 3461 quae
3158 3408 3281 3446 cum
3315 3407 3381 3446 eo
3411 3392 3756 3454 introierunt,

521 3489 644 3542 audi
673 3503 735 3541 ex
768 3489 851 3542 his
888 3503 1007 3557 quae
1042 3488 1298 3543 Dominus
1337 3489 1469 3543 dicit
1497 3490 1561 3542 ad
1593 3488 1704 3544 Noe
1738 3508 1752 3544 :
1790 3488 1887 3556 Tu,
1926 3489 2104 3559 inquit
2127 3489 2198 3554 ",
2246 3492 2425 3557 accipe
2470 3490 2563 3541 tibi
2596 3491 2693 3555 ipsi
2737 3490 2802 3540 ub
2843 3489 3082 3542 omnibus
3111 3490 3239 3542 escis
3277 3504 3393 3557 qua:
3423 3488 3677 3550 cdmuur,
3712 3496 3754 3538 et

522 3582 858 3650 congregabis
901 3581 969 3633 ad
999 3583 1346 3648 temetipsum,
1390 3590 1437 3634 et
1488 3592 1639 3635 erunt
1675 3582 1767 3634 tibi
1810 3594 1856 3635 et
1883 3582 2008 3651 ipsis
2039 3581 2108 3633 ad
2155 3580 2429 3634 edendum.
2479 3580 2630 3647 Quod
2662 3589 2843 3633 autem
2874 3578 3004 3634 fecit
3032 3578 3142 3633 Noe
3172 3594 3231 3633 ea
3274 3594 3393 3649 qua:
3425 3581 3686 3647 pra‘cepil
3712 3576 3755 3630 ei

522 3676 800 3741 Dominus,
844 3677 970 3731 audi
1002 3676 1342 3746 Scripturam
1375 3677 1644 3731 dicentem
1674 3696 1687 3730 :
1720 3675 1784 3730 Et
1803 3677 1950 3746 fecit,
1984 3677 2160 3747 inquit
2185 3675 2253 3741 “,
2293 3674 2407 3730 Noe
2434 3677 2611 3729 omnia
2656 3693 2771 3741 qua:
2813 3677 3056 3744 prwcepit
3100 3678 3145 3729 ei
3193 3675 3448 3729 Dominus
3494 3673 3657 3740 Deus,
3689 3673 3756 3725 sic

518 3774 664 3836 fecit.
709 3772 855 3827 Sane
881 3773 1022 3842 quod
1061 3773 1125 3827 de
1153 3772 1309 3839 locis,
1335 3788 1455 3841 qua:
1484 3773 1719 3826 diximus
1750 3774 1818 3825 ad
1849 3774 2032 3825 limum
2071 3772 2381 3825 animalium
2413 3782 2687 3839 separata,
2726 3769 3006 3837 Scriptura
3037 3769 3166 3824 nihil
3192 3770 3393 3835 retulit,
3428 3771 3523 3824 sed
3547 3768 3756 3822 traditio

517 3875 687 3929 tenet,
721 3875 1030 3934 opportune
1064 3865 1343 3917 videbitur
1387 3878 1549 3929 super
1595 3865 1696 3918 hoc
1748 3864 1990 3917 habitum
2042 3877 2164 3917 esse
2196 3862 2495 3925 silentium,
2530 3864 2593 3916 de
2627 3877 2735 3929 quo
2784 3860 3114 3916 sumcicutcr
3162 3861 3567 3929 consequentiae
3597 3860 3756 3929 ipsius

518 3958 656 4012 ratio
691 3957 931 4012 doceret.
992 3960 1055 4011 Et
1088 3960 1211 4027 quia
1252 3961 1318 4012 ad
1371 3959 1673 4032 spiritalem
1708 3958 2120 4027 intelligentiam
2173 3959 2353 4012 minus
2390 3959 2548 4029 digne
2596 3968 2805 4026 poterat
2837 3958 3035 4026 aptari,
3073 3962 3266 4011 merito
3313 3972 3444 4025 ergo
3477 3955 3751 4025 Scriptura

511 4050 663 4105 siluit
692 4051 759 4104 de
788 4052 907 4110 hoc,
940 4067 1061 4120 qtue
1096 4054 1267 4122 magis
1302 4054 1648 4108 narrationes
1675 4068 1801 4108 suas
1833 4051 2195 4106 intellectibus
2223 4052 2527 4121 allegoricis
2551 4061 2789 4121 coaptat.
2836 4051 3215 4105 Vermntamen
3263 4059 3525 4118 quantutn
3562 4050 3630 4103 ad
3661 4064 3752 4103 ne-

510 4146 822 4200 cessitatem
859 4145 1158 4214 pluviarum
1190 4159 1246 4200 et
1279 4148 1460 4201 diluvii
1491 4158 1721 4218 spectat,
1752 4148 1895 4203 nulla
1928 4150 2105 4217 potuit
2135 4157 2242 4201 tam
2277 4148 2604 4202 conveniens
2635 4156 2690 4201 et
2721 4162 2961 4215 congrua
2998 4161 3139 4201 arca:
3184 4146 3391 4215 species
3421 4145 3565 4210 dari,
3595 4161 3748 4216 quam

511 4250 566 4293 ut
596 4256 626 4293 e
655 4256 873 4294 summo
919 4242 1065 4295 velut
1093 4258 1123 4296 e
1155 4252 1296 4297 tecto
1323 4246 1558 4313 quodam
1600 4246 1652 4300 in
1707 4253 1991 4315 angustum
2026 4246 2237 4299 culmen
2282 4246 2479 4299 educto
2516 4244 2627 4313 (74)
2659 4244 2982 4298 diffunderet
3031 4242 3287 4296 imbrium
3322 4242 3533 4305 ruinas,
3563 4253 3619 4297 et
3651 4243 3749 4296 iuta

510 4335 563 4388 in
598 4336 754 4404 aquis
781 4337 1043 4404 quadrata
1094 4338 1407 4393 stabilitate
1424 4342 1750 4408 consistens,
1780 4355 1879 4396 nec
1929 4341 2160 4411 impulsu
2195 4354 2502 4406 \‘t'nlnt‘ttm,
2533 4355 2637 4395 nec
2669 4341 2871 4409 impetu
2918 4340 3201 4403 ﬂuctuum,
3238 4353 3338 4392 nec
3381 4338 3749 4407 inquietudine

513 4428 853 4495 animalium,
886 4444 1008 4497 qua:
1042 4430 1372 4486 intrinsecus
1399 4424 1577 4497 erant,
1607 4443 1700 4487 aut
1725 4432 1973 4486 inclinari
2004 4445 2208 4500 posset,
2237 4444 2325 4486 aut
2365 4431 2553 4501 mergi.
3322 4470 3333 4491 1

566 4518 622 4572 2.
656 4517 760 4573 Sed
806 4519 890 4573 his
934 4521 1189 4576 omnibus
1232 4522 1340 4591 (75)
1392 4530 1538 4576 tanta
1582 4530 1697 4576 arte
1740 4522 2076 4592 compositis,

2272 4523 2613 4594 Ἐπηπόρουν
2643 4521 2805 4585 τινὲς,
2837 4523 2885 4574 εἰ
2911 4520 3132 4574 δύναται
3164 4522 3197 4592 ἡ
3242 4519 3547 4591 τηλικαύτη
3584 4519 3746 4575 κιϐω-

502 4611 765 4681 objiciunt
798 4614 1013 4683 quidam
1042 4615 1393 4685 quaestiones,
1440 4622 1497 4670 et
1543 4615 1811 4685 praecipue
1838 4614 2043 4684 Apelles

2203 4614 2267 4676 ’ὸς
2297 4614 2543 4686 χωρῆσαι
2589 4612 2689 4666 κᾶν
2733 4615 2793 4667 τὸ
2825 4612 3113 4689 πολλοστὸν
3163 4612 3348 4683 μόριον
3384 4610 3493 4663 τῶν
3530 4613 3625 4665 ἐπὶ
3646 4611 3744 4681 γῆς

1867 4701 2121 4760 νεηδιο
2154 4704 2362 4759 NOVA.
2446 4724 2455 4730 ’

504 4801 643 4867 erat,
674 4794 996 4867 animalibus
1025 4796 1421 4867 destinabatur,
1452 4795 1745 4866 assignalis
1770 4796 2105 4867 singulorum
2136 4797 2297 4851 nidis.
2335 4797 2740 4867 Verisimilean
2771 4810 2852 4852 est
2878 4796 3226 4866 serpentibus
3252 4810 3316 4849 ac
3345 4795 3475 4867 feris
3504 4795 3742 4851 inﬁmam

502 4863 654 4918 illam
692 4865 873 4937 sedem
912 4867 1091 4919 datam
1126 4865 1324 4929 fuisse;
1354 4863 1612 4933 jumentis
1645 4881 1772 4920 vero
1802 4863 2115 4937 ac'reliquis
2143 4869 2439 4921 mansuetis
2463 4863 2830 4922 animantibus
2861 4863 3234 4937 superiorem;
3266 4866 3471 4919 homini
3505 4867 3742 4932 demum,

501 4943 687 5005 utpote
710 4936 990 5005 brutorum
1020 4937 1244 5005 principi
1271 4938 1622 5004 omniumque
1652 4936 2123 5004 prtestantissimo,
2149 4952 2454 5005 supremam
2487 4941 2729 4992 omnimu
2756 4936 2937 4991 sedem
2961 4940 3139 4990 datam
3169 4937 3407 5005 oportuit
3436 4937 3503 4988 ad
3533 4939 3741 4989 tertiam

500 5004 978 5069 contignationem,
1006 5018 1064 5058 ut
1097 5004 1291 5061 caetera
1322 5006 1576 5060 animalia
1605 5007 1706 5059 sub
1737 5020 1896 5058 manu
1930 5005 2176 5059 haberet.
2218 5004 2522 5061 Verisimile
2550 5018 2732 5061 autetn
2769 5018 2853 5061 est
2883 5007 3026 5061 latus
3058 5004 3215 5059 arcte
3238 5007 3342 5059 tale
3373 5004 3546 5058 iui~se
3587 5010 3741 5073 quale

498 5073 755 5127 diximus.
784 5073 1014 5127 .lanuam
1044 5091 1172 5129 vero
1199 5092 1338 5130 arca:
1361 5117 1375 5139 ,
1406 5091 1434 5129 a
1466 5076 1634 5128 latere
1662 5076 1891 5143 positam
1926 5075 2091 5128 fuisse
2125 5076 2274 5130 dicas
2305 5077 2371 5130 ad
2400 5079 2629 5144 primam
2661 5089 2715 5131 et
2749 5079 2991 5130 intimam
3027 5075 3512 5142 contignationem,
3544 5087 3597 5128 nt
3626 5078 3739 5129 ani-

500 5152 712 5218 mantes
761 5144 884 5197 inde
912 5144 1262 5218 introeuntes.
1333 5148 1398 5198 ad
1431 5148 1725 5218 constituta
1762 5147 1862 5218 sibi
1895 5145 2010 5198 loca
2045 5145 2310 5218 nidosque
2352 5157 2656 5218 pergerent.
2698 5146 2851 5213 Quod
2895 5162 3025 5218 sane
3071 5144 3404 5218 probabilius
3447 5146 3553 5218 dici
3584 5159 3740 5218 posse

501 5212 735 5289 videtur,
766 5229 928 5289 quam
961 5215 1004 5268 si
1039 5227 1254 5289 putetur
1283 5216 1637 5289 auimaliaﬂe;
1669 5217 1979 5289 summitate
2011 5217 2075 5289 ad
2116 5212 2494 5285 propria'loc'a
2531 5212 2735 5286 magna
2761 5233 2882 5270 cum
2915 5212 3236 5289 didicultate
3266 5215 3635 5289 descendisse.
3672 5215 3737 5269 Ut

501 5283 693 5354 secure
740 5283 1087 5338 clauderetur
1123 5286 1235 5339 haec
1281 5291 1465 5351 jamia,
1515 5285 1693 5337 divina
1721 5287 1954 5354 quadam
1991 5284 2189 5340 virtute
2217 5283 2355 5354 opus
2386 5296 2535 5353 erat,
2567 5283 2688 5340 cum
2724 5302 2827 5340 non
2866 5287 3094 5354 amplius
3144 5296 3289 5338 esset
3320 5283 3531 5339 deforis
3577 5287 3735 5337 homo

500 5353 765 5426 quispiam
798 5355 887 5421 qui
920 5369 1037 5406 eam
1067 5355 1396 5409 bituminare
1427 5365 1623 5424 posset,
1658 5372 1722 5409 ne
1743 5353 2134 5425 ingrederetur
2160 5353 2325 5426 aqua.
2357 5356 2487 5409 Eam
2514 5358 2582 5410 ob
2613 5373 2724 5412 rem
2758 5353 3238 5411 clausit’Dotninus
3275 5354 3415 5407 Deus
3446 5367 3570 5423 post
3599 5355 3732 5418 Noe,

498 5436 550 5474 et
585 5424 662 5475 sic
690 5424 886 5475 factmu
909 5434 992 5476 est
1015 5425 1291 5478 diluvium.

572 5492 894 5548 Dubitarunt
926 5495 1144 5563 quidam
1198 5510 1266 5546 an
1301 5494 1419 5546 talis
1450 5508 1576 5546 arca
1628 5503 1805 5560 posset
1836 5508 2029 5562 capere
2062 5495 2145 5550 vel
2189 5495 2466 5552 minimam
2498 5508 2706 5566 partem
2740 5495 2982 5550 omnium
3014 5509 3135 5565 qua:
3180 5494 3235 5549 iu
3270 5501 3415 5548 terra
3446 5503 3573 5548 sunt
3616 5494 3723 5546 ani.

567 5603 614 5635 '°
634 5604 832 5659 Genes.
857 5620 952 5668 vn,
984 5604 1071 5670 16,
1100 5606 1183 5659 l7.
1224 5605 1267 5635 "
1292 5604 1487 5659 Cenes.
1520 5618 1591 5669 vr,
1615 5604 1707 5655 21.
1745 5602 1791 5634 δ’
1817 5602 1944 5657 ibid.
1968 5603 2060 5659 22.

572 5670 682 5743 (75)
717 5672 907 5727 Verum
937 5668 1065 5727 ostii
1088 5676 1254 5743 ipsius
1281 5668 1703 5739 muuimen,ctc.
1743 5673 1930 5727 Grieca
1960 5675 2056 5727 liu-
2358 5671 2457 5743 bis)
2476 5668 2573 5743 llic
2605 5669 2672 5723 ad
2696 5683 2915 5743 sensum
2945 5670 3157 5743 videtur
3178 5672 3367 5743 deesse
3388 5670 3613 5739 aliquid.
3639 5668 3736 5724 En.

494 5740 591 5811 jus
619 5740 716 5795 Ieci
748 5746 913 5798 verba
944 5761 975 5798 e
1004 5740 1220 5799 Catenis
1247 5760 1377 5798 mss.
1409 5743 1613 5797 Gra'cis
1644 5752 1796 5797 eruta
1828 5753 1973 5797 sunt.
2240 5741 2355 5810 (75)
2384 5740 2487 5793 Sed
2514 5742 2595 5793 his
2626 5756 2764 5811 omn.
2784 5740 2970 5795 Graeca
3011 5740 3167 5806 hujus
3200 5741 3302 5797 loci
3338 5743 3502 5796 verba
3538 5756 3731 5811 suppr

565 5812 676 5882 (Ἠ)
695 5813 1059 5880 Mss.,culmcu
1081 5820 1282 5870 educto.
1302 5813 1458 5869 Libb.
1478 5813 2049 5880 editi,culmiueducto.
2174 5813 2346 5867 ditant
2376 5811 2593 5866 Catena:
2614 5810 2818 5885 Graeca:
2852 5813 3256 5880 manuscriptze.
