3902 6536
143 409 224 464 tot;
1292 394 1360 449 IN
1394 360 1695 449 auxesin
1735 389 2017 445 llOMlLl.\
2056 392 2116 449 u.

3251 409 3354 468 “‘6

137 527 320 596 πέντῳν
357 515 530 580 ζώων.
567 516 677 570 Καὶ
725 517 959 587 μάλιστα
1014 515 1274 587 Ἀπελλὴς
1313 515 1340 566 ὁ
1384 513 1476 566 τοῦ
1524 513 1675 583 Μαρ-

1785 507 1873 577 qui
1906 507 2006 562 l'uit
2056 509 2354 578 discipulus
2385 513 2601 581 quidem
2639 514 2952 585 Marcionis,
3005 521 3098 574 sed
3127 523 3353 584 alterius

137 623 298 675 κίωνος
348 610 643 679 γνώριμος,
693 611 786 662 καὶ
831 610 1119 679 γενόμενος
1179 609 1370 679 ἐτέρας
1421 605 1681 678 αἱρέσεως

139 702 244 772 παρ’
265 701 462 752 ἐκεῖνον
487 698 688 767 πατὴρ,
723 697 931 750 ἀθετεῖν
965 697 1285 767 βουλόμενος
1323 696 1396 758 ὡς
1424 697 1523 765 οὐχ
1550 695 1680 762 ἅγια

91 771 98 777 ⁸
137 771 477 853 τὰΜωῡσέως
523 791 945 862 συγγράμματα,
977 790 1133 843 τοῦτο
1177 791 1532 862 ἐπαπορήσας
1563 791 1681 841 ἑπι-

138 884 285 956 φέρει,
319 883 395 944 τὸ,
442 883 654 952 Ψευδὴς
681 885 787 954 ἄρα
817 886 844 936 ὁ
889 883 1084 954 μῦθος·
1117 883 1215 936 οὐκ
1252 881 1360 952 ἄρα
1394 884 1456 934 ὲκ
1485 883 1678 953 Θεοῦ,ἡ

140 977 298 1048 Γραφή
327 992 339 1003 ³
396 973 468 1044 μὴ
524 973 718 1027 συνιὼν
769 975 1040 1037 ποδαποὺς
1074 975 1416 1045 τριακοσίους
1463 975 1676 1043 πήχεις,

140 1069 216 1120 καὶ
254 1064 518 1127 ποδαποὺς
564 1065 918 1135 πεντήκοντα,
977 1063 1239 1136 πηλίκους
1283 1080 1341 1134 τε
1390 1065 1681 1134 τριάκοντα

135 1160 386 1230 ὠνόμασεν
416 1156 507 1209 ἐπὶ
552 1158 651 1227 τῆς
679 1158 1019 1228 κατασκευῆς
1066 1159 1164 1228 τῆς
1195 1157 1431 1211 κιϐωτοῦ
1469 1161 1500 1228 ἡ
1536 1160 1676 1230 Γρα-

137 1252 216 1322 φή.
264 1247 560 1318 Ἐμάθομεν
619 1249 675 1302 δὲ
726 1251 886 1320 ἡμεῖς
933 1250 1040 1304 ἀπό
1083 1269 1226 1315 τινος
1262 1251 1372 1304 τῶν
1419 1253 1547 1324 παρ’
1597 1253 1678 1305 Ἑ-

136 1342 317 1414 6ραίοις
340 1340 657 1411 ἐλλογίμων,
682 1342 757 1404 ὡς
790 1342 897 1410 ἄρα
927 1343 973 1394 οἱ
1002 1345 1297 1414 τριακόσιοι
1331 1347 1522 1415 πήχεις
1551 1345 1680 1398 ώνο-

136 1433 415 1506 μάσθησαν,
449 1432 522 1496 ὡς
551 1434 598 1485 οἱ
631 1432 951 1504 καλούμενοι
1000 1436 1149 1507 παρὰ
1197 1439 1310 1500 τοῖς
1339 1439 1679 1508 γεωμέτραις

129 1527 330 1593 δύναμις
355 1522 446 1574 τοῦ
477 1523 584 1576 άπὸ
608 1524 700 1577 τοῦ
731 1524 1052 1596 τριακοστοῢ
1090 1526 1434 1598 τετραγώνου
1455 1545 1468 1559 ·
1501 1529 1575 1592 ὡς
1603 1525 1679 1581 εἶ-

131 1633 204 1668 ναι
229 1615 345 1675 τοὺς
377 1613 674 1686 ἡμετέρους
718 1615 911 1685 πήχεις
957 1615 1050 1668 τοῦ
1089 1617 1296 1686 μήκους
1341 1617 1398 1669 ἐν
1421 1616 1498 1687 τῷ
1531 1619 1678 1672 κάτω

128 1705 345 1774 ἐπιπέδῳ
378 1705 531 1758 ὲννέα
569 1706 864 1776 μυριάδας·
899 1706 1040 1759 οὕτω
1072 1707 1128 1759 δὲ
1160 1708 1253 1760 καὶ
1298 1706 1388 1761 τοῦ
1424 1708 1674 1775 πλάτους,

127 1797 361 1868 δισχιλίας
380 1798 756 1861 πεντακοσίας,
777 1798 978 1852 καὶτοῦ
1000 1798 1183 1868 ὕψους,
1208 1801 1519 1865 ὲννακοσίας
1541 1801 1673 1871 (76)’

123 1891 218 1944 Καὶ
243 1889 346 1959 γὰρ
375 1890 513 1942 πάνυ
562 1889 627 1942 ἂν
672 1892 756 1957 εἴη
803 1888 1150 1943 ἀτοπώτατον
1182 1877 1273 1944 τὸν
1320 1892 1673 1948 παιδευθέντα

125 1985 256 2052 πάσῃ
288 1982 447 2052 σοφίᾳ
477 1983 788 2049 Αἰγυπτίων
817 1982 923 2034 τῶν
954 1984 1486 2054 γεωμετρικωτάτων
1519 1987 1674 2055 μάλι-

124 2091 229 2137 στα,
259 2073 346 2124 καὶ
383 2073 438 2122 ὲν
463 2072 596 2140 οἴκῳ
646 2071 906 2141 βασιλέως
936 2072 1332 2143 ἀνατραφέντα,
1366 2073 1438 2144 μὴ
1471 2092 1671 2126 συνεω-

126 2162 347 2233 ρακέναι.
395 2162 475 2213 ὅτι
505 2163 552 2212 οἱ
597 2161 900 2231 κοινότερον
941 2161 1220 2230 νοηθέντες
1251 2163 1549 2231 τριακόσιοι
1577 2164 1670 2216 τοῦ

123 2255 328 2324 μήκους,
367 2254 459 2305 καὶ
486 2253 821 2322 πεντήκοντα
852 2253 944 2305 τοῦ
971 2252 1223 2316 πλάτους,
1258 2254 1352 2306 καὶ
1382 2254 1673 2324 τριάκοντα

118 2345 200 2398 τοῦ
229 2345 413 2414 ὕψους,
467 2345 585 2397 οὐδὲ
618 2345 913 2412 ἐλέφαντας
964 2344 1245 2416 ἐχώρησαν
1279 2346 1344 2400 ἂν
1386 2347 1525 2417 τάχα
1572 2365 1673 2400 που

115 2436 391 2508 τέσσαρας,
422 2436 515 2489 καὶ
533 2438 629 2499 τὰς
655 2436 856 2489 τούτων
881 2437 972 2489 ἐπὶ
996 2438 1237 2491 ἐνιαυτὸν
1261 2439 1484 2508 τροφὰς,
1511 2457 1677 2511 προσ-

115 2527 354 2594 τάξαντος
382 2527 475 2582 τοῦ
503 2527 636 2582 Θεοῦ
669 2529 760 2581 δύο
793 2527 885 2580 δύο
925 2529 1032 2581 ἀπὸ
1054 2528 1158 2582 τῶν
1201 2530 1526 2602 ἀκαθάρτων
1565 2535 1672 2585 εισι

112 2621 350 2693 έρχεσοαι
399 2621 556 2686 ζώων
605 2620 684 2684 εἰς
731 2620 828 2691 τὴν
882 2619 1132 2674 κιϐωτόν.
1191 2622 1252 2674 Εἰ
1286 2622 1340 2675 δὲ
1387 2623 1514 2694 χρὴ,
1584 2625 1676 2676 ἐπὶ

1784 601 2055 656 haereseos
2083 602 2274 672 magis,
2306 620 2466 674 quam
2490 606 2605 674 ejus
2633 624 2793 677 quam
2825 626 2852 664 a
2882 614 3140 683 magistro
3170 632 3352 677 susce-

1784 693 1880 759 pit,
1912 694 2181 750 inventor.
2225 693 2275 750 ls
2330 711 2460 766 ergo
2507 697 2633 751 dum
2667 703 2945 769 assignare
2970 706 3122 775 cupit
3148 709 3349 778 scripta

1781 782 1951 854 Moysi
1989 785 2126 840 nihil
2177 786 2230 840 in
2282 803 2340 842 se
2388 789 2582 843 divina:
2638 792 2935 859 sapientia),
2969 798 3075 867 62
3105 800 3352 872 nihilque

1782 877 1965 946 Operis
2016 881 2193 933 sancti
2231 879 2468 948 Spiritus
2499 882 2803 950 continere,
2838 900 3132 957 exaggerat
3162 893 3351 960 hujus-

1783 970 1926 1023 modi
1959 970 2124 1037 dicta,
2177 982 2231 1026 et
2264 973 2392 1027 dicit
2437 973 2583 1029 nullo
2620 976 2776 1029 modo
2810 977 2927 1032 ﬁeri
2979 982 3243 1048 potuisse,
3291 994 3352 1039 ut

1785 1070 1891 1114 tam
1929 1063 2092 1118 breve
2123 1066 2354 1132 spatium
2391 1076 2466 1121 tot
2498 1070 2803 1124 animalium
2831 1087 3024 1140 genera
3058 1089 3353 1144 eorumque

1782 1155 1953 1222 cibos,
1992 1156 2080 1223 qui
2115 1172 2211 1226 per
2244 1167 2410 1212 totum
2442 1175 2638 1214 annum
2676 1163 3008 1232 sufﬁcerent,
3037 1181 3228 1234 capere
3256 1184 3350 1238 po-

1781 1249 1992 1303 tuisset.
2034 1248 2168 1303 Cum
2219 1252 2361 1305 enim
2397 1253 2518 1307 bina
2554 1265 2608 1309 et
2642 1256 2764 1310 bina
2815 1272 2879 1311 ex
2915 1257 3206 1312 immundis
3234 1260 3354 1314 ani~

1783 1338 2034 1403 maiibus,
2068 1341 2173 1394 hoc
2215 1350 2300 1394 est
2327 1343 2439 1396 bini
2473 1345 2695 1399 masculi
2731 1355 2786 1400 et
2815 1347 2954 1400 bina:
2984 1347 3196 1403 feminae
3226 1351 3354 1417 (hoc

1780 1431 2157 1504 enimjndicat
2189 1448 2368 1488 sermo
2409 1437 2711 1505 repetitus,)
2747 1454 2814 1493 ex
2861 1441 3075 1494 mundis
3106 1455 3232 1494 vero
3263 1457 3354 1498 se-

1782 1528 1938 1585 ptena
1969 1530 2022 1574 et
2049 1527 2450 1591 septena,quod
2484 1533 2566 1578 est
2589 1527 2735 1593 paria
2764 1536 2984 1597 septena
3017 1529 3150 1601 (77),
3184 1532 3234 1585 in
3267 1548 3354 1584 ar-

1780 1626 1897 1663 cam
1951 1613 2205 1666 dicantur
2257 1614 2497 1680 inducta,
2547 1619 2836 1685 quomodo,
2882 1621 3077 1689 inquit,
3110 1623 3222 1677 ﬁeri
3257 1639 3353 1692 po-

1781 1702 1885 1755 tuit
1932 1703 2074 1757 istud
2105 1706 2365 1772 spatimn,
2399 1706 2542 1774 quod
2577 1709 2836 1779 scriptum
2869 1721 2972 1775 est,
3033 1722 3090 1766 ut
3115 1725 3354 1783 quatuor

1779 1799 1968 1851 saltem
1999 1797 2148 1852 solos
2174 1797 2494 1866 elephantes
2520 1815 2716 1868 capere
2743 1804 3015 1870 potuerit?
3044 1803 3108 1857 Et
3147 1814 3353 1874 postca-

1780 1906 1942 1959 quam
1987 1906 2088 1960 per
2133 1889 2373 1960 slignlas
2429 1893 2640 1962 species
2687 1893 2787 1948 hoc
2831 1895 2989 1949 modo
3020 1896 3348 1966 refragatur,

1781 1982 1931 2035 addit
1961 1997 2124 2051 super
2155 1982 2336 2035 omnia
2370 1981 2455 2036 his
2495 1983 2674 2037 verbis
2707 2001 2721 2037 :
2757 1983 2982 2039 Constat
3009 2002 3139 2056 ergo
3169 1988 3348 2044 fictam

1779 2087 1902 2126 esse
1930 2071 2193 2127 fabulam.
2236 2072 2390 2138 Quod
2423 2072 2465 2126 si
2500 2083 2604 2136 est,
2645 2084 2857 2129 constat
2890 2092 2992 2131 non
3025 2093 3147 2133 esse
3175 2096 3204 2135 a
3241 2082 3351 2134 Deo

1779 2164 1918 2217 hanc
1967 2163 2315 2232 scripturam.
2360 2165 2465 2219 Sed
2499 2166 2562 2218 ad
2595 2168 2707 2221 haec
2742 2182 2837 2220 nos
2869 2183 2987 2236 qum
3013 2184 3041 2220 a
3080 2172 3354 2238 punienti-

1779 2256 1882 2310 bus
1910 2255 2064 2317 viris,
2114 2265 2168 2310 et
2200 2255 2587 2311 llebraicarum
2643 2257 2988 2311 traditionum
3020 2261 3221 2327 gnaris,
3267 2272 3352 2316 at-

1780 2363 1885 2417 que
1910 2365 1939 2402 a
1974 2348 2250 2402 veteribus
2281 2349 2553 2418 magistris
2603 2349 2906 2414 didicimus,
2947 2351 3011 2403 ad
3042 2351 3349 2407 auditorum

1782 2437 2030 2491 notitiam
2066 2436 2392 2492 doleremus.
2451 2438 2682 2492 Aiebaut
2727 2454 2854 2507 ergo
2903 2440 3154 2508 majores,
3207 2441 3352 2511 quod

1781 2532 2014 2599 Moyses,
2045 2532 2134 2598 qui
2169 2531 2251 2602 (ut
2288 2531 2356 2584 de
2384 2544 2448 2584 eo
2479 2528 2762 2599 Scriptura
2797 2533 3051 2601 testatur)
3079 2535 3226 2588 omni
3261 2551 3352 2589 sa-

1782 2626 1984 2697 pientia
2013 2623 2393 2694 {Egyptiorum
2427 2622 2600 2678 fuerat
2631 2624 2894 2690 eruditus,
2937 2628 3229 2681 secundum
3264 2643 3351 2681 ar-

1487 2769 1739 2824 VERSIO
1771 2769 1981 2826 NOVA.

113 2880 367 2951 malium,
396 2883 737 2950 maximeque
771 2882 1006 2951 Apelles,
1038 2883 1129 2951 qui
1167 2884 1306 2936 inter
1348 2883 1638 2938 familiares
1683 2882 1974 2939 Marcionis
2023 2883 2144 2948 fuit,
2197 2893 2250 2938 et
2305 2885 2528 2938 alterius
2586 2891 2776 2936 auctor
2818 2882 3110 2942 haereseos.
3155 2883 3255 2939 llic
3293 2897 3351 2939 ut

111 2951 302 3020 Moysis
339 2950 681 3020 Scripturam
716 2962 774 3006 ut
801 2950 1020 3007 minime
1050 2950 1292 3007 Sanctam
1329 2955 1658 3020 traduceret,
1696 2956 1775 3008 sic
1814 2955 2113 3008 dubitantis
2150 2969 2299 3008 more
2351 2953 2615 3008 inferebat
2649 2971 2662 3006 :
2693 2951 2813 3006 Ιῐιεο
2843 2956 3086 3007 narratio
3121 2957 3348 3008 mendax

110 3020 430 3095 etlabnlosa
460 3031 564 3084 est,
591 3038 720 3089 ergo
747 3024 859 3095 haec
893 3022 1173 3095 Scriptura
1205 3039 1311 3076 non
1343 3035 1424 3077 est
1446 3039 1510 3076 ex
1542 3025 1690 3078 Deo:
1721 3040 1825 3078 non
1853 3025 2156 3095 intelligens
2187 3024 2340 3092 cujus
2370 3039 2636 3077 mensurae
2665 3025 2783 3077 illos
2809 3033 3078 3095 trecentos
3113 3026 3347 3089 ςιιιήίυς,

111 3091 255 3162 cujus
285 3092 716 3159 quinquagenos,
740 3092 912 3162 cujus
939 3092 1180 3147 tricenos
1208 3095 1571 3147 nominaverit
1610 3096 1664 3156 in
1691 3091 2098 3149 constructione
2135 3091 2274 3149 arca:
2306 3095 2582 3162 Scriptura
2619 3110 2791 3147 sacra.
2837 3093 2942 3146 Nos
2984 3105 3159 3146 autem
3213 3096 3349 3148 did-

111 3161 272 3213 ciinus
300 3176 326 3232 a
351 3163 608 3230 quopiam
637 3177 700 3215 ex
737 3161 1082 3216 Hebraeorum
1116 3163 1464 3232 peritioribus
1496 3173 1772 3219 trecentos
1809 3166 2026 3220 cubitos
2055 3165 2226 3219 dictos
2255 3161 2606 3231 fuissepares
2637 3164 2739 3216 illis
2769 3179 2902 3231 quos
2933 3176 3222 3231 geometra».
3253 3182 3348 3232 vo-

108 3241 246 3296 cant,
278 3231 358 3284 vis
392 3233 751 3298 quadranguli
781 3248 808 3283 a
835 3231 1308 3303 tricesitno’ducti,
1347 3234 1420 3286 ita
1457 3242 1513 3287 ut
1538 3235 1591 3288 in
1625 3251 1730 3289 uno
1760 3235 2001 3290 tabulato
2037 3236 2238 3290 fuerint
2279 3236 2566 3303 nonaginta
2599 3233 2758 3285 millia
2793 3236 3094 3286 cubitorum
3129 3231 3346 3288 nostro-

108 3316 242 3363 rum,
279 3302 721 3372 billlliileﬂllerill
756 3302 1040 3356 latitudine
1069 3303 1176 3356 duo
1208 3303 1352 3356 mille
1381 3305 1662 3371 quingenti
1695 3305 1862 3359 cubiti
1899 3316 1949 3358 et
1981 3308 2030 3360 in
2059 3307 2346 3360 altitudine
2375 3302 2648 3372 nongenti.
2694 3305 3155 3356 Absurdissinnnu
3192 3319 3348 3357 Itaztt-

107 3385 203 3444 que
227 3382 372 3444 esset
405 3383 531 3444 eum
564 3371 654 3439 qui
689 3373 931 3444 eruditus
967 3373 1242 3444 fueratiiu
1278 3376 1423 3426 omni
1455 3376 1718 3440 sapientia
1750 3375 2130 3444 [Egyptiorum
2163 3371 2510 3442 geometrica:
2542 3373 3013 3444 peritissimorum
3042 3374 3344 3435 homnum,

104 3441 292 3513 quique
327 3443 378 3492 in
406 3443 615 3496 milibus
645 3443 808 3513 regiis
837 3443 1101 3497 educatus
1149 3443 1349 3505 fucrat,
1387 3460 1494 3497 nou
1523 3445 1720 3499 vidisse
1752 3441 2022 3500 trecentos
2059 3441 2408 3513 longitudinis
2440 3443 2676 3506 cubitos,
2725 3443 3113 3510 quinquaginta
3153 3446 3346 3497 latitu-

103 3510 256 3584 dinis,
289 3522 342 3564 et
375 3513 606 3584 triginta
641 3512 942 3584 altitudinis
973 3513 1180 3584 vulgari
1223 3528 1373 3584 more
1401 3524 1673 3582 acceptos,
1723 3532 1788 3567 nc
1816 3523 2045 3583 quatuor
2085 3510 2300 3584 quidem
2335 3515 2655 3584 elephantos
2712 3528 2906 3584 capere
2941 3512 3184 3584 potuisse
3220 3531 3340 3566 cum

102 3579 353 3652 alimento
387 3583 455 3633 ad
489 3597 696 3652 annum
724 3581 1010 3636 sullicienti
1043 3579 1813 3652 z'quandoquideiu—prwcepit
1835 3579 1991 3638 'Deus
2023 3595 2080 3637 ut
2103 3579 2230 3636 bina
2281 3583 2402 3636 biua
2426 3579 2435 3582 ⁷
2459 3597 2524 3634 ex
2585 3581 2880 3634 immundis
2923 3579 3246 3636 animalibus
3291 3585 3342 3636 in

103 3664 279 3723 arcam
304 3651 738 3723 ingrederentur.
779 3653 930 3718 Quod
959 3653 1002 3706 si
1037 3661 1093 3706 ut
1116 3652 1320 3707 clarius
1349 3651 1681 3719 intelligatur
1727 3656 1852 3707 illud
1893 3674 1904 3709 :
1941 3655 2001 3707 In
2035 3663 2312 3723 augtistum
2353 3653 2543 3705 sensim
2585 3653 2786 3718 rer/iges
2816 3667 3015 3723 circum,
3045 3655 3166 3723 etin
3201 3654 3348 3704 cubi-

106 3727 204 3792 tum
230 3722 472 3792 absolves
516 3721 682 3792 illam,
737 3723 1021 3775 architecti
1073 3738 1223 3776 more
1254 3738 1396 3777 arcae
1430 3723 1601 3776 forma
1632 3726 1700 3777 sit
1728 3726 2072 3789 evponcnda,
2109 3719 2241 3792 'age,
2286 3724 2360 3776 ita
2406 3737 2765 3789 exponamus.
2810 3719 2995 3792 Cogita
3030 3721 3159 3774 mihi
3203 3740 3346 3776 ari-ie

105 3789 258 3844 imam
315 3790 742 3860 longitudinem,
794 3793 1090 3846 secundum
1139 3809 1308 3861 supra
1346 3804 1700 3847 memoratam
1757 3799 1863 3847 vim
1900 3811 2018 3846 esse
2057 3789 2425 3847 trecentorum
2475 3792 2806 3850 cubitorum,
2843 3791 3189 3843 latitudinem
3221 3807 3347 3846 vero

165 3930 272 4002 (76)
317 3932 653 4002 Ἐμάθομεν
685 3971 700 3987 .
723 3973 766 3988 ..
803 3934 1184 4001 ἐννακοσίας.
1249 3933 1406 3990 Hunc
1447 3943 1664 3990 contex-

1784 3954 1868 3990 sas
1908 3936 2068 3989 fuisse
2113 3935 2180 3987 ab
2225 3932 2665 3986 amanuensibus.
2733 3930 2803 4002 Ea
2839 3929 3111 4002 enim_vis
3155 3939 3238 3984 est
3267 3932 3350 3984 vel

99 4009 204 4052 tum
237 4013 453 4056 attente
487 4009 533 4057 si
574 4007 886 4060 consideres
916 4007 1274 4073 conferasquc
1304 4022 1423 4059 cum
1458 4007 1562 4059 alio
1597 4007 1672 4059 si—

102 4073 202 4123 mili
253 4075 522 4143 Origenis
573 4084 831 4128 contextu
888 4090 918 4129 e
970 4075 1066 4128 lib.
1095 4092 1147 4129 IV
1199 4075 1396 4128 Comm
1441 4074 1672 4138 Celsum,

101 4157 240 4215 utrm.
267 4143 360 4215 Η,
397 4159 529 4211 pag.
553 4144 701 4215 555._
729 4145 818 4215 qui
873 4145 944 4198 ita
979 4159 1037 4199 se
1093 4144 1250 4198 habet
1298 4163 1311 4197 :
1356 4145 1479 4208 Πῶς
1507 4145 1674 4215 δὀὐχὶ

100 4211 303 4286 μᾷλλονγ
326 4210 648 4286 θαυμαστὸν
673 4210 827 4286 ἦντὸ
859 4215 1412 4286 κατασκεύίασμανκαὶ
1445 4210 1674 4286 μεγίστῂ

97 4276 241 4356 πόλει
291 4276 512 4356 ὲοικὸξς
561 4284 649 4355 Τῷ
697 4276 919 4356 δυνάμει
947 4276 1223 4356 ,λέγεσθαί
1253 4285 1318 4338 τὰ
1361 4276 1564 4356 μέτραί·

95 4354 243 4408 ἐννέα
273 4356 378 4422 μὲν
433 4351 576 4407 εἶναι
612 4351 882 4426 μυριάδων
912 4355 971 4408 τὸ
1002 4351 1172 4426 μῆκος
1198 4357 1337 4408 κατὰ
1362 4351 1474 4426 τὴν
1498 4355 1672 4424 βάσιν,

94 4425 228 4476 κατὰ
255 4425 313 4478 δὲ
339 4426 405 4477 τὸ
433 4426 637 4487 πλάτος
663 4425 934 4495 δισχιλίων
972 4425 1358 4478 πεντακοσίων.
1396 4444 1414 4475 ι
1441 4425 1677 4490 Quomo-

97 4496 160 4546 do
186 4511 289 4547 uon
322 4497 652 4549 admiranda
706 4499 880 4565 potius
927 4506 1010 4550 est
1059 4496 1148 4549 illa
1179 4505 1456 4565 structura
1489 4495 1674 4564 (arcae)

97 4567 342 4620 maxima:
373 4567 503 4620 urbi
538 4564 765 4620 similiS?
816 4566 911 4620 llic
938 4567 1080 4619 enim
1131 4566 1189 4618 lit
1221 4581 1400 4618 sermo
1429 4564 1496 4618 de
1523 4580 1674 4618 meu—

96 4639 233 4688 snris
273 4637 468 4704 quoad
515 4645 832 4705 potestatem
886 4654 898 4689 :
950 4635 1024 4688 ita
1058 4646 1117 4689 ut
1150 4635 1291 4689 basis
1327 4635 1482 4703 longa
1515 4634 1677 4687 fuerit

97 4707 384 4774 nonaginta
424 4707 597 4759 millia
628 4707 955 4771 cubitorum,
986 4705 1090 4758 lata
1122 4717 1302 4758 autem
1333 4705 1415 4758 bis
1451 4705 1595 4774 mille
1625 4713 1678 4774 et

93 4773 420 4843 quingentos
449 4778 688 4834 cubitos.
716 4776 848 4833 )PI‘O
868 4777 948 4829 his
975 4776 1171 4839 verbis,
1200 4775 1428 4844 δύναμις
1446 4773 1540 4826 τοῦ
1568 4773 1678 4826 ἀπὸ

94 4845 554 4918 τοῦλτριακοστοῧ
584 4848 946 4918 τετραγώνου,
978 4845 1102 4918 rvis
1126 4845 1476 4918 quadranguli
1514 4861 1541 4918 :_i
1577 4847 1675 4918 tti-

94 4913 289 4968 resiuio
321 4919 511 4978 ducti,
541 4937 558 4968 ›
597 4913 874 4983 legendum
931 4917 1138 4969 videtur
1171 4914 1398 4985 δύναμις
1445 4913 1540 4985 τοῦ
1571 4913 1677 4966 ἀπὸ

93 4987 176 5038 τοῦ
209 4987 547 5058 τριακοσίου
575 4982 936 5058 τετραγώνου,
969 5003 986 5036 ι
1017 4985 1096 5037 vis
1125 4982 1475 5058 qttadraugjtli
1513 4999 1540 5034 a
1579 4993 1682 5035 tri-.-

95 5054 394 5111 centesimo
426 5059 608 5121 ducti,
635 5077 653 5109 ι
675 5054 774 5110 ’νθΙ
824 5056 1047 5126 δύναμις
1073 5055 1166 5107 τοῦ
1195 5054 1421 5126 dnb_106
1457 5069 1680 5126 τριακο-

91 5127 220 5191 σίου,
271 5129 373 5181 καὶ
426 5126 825 5199 πεντηκοστοῦ,
885 5123 978 5179 καὶ
1022 5123 1340 5199 τριακοστοῦ
1403 5123 1677 5199 τετραγώ-

91 5215 196 5259 νου,
238 5219 258 5250 ‹
288 5200 374 5252 vis
426 5195 788 5267 quadranguli
840 5213 869 5249 a
917 5195 1316 5267 trecentesimo,
1357 5206 1410 5248 ct
1453 5210 1481 5246 a
1514 5195 1676 5267 quin-

94 5263 640 5338 quagesimo,'atque
684 5263 712 5321 ἐι
766 5267 1043 5335 trigesimo
1081 5265 1412 5320 ducti.»Cum
1442 5263 1670 5338 euiurca

94 5334 237 5425 meus
291 5340 371 5394 sit
430 5334 798 5425 QrtEelliS,.Ul
843 5334 1111 5425 mensurae
1158 5351 1314 5425 αναξρ,
1352 5334 1676 5425 qti.il|esmde-

93 5411 409 5463 scribuntur
447 5411 504 5462 in
539 5403 752 5468 Genesi,
813 5421 917 5459 non
975 5405 1267 5475 vulgariter
1296 5420 1389 5459 seu
1423 5405 1488 5456 ad
1521 5403 1672 5475 litte-

96 5494 220 5542 ram,
249 5482 348 5535 sed
374 5479 543 5547 juxta
575 5478 680 5530 vim
717 5476 797 5530 vel
833 5473 1152 5543 potestatem
1198 5473 1678 5547 quadranguliar-

93 5543 388 5616 cipiantur,
417 5549 515 5602 vel
568 5547 846 5614 legendum
879 5547 984 5600 erit
1017 5544 1379 5616 τριακοσίου,
1426 5543 1564 5610 quod
1598 5552 1680 5596 est

95 5615 330 5684 potestas
363 5615 732 5688 longitudinis
761 5631 923 5677 arcae,
973 5617 1051 5668 vel
1089 5616 1144 5688 si
1167 5615 1362 5688 legeris
1389 5626 1670 5679 τριακοσ-

91 5689 212 5757 τοῦ,
247 5693 359 5746 erit
415 5684 798 5760 taiitummodo
830 5695 1069 5760 potestas
1099 5684 1418 5748 altitudinis,
1464 5693 1518 5736 et
1549 5697 1677 5760 sup-

96 5755 396 5825 tmuéndum
453 5759 568 5810 crit
617 5772 776 5810 voces
821 5755 1133 5826 τριακοσίου
1164 5763 1237 5826 _et
1283 5755 1672 5826 πεντηκοστοῦ,

98 5824 228 5887 Quod
255 5843 340 5887 est.
391 5838 650 5901 potestas
682 5824 1028 5897 longitudinis
1055 5835 1107 5878 ει
1162 5824 1480 5887 latitudims,
1510 5825 1675 5876 omis-

1783 4018 2020 4074 potcstas
2051 4004 2426 4074 quadranguli,
2465 4003 2507 4074 si
2543 4001 2749 4053 numeri
2800 3999 3223 4074 multiplicemur
3254 4017 3349 4074 per

1782 4069 2122 4145 semetipsos.
2185 4069 2354 4126 Porro
2384 4073 2431 4145 si
2467 4072 2544 4125 sic
2599 4069 2826 4123 trecenti
2857 4070 3022 4122 cubiti
3060 4069 3351 4137 longitudi-

1783 4148 1865 4200 nis
1909 4143 2049 4199 arczc
2099 4161 2194 4213 per
2239 4143 2487 4213 eumdem
2546 4155 2828 4213 numerum
2860 4147 3347 4205 ,trcceutesunum,

1781 4227 1834 4272 et
1892 4211 2282 4286 quinquaginta
2338 4212 2517 4286 cubiti
2564 4211 2867 4286 latitudinis
2911 4224 3012 4286 per
3061 4225 3344 4286 numerum

1781 4279 2306 4356 quinquagesimum,
2357 4292 2409 4335 et
2457 4281 2868 4356 trigintarubiti
2923 4279 3222 4356 altitudinis
3252 4295 3353 4356 per

1785 4349 2066 4410 tiumérum
2099 4355 2427 4420 trigesimum
2465 4351 2903 4417 multiplicemur,
2931 4349 3146 4420 dabunt
3175 4349 3350 4402 90000

1783 4427 1991 4480 cubitos
2039 4418 2405 4493 longitudinis,
2455 4421 2595 4474 2500
2630 4420 3055 4493 (latituilinis,_‘et
3091 4418 3194 4471 900
3223 4420 3348 4493 alti-

1787 4497 2004 4558 tudinis,
2053 4485 2195 4563 quod
2253 4501 2436 4563 aperte
2488 4489 2921 4563 expriuiit_ipse__
2965 4485 3256 4563 Q_r2gette._s__
3296 4490 3346 4563 in

1785 4557 2014 4634 utroque
2043 4557 2318 4619 contextu.
2359 4561 2454 4615 llis
2486 4557 2864 4634 itaexpositis,
2901 4558 3054 4610 facile
3092 4557 3349 4626 intelligi-

1785 4645 1871 4689 tur
1920 4631 2191 4704 qnomodo
2245 4634 2441 4704 dixerit
2505 4631 2770 4704 Origenes
2829 4639 2968 4681 arcae
3018 4636 3347 4704 structuram

1787 4699 2027 4758 maxime
2057 4704 2174 4756 urbi
2202 4703 2452 4756 similem.
2503 4701 2614 4753 lmo
2642 4715 2738 4753 nec
2769 4709 2873 4752 tam
2923 4699 3098 4764 ampla
3130 4699 3348 4764 quidem

1785 4792 2008 4844 usquam
2048 4774 2257 4828 exsilit
2310 4773 2459 4825 urbs.
2517 4770 2658 4844 Pone
2703 4770 2844 4821 enim
2873 4767 3112 4844 cubitum
3162 4783 3228 4820 rx
3261 4769 3352 4821 de-

1784 4839 1900 4898 cem
1951 4854 2008 4898 et
2040 4855 2163 4898 octo
2203 4851 2406 4895 lautum
2451 4841 2730 4909 pollicibus
2763 4848 3018 4892 constare
3047 4839 3226 4909 (quem
3266 4849 3349 4888 ta-

1787 4931 1906 4968 men
1963 4914 2026 4970 li.
2061 4917 2120 4968 P.
2155 4911 2306 4966 Lami
2360 4905 2548 4979 viginti
2609 4910 2892 4979 pollicibus
2941 4911 3080 4979 apud
3136 4905 3350 4960 Juda-os

1784 4986 2092 5039 constitisse
2123 4985 2321 5050 docet),
2357 4977 2532 5035 90000
2566 4980 2733 5032 cubiti
2768 4977 3112 5050 longitudinis
3144 4980 3348 5029 consti-

1789 5064 1938 5108 tnent
1972 5070 2151 5107 arcam
2180 5048 2386 5106 155000
2413 5056 2607 5120 pedum
2641 5059 2948 5102 nostrorum
2978 5048 3209 5120 longam,
3235 5061 3350 5100 Sive

1783 5126 1960 5179 27000
2014 5138 2271 5192 passuum
2323 5117 2798 5192 geometricorum,
2836 5117 3106 5192 (videlicet
3159 5131 3349 5192 novem

1789 5187 2061 5249 lcucaruin
2100 5210 2163 5247 ex
2214 5187 2385 5246 tribus
2423 5191 2658 5246 millibus
2702 5191 2952 5259 passibus
3002 5187 3349 5254 geometricis

1787 5270 2173 5318 ronstautium.
2219 5264 2368 5327 Quod
2405 5278 2532 5315 sane
2570 5275 2633 5312 ne
2687 5258 2974 5311 vetnsiinile
2997 5259 3210 5323 quidem
3241 5269 3346 5308 est.

1785 5335 1890 5389 Sed
1937 5338 2071 5389 satis
2120 5335 2371 5388 habuisse
2424 5335 2633 5385 videtur
2685 5329 2948 5398 Origenes
2997 5331 3040 5379 si
3093 5327 3246 5380 tlelso
3296 5334 3350 5377 et

1780 5406 1952 5474 Apelli
2010 5420 2193 5458 arcam
2245 5404 2601 5474 irridentibus
2652 5411 2923 5474 utcunque
2975 5406 3347 5474 responderet.

1784 5463 1931 5531 lliutc
1959 5476 2393 5544 observationem
2434 5472 2602 5544 nobis
2631 5463 3040 5544 suppeditarunt
3087 5467 3204 5544 illi.
3243 5463 3349 5544 νιζ.

1782 5547 2072 5601 Societatis
2121 5543 2246 5599 Jesu
2286 5544 2336 5595 in
2385 5559 2491 5597 suo
2537 5540 2724 5593 Diui-io
2762 5537 3096 5590 Treroliiensi
3150 5537 3354 5589 mensis

1783 5618 2098 5670 Decembris
2132 5615 2257 5670 anui
2289 5615 2444 5678 1740,
2479 5629 2601 5683 pag.
2627 5609 2791 5665 2555.

1854 5687 1965 5759 (77)
2004 5687 2154 5759 Quod
2180 5696 2276 5750 est,
2316 5677 2740 5759 pui'i’a'siﬁueua.
2804 5677 2928 5732 [lare
2961 5692 3080 5746 qua:
3109 5677 3159 5729 iu
3191 5683 3352 5730 antea

1783 5755 1955 5812 editis
1977 5757 2178 5812 omissa
2214 5766 2362 5821 sunt,
2399 5755 2714 5825 supplentur
2740 5765 2770 5805 e
2799 5762 2930 5802 mss.
