3902 6512
546 405 646 465 tor
1321 455 1328 458 _
1995 391 2316 449 ORIGENIS
3659 389 3735 449 ιιι

551 538 654 582 tem
681 523 1081 593 geometricam,
1113 533 1274 589 qnam
1305 516 1577 589 praecipue
1610 514 1853 587 :Egyptii
1894 515 2087 569 callent

2216 512 2311 566 τοῦ
2329 512 2646 584 τρανότερον
2664 511 2854 582 νοῆσαι
2871 509 2954 575 τὸ,
2971 508 3354 578 ἐπισυνάγων
3377 506 3630 576 ποιήσεις
3650 513 3737 580 τὴν

546 618 848 672 cubitorum
880 625 1164 665 numerum
1202 610 1252 663 in
1288 612 1390 664 hoc
1423 611 1541 663 loco
1567 608 1765 678 posuit.
1802 606 1958 676 Apud
1988 621 2087 676 geo

2220 601 2486 662 κιϐωτὸν,
2515 603 2611 655 καὶ
2643 604 2728 667 εις
2759 601 2970 671 πῆχυν
3003 598 3392 662 συντελέσεις
3417 595 3598 664 αὐτὴν
3622 598 3740 652 ἄνω-

548 716 750 763 metras
799 703 910 773 (78)
957 702 1101 755 enim
1144 702 1446 754 secundum
1491 715 1610 753 eam
1661 699 1948 761 rationem,
1998 712 2089 766 qua

2220 693 2344 752 θεν,
2363 689 2614 743 ἐκθέσθαι
2635 690 2725 743 τὸν
2741 691 2901 743 οἱονεὶ
2918 688 3354 766 ἀρχιτεκτονικδν
3371 686 3595 758 περὶτῆς
3609 688 3736 741 κιϐω-

546 799 688 863 apud
717 811 811 851 eos
845 797 1018 851 virtus
1049 806 1300 860 vocatur,
1330 809 1394 848 ex
1429 792 1602 848 solido
1636 799 1689 845 et
1735 791 2003 859 quadrato
2035 804 2087 842 ve

2217 781 2311 835 τοῦ
2352 783 2526 850 λόγον,
2562 782 2715 853 φέρε,
2759 782 2834 844 ὡς
2867 781 3259 833 ὑποπέπτωκεν
3301 780 3448 849 ἡμῖν,
3490 778 3577 830 καὶ
3602 795 3738 848 papa-

547 889 600 942 ln
650 903 744 942 sex
778 888 990 941 cubitos
1045 901 1183 938 unus
1229 885 1521 952 deputatur
1559 881 1604 936 si
1651 879 1996 950 generaliter,
2034 894 2088 933 ve

2220 872 2487 944 θήκαμεν,
2519 872 2678 928 αὐτὸν
2711 871 3018 942 ἐχρώμεθα.
3059 871 3189 924 Νόει
3219 887 3306 940 μοι
3329 869 3636 940 τριακοσίων
3660 887 3738 940 πη-

547 989 822 1034 trecentos
865 978 908 1031 si
943 976 1249 1031 minutatim
1285 975 1602 1028 deducatur.
1645 971 1773 1038 Quae
1810 970 1993 1039 tttique
2032 983 2088 1021 ra

2220 963 2360 1034 χέων
2403 965 2511 1017 τῶν
2554 965 2856 1035 εἰρημένων
2887 964 3026 1017 κατὰ
3070 963 3166 1034 τὴν
3199 961 3530 1032 καλουμένην
3557 961 3739 1031 δύναμιν

551 1071 626 1124 tio
655 1071 698 1124 si
734 1071 1078 1131 observetur,
1110 1068 1160 1120 in
1192 1065 1352 1134 hujus
1385 1078 1526 1117 areae
1553 1076 1805 1116 mensura
1841 1059 2089 1114 iuvenien

2221 1051 2357 1110 εἶναι
2401 1055 2696 1108 κατωτάτω
2741 1057 2802 1109 τὸ
2841 1057 2940 1126 τῆς
2965 1053 3193 1109 κιϐωτοῦ
3228 1054 3419 1124 μῆκος,
3466 1053 3557 1106 καὶ
3587 1057 3741 1124 πεντή-

549 1175 636 1217 tur
665 1173 719 1217 et
751 1147 1101 1232 longitudinis
1148 1167 1203 1213 et
1235 1158 1534 1212 latitudinis
1583 1165 1730 1210 tanta
1767 1154 1967 1222 spatia,
2000 1167 2090 1220 qu:

2224 1163 2386 1200 κοντα
2420 1147 2650 1211 πλάτοςο
2705 1144 2821 1200 εἶτα
2869 1147 3008 1201 κατὰ
3035 1145 3213 1216 πῆχυν
3253 1141 3739 1211 ὲπισυνάγεσθαιτοῦ

547 1273 675 1312 vere
708 1258 873 1311 totius
909 1254 1093 1308 mundi
1132 1251 1428 1322 reparanda
1465 1249 1707 1319 germina
1741 1256 1796 1301 et
1839 1247 2088 1300 universa

2228 1237 2328 1308 μὲν
2365 1239 2569 1308 μήκους
2613 1237 2743 1290 δέκα
2796 1238 3008 1308 πήχεις,
3040 1237 3133 1291 τοῦ
3188 1237 3244 1290 δὲ
3298 1234 3546 1299 πλάτους,
3572 1235 3655 1287 ἕνα
3686 1235 3742 1287 δί-

550 1364 670 1402 rum
724 1347 1082 1400 animantium
1131 1357 1328 1413 capere
1375 1341 1612 1395 rediviva
1665 1337 1771 1409 63
1820 1336 2091 1392 seminari.

2226 1347 2412 1401 μοιρον
2439 1347 2454 1364 ο
2485 1330 2623 1383 ὥστε
2647 1329 2894 1397 γενέσθαι
2915 1329 3004 1382 τὸν
3037 1327 3354 1401 τριακοστὸν
3376 1325 3467 1379 τοῦ
3492 1326 3640 1394 ὕψους

549 1439 846 1507 potuerint.
914 1436 1059 1501 Haec,
1092 1443 1350 1503 quantum
1383 1433 1448 1484 ad
1481 1431 1717 1484 historia:
1764 1429 1998 1498 pertinet
2027 1440 2086 1479 ra

2221 1440 2343 1492 χυν,
2371 1422 2502 1474 δέκα
2527 1423 2635 1492 ,μὲν
2661 1422 2755 1474 τοῦ
2797 1423 3026 1492 μήκους,
3058 1421 3174 1484 ἑνὸς
3207 1421 3262 1473 δὲ
3292 1420 3385 1473 καὶ
3425 1418 3646 1489 διμοίρου
3673 1420 3740 1471 τοῦ

551 1531 775 1592 tionem,
829 1529 1113 1581 adversum
1155 1539 1248 1578 eos
1299 1525 1441 1577 dicta
1479 1521 1607 1585 sint,
1659 1521 1750 1589 qui
1802 1519 2092 1589 impugnan

2223 1512 2491 1575 πλάτους·
2523 1513 2641 1565 εἶτα
2692 1512 2827 1583 μετὰ
2868 1511 3026 1565 τοῦτο
3073 1510 3482 1580 συντελεσθῆναι
3507 1509 3577 1570 εἰς
3607 1509 3743 1576 πῆχυν

551 1621 850 1687 scripturas
901 1617 1112 1671 Veteris
1169 1613 1500 1668 Testamenti
1549 1613 1814 1677 nituntur,
1865 1621 2092 1679 tanquau

2220 1608 2319 1677 τὴν
2354 1605 2787 1676 ἐπισυναγωγὴν.
2828 1606 2891 1656 Εἰ
2924 1604 2979 1656 δέ
3007 1621 3083 1675 τῳ
3116 1602 3284 1673 βιαῖος
3312 1599 3448 1655 εἶναι
3482 1601 3598 1674 δόξῃ
3620 1601 3644 1651 ὁ
3667 1602 3743 1669 πῆ-

553 1710 906 1780 impossibilia
957 1709 1202 1779 quedam
1267 1716 1323 1760 et
1374 1703 1768 1760 irrationabilia
1829 1703 2094 1757 contineri

2221 1717 2320 1769 χυς
2359 1698 2674 1766 τριακοστὸς
2701 1696 2795 1760 ὢν,
2825 1697 2917 1750 καὶ
2943 1695 3156 1768 πρῶτος
3187 1694 3259 1748 ὣν
3284 1695 3377 1748 τοῦ
3408 1693 3585 1761 ὕψους,
3612 1709 3742 1761 πως-

554 1813 654 1857 tcs.
2223 1792 2392 1861 εχέτω
2414 1792 2478 1860 τῇ
2523 1789 2663 1856 λέξει
2694 1788 2944 1861 λεγούσῃ,
2980 1788 3080 1842 καὶ
3105 1787 3419 1856 τριάκοντα
3449 1788 3667 1854 πηχέων
3697 1791 3744 1833 to

550 1893 710 1960 ὕψος
731 1888 935 1956 αὐτῆς,
966 1889 1347 1958 ἐπεσυγάγων
1370 1887 1644 1952 ποιήσεις
1668 1884 1783 1953 τὴν
1816 1881 2086 1946 κιϐωτὸν,
2112 1880 2210 1936 καὶ
2240 1883 2328 1946 εἰς
2373 1880 2581 1949 πῆχυν
2597 1877 2987 1945 συντελέσεις
3015 1878 3228 1944 αὑτήν.
3271 1874 3436 1948 υἷμαι
3462 1881 3564 1950 γὰρ
3586 1880 3745 1948 ἐμφαί-

551 1984 734 2036 νεσθαι
772 1982 908 2053 μετὰ
933 1983 1013 2044 τὸ,
1043 1981 1139 2034 καὶ
1192 1979 1505 2048 τριάκοντα
1553 1976 1795 2045 πηχέων
1845 1974 1912 2027 τὸ
1959 1975 2134 2042 ὕψος,
2185 1973 2274 2025 τὸν
2309 1971 2523 2043 πρῶτον
2569 1971 2661 2024 καὶ
2714 1972 3031 2042 τριακοστὸν
3064 1971 3258 2041 πῆχυν,
3303 1970 3390 2023 διὰ
3426 1957 3542 2034 τοῦ,
3571 1971 3654 2022 καὶ
3683 1973 3748 2036 εἰς

551 2078 753 2148 πῆχυν
780 2078 1169 2140 συντελέσας
1196 2076 1389 2143 αὐτὴν
1416 2074 1661 2128 ἀνωθεν.

1917 2134 2166 2190 VERSIO
2202 2134 2411 2192 NOVA.

553 2241 990 2313 quinquaginta;
1027 2237 1220 2291 deinde
1258 2252 1357 2306 per
1392 2235 1642 2313 singulos
1691 2231 1906 2313 cubitus
1945 2230 2450 2313 arramﬂseeuudum
2483 2226 2872 2308 Inpgitudiuem
2918 2228 3082 2281 minui
3133 2228 3318 2283 decem
3349 2229 3566 2294 cubitis,
3595 2245 3748 2284 secun-

550 2298 676 2366 dum
709 2298 1048 2362 latitudinem
1084 2298 1287 2369 autem',
1333 2323 1438 2358 uno
1476 2298 1657 2356 Γιιὶιίιο
1686 2312 1741 2356 et
1773 2303 1979 2354 duabus
2016 2299 2191 2369 tertiis
2231 2298 2602 2369 partibtts,ita
2639 2308 2696 2350 ut
2731 2299 3038 2352 tricesimus
3081 2301 3133 2352 in
3176 2301 3457 2353 cacumine
3485 2302 3676 2355 cubitus
3701 2319 3747 2354 cx

550 2383 740 2435 decem
767 2381 820 2432 iu
857 2379 1216 2446 longitudine,
1248 2367 1412 2443 atque
1450 2391 1514 2427 ex
1543 2390 1649 2446 uno
1683 2387 1748 2446 ac
1779 2370 1985 2422 duabus
2027 2368 2201 2446 tertiis
2234 2369 2478 2435 partibus
2503 2367 2552 2419 iu
2590 2367 2873 2446 latitudine
2905 2369 3031 2432 liat;
3057 2370 3252 2424 deinde
3288 2385 3413 2423 vero
3451 2371 3747 2425 imminutam

553 2455 634 2504 sic
681 2465 864 2501 arcam
899 2438 977 2499 in"
997 2448 1241 2500 cubitum
1275 2438 1543 2499 désinere.
1585 2443 1640 2495 Si
1667 2442 1750 2494 etii
1781 2449 1960 2492 autem
1993 2438 2260 2492 violenter
2295 2451 2589 2509 expressus
2622 2439 2833 2509 videtur
2880 2439 3191 2507 trigesimus
3220 2441 3433 2494 cubitus
3470 2441 3560 2509 qui
3605 2442 3648 2492 in
3678 2457 3747 2493 ca-

553 2520 768 2574 cumine
797 2528 934 2577 erat,
973 2519 1020 2570 is
1053 2517 1293 2568 attendat
1318 2517 1442 2567 huic
1477 2513 1693 2565 lectioni
1737 2534 1747 2565 :
1784 2509 1848 2561 Et
1874 2510 2090 2575 triginta
2120 2509 2416 2580 cubitorum
2449 2507 2676 2580 altitudo
2691 2507 2852 2580 pejus;
2879 2510 3239 2580 inunguatum
3262 2511 3453 2562 sensim
3488 2507 3665 2580 redige:
3686 2526 3749 2560 ιιι·-

557 2605 700 2652 cani,
739 2599 784 2640 et
819 2590 870 2640 in
901 2589 1131 2639 cubitum
1179 2585 1408 2637 absolves
1441 2584 1610 2635 illam.
1652 2581 1919 2634 Existimo
1944 2580 2088 2652 enim
2124 2577 2539 2652 declararinpost
2574 2577 2723 2652 illud,
2751 2589 2796 2628 et
2825 2577 3040 2652 triginta
3087 2581 3376 2652 cubitorum
3403 2577 3643 2643 altitudo,
3669 2583 3750 2648 pri-

557 2646 702 2712 mum
739 2657 884 2710 ἰΙΙιιιιι
917 2657 1159 2709 cubitum
1193 2653 1280 2720 qui
1329 2654 1640 2724 trigesimus
1673 2661 1812 2714 erat,
1842 2665 1936 2716 per
1973 2651 2087 2701 haec
2120 2649 2283 2700 verba
2323 2665 2337 2699 :
2377 2646 2444 2699 Et
2478 2647 2530 2700 in
2556 2647 2785 2699 cubitum
2817 2648 3048 2700 absolves
3087 2649 3232 2701 illam
3269 2652 3514 2717 desuper.

622 2752 676 2805 5.
711 2749 864 2803 Nunc
895 2763 1021 2802 vero
1051 2747 1162 2816 jam
1191 2747 1542 2814 deprecantes
1588 2757 1711 2796 eum
1747 2741 1897 2810 prius
1917 2738 2009 2808 qui
2039 2751 2131 2791 so-
2163 2740 2207 2798 Β
2239 2747 2326 2789 tur
2355 2751 2486 2807 ergo
2517 2738 2744 2807 papulas
2779 2739 2866 2791 hic
2893 2739 2984 2807 qui
3019 2738 3260 2793 salvatur
3299 2741 3351 2794 in
3389 2740 3640 2809 Ecclesia,
3673 2743 3749 2796 illis

555 2844 640 2900 lus
664 2851 843 2913 potest
885 2843 949 2896 de
996 2822 1226 2895 lectione
1255 2838 1465 2893 Veteris
1499 2835 1853 2899 .Testamenti
1910 2831 2126 2886 auferre
2230 2829 2505 2894 omnibus,
2535 2831 2650 2884 sive
2671 2830 3000 2894 hominibus,
3029 2831 3143 2885 sive
3173 2832 3522 2899 animalibus,
3548 2849 3654 2902 qua:
3671 2835 3750 2887 sal-

557 2936 827 2994 velatuen.
858 2944 1127 2988 tentemus
1179 2932 1457 2999 inquirere
1487 2927 1614 2998 quid
1659 2927 1822 2981 etiam
1867 2921 2127 2993 Spiritalis
2231 2930 2352 2974 vata
2397 2932 2522 2976 sunt
2548 2923 2598 2976 in
2630 2937 2775 2976 arca.
2807 2923 3007 2978 Verum
3031 2925 3286 2991 quoniam
3314 2941 3417 2979 non
3448 2935 3533 2980 est
3554 2926 3750 2980 omnium

555 3024 936 3080 aedilicationis
961 3022 1236 3076 contineat
1259 3018 1543 3089 magniﬁca
1571 3017 1684 3070 haec
1708 3029 1846 3068 arcae
1875 3021 2132 3067 construe
2233 3030 2398 3068 unum
2433 3017 2710 3083 meritmn,
2739 3031 2837 3070 nec
2876 3031 3015 3071 unus
3047 3017 3098 3070 in
3134 3019 3236 3072 lide
3265 3017 3564 3086 profectus,
3593 3021 3751 3075 idcirco

557 3117 684 3171 ctio.
719 3115 852 3170 Puto
884 3129 1014 3181 ergo
1050 3111 1149 3181 (ut
1182 3127 1281 3180 ego
1328 3126 1424 3180 pro
1475 3108 1743 3180 parvitate
1779 3119 1974 3160 sensus
2024 3102 2128 3158 mei
2231 3115 2284 3160 et
2313 3120 2440 3159 arca
2471 3105 2558 3159 illa
2591 3122 2693 3160 non
2728 3122 2888 3160 uuam
2919 3106 3123 3176 praebet
3151 3109 3403 3164 omnibus
3431 3111 3751 3175 mansionem,

557 3207 776 3276 assequi
808 3203 1060 3274 possum)
1095 3204 1236 3272 quod
1266 3202 1394 3256 illud
1437 3201 1721 3264 diluvium,
1752 3213 1860 3267 quo
1891 3209 2028 3265 pene
2066 3193 2131 3248 [ἰ-
2231 3197 2328 3252 sed
2357 3198 2687 3252 bicamerata
2718 3208 2844 3253 sunt
2869 3199 3147 3267 inferiora,
3171 3209 3226 3255 et
3258 3201 3598 3256 tricamerata
3627 3219 3753 3273 supeo

558 3298 643 3354 nis
677 3309 801 3352 tunc
846 3299 1001 3350 datus
1029 3306 1114 3349 est
1143 3295 1370 3358 mundo,
1406 3293 1636 3347 formam
1671 3299 1850 3345 teneat
1899 3290 2022 3343 linis
2068 3285 2132 3341 il-
2233 3289 2396 3351 riora,
2429 3299 2483 3344 et
2512 3291 2621 3344 uidi
2652 3291 3055 3360 distinguuntur
3078 3293 3129 3346 in
3158 3309 3218 3346 ea
3247 3309 3262 3348 :
3300 3303 3357 3348 ut
3382 3297 3627 3350 ostendat
3659 3297 3753 3364 quia

556 3391 662 3446 lius
712 3389 803 3459 qui
852 3402 978 3441 vere
1026 3387 1242 3439 futurus
1285 3395 1369 3439 est
1406 3385 1592 3437 mundi
1630 3383 1695 3438 ⁵³.
1726 3381 1876 3448 Quod
1923 3388 1978 3434 et
2015 3379 2132 3450 ipse
2228 3389 2284 3434 et
2317 3381 2369 3434 in
2401 3381 2636 3436 Ecclesia
2671 3382 2793 3435 licet
2813 3397 3000 3438 omnes
3027 3383 3166 3438 intra
3219 3401 3376 3439 unam
3421 3386 3579 3441 tidem
3612 3389 3754 3442 couti—

557 3479 824 3533 Dominus
843 3475 1212 3547 pronuntiavit
1244 3475 1432 3527 dicens
1467 3490 1481 3524 :
1517 3471 1664 3526 Sicut
1693 3471 1831 3524 enim
1862 3470 1915 3521 in
1946 3467 2127 3519 diebus
2235 3485 2489 3540 "cantur,
2523 3485 2686 3542 atque
2732 3491 2840 3530 uno
2880 3475 3209 3546 baptismate
3239 3481 3541 3547 ιιίιηειηιω-⁹
3574 3495 3667 3534 non
3693 3491 3754 3533 ια-

559 3568 677 3623 Nec
716 3571 975 3635 emebant,
1013 3569 1322 3629 vendebant,
1371 3563 1731 3631 wdi/icabant,
1780 3559 2040 3613 nubebant
2080 3572 2100 3610 e

2233 3582 2352 3621 men
2383 3583 2520 3622 unus
2567 3569 2820 3624 omnibus
2865 3582 3026 3640 atque
3063 3573 3202 3625 idem
3245 3573 3522 3642 profectus
3553 3588 3648 3636 εει,
3687 3574 3755 3627 sed

554 3673 775 3732 nuptum
809 3661 1116 3724 tradebant,
1141 3671 1187 3712 et
1215 3659 1348 3712 venit
1378 3658 1657 3720 dilui-iam,
1694 3664 1740 3708 et
1768 3654 1992 3723 perdidit
2017 3666 2130 3703 oni-
2231 3660 2602 3728 unusquisque
2644 3660 2697 3713 in
2731 3673 2828 3714 suo
2858 3661 3072 3715 ordine.
3103 3661 3163 3715 lli
3198 3663 3434 3731 quidem,
3468 3665 3560 3734 qui
3584 3680 3668 3734 per
3693 3681 3756 3718 ra.

557 3770 668 3816 n68.
697 3754 769 3805 ίια
803 3753 900 3805 erit
932 3764 977 3804 ει
1018 3755 1268 3803 adventus
1312 3747 1440 3801 Filii
1470 3748 1717 3800 hominis.
1766 3746 1822 3798 III
1869 3760 1976 3813 quo
2015 3743 2131 3796 CVi-
2232 3749 2545 3803 tiouabilem
2573 3751 2855 3805 scientiam
2889 3753 3081 3806 vivunt
3121 3763 3176 3806 et
3205 3754 3377 3808 idonei
3409 3765 3538 3809 sunt
3567 3771 3660 3810 non
3687 3771 3756 3810 so-

557 3847 748 3901 deuter
806 3860 909 3897 una
963 3844 1261 3910 eademque
1311 3842 1481 3893 forma
1523 3840 1748 3902 diluvii,
1799 3837 1943 3905 quod
1991 3849 2130 3902 pm-
2230 3840 2678 3909 lumsemetipsos
2705 3857 2908 3912 regere,
2942 3847 3034 3897 sed
3060 3843 3268 3898 etalios
3294 3845 3516 3908 docere,
3542 3847 3754 3914 quoniam

557 3938 741 3998 cessit,
776 3945 830 3988 et
875 3934 998 3986 linis
1037 3933 1222 3986 mundi
1268 3947 1429 4000 quem
1477 3939 1758 3982 venturum
1795 3929 1950 3991 dicit,
1983 3924 2130 3980 desi~
2230 3932 2385 3985 valde
2419 3933 2571 4001 pauci
2626 3933 2991 3998 inveniuntur,
3041 3945 3335 4002 paucarum
3374 3935 3488 4007 (79)
3531 3937 3617 4004 qui
3661 3951 3756 3989 cum

558 4038 774 4097 guatur.
806 4027 957 4081 Sicut
997 4039 1126 4093 ergo
1159 4033 1287 4076 tunc
1325 4023 1527 4074 dictum
1564 4028 1650 4075 est
1684 4019 1749 4073 ad
1799 4019 1944 4072 ἱΙΙιιιιι
1989 4017 2122 4083 Noe,
2232 4020 2350 4090 ipso
2383 4022 2491 4076 Noe
2540 4024 2839 4088 salvantur,
2892 4035 2946 4079 et
2998 4026 3240 4094 proxima
3286 4027 3336 4081 ei
3379 4028 3757 4098 propinquitate

559 4131 614 4172 ut
646 4120 855 4172 faceret
877 4133 1079 4180 arcam,
1106 4125 1160 4167 et
1190 4113 1559 4167 introduceret
1589 4112 1639 4164 in
1663 4125 1780 4164 eam
1811 4124 1992 4162 sccqu
2018 4123 2122 4162 non
2149 4109 2190 4166 C
2222 4115 2542 4184 junguntur,
2578 4129 2762 4172 leuent
2793 4121 3014 4187 liguram
3049 4121 3227 4174 :sicut
3247 4130 3301 4173 et
3333 4119 3593 4176 Dominus
3614 4132 3759 4175 ηοςιετ

558 4213 729 4266 Solum
772 4211 931 4270 tilias,
956 4219 1007 4262 et
1037 4210 1316 4277 proximos
1340 4222 1489 4269 suos,
1519 4220 1705 4258 verum
1731 4203 1894 4256 etiam
1926 4202 2124 4256 diversi
2233 4224 2393 4263 verus
2419 4209 2532 4265 Nec
2563 4210 2812 4265 Christus
2839 4210 2997 4266 Jesus
3047 4227 3247 4281 paucos
3293 4213 3457 4266 habet
3501 4214 3757 4283 proximos,

559 4305 775 4375 generis
812 4301 1068 4356 animalia
1104 4316 1117 4351 :
1158 4300 1230 4352 ita
1279 4299 1441 4352 etiam
1478 4297 1541 4350 ad
1587 4306 1830 4350 nostrum
1874 4293 2006 4357 Noe,
2037 4294 2124 4361 qui
2229 4313 2430 4366 paucos
2466 4300 2608 4354 filios
2635 4309 2688 4354 et
2728 4301 3084 4368 prepinquos,
3119 4300 3208 4368 qui
3242 4300 3390 4353 verbi
3425 4299 3547 4367 ejus
3578 4299 3760 4370 partici-

558 4411 686 4449 vcre
722 4394 1064 4462 solusjustus
1092 4403 1146 4445 et
1171 4391 1320 4444 solus
1366 4390 1641 4470 perfectus
1679 4399 1786 4451 est,
1842 4387 2124 4440 Dominqu
2231 4401 2325 4454 pes
2353 4389 2478 4449 sint,
2511 4400 2566 4442 et
2614 4390 2895 4458 sapientizc
2931 4404 3180 4458 capaces.
3223 4387 3289 4441 Et
3322 4389 3355 4442 ii
3400 4400 3550 4454 sunt,
3599 4390 3676 4458 qui
3720 4389 3758 4440 ia

556 4483 737 4539 Jesum
765 4484 1038 4538 Clu-istum
1079 4483 1129 4535 in
1172 4482 1642 4536 consummatione
1683 4477 1998 4533 Sicculorum
2046 4478 2127 4529 die
2228 4492 2444 4533 summo
2482 4479 2654 4548 gradu
2707 4483 2869 4550 positi
2919 4492 3068 4542 sunt,
3119 4491 3173 4535 et
3223 4482 3274 4534 in
3307 4483 3623 4535 summitate
3651 4492 3760 4533 arca:

559 4588 705 4631 ctum
733 4589 872 4631 esta
900 4576 1084 4640 Patre,
1121 4587 1178 4629 ut
1226 4575 1429 4629 faceret
1473 4573 1572 4627 sibi
1620 4587 1804 4626 arcam
1855 4584 1920 4624 ex
1969 4569 2127 4638 lignis
2229 4570 2586 4624 collocantur.
2619 4570 2881 4625 Caeterum
2931 4573 3212 4626 nmltitntlu
3249 4573 3642 4627 irrationalium
3673 4569 3762 4625 aui-

560 4670 863 4738 qnadratis,
895 4679 948 4722 et
985 4682 1270 4722 mensuras
1310 4668 1356 4720 ei
1397 4667 1551 4720 daret
1585 4661 1899 4718 cmlestibus
1935 4674 2125 4712 sacra-
2231 4661 2477 4728 malium,
2506 4662 2586 4716 vel
2615 4665 2776 4717 etiam
2811 4665 3105 4728 bestiarum
3156 4665 3209 4718 in
3262 4665 3608 4720 inferioribus
3652 4661 3762 4717 locis

563 4760 762 4812 mentis
820 4758 1072 4829 repletas.
1126 4758 1240 4812 Hoc
1282 4757 1423 4809 enim
1459 4754 1775 4818 designatur
1827 4750 1878 4803 in
1912 4748 2127 4801 Psalmo
2229 4753 2481 4819 habetur,
2516 4763 2569 4808 et
2599 4768 2783 4809 eorum
2815 4757 3069 4820 maxime,
3102 4771 3333 4824 quorum
3374 4756 3608 4811 feritatis
3634 4755 3762 4810 sani-

559 4850 648 4903 nbi
680 4850 850 4905 dicit:
884 4848 1010 4903 Pete
1032 4867 1062 4902 a
1086 4865 1185 4914 me;
1210 4860 1256 4902 et
1283 4849 1418 4901 dabo
1449 4847 1542 4899 tibi
1566 4854 1741 4915 gentes
1767 4844 2126 4897 [nereditatem
2230 4843 2361 4896 tiam
2415 4859 2515 4899 nec
2570 4844 2692 4898 lidei
2748 4845 2976 4901 dulcedo
3025 4847 3278 4901 mollivit.
3315 4847 3632 4917 Superiores
3661 4858 3763 4899 vero

559 4948 728 5005 taam,
774 4947 825 4992 et
869 4939 1245 5007 possessionem
1281 4949 1428 4990 tuam
1468 4939 1718 4999 terminos
1758 4943 1932 4986 terrae.
1981 4930 2126 4985 Cou-
2231 4934 2567 5003 aliquantulo
2593 4936 2660 4990 ab
2690 4936 2773 4990 his
2810 4947 2957 5002 sunt,
2989 4939 3079 5009 qui
3133 4939 3254 4992 licet
3311 4940 3490 4995 minus
3552 4939 3762 5001 rationis,

558 5033 720 5086 struit
746 5045 878 5102 ergo
902 5045 1108 5094 arcam,
1134 5039 1190 5084 et
1211 5028 1341 5084 facit
1363 5029 1417 5081 in
1441 5041 1500 5081 ea
1529 5025 1702 5091 nidos,
1733 5026 1781 5080 id
1808 5035 1910 5090 est,
1944 5039 2127 5093 prom-
2230 5026 2524 5095 plurimum
2551 5036 2732 5082 tamen
2757 5029 3139 5099 simplicitatis,
3163 5031 3594 5101 innocentiaeque
3611 5041 3764 5086 custo-

557 5121 769 5190 ptuaria
789 5121 1035 5189 qnmdam
1065 5121 1264 5189 quibus
1285 5120 1483 5174 diversi
1514 5121 1728 5189 generis
1757 5117 2009 5170 animalia
2035 5128 2124 5168 re-
2228 5117 2403 5171 diunt.
2437 5117 2503 5170 Et
2532 5119 2612 5173 sic
2646 5135 2741 5189 per
2767 5121 3008 5190 singulos
3035 5123 3428 5177 habitationum
3473 5127 3664 5193 gradus
3697 5137 3765 5174 as-

557 5211 850 5278 cipiantur.
889 5209 962 5264 De
1008 5213 1206 5280 quibus
1263 5220 1318 5266 et
1349 5212 1611 5281 propheta
1642 5209 1772 5263 dicit
1804 5207 1895 5259 ":
1935 5205 2122 5273 Perge,
2227 5210 2585 5265 cendentibus
2616 5215 2934 5280 pervenitur
2985 5216 3050 5268 ad
3110 5217 3282 5284 ipsum
3324 5215 3455 5277 Noe,
3488 5218 3581 5285 qui
3629 5219 3765 5268 inter-

555 5304 780 5371 populus
821 5321 985 5362 meus.
1019 5306 1160 5357 intra
1203 5306 1257 5357 in
1292 5303 1650 5372 promptuaria
1703 5311 1818 5360 tua,
1864 5297 2124 5351 absconde
2227 5307 2476 5364 prclatur
2534 5301 2749 5370 requies
2805 5303 2941 5374 (80),
3000 5305 3084 5357 vel
3141 5305 3338 5374 justus,
3391 5307 3481 5374 qui
3530 5316 3609 5360 est
3635 5305 3764 5358 .Icsns

553 5405 604 5448 te
629 5412 909 5464 parumper
939 5397 1101 5449 donec
1150 5406 1381 5450 transeat
1409 5397 1558 5464 {uror
1602 5395 1697 5447 irtv
1725 5407 1871 5444 metu.
1898 5390 2113 5443 Conl'ero
2227 5388 2497 5446 Christus.
2529 5392 2716 5464 Neque
2745 5398 2892 5451 enim
2926 5398 2980 5451 in
3023 5398 3169 5452 illttnt
3202 5398 3316 5453 Noe
3351 5401 3623 5466 convenit,
3647 5399 3766 5470 quod
3854 5393 3855 5452 ἰ

627 5490 671 5523 ⁸³
699 5491 830 5546 Luc.
863 5507 998 5554 xvu,
1024 5490 1118 5556 ‘26,
1143 5492 1233 5546 Ἦ.
1310 5494 1357 5524 ⁸⁸
1379 5491 1527 5548 Psal.
1553 5507 1615 5553 ιι,
1647 5489 1700 5546 8.
1783 5490 1828 5520 ⁸³
1858 5488 1955 5539 Isu.
1984 5482 2225 5548 axvn,‘20.
2306 5485 2356 5519 ⁸⁸
2375 5485 2574 5546 Genes.
2603 5509 2656 5558 ν,
2681 5493 2770 5548 29.

624 5584 899 5668 (Kl-413W
915 5582 2120 5668 9800l61_f3l'-lil).IVContraCelsum.uuln.14.
2229 5587 2482 5668 ftrtenen't
2534 5587 2782 5657 ﬁguram.
2816 5587 2948 5643 Nam
2985 5591 3293 5660 conjunctio
3339 5602 3390 5647 et
3442 5590 3763 5662 cxpungenda

627 5655 739 5729 (79)
772 5657 1092 5710 Paucorum.
1126 5657 1247 5734 lla-cz
1287 5673 1538 5734 νωμιιιιυ
1583 5659 1635 5710 in
1667 5659 1826 5734 codd.
1860 5672 1987 5706 mss.
2040 5673 2124 5734 ινφ·
2229 5655 2725 5734 ςτθιμιυίρρόιιιιω
2765 5677 2980 5715 sensum
3015 5655 3316 5732 perturbet,
3356 5655 3528 5734 neque
3575 5655 3767 5730 iii‘supcr

772 5705 792 5708 _
1126 5705 1246 5710 --η-
1671 5705 1825 5711 ----ς--
1862 5705 1885 5706 η
1979 5705 1983 5706 ν
2040 5705 2088 5708 --
2347 5705 2361 5718 ν
2490 5705 2497 5709 ν
2524 5705 2571 5712 -ν
2611 5705 2725 5712 --η-
2765 5705 2980 5715 ..υ--..υ-

561 5705 788 5806 [Elin-if.
821 5730 1335 5806 el_uccessar_ianest,
1365 5705 1705 5806 desideratur
1738 5729 1786 5782 in
1817 5739 1972 5780 antea
2009 5729 2124 5779 ed.-
2230 5705 2440 5793 li‘guttir
2555 5705 2686 5782 ιιιέδ.
3015 5705 3316 5732 run-ww,

560 5797 650 5856 tis,
676 5797 764 5848 ubi
795 5798 932 5851 male
958 5798 1119 5852 etiam
1152 5799 1289 5853 infra
1329 5809 1448 5868 post
1477 5797 1800 5868 junguntur,
1851 5798 2120 5868 sequitur,
2300 5798 2412 5867 (80)
2445 5799 2490 5853 Λ
2520 5809 2642 5867 n13,
2690 5803 2968 5873 quiescere.
