3902 6558
230 343 311 400 169
1390 340 1461 395 ΙΝ
1494 340 1755 397 GENESI]

1866 342 2112 399 lOMILlA
2149 343 2214 400 Il.

3334 358 3433 411 170

226 464 335 519 dicit
382 459 614 516 Lamech
672 472 828 531 pater
874 462 990 531 ejus
1027 477 1041 515 :
1079 459 1176 515 llic
1208 461 1366 521 enim,
1390 462 1564 530 inquit
1586 463 1654 529 ⁵⁸,
1689 479 1768 515 re-
1798 464 1844 521 Α
1873 462 2042 515 emisit
2070 464 2138 515 ad
2166 463 2341 516 omnia
2372 463 2515 532 ligna
2553 466 2744 533 campi.
2780 464 3063 536 Pr0pterea
3091 470 3319 525 esaltata
3358 484 3434 529 est

222 559 370 626 quiem
404 556 550 609 dabit
576 557 723 610 nobis
775 556 838 611 ab
868 556 1107 626 operibus
1136 561 1333 609 nostris
1377 554 1489 626 (8i)
1516 567 1562 609 et
1604 572 1636 608 a
1664 556 1765 608 tri-

227 650 366 703 stitiis
392 664 641 700 manuum
666 657 987 708 nostrarum,
1014 657 1060 700 et
1085 663 1115 698 a
1139 656 1280 698 terra
1312 662 1468 715 quam
1492 645 1768 700 maledixit

228 741 459 795 Dominus
522 736 687 794 Deus.
749 738 1028 803 Quomodo
1085 737 1227 791 enim
1274 751 1455 789 verum
1492 737 1596 790 erit
1624 737 1763 806 quod

225 833 296 887 ille
330 828 439 883 Noe
473 830 715 898 requiem
757 829 967 884 dederit
1008 829 1080 882 illi
1119 828 1377 893 Lamech,
1409 827 1492 882 vel
1543 827 1760 897 populo,

221 923 298 993 qui
327 930 450 975 ttmc
477 920 780 975 habebatur
810 921 859 974 in
893 919 1071 983 terris,
1103 919 1185 973 vel
1226 920 1496 987 quomodo
1524 918 1760 972 ablatum

221 1024 289 1068 est
316 1011 653 1065 maledictum
688 1020 863 1075 terrae,
897 1012 1037 1079 quod
1078 1010 1300 1064 dederat
1356 1011 1635 1073 Dominus,
1668 1011 1759 1065 ubi

220 1105 381 1176 pctius
422 1102 702 1156 iracundia
731 1103 911 1156 divina
942 1102 1118 1169 major
1151 1102 1475 1169 ostenditur,
1507 1111 1562 1156 et
1592 1102 1760 1158 refer-

222 1207 294 1249 tur
318 1194 493 1247 dicere
526 1194 668 1247 Deus
710 1192 757 1225 ⁸⁷
794 1209 807 1245 :
844 1191 1063 1246 Paenitet
1094 1209 1175 1246 me
1204 1193 1340 1262 quod
1372 1194 1470 1260 feci
1499 1193 1761 1247 hominem

216 1301 354 1352 ευμεν
392 1285 633 1338 terram?
668 1284 730 1338 Et
765 1284 957 1339 iterum
990 1285 1122 1339 dicit
1155 1304 1168 1339 :
1206 1285 1395 1339 Delebo
1419 1302 1617 1339 omnem
1643 1303 1758 1339 car-

221 1393 321 1430 nem
345 1391 459 1444 qum
486 1386 560 1428 est
588 1392 744 1444 super
760 1387 953 1429 terram
981 1375 1117 1443 (82).
1148 1374 1214 1430 Et
1237 1391 1398 1444 super
1415 1375 1594 1430 omnia
1618 1390 1762 1429 sumo

220 1484 307 1521 mze
354 1465 568 1519 Oileusae
600 1467 852 1519 indicium
888 1467 1135 1522 interitus
1176 1468 1472 1521 viventium
1500 1469 1677 1521 datur.
1703 1468 1758 1521 Si

222 1574 338 1613 vero
368 1559 624 1626 respicias
668 1559 733 1612 ad
788 1559 1070 1611 Dominum
1103 1569 1348 1614 nostrum
1378 1558 1560 1614 Jesum
1600 1559 1762 1615 Chri-

213 1663 359 1714 stum,
378 1648 443 1703 de
465 1664 568 1718 quo
587 1650 784 1705 dicitur
798 1651 843 1683 ⁵⁸
864 1669 876 1704 :
898 1650 1032 1704 Ecce
1048 1651 1224 1719 Agnus
1251 1650 1363 1716 Dei,
1379 1668 1492 1705 ecce
1512 1652 1601 1722 qui
1626 1652 1759 1705 tollit
1778 1628 1791 1638 .

212 1750 408 1811 peccata
471 1742 709 1806 mundi;.
750 1743 941 1797 iterum
992 1743 1061 1797 de
1090 1758 1198 1812 quo
1226 1743 1422 1798 dicitur
1445 1744 1489 1776 ⁵³
1520 1761 1534 1797 :
1564 1742 1760 1798 Factus

206 1852 292 1904 pro
345 1834 492 1887 nobis
541 1835 912 1900 maledictum,
962 1845 1017 1889 ut
1062 1852 1156 1889 nos
1202 1836 1264 1889 de
1308 1836 1585 1891 maledicto
1629 1840 1754 1908 legis

208 1928 508 1988 redimeret;
555 1926 747 1981 iterum
787 1943 905 1981 cum
939 1927 1068 1981 dicit
1096 1928 1140 1959 ⁶⁰
1173 1946 1187 1981 :
1224 1926 1406 1982 Venite
1424 1928 1490 1982 ad
1513 1945 1617 1995 me,
1646 1946 1756 1983 om—

208 2036 287 2072 nes
319 2017 425 2091 (85)
459 2019 548 2080 qui
578 2017 853 2081 laboratis,
891 2026 942 2073 et
980 2018 1184 2072 onerati
1225 2020 1376 2083 estis,
1420 2030 1466 2073 et
1499 2035 1591 2089 ego
1636 2020 1757 2089 reﬁ-

203 2111 325 2165 ciam
372 2126 480 2174 vos,
528 2119 575 2163 et
625 2110 891 2165 invenietis
933 2111 1162 2181 requiem
1209 2112 1487 2165 animabus
1521 2113 1700 2167 vestris
1735 2131 1753 2167 :

204 2201 436 2256 invenies
478 2201 621 2254 hunc
651 2215 792 2262 esse.
831 2200 924 2271 qui
954 2217 1083 2258 vere
1117 2204 1357 2271 requiem
1390 2203 1536 2259 dedit
1578 2203 1755 2259 homi-

201 2294 368 2358 nibus,
408 2302 465 2348 et
495 2292 747 2347 liberavit
782 2303 980 2348 terram
1012 2296 1077 2351 de
1110 2296 1418 2361 maledicto,
1455 2312 1561 2366 quo
1584 2297 1756 2353 male-

200 2385 324 2438 dixit
375 2384 422 2437 ei
477 2384 735 2439 Dominus
792 2385 951 2439 Deus.
988 2385 1125 2440 Huic
1177 2402 1306 2456 ergo
1354 2386 1581 2456 spiritali
1623 2386 1755 2452 Noe,

197 2475 279 2544 qui
323 2476 564 2545 requiem
631 2475 775 2530 dedit
828 2476 1163 2544 hominibus,
1214 2488 1270 2532 et
1322 2479 1443 2533 tulit
1476 2488 1755 2548 peccatum

198 2566 389 2629 mundi,
420 2566 625 2629 dicitur
648 2567 690 2598 ⁶¹
725 2582 741 2620 :
773 2564 963 2622 Facies
1003 2569 1094 2622 tibi
1122 2586 1301 2624 arcam
1338 2586 1402 2624 es:
1442 2570 1597 2641 lignis
1624 2588 1757 2642 qua-

193 2659 372 2711 dratis.

259 2748 310 2803 4.
347 2748 646 2803 Videamus
675 2763 806 2819 ergo
833 2765 951 2820 quae
983 2751 1092 2805 sint
1117 2752 1382 2820 quadrata
1407 2753 1570 2823 ligna.
1612 2752 1756 2820 Qua-

190 2841 400 2893 dratum
440 2849 548 2902 est,
581 2842 722 2909 quod
750 2842 895 2895 nulla
926 2843 1145 2898 vacillat
1190 2859 1255 2898 ex
1298 2854 1471 2913 parte,
1506 2846 1601 2900 sed
1627 2862 1758 2916 quo-

190 2950 404 3003 cunque
461 2937 710 3001 verteris,
749 2936 852 2991 tida
888 2945 942 2993 et
970 2939 1138 2994 solida
1168 2939 1463 2993 stabilitate
1488 2941 1753 2995 consistit.

194 3024 293 3079 Ista
329 3036 459 3080 sunt
515 3026 676 3096 ligna,
716 3044 839 3098 quze
880 3045 1039 3085 omne
1075 3031 1282 3099 pondus
1310 3031 1390 3084 vel
1445 3032 1756 3087 animalium

1868 550 2092 604 altitudo
2117 550 2230 620 ejus
2252 569 2407 619 super
2436 555 2611 607 omnia
2645 554 2788 625 ligna
2811 558 2999 627 campi.
3026 558 3089 612 Et
3118 570 3238 628 post
3265 577 3449 630 pauca

1868 641 2002 694 dicit
2038 661 2049 696 :
2084 643 2328 711 Cypressi
2357 644 2536 698 multte
2566 645 2623 699 in
2652 649 2901 711 paradiso
2940 650 3051 713 Dei,
3093 659 3141 703 et
3176 653 3287 716 pini
3328 669 3433 707 non

1866 744 1985 786 sunt
2010 734 2205 787 similes
2234 736 2396 789 ramis
2421 735 2558 805 ejus,
2588 748 2636 790 et
2662 739 2852 794 abietes
2886 758 2987 795 non
3033 743 3249 812 fuerunt
3289 747 3427 798 simi-

1866 822 1938 876 les
1977 824 2047 877 ei.
2084 824 2249 878 Umne
2281 826 2475 896 lignum
2519 828 2573 881 in
2611 832 2859 895 paradiso
2893 832 2987 885 Dei
3018 850 3120 887 non
3164 838 3431 888 assimila-

1865 922 1972 965 tum
2005 923 2081 968 est
2108 916 2176 976 ei,
2210 925 2259 968 et
2292 916 2462 969 celata
2486 928 2604 969 sunt
2643 934 2758 970 eum
2801 922 2978 974 omnia
3009 923 3151 991 ligna
3196 926 3434 992 paradisi

1864 1006 2172 1058 deliciarum
2197 1005 2315 1060 Dei.
2352 1007 2752 1063 Animadvertis
2793 1010 2859 1064 de
2896 1013 3090 1080 quibus
3125 1018 3208 1069 vel
3256 1020 3431 1086 quali-

1865 1097 1966 1151 bus
1995 1098 2154 1167 lignis
2180 1098 2326 1152 dicat
2366 1102 2626 1169 propheta
2656 1140 2673 1167 ,
2726 1104 3000 1170 quomodo
3041 1105 3309 1163 describat
3340 1126 3433 1182 cy‘

1864 1201 2110 1254 pressum
2143 1186 2358 1253 Libani,
2393 1194 2481 1244 cui
2531 1192 2711 1245 omnia
2749 1192 2888 1262 ligna
2920 1210 3038 1263 qua:
3088 1198 3139 1251 in
3184 1203 3433 1267 paradiso

1866 1278 1958 1332 Dei
1998 1289 2144 1343 sunt,
2178 1284 2479 1351 comparari
2505 1286 2897 1352 nonpossint?
2931 1287 2995 1340 Et
3028 1290 3231 1344 addidit
3267 1295 3429 1347 etiam

1866 1372 1964 1425 hoc
1989 1373 2054 1426 ad
2086 1373 2353 1437 ultimum,
2387 1377 2528 1443 quod
2553 1379 2733 1431 omnia
2759 1378 2925 1449 ligna,
2955 1396 3073 1449 quze
3097 1391 3222 1435 sunt
3253 1384 3306 1437 in
3336 1400 3431 1452 pa-

1865 1463 2046 1519 radiso
2095 1465 2209 1528 Dei,
2254 1467 2429 1522 zelata
2469 1469 2577 1524 sint
2607 1484 2746 1533 eam,
2788 1473 3067 1528 evidenter
3103 1477 3419 1540 ostendens,

1863 1556 2159 1609 secundum
2226 1558 2527 1626 spiritalem
2585 1561 3022 1632 intelligentiam,
3084 1567 3427 1622 rationabilia

1865 1647 1974 1702 dici
2008 1647 2148 1715 ligna
2176 1664 2295 1718 qua:
2325 1652 2375 1705 in
2403 1653 2655 1722 paradiso
2680 1654 2770 1710 Dei
2797 1666 2920 1711 sunt
2955 1680 2966 1713 :
2997 1659 3197 1728 quippe
3231 1662 3280 1714 in
3306 1660 3427 1730 qui-

1862 1737 2392 1796 bus‘temulationem
2435 1746 2728 1812 quamdam
2774 1748 3033 1804 describit
3069 1765 3189 1806 esse
3234 1752 3426 1806 adver-

1860 1845 1979 1884 smu
2028 1847 2090 1886 ea
2141 1832 2278 1904 ligna
2324 1851 2443 1904 qua:
2485 1845 2611 1891 sunt
2653 1838 2704 1892 in
2731 1838 2957 1895 Libano.
2992 1842 3141 1897 Unde
3173 1854 3303 1898 utet
3334 1860 3430 1900 ex-
3479 1888 3487 1896 .

1858 1935 2019 1976 cursu
2051 1923 2211 1977 etiam
2270 1925 2371 1981 hoc
2414 1926 2683 1994 dicamus,
2732 1932 3014 1986 considera
3076 1951 3142 1988 ne
3193 1935 3331 1990 forte
3375 1949 3430 1991 et

1859 2013 2012 2079 illud,
2037 2014 2183 2083 quod
2227 2015 2489 2084 scriptum
2518 2028 2599 2071 est
2631 2020 2697 2084 ⁸³,
2734 2022 2865 2088 quia
2900 2022 3208 2078 maledictus
3249 2043 3281 2078 α
3323 2027 3428 2079 Deo

1858 2105 2023 2157 omnis
2054 2106 2358 2181 quipeudet
2400 2110 2452 2160 in
2480 2107 2646 2177 ligno,
2684 2110 2764 2165 sic
2794 2113 2986 2166 debeat
3028 2114 3272 2183 intelligi,
3296 2132 3433 2183 quo-

1859 2197 2018 2250 modo
2052 2206 2105 2251 et
2135 2197 2260 2250 illud
2293 2199 2434 2266 quod
2470 2199 2598 2254 alibi
2630 2202 2832 2257 dictum
2874 2212 2957 2258 est
2986 2204 3030 2236 δ”
3062 2222 3075 2258 :
3108 2205 3428 2261 Maledictus

1857 2286 2009 2339 homo
2063 2289 2152 2357 qui
2185 2305 2325 2358 spent
2354 2290 2506 2343 habet
2549 2292 2604 2345 in
2631 2294 2863 2351 homine.
2893 2295 3140 2352 Pendere
3184 2300 3327 2353 enim
3372 2302 3425 2355 in

1858 2377 1974 2430 solo
2008 2378 2114 2432 Deo
2143 2380 2425 2445 debemus,
2460 2390 2514 2435 et
2542 2382 2594 2434 in
2630 2384 2772 2437 nullo
2802 2384 2907 2438 alio
2935 2387 3099 2440 etiam
3150 2389 3193 2443 si
3231 2390 3299 2444 de
3333 2406 3431 2460 pa-

1859 2468 2043 2522 radiso
2084 2469 2176 2523 Dei
2210 2473 2503 2537 procedere
2529 2473 2651 2541 quis
2678 2474 2909 2537 dicatur,
2945 2478 3089 2532 sicut
3136 2490 3190 2534 et
3228 2479 3429 2535 Paulus

1860 2560 1993 2615 dicit
2018 2561 2061 2592 ⁸⁸
2090 2577 2105 2613 :
2132 2560 2309 2615 Etiam
2336 2562 2382 2614 si
2422 2579 2541 2628 nos,
2574 2574 2665 2617 aut
2708 2566 2926 2635 angelus
2967 2569 3030 2622 de
3058 2569 3184 2623 emta
3211 2587 3433 2642 evange-

1859 2651 2098 2706 lizaverit
2144 2654 2287 2707 vobis
2337 2653 2493 2708 aliter
2544 2672 2702 2724 quam
2751 2660 3218 2727 euangelizavimus
3264 2664 3425 2727 vobis,

1861 2741 2143 2794 anathema
2200 2742 2290 2796 sit.
2334 2742 2440 2799 Sed
2478 2745 2593 2800 ha‘e
2642 2746 2801 2800 alias.
2846 2747 3065 2803 Interim
3096 2752 3272 2806 vidisti
3309 2769 3429 2823 qua:

1860 2831 1967 2887 sint
2005 2833 2268 2901 quadrata
2329 2834 2472 2905 ligna
2527 2851 2647 2907 qua:
2679 2837 2826 2893 velut
2881 2854 3067 2895 murus
3117 2842 3334 2912 quidam
3374 2855 3431 2900 et

1861 2919 2105 2975 defensio
2144 2920 2232 2975 his
2266 2922 2357 2991 qui
2391 2934 2516 2977 sunt
2554 2926 2903 2993 intrinsecus,
2955 2944 2985 2982 a
3038 2928 3289 2987 fluetibus
3336 2935 3425 3002 qui

1859 3013 2198 3069 extrinsecus
2230 3017 2618 3085 superveniunt
2670 3019 2807 3089 (85),
2844 3020 3177 3079 collocantur
3211 3027 3278 3080 ab
3321 3029 3430 3095 spi-

186 3119 539 3184 iutrinsecus,
577 3121 660 3174 vel
718 3120 971 3177 ﬂuctuum
1003 3124 1339 3178 extrinsecus
1388 3124 1583 3179 ferunt.
1612 3124 1755 3191 Quos

1866 3108 2005 3165 ritali
2042 3111 2197 3167 Noe:
2253 3128 2373 3182 quae
2410 3113 2550 3184 ligna
2605 3115 2947 3171 extrinsecus
2998 3127 3051 3172 et
3105 3120 3431 3177 intrinsecus

181 3224 276 3278 ego
303 3210 554 3265 arbitror
583 3213 833 3268 doctores
861 3212 972 3286 64
1008 3229 1128 3269 esse
1179 3215 1230 3268 in
1264 3215 1526 3283 Ecclesia,
1557 3227 1611 3271 et
1640 3233 1755 3271 ma-

180 3303 376 3369 gistros
406 3313 576 3373 atque
602 3304 951 3362 aemulatores
998 3306 1145 3371 tidei,
1188 3308 1280 3376 qui
1324 3317 1379 3363 et
1414 3309 1638 3376 populos
1672 3310 1754 3363 in-

181 3394 448 3449 trinsecus
481 3396 690 3462 positos
730 3396 897 3451 verbo
921 3398 1380 3462 commouitionis,
1412 3407 1466 3453 et
1496 3399 1754 3454 doctrina:

177 3485 349 3554 gratia
397 3486 784 3551 consolantur,
818 3496 874 3542 et
923 3489 1367 3556 impugnantibus
1392 3489 1753 3557 extrinsecus,

176 3576 255 3629 vel
283 3576 609 3646 gentilibus,
636 3577 721 3633 vel
756 3579 1125 3648 hmretieis,et
1162 3581 1518 3649 quaestionum
1559 3580 1755 3637 ﬂuctus

174 3684 234 3723 ac
284 3671 567 3739 procellas
614 3672 972 3726 certaminum
1022 3673 1508 3740 commoventibus,
1553 3674 1755 3729 virtute

177 3762 321 3815 verbi
378 3777 449 3815 ac
499 3763 765 3831 sapientia
836 3763 1060 3819 rationis
1106 3764 1394 3819 obsistunt.
1432 3767 1526 3821 Vis
1574 3774 1752 3820 autem

172 3854 354 3907 videre
382 3855 536 3923 quod
582 3855 726 3924 ligna
769 3856 1109 3910 rationabilia
1145 3857 1296 3911 novit
1344 3856 1625 3926 Scriptura
1676 3859 1755 3912 di-

171 3945 289 3999 vina
318 3947 343 4000 ἲ
374 3947 790 4002 Reeenseamus
821 3949 950 4017 quid
983 3948 1123 4013 apud
1155 3948 1490 4004 Ezechielem
1522 3952 1755 4020 prophe-

168 4046 277 4092 tam
313 4041 601 4109 scriptum
629 4048 712 4095 est
749 4058 763 4094 :
801 4040 868 4093 Et
898 4040 1095 4109 factum
1119 4049 1215 4104 est,
1254 4040 1430 4111 inquit
1454 4042 1521 4106 δ’,
1551 4043 1606 4095 in
1656 4058 1756 4094 un-

167 4132 372 4185 decimo
408 4149 582 4199 anno,
607 4134 765 4187 tertio
798 4150 991 4196 mense,
1030 4150 1134 4187 una
1166 4134 1252 4186 die
1297 4136 1511 4198 mensis,
1554 4135 1754 4204 factum

163 4234 234 4277 est
257 4226 480 4279 verbum
497 4225 715 4279 Domini
735 4226 804 4277 ad
829 4242 909 4279 me
929 4226 1106 4279 dicens
1131 4239 1149 4277 :
1177 4224 1284 4278 Fili
1317 4226 1660 4290 hominis,dic
1685 4226 1753 4279 ad

168 4314 519 4371 Pharaonem
550 4334 720 4387 regem
751 4317 992 4388 Egypti,
1016 4327 1064 4371 et
1098 4318 1166 4370 ad
1191 4316 1570 4372 multitudinem
1595 4319 1707 4388 ejus
1736 4334 1754 4371 :

163 4408 258 4461 Cui
287 4419 339 4463 te
378 4408 622 4463 similem
659 4410 789 4477 facis
822 4410 877 4461 in
919 4408 1234 4462 exultatione
1264 4409 1398 4462 tua?
1426 4406 1561 4462 Ecce
1591 4410 1758 4463 Assur

1859 3201 2123 3257 bitumine
2149 3202 2433 3257 liniuntur.
2467 3202 2593 3257 Vult
2623 3204 2768 3260 enim
2798 3215 2850 3262 te
2877 3208 3207 3263 architectus
3244 3208 3430 3264 Eccle-

1863 3293 1959 3349 size
1983 3294 2236 3350 Christus
2267 3309 2371 3350 non
2410 3309 2533 3350 esse
2587 3297 2771 3366 talem,
2823 3300 3010 3368 quales
3052 3310 3180 3355 sunt
3225 3301 3298 3354 illi
3338 3303 3429 3370 qui

1871 3386 2080 3441 deforis
2116 3387 2334 3455 quidem
2366 3398 2627 3463 apparent
2682 3389 2994 3446 hominibus
3035 3389 3188 3459 justi,
3217 3392 3430 3447 deintus

1860 3485 2041 3530 autem
2086 3484 2212 3531 sunt
2261 3477 2510 3547 sepulcra
2555 3487 2889 3535 mortuorum
2934 3481 3000 3536 ⁸⁸.
3055 3481 3162 3537 Sed
3213 3483 3328 3536 vult
3381 3493 3433 3538 te

1860 3575 1916 3622 et
1945 3582 2172 3637 corpore
2202 3580 2452 3624 sanctum
2490 3585 2613 3625 esse
2660 3573 3019 3639 extrinsecus,
3058 3582 3110 3627 et
3154 3576 3317 3628 corde
3350 3575 3431 3628 in-

1864 3660 2136 3715 trinsecus
2174 3675 2388 3729 purum,
2423 3671 2643 3716 cautum
2676 3663 2934 3732 undique,
2961 3674 3015 3717 et
3044 3665 3310 3719 castitatis
3349 3675 3433 3719 at-

1861 3764 1968 3820 que
2007 3750 2331 3806 innocentia:
2363 3752 2563 3805 virtute
2593 3753 2882 3819 munitum,
2933 3754 3035 3808 hoc
3078 3764 3159 3807 est
3203 3756 3347 3808 intus
3378 3764 3434 3809 et

1864 3840 1997 3894 foris
2027 3838 2293 3894 bitumine
2322 3855 2445 3895 esse
2473 3839 2724 3895 oblitum.

1930 3929 1984 3985 5.
2019 3930 2144 3984 Post
2192 3932 2305 3985 [nec
2335 3935 2401 3985 de
2435 3931 2797 4002 longitudine,
2830 3942 2886 3988 et
2938 3933 3220 3988 latitudine
3267 3948 3429 3999 arcae,

1861 4032 1916 4075 et
1949 4022 2015 4076 de
2042 4021 2331 4078 altitudine
2370 4035 2729 4089 memoratur,
2768 4034 2821 4080 et
2852 4025 3063 4079 numeri
3106 4025 3158 4078 in
3193 4025 3279 4079 his
3313 4024 3434 4093 qui-

1862 4114 1982 4169 dam
2016 4123 2288 4184 ponuntur
2316 4114 2629 4185 ingentibus
2660 4119 2930 4188 mysteriis
2960 4118 3286 4172 consecrati.
3324 4115 3431 4172 Sed

1863 4210 2159 4277 antequam
2200 4209 2268 4263 de
2294 4208 2535 4264 numeris
2564 4209 2925 4272 disseramus,
2974 4210 3078 4264 hoc
3124 4209 3264 4277 quod
3300 4207 3436 4262 dicit

1863 4295 2283 4369 longitudinem,
2312 4308 2366 4354 et
2397 4298 2760 4364 latitudinem,
2796 4312 2851 4355 et
2878 4300 3239 4362 altitudinem,
3276 4299 3435 4368 quale

1867 4391 1943 4446 sit
1986 4390 2288 4446 videamus.
2346 4392 2638 4462 Apostolus
2678 4391 2729 4445 in
2770 4392 3001 4460 quodam
3040 4390 3175 4453 luco,
3207 4405 3329 4444 cum
3368 4390 3436 4444 de

165 4518 452 4569 Cypra,“
486 4503 545 4555 in
595 4501 815 4567 Libano,
864 4502 1129 4569 speciosa,
1170 4500 1355 4563 mm“.
1399 4509 1447 4554 οι
1490 4501 1762 4555 condam,
1792 4492 1838 4549 ι)
1869 4480 2127 4551 mysterio
2158 4481 2338 4536 crucis
2374 4481 2643 4536 sacratius
2673 4481 3006 4550 loqueretur,
3042 4481 3113 4533 ita
3145 4480 3220 4532 ait
3250 4480 3293 4510 ⁸⁷
3324 4500 3336 4533 :
3366 4477 3433 4532 Ut

158 4594 525 4658 umbraculis,
586 4603 635 4646 et
679 4591 912 4646 excelsus
967 4590 1079 4663 (84)
1136 4592 1189 4644 in
1247 4590 1547 4646 altitudine.
1612 4590 1762 4645 Inter

160 4687 361 4741 medias
408 4687 587 4739 nubes
614 4687 813 4754 factum
842 4696 915 4739 est
944 4702 1194 4740 cacumen
1218 4684 1354 4753 ejus,
1388 4700 1525 4754 aqua
1552 4687 1724 4740 enutri
1744 4714 1757 4723 ι

155 4778 218 4829 rit
263 4795 417 4841 eum,
454 4788 510 4832 et
557 4780 777 4846 abyssus
816 4776 1064 4831 exultavit
1102 4793 1252 4842 eum,
1298 4787 1345 4830 et
1391 4777 1615 4830 adduxit
1648 4793 1759 4830 omo

156 4870 239 4921 uia
272 4869 519 4936 [lumina
556 4884 655 4923 sua
692 4869 831 4921 circa
873 4884 1012 4931 eum,
1058 4880 1104 4921 et
1160 4869 1587 4937 congregationes
1633 4883 1758 4920 suas

1867 4574 2047 4627 sciatis
2083 4590 2200 4642 qua:
2229 4575 2298 4627 sit
2321 4573 2620 4643 longitudo,
2654 4583 2701 4627 et
2734 4572 2984 4636 latitudo,
3016 4580 3065 4624 et
3101 4570 3350 4635 altitudo,
3386 4578 3435 4622 et

1864 4664 2208 4733 profundum.
2246 4665 2578 4720 Profundum
2612 4674 2795 4719 autem
2838 4673 2893 4718 et
2922 4663 3152 4718 altitudo
3192 4663 3329 4717 idem
3359 4663 3435 4717 si-

1866 4756 2144 4824 gniﬁcant,
2200 4756 2305 4811 nisi
2345 4757 2488 4825 quod
2522 4756 2755 4812 altitudo
2786 4757 3021 4825 spatium
3058 4756 3125 4810 de
3170 4754 3438 4810 inferiori‘

1866 4847 1966 4902 bus
1991 4847 2205 4903 videtur
2239 4848 2304 4903 ad
2356 4849 2635 4919 superoria
2680 4849 2883 4915 metiri,
2932 4847 3257 4918 profundum
3306 4860 3435 4901 vero

219 5031 269 5062 “
290 5032 506 5088 Gen.v.
546 5030 640 5085 29.
682 5030 724 5061 ⁵⁷
748 5029 940 5084 Cenes.
964 5046 1037 5091 vt,
1062 5030 1113 5092 6,
1138 5030 1188 5083 7.
1227 5028 1489 5089 "10mm,
1510 5027 1598 5082 ‘29.
1638 5029 1755 5083 “G:

1866 5045 1916 5090 ll,
1937 5029 2021 5083 15.
2057 5028 2304 5083 “Matth.
2335 5030 2516 5094 xr,28,
2539 5030 2627 5084 29.
2671 5031 2711 5061 ⁶¹
2732 5029 2926 5084 Cenes.
2948 5044 3016 5083 vs.
3047 5029 3133 5082 14.
3174 5030 3217 5060 θ’
3239 5027 3433 5082 Ezeeb.

154 5117 301 5160 nisi.
335 5102 449 5166 με
490 5113 553 5154 et
587 5114 740 5169 seqq.
821 5100 866 5130 “‘
898 5100 1050 5153 Deut.
1076 5115 1189 5163 xxi,
1224 5099 1314 5154 23.

218 5236 334 5314 (8|)
366 5242 632 5314 Nostris.
660 5239 811 5291 lianc
841 5251 1025 5291 vocem
1052 5251 1103 5287 tn
1134 5234 1295 5287 editis
1318 5236 1573 5287 omissam
1604 5236 1759 5289 resti-

149 5310 311 5367 ‘uuut
342 5310 527 5365 codtl.
564 5323 696 5363 mss.

214 5383 333 5454 (82)
366 5379 602 5454 Delebq
641 5390 1089 5454 omnem-carnem
1134 5390 1251 5441 qua:
1300 5382 1397 5454 est,
1435 5383 1540 5454 etc.
1576 5373 1759 5454 Codex.

147 5443 326 5506 sancti
385 5447 745 5504 Theoderici
794 5458 809 5498 :
852 5445 1043 5497 Delebo
1102 5459 1305 5496 onmem
1367 5443 1624 5496 hominem
1673 5445 1762 5512 qui

144 5538 240 5589 est,
274 5536 391 5579 ete.
428 5519 626 5575 Paulo
656 5525 779 5587 post
812 5522 925 5569 tres
950 5530 1083 5568 mss.
1121 5514 1339 5566 interitu
1366 5514 1643 5567 viventium
1667 5515 1764 5566 da-

146 5602 337 5736 mrtlsﬁ)
384 5660 517 5713 Vox
549 5655 946 5736 omneshdeest
998 5654 1053 5707 in
1086 5663 1247 5707 antea
1299 5652 1481 5715 editis,
1543 5653 1760 5709 tametsi

149 5725 476 5805 reperiat!”
512 5731 576 5805 ita
618 5725 869 5805 omnibus
900 5740 1026 5805 mss.
1134 5795 1143 5805 ⁵
1247 5794 1257 5805 ⁸
1429 5794 1438 5805 Ι
1592 5793 1621 5805 μ

218 5793 333 5875 (84)
373 5800 694 5869 Speciosus
734 5795 896 5846 ramis
927 5803 974 5848 et
1010 5794 1282 5849 condensis
1329 5793 1671 5858 umbraculis,
1712 5801 1758 5846 et

439 5894 735 5955 Parnon.
773 5889 890 5949 Gn.
933 5885 1073 5945 ΧΠ.

1394 5099 1440 5136 ⁸³⁸
1468 5098 1580 5153 Jer.
1613 5115 1745 5164 xvtt,
1781 5100 1833 5152 5.

1910 5100 1954 5131 (³⁸
1982 5100 2102 5152 Gal.
2135 5116 2176 5163 ι,
2207 5100 2260 5154 8.
2336 5100 2381 5131 ⁸⁵⁸
2419 5101 2778 5165 Μειιιωωῑιιι,
2814 5100 2904 5153 27.
2978 5100 3021 5129 δ”
3064 5100 3198 5168 Eph.
3232 5113 3315 5161 ιιι,
3347 5097 3432 5155 18.

1862 5236 2121 5290 excelsus.
2171 5236 2267 5291 Sic
2328 5236 2527 5290 habent
2575 5251 2705 5291 mss.
2756 5237 2826 5290 At
2880 5235 3000 5288 libri
3056 5244 3211 5287 antea
3246 5233 3374 5288 editi
3419 5252 3434 5288 :

1863 5308 2127 5371 speciosus
2180 5322 2382 5373 ramus,
2434 5318 2482 5361 et
2535 5307 2826 5360 condensus
2884 5304 3231 5366 umbraculis,
3269 5303 3439 5358 excel-

1866 5393 1976 5429 8N8.

1938 5446 2048 5518 (85)
2078 5446 2117 5499 Α
2146 5447 2397 5518 ﬂuctibus
2430 5446 2876 5518 quihextrinsecus
2917 5441 3440 5518 super-venitint._Sic

1867 5512 2038 5573 codd.
2069 5512 2200 5571 mss.
2248 5512 2464 5572 Belvae’.
2512 5515 2776 5570 Gemetic.
2828 5514 3177 5580 Remigiauus
3216 5521 3268 5564 et
3304 5512 3442 5563 Sau-

1868 5588 2261 5649 tzermanensis.
2308 5587 2454 5640 Libri
2498 5602 2628 5640 vero
2680 5595 2836 5639 antea
2888 5582 3016 5635 editi
3060 5597 3074 5633 :
3113 5580 3442 5634 obstaculum

1869 5669 2044 5712 autem
2085 5668 2131 5711 et
2177 5658 2499 5729 impugnatio
2542 5657 2623 5708 his
2678 5659 2766 5727 qui
2829 5653 3154 5708 extrinsecus
3206 5666 3444 5722 superve-

1873 5739 2043 5781 munt.

3095 5874 3133 5930 ὃ
