3902 6506
497 325 598 384 17ὶ

1974 303 2293 362 ORIGENIS
3627 299 3715 355 £72

419 448 424 452 ’
503 446 570 499 de
606 441 969 513 superioribus
1021 436 1277 506 incipere,
1324 441 1379 486 ct
1435 433 1500 486 ad
1547 431 1805 485 inferiora
1844 437 2068 483 descen-
2102 434 2140 485 Α
2175 425 2415 479 invenies
2450 435 2763 491 magnarum
2796 434 2976 475 rerum
3003 427 3150 490 gesta
3183 420 3284 474 sub
3320 417 3610 472 tricenario
3639 413 3714 471 vel

503 537 658 591 dere.
690 535 1098 599 Consequentur
1132 528 1294 597 igitur
1330 524 1566 594 Spiritus
1591 524 1681 578 Dei
1713 532 1767 577 et
1796 537 1890 592 per
1915 519 2062 589 Moy-

504 644 622 692 sen,
645 637 696 681 et
726 641 821 694 per
854 623 1072 676 Paulum
1110 620 1405 690 ingentium
1441 625 1902 672 sacramentorum
1932 614 2068 681 ligu-

504 735 592 773 ras
630 717 892 771 enuntiat.
951 713 1092 768 Nam‘
1129 712 1350 776 Paulus,
1394 710 1648 778 quoniam
1699 705 2068 760 descensionis

507 809 710 864 Christi
745 806 1061 877 mysterium
1093 804 1420 876 praedicabat
1452 799 1586 871 (86),
1623 797 1945 866 profundum
1975 809 2069 848 no-

503 901 751 964 minavit,
784 897 939 968 quasi
969 897 1035 951 de
1060 895 1433 965 superioribus
1465 891 1530 945 ad
1562 890 1818 944 inferiora
1847 886 2070 941 venien-

502 997 589 1051 tis.
617 993 826 1063 Moyses
849 990 1127 1058 vero,quia
1171 987 1563 1041 restitutionem
1612 981 1853 1049 designat
1882 994 2067 1033 eorum

502 1086 592 1156 qui
625 1100 720 1155 per
745 1082 1023 1138 Christum
1058 1079 1125 1134 de
1159 1077 1377 1132 interitu
1427 1086 1483 1130 et
1525 1073 1833 1144 perditione
1883 1070 2069 1126 sreculi

505 1188 760 1247 tanquam
787 1175 853 1229 de
885 1187 1019 1228 nece
1041 1169 1233 1232 diluvii
1260 1183 1324 1222 ex
1352 1166 1705 1222 inferioribus
1739 1164 1806 1218 ad
1834 1178 2068 1233 superna

504 1281 558 1327 et
592 1269 835 1325 cmlestia
867 1271 1212 1326 revocantur,
1251 1261 1304 1313 in
1346 1273 1594 1314 mensura
1627 1271 1770 1311 arca:
1803 1271 1907 1309 non
1944 1268 2064 1324 pro-

504 1364 730 1418 fundum
769 1363 1056 1422 memorat,
1093 1353 1187 1408 sed
1219 1351 1408 1415 altum,
1455 1359 1708 1418 tanquam
1743 1348 1828 1402 ubi
1859 1346 1925 1401 de
1965 1357 2073 1401 ter—

506 1455 653 1509 renis
686 1463 738 1506 et
764 1449 1057 1506 humilibus
1086 1446 1151 1501 ad
1179 1443 1422 1500 cmleSIia
1466 1451 1521 1497 et
1547 1441 1763 1496 excelsa
1815 1454 2072 1494 conscen-

506 1547 670 1599 ditur.
717 1541 942 1596 Numeri
993 1551 1210 1608 quoque
1265 1542 1562 1606 ponuntur,
1618 1531 1850 1585 trecenti
1907 1529 2072 1583 cubiti

507 1629 1302 1708 longitudinis.quinquagiuta
1339 1625 1660 1688 latitudinis,
1691 1622 1918 1692 triginta
1949 1622 2072 1674 alti-

507 1729 731 1784 tudinis.
763 1725 1034 1791 Trecenti,
1067 1720 1362 1777 tercenteni
1399 1727 1545 1772 sunt.
1583 1715 1936 1770 Centenarius
1968 1729 2065 1766 au-

508 1833 614 1876 tem
640 1831 922 1880 numerus,
949 1815 1139 1884 plenus
1163 1812 1217 1865 in
1239 1812 1490 1866 omnibus
1516 1818 1570 1863 et
1593 1807 1862 1878 perfectus
1889 1815 2070 1861 osten-

507 1915 653 1968 ditur
683 1953 697 1976 ,
733 1919 786 1965 et
817 1909 985 1963 totius
1032 1903 1315 1959 rationalis
1347 1912 1611 1957 creaturae
1657 1900 1946 1954 continens
1985 1913 2074 1952 sa-

506 2011 844 2062 cramentum
899 1999 1089 2054 :sicnt
1157 1997 1211 2050 in
1260 1994 1573 2065 Evangeliis
1630 1992 1856 2062 legimus
1887 1989 1952 2054 ⁵⁸,
1984 1989 2072 2042 ubi

507 2096 638 2151 dicit
666 2094 792 2164 quia
822 2093 1028 2147 habens
1054 2088 1174 2160 quis
1199 2097 1419 2143 centum
1457 2099 1606 2150 oves,
1638 2098 1705 2138 ex
1730 2083 1925 2151 quibus
1949 2096 2072 2136 cum

508 2189 737 2258 perisset
767 2199 894 2251 una,
916 2181 1121 2236 relictis
1151 2180 1444 2249 nonaginta
1475 2190 1668 2230 novem
1696 2175 1748 2228 in
1776 2171 2071 2234 montibus,

505 2279 787 2336 descendit
823 2287 1065 2344 quaerere
1119 2287 1238 2327 eam
1291 2285 1411 2340 quae
1465 2269 1727 2338 perierat,
1792 2272 1848 2319 et
1895 2263 2075 2334 posuit

508 2389 630 2427 cum
661 2372 767 2427 illis
800 2370 1096 2438 nonaginta
1124 2379 1318 2420 novem
1374 2377 1491 2430 quin
1520 2375 1624 2413 non
1651 2358 1939 2428 perierant.
1979 2355 2074 2408 llic

508 2481 636 2535 ergo
661 2463 1006 2518 centenarins
1035 2459 1199 2514 totius
1234 2464 1499 2510 creatura:
1552 2449 1832 2504 rationalis
1883 2460 2070 2501 nume-

513 2570 627 2618 rus,
665 2553 922 2622 quoniam
976 2566 1078 2604 non
1134 2563 1196 2602 ex
1235 2543 1529 2610 semetipso
1555 2538 1822 2605 subsistit,
1859 2537 1953 2592 sed
2007 2551 2074 2590 ex

512 2646 782 2700 Trinitate
829 2641 1132 2705 descendit,
1156 2649 1210 2694 et
1241 2635 1627 2705 longitudinem
1654 2633 1799 2695 vita},
1832 2631 1934 2684 hoc
1991 2637 2075 2683 est

513 2734 938 2792 immortalitatis
991 2731 1244 2804 gratiam,
1297 2743 1363 2782 ex
1395 2726 1557 2781 Patre
1617 2738 1711 2794 per
1764 2722 1962 2776 Filium
2012 2737 2077 2777 ac

515 2829 778 2899 Spiritum
808 2835 1052 2881 sanctnm
1098 2821 1370 2889 suscepit,
1407 2819 1608 2874 idcirco
1641 2815 1942 2886 triplicatus
1977 2829 2075 2882 po-

515 2925 662 2976 nitur
695 2941 709 2975 :
742 2929 923 2990 utpote
954 2916 1044 2987 qui
1080 2915 1144 2970 ad
1171 2911 1554 2982 perfectionem
1587 2922 1683 2977 per
1705 2906 1933 2977 gratiam
1959 2906 2079 2960 Tri-

515 3016 704 3069 nitatis
734 3019 986 3082 augetur,
1028 3018 1082 3064 et
1107 3007 1200 3078 qui
1240 3021 1303 3061 ex
1331 3001 1646 3060 centenario
1683 3014 1778 3070 per
1824 2999 2078 3069 ignoran-

2171 514 2634 585 qninqnagenario
2665 527 2892 567 numero
2915 513 3208 570 contineri.
3256 511 3504 581 Triginta
3554 524 3714 564 anno-

2173 623 2287 660 rum
2317 605 2519 673 Joseph
2550 604 2800 658 educitur
2832 604 2897 658 de
2927 605 3231 667 carcere",
3255 612 3309 656 et
3330 603 3494 657 t0tius
3511 598 3715 670 Egypti

2169 697 2394 765 suscipit
2453 694 2808 765 principatum
2841 736 2856 760 ,
2933 703 2990 748 ut
3039 693 3370 748 imminentis
3426 695 3713 764 perniciem

2171 787 2329 842 famis
2360 787 2540 841 divina
2573 785 2880 856 provisione
2911 785 3165 852 depellat.
3189 784 3434 852 Triginta
3466 800 3718 841 annorum

2173 879 2404 932 refertur
2429 877 2585 931 Jesus
2609 879 2676 943 ⁷⁸,
2711 893 2832 932 cum
2865 879 3013 932 venit
3036 878 3100 930 ad
3135 878 3483 948 baptismum,
3517 887 3573 932 et
3601 880 3721 933 vidit

2171 970 2338 1024 coetus
2366 970 2590 1034 divisos,
2618 978 2672 1025 et
2702 970 2965 1038 Spiritum
3006 969 3096 1024 Dei
3144 970 3194 1023 in
3255 969 3518 1025 columbae
3556 973 3721 1040 specie

2175 1064 2474 1117 venientem
2518 1077 2677 1131 super
2727 1077 2786 1116 se
2824 1079 2836 1114 :
2889 1061 2976 1114 tibi
3003 1071 3056 1116 et
3082 1062 3318 1130 primum
3353 1065 3518 1132 carpit
3546 1079 3718 1118 Sacra-

2176 1165 2410 1209 mentum
2451 1165 2731 1224 patescere
2765 1155 3064 1219 Trinitatis,
3111 1165 3164 1207 et
3200 1154 3362 1207 multa
3393 1155 3480 1208 his
3537 1153 3717 1209 similia

2175 1247 2441 1303 invenies.
2487 1245 2590 1301 Sed
2643 1256 2698 1302 et
2750 1246 3252 1317 quinquagesimum
3305 1246 3444 1300 diem
3493 1248 3720 1313 festum,

2174 1339 2224 1391 in
2268 1352 2528 1391 novarum
2565 1337 2774 1408 frugum
2837 1338 3246 1394 consecratione
3302 1338 3548 1409 reperies
3573 1338 3640 1403 ⁷⁸,
3675 1349 3723 1393 et

2175 1433 2238 1486 de
2261 1431 2670 1484 Madianitarum
2697 1430 2810 1502 (87)
2834 1431 3019 1499 spoliis
3042 1430 3267 1485 Domino
3288 1431 3720 1500 quinquagesima

2178 1524 2523 1578 delibatur“.
2548 1525 2680 1580 Cum
2703 1525 2957 1579 trecentis
2979 1537 3109 1578 vero
3128 1523 3366 1577 invenies
3384 1532 3439 1578 et
3463 1523 3722 1577 Abraham

2176 1613 2474 1667 vincentem
2508 1612 2816 1669 Sodomitas
2849 1613 2915 1679 ⁷⁸,
2959 1621 3013 1666 et
3058 1610 3280 1667 Gedeon
3326 1626 3450 1667 cum
3480 1612 3726 1668 trecentis

2177 1701 2352 1773 lingua
2376 1718 2571 1773 aquam
2593 1703 2948 1758 lambentibus
2961 1699 3282 1758 Madianitas
3302 1715 3518 1772 superat
3539 1703 3721 1774 (88)".

2173 1796 2380 1852 Ostium
2411 1811 2559 1860 sane,
2615 1796 2755 1866 quod
2792 1811 2895 1850 non
2929 1811 2957 1848 a
2987 1796 3190 1860 fronte,
3224 1811 3324 1852 nec
3355 1797 3614 1866 desuper,
3642 1799 3725 1852 sed

2175 1907 2205 1945 e
2229 1892 2397 1946 latere
2418 1905 2483 1944 ex
2517 1901 2829 1943 transverso
2852 1887 3166 1952 collocatur,
3198 1889 3456 1957 quoniam
3478 1888 3577 1942 irae
3597 1889 3724 1942 divi-

2174 1999 2256 2037 nae
2313 1991 2523 2048 tempus
2576 1989 2710 2034 est:
2753 1978 2876 2033 Dies
2928 1979 3064 2034 enim
3120 1978 3353 2045 Domini,
3402 1980 3512 2033 dies
3549 1981 3644 2033 im-
3684 1991 3725 2033 et

2176 2074 2391 2141 furoris,
2428 2073 2568 2126 sicut
2598 2071 2856 2140 scriptum
2889 2077 2972 2124 est
2999 2070 3043 2102 ⁷⁷
3073 2085 3086 2121 :
3121 2070 3248 2125 licet
3275 2071 3418 2124 enim
3457 2070 3728 2125 videantur

2176 2165 2340 2234 aliqui
2374 2163 2591 2228 salvari,
2618 2162 2771 2216 multi
2802 2171 3004 2227 tamen,
3038 2179 3173 2232 quos
3208 2163 3396 2218 merita
3422 2177 3518 2216 sua
3550 2178 3726 2230 repro-

2174 2257 2327 2318 bant,
2357 2255 2601 2309 delentur
2645 2262 2700 2307 et
2733 2263 2957 2324 pereunt
2993 2269 3006 2306 :
3063 2269 3129 2309 ex
3174 2263 3487 2309 transverso
3535 2253 3727 2308 ostium

2177 2349 2414 2418 ponitur,
2450 2355 2508 2400 ut
2567 2346 2694 2400 illud
2723 2347 3061 2411 ostendatur,
3121 2348 3262 2416 quod
3294 2361 3390 2416 per
3420 2345 3727 2416 prOphetaui

2177 2441 2392 2506 dicitur,
2426 2440 2550 2509 quia
2580 2438 2626 2491 si
2661 2439 2981 2493 incesseritis
3015 2455 3214 2492 mecum
3251 2440 3515 2506 perversi,
3563 2451 3612 2492 et
3649 2456 3731 2508 ego

2177 2533 2412 2586 incedam
2466 2532 2723 2587 vobiscum
2772 2533 2828 2586 in
2875 2533 2958 2585 ira
2983 2548 3221 2602 perversa
3253 2530 3318 2585 ⁷⁸.
3362 2530 3491 2586 Post
3520 2532 3636 2586 hinc
3662 2533 3732 2585 vi-

2179 2625 2399 2679 deamus
2426 2632 2483 2678 et
2505 2623 2571 2678 de
2598 2639 2662 2679 eo
2697 2623 2837 2692 quod
2861 2622 2993 2677 dicit
3024 2622 3317 2691 separatim
3358 2621 3626 2677 inferiora
3655 2623 3726 2676 bi-

2180 2725 2476 2779 camerata,
2503 2725 2557 2770 et
2589 2716 2868 2784 superiora
2902 2715 3250 2769 tricamerata
3279 2730 3292 2767 :
3326 2729 3395 2768 ne
3434 2713 3578 2768 forte
3610 2714 3732 2768 iudi-

2179 2818 2332 2873 cetur
2355 2823 2449 2877 per
2468 2808 2599 2873 haec,
2633 2808 2771 2876 quod
2794 2806 3090 2874 Apostolus
3119 2806 3273 2869 dixit,
3301 2805 3426 2874 quia
3455 2804 3509 2857 in
3535 2805 3733 2858 nomine

2177 2897 2306 2952 Jesu
2341 2914 2490 2952 omne
2527 2915 2659 2966 genu
2694 2899 2950 2966 ﬂectetur,
2997 2899 3302 2963 cwlestium,
3336 2899 3665 2952 terrestrium
3693 2911 3732 2952 et

2180 2984 2506 3052 infernarum
2531 2985 2612 3050 "';
2644 2994 2698 3038 et
2730 2985 2781 3038 in
2813 3000 2939 3038 arca
2974 2985 3313 3055 significetur
3350 2987 3602 3041 omnium
3626 2990 3735 3056 qni-

517 3109 646 3162 liam
681 3074 914 3177 lapsum,
949 3074 1046 3174 per
1071 3074 1400 3171 agnitionem
1433 3094 1714 3148 Trinitatis
1747 3093 1997 3148 restituat
2021 3093 2074 3146 in
2100 3101 2150 3165 ο
2181 3074 2588 3177 ἀεηχῑιιίθτίοηι
2623 3076 2738 3144 ipsa
2768 3089 2888 3176 esss
2939 3092 3059 3145 quae
3084 3076 3372 3177 Apostolus
3419 3079 3555 3133 dicit
3590 3077 3736 3133 infer-

519 3210 812 3258 treccntos.
843 3187 1654 3260 Latitudoquinquagenarium
1686 3199 1971 3239 numerum
2007 3193 2081 3238 te-

517 3304 629 3349 net.
655 3291 754 3360 Qui
785 3300 1039 3342 uumerus
1068 3279 1376 3338 remissioni
1410 3289 1464 3333 et
1509 3275 1857 3345 indulgentiae
1887 3287 2080 3330 conse-

516 3391 703 3440 cratus
730 3389 834 3435 est.
871 3375 1179 3432 Secundum
1233 3371 1408 3440 legem
1447 3371 1592 3424 enim
1626 3365 2080 3438 quinquagesimo

516 3492 658 3531 anno
705 3470 950 3528 remissio
978 3475 1118 3530 erat,
1160 3463 1213 3518 id
1245 3470 1327 3517 est
1389 3470 1450 3516 ut
1499 3460 1542 3514 si
1577 3460 1697 3530 quis
1738 3458 2081 3514 distraxisset

517 3564 938 3638 possessionem,
966 3559 1238 3628 reciperet
1265 3572 1279 3620 ;
1312 3555 1356 3608 si
1403 3552 1537 3608 liber
1566 3553 1619 3606 in
1648 3551 1964 3604 servitutem
1991 3564 2082 3602 vc-

517 3659 704 3723 nisset,
738 3655 998 3722 reciperet
1055 3649 1398 3708 libertatem,
1451 3643 1831 3713 indulgentiam
1865 3639 2083 3694 debitor

517 3747 827 3815 acciperet,
857 3739 1009 3795 exsul
1043 3737 1246 3792 rediret
1271 3736 1336 3788 ad
1362 3733 1615 3802 patriam.
1647 3729 1920 3800 Spiritalis
1951 3742 2082 3798 ergo

514 3838 624 3911 65
672 3837 780 3889 Noe
809 3835 1060 3888 Christus
1111 3832 1164 3885 in
1198 3842 1323 3883 arca
1363 3839 1483 3885 sua.
1550 3824 1602 3876 in
1635 3838 1739 3892 qua
1775 3823 2074 3876 humanum

518 3945 688 4000 genus
718 3929 783 3980 de
816 3926 1040 3978 interitu
1096 3921 1319 3983 liberat,
1353 3917 1403 3971 id
1451 3925 1534 3970 est
1568 3915 1620 3968 in
1655 3912 1904 3968 Ecclesia
1963 3926 2080 3976 sua,

524 4025 670 4074 hunc
722 4012 1250 4086 quinquagenarimn
1310 4005 1650 4080 remissionis
1702 4018 1986 4058 numerum
2028 4003 2081 4056 in

521 4109 807 4167 latitudine
842 4104 1146 4159 collocavit.
1186 4100 1296 4156 Nisi
1324 4101 1468 4156 enim
1498 4097 1870 4153 remissionem
1897 4109 2083 4164 peccao

525 4209 699 4250 torum
731 4195 982 4247 donasset
1011 4189 1381 4250 credentibus.
1413 4202 1515 4241 non
1550 4185 1744 4264 fuisset
1769 4198 1866 4254 per
1891 4185 2080 4239 orbem

523 4299 684 4343 terra:
713 4285 969 4340 Ecclesiae
1005 4281 1235 4336 latitudo
1265 4277 1475 4333 diffusa.
1519 4276 1762 4347 Triginta
1787 4283 1970 4328 autent
2001 4274 2082 4327 al-

524 4383 765 4440 titudinis
797 4393 1053 4435 numerus
1082 4375 1256 4430 simile
1277 4381 1335 4426 ut
1368 4371 1592 4426 trecenti
1629 4369 1874 4424 continet
1899 4381 2083 4423 sacra-

2183 3179 2275 3229 na,
2308 3164 2499 3219 horum
2525 3175 2706 3220 autem
2733 3164 2986 3236 contigua
3019 3167 3302 3235 superiora
3326 3167 3442 3237 ipsa
3471 3183 3602 3223 esse
3641 3175 3735 3224 ter-

2183 3257 2397 3322 restria,
2431 3257 2779 3311 tricamerata
2804 3271 2935 3313 vero
2965 3259 3250 3326 superiora
3278 3274 3398 3328 quae
3427 3259 3567 3314 dicit
3590 3260 3736 3314 simul

2182 3348 2361 3402 omnia
2386 3362 2508 3404 esse
2529 3349 2792 3415 coelestia,
2814 3349 2907 3404 sed
2939 3350 2992 3404 in
3014 3350 3096 3404 his
3117 3366 3304 3406 eorum
3330 3352 3525 3406 merita
3555 3351 3737 3407 distin-

2183 3441 2293 3509 gui,
2320 3441 2410 3509 qui
2439 3451 2668 3509 possunt
2688 3443 2983 3498 secundum
3002 3443 3304 3512 apostolum
3320 3441 3553 3499 Paulum
3579 3459 3738 3513 usque

2183 3532 2248 3583 ad
2282 3531 2500 3585 tertium
2541 3532 2738 3586 caelum
2771 3534 3154 3589 conscendere.
3188 3533 3310 3588 Nidi
3343 3548 3474 3589 vero
3527 3545 3587 3588 et
3616 3534 3738 3598 nidi,

2181 3623 2307 3691 quia
2341 3622 2492 3676 multi
2527 3632 2653 3677 sunt
2682 3625 2733 3678 in
2765 3638 2917 3690 arca,
2955 3622 3157 3679 multas
3189 3638 3311 3680 esse
3351 3625 3490 3694 apud
3530 3623 3737 3679 Patrem

2185 3713 2426 3768 indicant
2449 3717 2779 3772 mansiones.
2811 3717 2886 3772 De
2910 3716 3239 3772 animalibus
3267 3731 3420 3781 vero,
3453 3726 3509 3772 et
3537 3716 3738 3782 bestiis,

2187 3819 2251 3858 ac
2315 3805 2606 3875 pecoribus
2659 3807 2982 3877 cantet-isque
3057 3807 3292 3863 diversis
3350 3807 3739 3869 animantibus,

2187 3912 2305 3964 quin
2330 3897 2484 3951 nobis
2511 3895 2615 3950 alia
2645 3896 2814 3967 figura
2849 3898 3118 3952 servanda
3143 3907 3249 3962 est,
3306 3898 3408 3952 nisi
3469 3912 3637 3966 quam
3653 3893 3742 3950 ’tel

2185 3987 2350 4042 Isaias
2381 3987 2620 4042 ostendit
2647 3985 2714 4054 ⁸ο,
2771 4002 2894 4043 cum
2927 3987 3090 4052 dicit,
3117 3989 3168 4040 in
3229 4002 3396 4058 regno
3424 3989 3635 4044 Christi
3665 3988 3741 4043 lu-

2184 4094 2310 4151 pum
2331 4095 2453 4135 cum
2483 4094 2642 4149 agno,
2673 4078 2900 4150 pardum
2935 4093 3058 4134 cum
3096 4079 3268 4144 haedo,
3311 4079 3523 4134 leonem
3577 4089 3635 4136 et
3659 4081 3745 4135 bo-

2183 4186 2303 4226 vem
2341 4171 2501 4226 simul
2526 4171 2606 4226 ire
2634 4170 2701 4225 ad
2737 4184 2957 4240 pascua,
3018 4185 3314 4242 eorumque
3371 4171 3516 4228 fetus
3597 4172 3745 4229 simul

2185 4262 2354 4331 paleis
2386 4263 2558 4329 vesci,
2618 4263 2838 4331 insuper
2879 4263 3045 4317 etiam
3106 4262 3159 4317 in
3204 4263 3454 4332 aspidum
3486 4279 3742 4330 caverna,

2186 4371 2412 4425 parvum
2436 4370 2661 4427 puerum
2690 4354 2874 4427 (talem
2903 4355 3020 4410 sine
3051 4355 3241 4420 dubio,
3296 4356 3512 4424 qualem
3538 4358 3749 4413 dicebat

524 4485 790 4531 mentum.
827 4470 980 4536 Quod
1009 4468 1152 4523 enim
1186 4465 1256 4520 ibi
1282 4463 1518 4527 centeni,
1563 4462 1665 4517 hoc
1697 4461 1785 4516 hic
1813 4459 1934 4514 deni
1971 4467 2080 4513 ter-
2114 4439 2160 4495 ι)
2189 4451 2438 4505 Salvator
2458 4450 2524 4514 ⁸⁸,
2551 4447 2671 4502 Nisi
2699 4447 2932 4502 conversi
2957 4446 3166 4516 fueritis
3194 4458 3242 4502 et
3264 4449 3433 4518 e/i'ecti
3461 4451 3602 4504 sicut
3630 4465 3750 4519 puer

520 4568 595 4622 tio
623 4561 955 4632 multiplicati
989 4558 1211 4614 faciunt.
1236 4555 1316 4609 Ad
1340 4569 1500 4608 unum
1541 4565 1718 4607 autem
1747 4550 1909 4605 totius
1945 4563 2078 4604 con-

522 4657 836 4716 structiouis
863 4667 1142 4708 numerum
1179 4663 1388 4705 summa
1421 4655 1731 4704 revocatur,
1763 4643 1887 4713 quia
1945 4656 2081 4693 unus

521 4752 662 4806 Deus
695 4748 858 4802 Pater
911 4761 974 4798 ex
1009 4761 1110 4813 quo
1149 4741 1326 4794 omnia
1352 4741 1418 4802 ",
1473 4747 1524 4792 et
1548 4751 1681 4790 unus
1708 4732 1985 4797 Dominus,
2027 4739 2082 4786 et

521 4859 627 4895 una
659 4839 913 4894 Ecclesia:
942 4835 1071 4904 ﬁdes
1103 4842 1208 4898 est,
1238 4847 1402 4885 unum
1430 4829 1711 4898 baptisma,
1774 4842 1934 4879 unum
1965 4839 2082 4878 cor-

519 4947 636 4999 pus,
669 4937 713 4982 et
764 4942 899 4979 unus
931 4924 1146 4991 spiritus
1198 4921 1266 4985 7°,
1328 4928 1381 4973 et
1414 4917 1479 4972 ad
1513 4931 1676 4970 unum
1731 4911 2083 4984 perfectionis

519 5017 613 5072 Dei
647 5015 808 5070 finem
844 5022 1036 5068 cuncta
1065 5010 1343 5065 festinant.
1367 5006 1476 5062 Sed
1515 5016 1570 5060 et
1605 5014 1658 5060 tu
1685 5003 1778 5073 qui
1830 5004 1946 5056 hinc
1979 5017 2077 5054 au-

522 5111 628 5176 dis,
654 5111 696 5162 si
725 5106 1024 5175 Scripturis
1045 5103 1249 5159 sanctis
1283 5099 1530 5156 intendas
1560 5112 1625 5153 ex
1656 5097 1788 5161 otio,
1810 5095 2078 5166 permulta

592 5301 638 5331 "
667 5276 921 5358 Lucaxv,
958 5294 992 5347 4
1038 5303 1092 5346 et
1140 5304 1292 5360 seqq.
1417 5287 1461 5319 ⁸⁸
1494 5285 1872 5360 Ι-γϐονεμῖιιι,
1923 5283 1978 5338 6.

519 5370 568 5404 ⁷³
599 5372 751 5423 lteut.
790 5383 901 5424 xvi.
933 5366 985 5418 9.

521 5439 608 5505 27,
640 5441 731 5493 28.
810 5438 853 5467 ⁷⁸
886 5435 1077 5502 Philip.
1108 5448 1167 5495 Il,
1201 5433 1285 5486 10.
1362 5429 1408 5460 ⁸ο
1441 5426 1544 5482 lsa.
1589 5441 1662 5491 χι,
1691 5424 1806 5479 6-8.

590 5532 700 5612 (86)
734 5530 842 5584 Sex
887 5543 1018 5583 mss.
1072 5527 1298 5589 habent,
1356 5524 1711 5594 prtrdicabat;
1740 5519 1868 5574 libb.
1905 5521 2032 5574 editi
2067 5539 2080 5575 :

519 5603 1170 5741 Ρ,ῗὲἐῖιῖίίαίιίωιὶιανηηι.
1211 5666 1302 5720 Sic
1326 5666 1527 5720 habent
1556 5678 1743 5717 omnes
1773 5677 1928 5727 mss.,
1957 5658 2078 5715 libri

523 5758 649 5797 vero
678 5739 828 5806 editi,
867 5739 1306 5792 Animonitarum.

2085 5287 2130 5319 ⁷⁸³
2166 5285 2331 5356 Εριμ
2359 5300 2434 5348 tv,
2482 5282 2536 5344 4.
2575 5280 2625 5356 5:

1061 5364 1107 5394 ⁷³⁵
1139 5355 1296 5415 Nunt.
1333 5374 1483 5421 κχχι,
1523 5357 1612 5410 50.
1686 5355 1731 5386 ⁷⁸
1759 5355 1892 5410 Gen.
1928 5370 2036 5420 xiv,
2069 5356 2155 5413 M.
2212 5355 2277 5385 7'"
2308 5355 2418 5408 .lud

1067 5473 1077 5486 .
1108 5448 1167 5487 it.
1201 5433 1285 5486 10.
1362 5429 1408 5460 ⁸ο
1441 5426 1544 5482 lsa.
1589 5441 1662 5487 χι,
1691 5424 1806 5479 6-8.
1882 5425 1924 5457 ⁸⁸
1957 5425 2148 5481 Matth.
2176 5440 2329 5487 xviii.
2364 5425 2418 5476 5.

2185 4546 2290 4610 hic,
2315 4561 2418 4598 non
2445 4543 2730 4598 introibitis
2755 4546 2813 4596 in
2853 4559 3070 4612 regnum
3115 4541 3233 4614 Dei)
3290 4543 3588 4599 missurum
3638 4557 3750 4599 esse

2184 4653 2428 4698 manum,
2456 4645 2510 4690 et
2538 4635 2670 4690 nihil
2697 4636 3037 4704 laedendum;
3073 4636 3162 4689 vel
3210 4637 3373 4690 etiam
3415 4636 3503 4690 illa
3561 4637 3748 4708 figura,

2184 4742 2345 4798 quam
2400 4727 2590 4782 Petrus
2620 4726 2728 4795 jam
2759 4743 2902 4784 nunc
2929 4729 2981 4781 in
3019 4727 3264 4782 Ecclesia
3324 4726 3512 4782 haberi
3579 4730 3748 4792 docet,

2185 4836 2306 4876 cum
2358 4821 2524 4876 refert
2559 4835 2618 4876 se
2672 4821 2940 4876 visionem
2988 4820 3190 4874 vidisse
3227 4820 3298 4884 δ’,
3327 4820 3382 4873 in
3431 4835 3537 4889 qua
3575 4821 3749 4875 omnia

2189 4913 2580 4982 quadrupedia,
2609 4921 2663 4969 et
2689 4912 2876 4968 bestiae
2903 4923 3082 4975 terrae,
3109 4927 3173 4966 ac
3202 4910 3440 4965 volatilia
3467 4911 3598 4966 caeli
3619 4912 3751 4965 intra

2191 5020 2360 5060 unum
2408 5004 2533 5060 ﬁdei
2583 5003 2809 5058 linteum
2850 5001 3286 5065 continebantur,
3319 5013 3558 5072 quatuor
3587 5001 3753 5057 Evan-

2188 5096 2451 5167 geliorum
2490 5094 2658 5150 initiis
2695 5093 3020 5165 alligatum?

2727 5281 2768 5312 '”
2797 5279 2931 5334 Gen.
2972 5295 3081 5342 xu,
3123 5277 3210 5333 46.

2231 5355 2277 5385 ⁷⁸
2308 5355 2432 5408 .lud.
2469 5366 2566 5415 vti,
2598 5350 2651 5404 6.
2720 5351 2774 5382 ⁷⁷
2810 5349 3044 5417 SOplion.
3094 5365 3133 5416 t,
3173 5349 3257 5404 l5.

2494 5423 2539 5453 δ’
2568 5423 2690 5476 Act.
2720 5436 2776 5486 ι,
2806 5421 2893 5486 Η,
2939 5419 3024 5476 1⁸2.

2266 5519 2376 5590 (88)
2403 5518 3012 5590 Madianitashrurrrat.
3047 5514 3122 5571 Ita
3153 5516 3361 5590 __codd._
3388 5515 3681 5590 Gemetic._
3707 5526 3758 5570 et

2195 5585 2702 5673 saiigermanensis,
2736 5585 2860 5642 libri
2890 5598 3068 5642 autem
3101 5587 3228 5641 editi
3254 5587 3516 5640 omittunt
3550 5585 3756 5638 Μαάκι-

2191 5673 2353 5715 mtas.

3311 5279 3357 5308 ⁷⁸
3387 5277 3522 5332 an.
3551 5294 3634 5344 Ill,
3664 5276 3752 5335 23.

3333 5350 3378 5408 τε
3402 5347 3580 5405 Levit.
3610 5364 3752 5412 ssvt,
