3902 6522
177 356 260 410 Ιῗό
1346 350 1411 402 ΙΝ
1447 350 1745 406 GENESIM
1785 351 2068 409 llOMlLlA
2107 356 2170 411 ll.

3291 365 3393 420 174

232 473 280 528 6.
310 472 501 526 Verum
548 471 794 541 quoniam
860 486 984 526 arca
1019 487 1176 540 quam
1205 471 1514 528 describere
1549 490 1716 529 cona-
1751 480 1793 534 A
1825 477 1998 532 tinent
2023 478 2210 539 vitam,
2235 487 2285 531 ct
2309 493 2371 532 ex
2393 480 2538 533 omni
2570 488 2721 549 parte
2751 481 3020 539 libratam.
3049 482 3179 540 Nam
3212 499 3399 544 aucto—

178 583 294 633 mur,
317 581 420 620 non
452 566 626 619 solum
680 566 1039 629 bicamerata,
1071 565 1164 618 sed
1201 574 1253 617 et
1305 565 1657 620 tricamerata
1689 583 1717 619 a

178 663 271 716 Deo
309 659 550 713 construi
594 657 838 726 jubetur,
891 673 1112 724 operam
1173 656 1360 711 demus
1415 667 1470 712 et
1527 674 1625 713 nos
1653 661 1720 714 ad

178 759 294 809 hanc
325 749 593 820 duplicem
621 765 740 818 quae
771 749 1048 819 praecessit
1084 750 1480 816 expositionem
1521 765 1720 804 secun-

175 850 278 902 dant
312 855 633 914 praeceptum
681 843 772 896 Dei
816 843 979 896 etiam
1033 842 1245 895 tertiam
1268 841 1513 910 jungere.
1543 841 1719 917 Prima

172 937 292 994 enim
343 950 463 1003 quae
503 936 797 1003 praecessit,
833 933 1094 988 historica
1129 943 1232 997 est,
1293 932 1457 986 veluti
1515 933 1716 986 funda-

173 1038 387 1084 mentum
412 1028 680 1096 quoddam
716 1026 769 1080 in
803 1025 1158 1080 inferioribus
1209 1027 1408 1094 posita.
1469 1025 1718 1080 Secunda

170 1123 267 1177 haec
296 1122 547 1191 mystica,
573 1118 828 1188 superior
856 1128 910 1172 et
938 1118 1210 1172 excelsior
1236 1118 1357 1171 fuit.
1398 1116 1644 1171 Tertiam
1673 1117 1716 1172 si

171 1227 435 1285 possumus
461 1210 719 1265 moralem
755 1219 1026 1264 teutcmus
1059 1209 1298 1276 adjicere
1325 1225 1340 1262 :
1365 1209 1614 1278 quamvis
1663 1220 1720 1264 ct

173 1309 257 1359 hoc
288 1304 460 1374 ipsum
491 1303 635 1371 quod
664 1316 838 1370 neque
867 1301 1256 1356 bicameratam
1285 1303 1460 1355 solum
1503 1301 1640 1355 dixit
1663 1308 1718 1354 et

169 1396 316 1459 siluit,
349 1409 522 1463 neque
547 1394 950 1448 tricameratam
996 1403 1202 1448 tantum
1253 1401 1307 1447 et
1334 1392 1595 1458 cessavit,
1624 1390 1715 1444 sed

168 1500 272 1539 cum
303 1483 530 1536 dixisset
578 1480 994 1548 bicameratam,
1031 1482 1239 1536 addidit
1285 1490 1340 1537 et
1394 1482 1714 1536 tricamera-

170 1587 280 1640 tam,
307 1588 405 1629 nec
429 1573 630 1643 absque
655 1575 816 1644 hujus
841 1575 1011 1643 ipsius
1043 1573 1409 1643 expositionis
1429 1589 1588 1641 quam
1615 1573 1714 1626 ha-

168 1667 336 1720 bemus
388 1667 438 1719 in
494 1667 742 1721 manibus
782 1667 1030 1721 videatur
1078 1681 1200 1721 esse
1259 1666 1538 1736 mysterio.
1579 1663 1713 1719 Nam

165 1761 493 1813 tricamerala
526 1759 795 1827 triplicem
819 1759 960 1815 hanc
978 1759 1372 1828 expositionem
1405 1759 1710 1826 designant.

165 1851 260 1904 Sed
287 1849 413 1918 quia
481 1865 585 1904 non
633 1864 848 1917 semper
879 1849 953 1902 in
989 1847 1288 1918 Scripturis
1315 1847 1514 1902 divinis
1544 1848 1719 1902 histo-

166 1948 301 2002 rialis
325 1947 719 2014 consequentia
750 1955 898 2000 stare
919 1953 1122 2016 potest,
1177 1946 1272 2001 sed
1329 1959 1714 2015 nonnunquam

159 2038 341 2100 deficit,
363 2047 441 2098 ut.
477 2039 624 2091 verbi
660 2051 848 2101 causa,
876 2054 998 2092 cum
1047 2038 1248 2092 dicitur
1271 2037 1318 2068 ⁸³
1355 2053 1368 2088 :
1403 2036 1581 2098 Spince
1617 2055 1716 2091 na-

158 2138 349 2185 scentur
375 2133 430 2182 in
455 2145 614 2182 manu
635 2129 826 2183 ebriosi
853 2170 866 2182 .
898 2140 953 2183 et
1007 2145 1128 2183 cum
1161 2128 1213 2182 in
1246 2130 1446 2196 templo
1477 2144 1507 2182 a
1563 2128 1719 2182 Salo-

160 2238 302 2276 mone
323 2230 637 2274 constructo
672 2221 873 2274 dicitur
894 2219 942 2250 ”
982 2238 996 2275 :
1039 2218 1150 2273 Vox
1195 2218 1370 2273 mallei
1415 2229 1465 2274 et
1519 2221 1714 2273 securis

159 2331 249 2367 non
279 2323 350 2367 est
381 2313 567 2365 audita
599 2313 655 2366 in
705 2312 860 2365 domo
891 2313 988 2368 Dei
1032 2331 1050 2369 :
1088 2321 1143 2367 et
1169 2313 1367 2366 iterum
1411 2311 1462 2366 in
1513 2311 1713 2366 Leviti-

155 2420 212 2460 co
233 2405 434 2471 ",cum
461 2403 604 2472 lepra
662 2405 886 2473 parietis
941 2413 997 2459 et
1036 2403 1320 2474 pelliculae,
1349 2413 1406 2458 et
1456 2404 1710 2458 staminis

155 2500 328 2570 inspici
360 2499 586 2568 jubetur
615 2514 643 2551 a
669 2498 1043 2555 sacerdotibus
1093 2507 1150 2552 et
1193 2497 1417 2569 purgari
1446 2515 1460 2554 :
1492 2508 1712 2567 propter

156 2593 258 2644 haec
279 2604 408 2659 ergo
430 2598 487 2643 et
511 2589 596 2644 his
613 2588 809 2644 similia
837 2603 944 2643 non
971 2587 1145 2643 solum
1197 2589 1570 2654 tricamerata,
1613 2591 1709 2643 sed

151 2694 198 2738 et
229 2683 560 2755 bicam‘crata
595 2696 721 2736 arca
750 2683 1080 2748 contexitur,
1114 2689 1169 2735 ut
1199 2681 1434 2736 sciamus
1469 2680 1522 2734 in
1556 2679 1707 2735 Scri—

150 2775 308 2843 pturis
334 2773 534 2828 divinis
564 2788 670 2828 nou
705 2787 924 2842 semper
947 2772 1235 2842 triplicem,
1279 2773 1404 2840 quia
1434 2786 1539 2825 non
1568 2786 1710 2826 sent-

148 2881 235 2934 per
268 2882 364 2922 nos
401 2867 628 2923 historia
695 2866 964 2935 sequitur,
1015 2863 1111 2919 sed
1158 2864 1427 2918 interdum
1480 2863 1707 2931 duplicis

147 2960 507 3014 tantummodo
537 2972 760 3014 sensum
782 2955 1150 3028 expositionis
1189 2956 1474 3009 insertum.
1510 2954 1708 3010 'l‘ente-

143 3064 249 3106 mus
282 3050 451 3121 igitur
476 3059 531 3105 et
577 3050 793 3106 tertiam
825 3047 1223 3118 expositionem
1268 3047 1564 3113 disserere,
1620 3061 1706 3102 se-

1827 584 1913 623 res
1939 569 2274 623 smcularium
2302 569 2564 624 librorum
2600 585 2823 642 possunt
2854 576 3071 644 quidem
3104 579 3208 632 dici
3243 579 3388 650 ligna

1821 662 2056 726 excelsa,
2088 662 2310 731 etligna
2365 665 2640 718 umbrosa.
2679 665 2793 722 Sub
2844 671 2988 724 ornui
3048 674 3192 725 enim
3248 673 3394 742 ligno

1823 752 2040 806 excelso
2088 762 2142 805 et
2220 768 2508 808 nemoroso
2570 770 2860 812 accusatur
2916 759 3216 817 fornicatus
3270 781 3396 821 esse

1823 841 1982 895 lsrael
2017 844 2062 873 ⁸⁷
2096 861 2108 895 ;
2141 844 2264 912 quia
2323 843 2396 896 illi
2434 843 2730 913 loquuntur
2782 849 2999 916 quidem
3052 854 3289 918 excelsa,
3340 863 3396 910 et

1823 935 2009 988 florida
2041 944 2268 989 utuntur
2295 936 2604 1003 eloquentia
2639 955 2781 995 :non
2824 951 2999 997 tamen
3037 945 3107 999 ita
3141 957 3391 1016 egerunt,

1823 1033 1879 1077 ut
1907 1025 2065 1079 locuti
2116 1037 2243 1080 sunt
2277 1045 2288 1081 :
2323 1037 2376 1081 et
2408 1029 2527 1083 ideo
2555 1043 2660 1084 non
2701 1041 2924 1098 possunt
2973 1034 3115 1105 ligna
3156 1039 3395 1106 quadra-

1824 1128 1872 1170 ta
1902 1117 2189 1180 nominari,
2220 1121 2362 1189 quod
2392 1122 2444 1174 in
2475 1122 2555 1176 eis
2597 1137 2935 1192 nequaquam
2973 1127 3080 1179 vita
3129 1139 3182 1182 et
3214 1145 3394 1185 sermo

1819 1208 2090 1265 collibret.
2128 1208 2206 1263 Tu
2231 1225 2359 1281 ergo
2397 1213 2441 1266 si
2488 1213 2621 1268 facis
2680 1231 2890 1282 arcam,
2930 1219 2972 1271 si
3005 1218 3394 1275 bibliothecam

1820 1317 2138 1373 congregas,
2165 1319 2228 1358 ex
2255 1306 2599 1360 sermonibus
2623 1309 2956 1377 propheticis
2989 1320 3043 1364 et
3080 1313 3394 1380 apostolicis

1818 1394 1900 1447 vel
1941 1411 2128 1449 eormn
2164 1397 2255 1466 qui
2298 1412 2393 1452 eos
2445 1401 2607 1454 rectis
2667 1400 2786 1454 ﬁdei
2834 1401 2990 1456 lineis
3047 1406 3218 1458 secuti
3273 1416 3396 1458 sunt

1818 1502 2122 1558 congrega,
2206 1489 2593 1545 bicameratam
2657 1501 2708 1547 ct
2770 1494 3173 1550 tricameratam
3230 1495 3395 1550 facito

1818 1591 1960 1640 eam,
1988 1591 2053 1630 ex
2089 1579 2200 1647 ipsa
2228 1583 2568 1635 narrationes
2623 1582 2913 1637 historicas
2940 1585 3122 1648 disce,
3181 1602 3244 1639 ex
3279 1587 3392 1655 ipsa

1819 1667 2138 1736 mysterium
2168 1684 2420 1738 magnum
2447 1671 2590 1738 quod
2624 1687 2676 1724 In
2729 1671 2950 1727 Christo
2978 1683 3031 1728 et
3061 1676 3113 1728 iu
3144 1675 3393 1731 Ecclesia

1821 1757 2076 1824 impletur
2123 1774 2376 1827 agnosce.
2409 1761 2484 1814 Ex
2520 1762 2634 1830 ipsa
2665 1764 2831 1816 etiam
2859 1766 3152 1820 emendare
3191 1781 3393 1834 mores,

1749 1829 1789 1882 Β
1822 1863 2067 1903 resecare
2091 1850 2244 1914 vitia,
2277 1867 2511 1921 purgare
2537 1853 2795 1920 animam,
2833 1862 2995 1923 atque
3037 1870 3240 1910 exuere
3270 1871 3390 1909 eam

1819 1941 1964 1993 omni
1991 1941 2208 1995 vinculo
2239 1944 2568 2012 captivitatis
2615 1945 2877 2015 intellige,
2918 1947 3072 2002 nidos
3128 1948 3180 2002 in
3214 1964 3298 2009 ea.
3333 1959 3392 2003 et

1820 2035 1975 2090 nidos
2013 2035 2354 2090 diversarum
2409 2038 2667 2091 virtutum
2727 2049 2780 2092 et
2830 2039 3171 2109 profectuum
3231 2041 3395 2096 collo-

1817 2141 1965 2180 cans.
2028 2127 2256 2183 Deintus
2306 2144 2438 2184 sane
2486 2139 2540 2184 ct
2593 2129 2794 2185 deforis
2831 2132 3183 2188 bituminabis
3241 2147 3391 2198 eam,

1818 2217 1984 2271 corde
2011 2218 2169 2272 fidem
2223 2234 2440 2288 gerens,
2468 2235 2566 2275 ore
2616 2220 3020 2277 confessionem
3059 2224 3388 2294 proferens:

1816 2307 1962 2360 intus
1998 2306 2284 2362 scientiam
2313 2347 2327 2370 ,
2387 2307 2522 2363 foris
2551 2325 2716 2379 opera
2766 2311 2974 2367 habens
3000 2313 3173 2368 :intus
3225 2317 3392 2370 corde

1815 2400 2066 2466 mundus,
2092 2398 2224 2454 foris
2245 2407 2427 2455 castus
2455 2416 2683 2468 corpore
2705 2403 2989 2458 incedens.
3021 2405 3075 2458 In
3102 2406 3238 2460 hanc
3263 2423 3394 2478 ergo

1814 2506 2021 2558 arcam,
2055 2491 2168 2546 sive
2193 2505 2310 2546 eam
2360 2491 2746 2547 bibliothecam
2779 2495 3082 2550 divinorum
3131 2496 3392 2553 librorum

1813 2581 1928 2635 sive
1953 2581 2191 2634 animam
2231 2582 2442 2637 ﬁdelem
2503 2585 2799 2638 secundum
2854 2587 3112 2642 moralem
3166 2588 3390 2643 interim

1813 2670 1989 2725 locum
2017 2662 2305 2740 ponamus,
2356 2673 2701 2728 introducere
2730 2675 2894 2732 debes
2935 2676 3100 2732 etiam
3129 2678 3387 2734 animaiia

1811 2777 1876 2818 cx
1899 2764 2049 2817 omni
2078 2778 2297 2833 genere,
2328 2781 2432 2819 non
2460 2765 2632 2818 solum
2667 2767 2891 2831 munda,
2931 2769 3024 2822 scd
3069 2777 3123 2822 et
3157 2770 3390 2825 immun-

1811 2857 1898 2911 da.
1947 2856 2053 2912 Sed
2085 2857 2283 2912 munda
2339 2858 2554 2928 quidem
2607 2859 2859 2914 animalia
2905 2861 3062 2916 facile
3099 2879 3391 2933 possumus

1810 2949 2017 3013 dicere,
2040 2951 2184 3018 quod
2222 2952 2505 3015 memoria,
2532 2952 2792 3017 eruditio,
2817 2953 3147 3020 intellectus,
3183 2958 3389 3012 exami-

1811 3043 1961 3095 natio
2011 3053 2066 3097 et
2089 3043 2351 3113 judicium
2379 3061 2569 3102 eorttm
2598 3063 2718 3125 qum
2757 3048 3011 3118 legimus,
3049 3051 3268 3122 aliaque
3305 3054 3390 3110 his

142 3146 362 3200 cundum
394 3144 657 3200 moralem
681 3145 879 3199 locum.
911 3142 969 3197 Si
1011 3141 1134 3211 quis
1159 3151 1265 3206 est,
1309 3140 1402 3211 qui
1451 3155 1706 3197 crescen-
1731 3170 1776 3228 ε
1812 3134 2008 3188 similia
2062 3133 2290 3206 intelligi
2319 3146 2567 3206 possunt.
2619 3140 2693 3194 De
2749 3140 3046 3196 immundis
3097 3159 3225 3200 vero
3257 3160 3388 3215 pro-

138 3237 270 3292 tibus
299 3236 483 3300 malis,
539 3243 593 3291 et
643 3234 1035 3290 inundantibus
1080 3234 1229 3288 vitiis
1284 3243 1610 3290 convertere
1641 3249 1701 3289 se

139 3336 306 3398 potest
331 3343 360 3381 a
388 3329 556 3383 rebus
586 3326 744 3381 [luxis
789 3335 844 3381 et
873 3325 1226 3396 pereuntibus
1251 3335 1308 3380 et
1360 3326 1602 3389 caducis,
1645 3335 1702 3380 et

134 3423 310 3476 audire
334 3420 570 3476 verbum
599 3419 711 3483 Dei,
740 3435 803 3474 ac
831 3429 1110 3490 ,prtecepta
1155 3418 1400 3474 caelestia
1433 3435 1446 3472 :
1487 3417 1574 3473 hic
1619 3420 1702 3472 in-

135 3519 207 3563 tra
235 3525 331 3566 cor
359 3526 525 3565 suum
549 3524 732 3564 arcam
769 3509 962 3566 salutis
992 3509 1250 3574 aediﬁcat,
1301 3519 1357 3563 et
1411 3508 1700 3564 bibliothe-

131 3617 260 3666 cam,
297 3609 356 3656 ut
383 3602 463 3656 ita
489 3601 689 3666 dicam,
718 3601 858 3655 intra
887 3615 949 3656 se
979 3600 1148 3655 divini
1180 3610 1469 3654 consecrat
1522 3600 1697 3666 verbi,

134 3690 521 3762 longitudinem
550 3691 602 3744 in
628 3707 715 3756 ea,
748 3703 802 3746 et
828 3690 1194 3757 latitudinem,
1243 3701 1298 3745 et
1331 3691 1696 3756 altitudinem,

129 3784 299 3848 fidem,
325 3798 508 3853 spem,
538 3782 969 3853 charitatemque
1002 3783 1250 3840 collocat.
1295 3781 1481 3837 Fidem
1515 3783 1697 3838 Trini-

131 3875 248 3930 tatis
273 3875 391 3945 (89)
417 3880 492 3931 ad
523 3876 911 3949 longitudinem
964 3880 1086 3931 vitae
1126 3877 1699 3948 imtuortalitatetnque

123 3968 396 4024 distendit.
429 3969 548 4040 66
573 3970 938 4024 Latitudinem
993 3970 1298 4036 charitatis,
1344 3969 1697 4039 indulgentiae

124 4069 173 4115 et
201 4060 563 4139 benignitatis
590 4059 782 4114 fundat
814 4058 1037 4115 affectu.
1075 4060 1379 4116 Altitudine
1406 4062 1520 4132 spei
1546 4075 1605 4116 se
1627 4063 1695 4116 ad

119 4152 358 4207 cwlestia
390 4153 563 4222 erigit
595 4163 648 4206 et
679 4153 910 4207 excelsa.
955 4152 1134 4222 Super
1167 4163 1372 4209 terram
1401 4143 1553 4209 cnim
1580 4168 1697 4208 am-

119 4243 324 4308 bulans,
367 4245 426 4299 in
475 4244 632 4301 caelis
688 4243 852 4299 habet
879 4244 1372 4300 conversationem.
1415 4244 1693 4300 Summam

119 4351 238 4392 vero
267 4348 498 4393 actuum
545 4352 769 4392 suorum
814 4337 982 4393 refert
1011 4337 1078 4392 ad
1133 4353 1326 4394 unum.
1377 4336 1494 4393 Scit
1546 4337 1696 4394 enim

116 4430 233 4495 quia
256 4445 440 4482 omnes
481 4429 693 4498 quidem
725 4438 978 4491 currunt;
1022 4429 1114 4482 sed
1166 4445 1303 4482 unus
1332 4427 1524 4497 accipit
1576 4427 1696 4497 pal-

1810 3224 2061 3280 uuntiare
2099 3225 2310 3281 difﬁcile
2337 3236 2440 3293 est,
2472 3243 2594 3299 qua:
2620 3239 2676 3285 et
2700 3230 2826 3286 bina
2857 3240 2914 3286 et
2945 3230 3069 3287 bina
3100 3235 3389 3290 nominau-

1813 3326 1918 3371 tur.
1951 3317 2336 3374 Verumtamen
2369 3329 2630 3390 quantum
2667 3321 2720 3376 in
2762 3331 2871 3376 tam
2910 3323 3220 3381 difﬁcilibus
3253 3327 3388 3383 locis

1808 3411 2010 3464 audere
2040 3426 2345 3479 possumus,
2378 3423 2510 3482 puto
2541 3414 2688 3483 quod
2716 3417 3157 3486 concupiscentia
3189 3429 3240 3475 et
3277 3421 3385 3487 ira,

1807 3501 1934 3570 quia
1965 3501 2276 3573 insunt(90)
2301 3507 2446 3559 omni
2473 3506 2688 3571 animae,
2721 3510 3030 3566 necessario
3049 3511 3164 3567 istae
3187 3527 3390 3569 secun-

1807 3592 1934 3647 dum
1977 3594 2081 3648 hoc
2138 3595 2279 3663 quod
2318 3595 2386 3649 ad
2423 3596 2754 3664 peccandum
2786 3599 2991 3655 homini
3033 3600 3384 3672 famulantur,

1807 3683 2100 3738 immunda:
2149 3684 2435 3751 dicuntur,
2489 3688 2789 3743 secundum
2819 3687 2924 3744 hoc
2953 3703 3083 3746 vero
3113 3694 3255 3761 quod
3286 3711 3385 3749 nc-

1807 3791 1914 3846 que
1948 3778 2282 3846 posteritatis
2323 3779 2444 3834 sine
2479 3780 2918 3850 concupiscentia
2971 3784 3248 3840 successio
3299 3801 3385 3842 re-

1803 3876 2047 3937 paratur,
2083 3882 2258 3938 neque
2283 3869 2597 3925 emendatio
2649 3871 2755 3925 ulla
2786 3872 2904 3928 sine
2935 3873 3015 3929 ira
3068 3884 3244 3945 potest
3296 3891 3387 3932 ue-

1803 3977 1910 4033 que
1948 3964 2235 4034 disciplina
2271 3974 2546 4031 constare,
2575 3969 2894 4022 necessariae
2917 3978 2970 4024 et
2993 3970 3384 4026 conservanda:

1807 4053 2079 4109 dicuntur.
2107 4053 2174 4108 Et
2203 4057 2454 4126 quamvis
2488 4057 2600 4112 haec
2627 4056 2737 4127 jam
2775 4073 2880 4113 non
2915 4060 3135 4125 morali,
3159 4061 3253 4116 sed
3282 4077 3383 4117 na-

1804 4145 1962 4200 turali
2010 4147 2223 4202 ratione
2265 4147 2512 4202 discussa
2571 4143 2884 4217 videantur,
2941 4159 3120 4206 tamen
3171 4167 3290 4222 quae
3312 4153 3383 4208 ad

1803 4255 2043 4310 praesens
2073 4252 2368 4294 occurrere
2392 4251 2708 4310 potuerunt,
2739 4258 2837 4312 pro
2875 4243 3238 4301 aediﬁcatione
3268 4233 3398 4301 tra-l

1802 4332 2095 4386 ctavimus.
2122 4329 2181 4386 Si
2208 4331 2332 4401 quis
2361 4346 2495 4387 sane
2538 4333 2780 4402 potuerit
2810 4347 2878 4388 ex
2909 4335 3022 4389 otio
3073 4336 3246 4406 ipsam
3275 4335 3396 4416 sibi.

1799 4423 2054 4480 conferre
2081 4433 2136 4478 et
2154 4438 2478 4493 comparare
2504 4421 2840 4495 Scripturam
2866 4425 3100 4482 divinam
3131 4435 3185 4482 et
3217 4427 3404 4498 spiri-p

112 4535 244 4573 suam
273 4520 342 4588 “,
374 4521 599 4576 scilicet
635 4521 726 4590 qui
758 4521 1152 4589 c0gitationum
1188 4521 1453 4574 varietate
1516 4531 1572 4574 et
1609 4520 1695 4574 in-
1728 4531 1774 4588 ι)
1801 4517 1999 4573 talibus
2020 4516 2283 4587 spiritalia
2308 4525 2586 4586 cooptare,
2639 4531 2740 4573 nec
2766 4533 2864 4574 nos
2892 4518 3026 4573 latet
3048 4519 3189 4589 quod
3224 4519 3378 4589 plura

111 4613 407 4668 stabilitate
434 4614 638 4667 mentis
663 4629 769 4668 non
796 4613 957 4667 fuerit
984 4612 1287 4682 multiplex.
1317 4613 1422 4668 Sed
1443 4613 1582 4668 hanc
1609 4614 1692 4667 bi-

111 4702 440 4760 bliothecam
480 4719 589 4759 non
624 4719 694 4759 ex
747 4705 1056 4776 agrestibus
1089 4714 1146 4759 et
1169 4705 1450 4774 impolitis,
1489 4706 1582 4760 sed
1623 4720 1691 4760 ex

107 4797 386 4862 quadratis
438 4805 501 4851 et
555 4796 851 4852 secundum
902 4798 1176 4866 aequitatis
1230 4795 1432 4851 lineam
1473 4797 1695 4852 directis

108 4888 372 4941 construit
431 4887 620 4954 lignis,
660 4888 711 4943 id
737 4897 821 4944 est
852 4904 956 4943 non
1004 4888 1344 4943 szecularium
1389 4897 1694 4954 auctorum,

109 4981 198 5033 sed
237 4995 303 5035 ex
335 4982 696 5051 pmpheticis
746 4992 908 5050 atque
941 4982 1254 5050 apostolicis
1309 4979 1690 5034 voluminibus.

103 5069 200 5140 lpsi
223 5073 374 5128 enim
403 5082 566 5136 sunt,
608 5073 698 5142 qui
742 5073 976 5128 diversis
1027 5072 1420 5127 tentationibus
1457 5069 1690 5136 edolati,

103 5164 361 5218 resecatis
389 5163 662 5218 omnibus
699 5163 844 5219 vitiis
871 5170 926 5216 et
964 5162 1188 5228 excisis,
1213 5161 1530 5230 quadratam
1563 5173 1695 5214 con-

879 5346 926 5378 “
947 5345 1010 5400 Ill
1034 5347 1163 5417 Reg.
1192 5362 1264 5410 Vl,
1290 5347 1337 5400 7-

165 5481 276 5553 (89)
304 5481 463 5537 Libri
509 5489 673 5534 antea
702 5480 859 5553 editi,
887 5479 992 5550 ﬁde
1023 5479 1303 5553 Trinitatis
1329 5481 1410 5553 ad
1465 5479 1700 5548 longitu—

101 5550 266 5606 dinem
300 5555 426 5606 rita:
486 5552 1049 5619 immortalitatemque
1109 5550 1402 5612 descendit,
1454 5558 1509 5603 at
1563 5564 1694 5602 mss.

102 5619 477 5683 Belvaceusis,
517 5621 870 5689 liernigianus
896 5630 947 5674 et
978 5631 1086 5674 tres
1120 5619 1471 5689 Tttrouettses
1519 5629 1576 5672 ut
1631 5621 1684 5671 in

105 5704 284 5750 nostro
325 5705 518 5747 textu.
553 5688 729 5745 Codex
756 5690 1182 5746 Gemeticeusis:
1220 5690 1374 5758 ﬁdem
1407 5688 1683 5742 Trinitatis

103 5779 159 5814 ex
185 5763 536 5833 longitudine
567 5761 682 5816 siue
708 5761 1196 5829 immortalitateque
1238 5761 1508 5816 distendit.
1568 5759 1686 5813 Mox

165 5345 209 5377 ⁸³
240 5347 520 5402 Proverb.
553 5363 700 5412 XXVI,
731 5348 786 5403 9.

1417 5345 1462 5377 ⁸⁵
1493 5343 1663 5398 Levit.
1693 5359 1810 5399 xm.

3387 4602 3394 4646 l

1794 4609 1849 4662 in
1886 4609 1988 4663 hoc
2016 4607 2134 4663 loco
2158 4607 2411 4678 profundi
2438 4617 2491 4662 et
2522 4609 2709 4663 arcani
2753 4611 3002 4682 mysterii
3037 4621 3250 4667 secreta
3283 4607 3394 4690 re-l

1794 4703 1989 4770 periet,
2021 4715 2140 4770 quze
2174 4715 2318 4755 nunc
2347 4716 2448 4756 nos
2476 4699 2748 4757 adducere
2771 4701 2824 4756 in
2866 4703 3128 4768 medium,
3170 4703 3254 4758 vel
3278 4719 3378 4774 pro

1805 4792 2079 4847 brevitate
2110 4792 2385 4858 temporis,
2416 4791 2498 4846 vel
2547 4805 2645 4860 pro
2690 4793 2993 4847 auditorum
3032 4793 3218 4848 labore
3270 4810 3376 4850 non

1797 4897 2104 4951 possumus.
2140 4881 2539 4952 Omnipotentis
2580 4891 2758 4938 tamen
2807 4883 2903 4938 Dei
2933 4887 3371 4941 misericordiam

1801 4977 2179 5044 deprecemur,
2214 4974 2306 5044 qui
2338 4989 2437 5028 nos
2469 4989 2577 5029 non
2612 4974 2785 5029 solum
2820 4976 3095 5032 auditores
3121 4980 3267 5034 verbi
3294 4981 3376 5035 sui

1803 5066 1988 5131 faciat,
2018 5067 2112 5120 sed
2151 5066 2466 5121 etfactores
2491 5065 2536 5098 ⁸⁸
2567 5085 2580 5120 :
2613 5077 2669 5121 et
2714 5065 2938 5122 inducat
2969 5081 3137 5138 super
3164 5080 3377 5128 nostras

1799 5172 2016 5227 quoque
2054 5157 2264 5213 animas
2293 5158 2553 5213 diluvium
2583 5175 2735 5229 aqua:
2753 5175 2888 5227 suae,
2911 5167 2969 5216 et
2992 5161 3169 5218 deleat
3189 5163 3242 5218 in
3277 5181 3376 5220 no-

1887 5341 1974 5395 ⁸⁸1
2008 5342 2134 5399 Cor.
2166 5359 2244 5411 ix,
2266 5343 2360 5400 24.

2466 5343 2555 5399 "l
2593 5344 2726 5417 Reg.
2753 5362 2883 5400 xvn.
2991 5348 3036 5380 ’3
3067 5347 3180 5402 Jac.
3216 5363 3256 5410 1,
3283 5346 3372 5402 9.2.

1809 5478 1940 5550 libb.
1977 5488 2136 5534 antea
2158 5480 2286 5535 editi
2318 5497 2330 5531 :
2364 5480 2645 5536 latitudine
2692 5483 2986 5548 charitatis,
3029 5481 3370 5550 indulgentia:

1808 5556 1856 5601 et
1891 5549 2226 5621 benignitatis
2287 5550 2478 5620 fundat
2539 5552 2810 5621 a/fectum.
2850 5553 3139 5607 Altitudine
3160 5553 3268 5621 spei
3299 5552 3368 5606 ad

1802 5618 2216 5690 cwlestiagerigit
2235 5637 2254 5684 ;
2288 5618 2380 5677 Sed
2405 5637 2534 5676 mss.
2569 5618 2702 5677 utin
2736 5633 2918 5676 nostro
2948 5629 3114 5677 textu.

1868 5691 1978 5762 (90)
2009 5688 2159 5756 Mss,
2189 5693 2403 5757 insunt;
2429 5693 2558 5748 libb.
2595 5695 2752 5759 editi,
2788 5694 2935 5747 inest.
