3902 6558
533 354 648 409 175

1997 348 2318 406 ORIGEMS
3650 360 3724 419 116

544 474 627 528 his
653 488 773 543 quae
804 471 905 527 scit
957 484 1077 525 esse
1109 467 1356 533 delenda,
1384 477 1437 524 et
1470 468 1707 525 vivificet
1756 486 1876 540 quae
1903 470 2107 541 judicat
2135 475 2182 531 Α
2213 471 2396 540 ligitur
2418 452 2664 527 voluntas
2692 472 2783 527 Dei
2817 472 3111 539 contineri,
3144 472 3245 528 nisi
3280 487 3343 528 ea
3384 472 3587 529 locutus
3614 478 3725 533 dica-

541 579 664 619 esse
692 562 1031 624 vivitieanda,
1072 576 1168 626 per
1214 560 1493 616 Christum
1525 560 1808 615 Dominum
1843 572 2107 625 nostrum,

540 666 597 712 et
620 673 713 726 per
737 654 993 725 Spiritum
1017 668 1174 707 suum
1202 662 1470 707 sanctum.
1493 651 1598 722 Ipsi
1638 653 1810 723 gloria
1838 654 1887 706 in
1911 663 2109 708 aeterna

540 749 734 805 saecula
765 744 1105 802 saeculorum.
1139 746 1177 797 A
1190 758 1333 797 men.

1131 839 1411 895 IIOMILIA
1455 837 1541 895 111.

922 933 1001 986 De
1030 933 1428 986 circumcisione
1468 931 1714 984 Abralue.

613 1032 663 1083 l.
717 1026 983 1093 Quoniam
1024 1028 1073 1079 iu
1128 1025 1312 1080 multis
1370 1024 1565 1078 divinze
1615 1024 1913 1093 Scriptum
1973 1023 2106 1078 locis

541 1122 708 1176 Deum
741 1120 968 1188 legimus
991 1119 1057 1171 ad
1090 1118 1333 1171 homines
1367 1115 1531 1184 loqui,
1557 1124 1611 1169 et
1641 1125 1862 1184 propter
1885 1118 1984 1170 hoc
2010 1113 2105 1171 Ju-

540 1213 639 1266 daei
664 1212 904 1281 quidem,
926 1211 1019 1264 sed
1044 1220 1099 1263 et
1126 1219 1435 1264 nostrorum
1466 1208 1731 1273 nonnulli,
1759 1208 1924 1262 Deum
1952 1209 2103 1277 quasi

543 1306 813 1359 hominem
847 1301 1253 1371 intelligendum
1286 1308 1632 1370 putaverunt,
1675 1301 1728 1354 id
1786 1311 1869 1354 est
1919 1301 2080 1354 huma

539 1397 625 1451 nis
648 1394 905 1450 membris
946 1394 1239 1463 habituque
1286 1391 1626 1456 distinctum,
1661 1393 1954 1463 philosophi
1981 1407 2106 1445 vero

542 1488 692 1542 velut
725 1487 969 1542 fabulosa
994 1487 1109 1542 lucc
1135 1498 1187 1541 et
1215 1488 1279 1539 ad
1333 1488 1666 1555 poeticorum
1695 1487 2101 1540 similitudinem

537 1582 912 1649 ﬁgmentorum
936 1577 1163 1633 formata
1225 1579 1573 1647 despiciunt:
1606 1579 1821 1632 videtur
1873 1578 2001 1632 mihi
2036 1578 2103 1634 de

537 1670 624 1724 liis
646 1670 823 1738 primo
868 1669 1067 1739 paucis
1117 1670 1629 1735 sermocinandum,
1658 1678 1711 1724 et
1759 1679 1882 1722 tunc
1933 1672 2000 1724 ad
2040 1685 2102 1723 ea

536 1774 656 1825 qua:
688 1758 914 1812 recitata
946 1768 1073 1813 sunt
1119 1757 1465 1812 veniendum.
1514 1756 1695 1812 Primo
1738 1772 1867 1829 ergo
1898 1758 1964 1812 ad
2006 1773 2102 1813 eos

537 1851 608 1902 sit
659 1863 839 1902 sermo
896 1849 980 1917 qui
1038 1849 1169 1902 foris
1193 1848 1349 1917 positi
1381 1856 1699 1917 arroganter
1736 1863 1833 1903 nos
1861 1849 2095 1903 circum-
2133 1834 2171 1891 Β

535 1949 805 2008 strepunt,
838 1940 1079 1994 dicentes
1110 1940 1324 1993 excelso
1353 1939 1429 1992 illi
1466 1949 1523 1993 et
1546 1938 1801 1995 invisibili
1831 1948 1990 2006 atque
2020 1940 2101 1992 in-

536 2044 799 2099 corporeo
834 2031 945 2085 Deo
977 2047 1079 2084 non
1106 2032 1417 2095 convenire,
1480 2039 1539 2085 ut
1607 2030 1857 2084 humanis
1920 2042 2100 2084 utatur

533 2120 812 2177 alIectibus
838 2124 971 2194 (9|).
1014 2122 1072 2177 Si
1096 2122 1236 2176 enim
1276 2122 1550 2191 loquendi,
1614 2122 1887 2192 inquiunt,
1923 2124 1971 2176 ei
2007 2125 2100 2176 da-

533 2214 603 2269 tis
636 2230 812 2279 usum,
856 2216 973 2270 sine
1000 2214 1162 2269 dubio
1183 2214 1380 2269 dabitis
1403 2224 1455 2268 et
1489 2230 1569 2277 os,
1603 2225 1656 2269 et
1682 2216 1954 2283 linguam,
1994 2230 2098 2269 (τηε

532 2316 757 2374 teraque
790 2307 1031 2360 membra
1062 2306 1261 2375 quibus
1293 2305 1545 2374 loquendi
1571 2307 1821 2375 expletur
1840 2304 2094 2361 ofﬁcium.

531 2396 683 2463 Quod
716 2398 760 2452 si
789 2398 880 2461 sit,
921 2413 1195 2452 recessum
1229 2406 1314 2452 est
1348 2400 1414 2451 ab
1442 2398 1704 2453 invisibili
1739 2407 1793 2453 et
1846 2399 2099 2465 incorpo-

532 2509 626 2547 reo
652 2494 762 2547 Deo
795 2505 809 2545 :
838 2500 893 2545 et
950 2490 1113 2544 multa
1147 2488 1232 2543 his
1282 2489 1476 2543 similia
1510 2497 1788 2543 nectentes
1833 2503 1930 2544 nos
1974 2488 2097 2541 tati-

531 2595 662 2655 gant
690 2583 823 2655 (92).
855 2582 941 2635 Ad
982 2582 1099 2635 haec
1128 2595 1283 2648 ergo,
1319 2579 1365 2634 si
1410 2580 1664 2650 precibus
1715 2580 1909 2634 vestris
1941 2580 2096 2650 juve-

530 2690 672 2737 mur,
698 2682 857 2742 prout
885 2672 1147 2726 Dominus
1177 2669 1407 2735 dederit,
1444 2670 1683 2724 breviter
1719 2683 2090 2725 occurremus.

601 2766 656 2819 2.
682 2762 790 2818 Nos
820 2763 961 2818 sicut
986 2763 1366 2831 incorporeum
1400 2776 1522 2816 esse
1554 2760 1743 2826 Deum,
1767 2771 1822 2816 et
1850 2761 2094 2831 omnipo-

533 2863 755 2918 tentem.
782 2865 837 2910 et
864 2852 1185 2908 invisibilem
1221 2851 1561 2920 profitemur,
1622 2852 1692 2905 ita
1738 2865 1863 2905 eum
1902 2866 2094 2907 curare

532 2944 804 3009 mortalia,
861 2953 916 2998 et
970 2942 1107 2997 nihil
1141 2943 1350 3012 absque
1407 2942 1525 3012 ejus
1573 2942 1916 3010 providentia
1953 2943 2089 3008 geri,

531 3049 707 3104 neque
743 3035 793 3089 in
827 3035 990 3098 coelo,
1026 3048 1200 3104 neque
1241 3034 1294 3087 in
1360 3034 1543 3096 terris,
1570 3041 1721 3088 certo
1750 3042 1804 3087 et
1832 3032 2090 3087 immobili

531 3128 782 3194 dogmate
811 3126 1135 3180 conﬁtemur
1176 3124 1313 3195 (93).
1367 3123 1633 3179 Memento
1663 3124 1788 3193 quia
1814 3124 1945 3178 nihil
1972 3124 2091 3179 sine

529 3216 872 3286 providentia
901 3216 1017 3286 ejus
1045 3216 1157 3286 geri
1187 3215 1445 3283 diximus,
1498 3230 1601 3270 non
1633 3215 1751 3271 sine
1785 3215 2086 3271 voluntate.

530 3310 693 3364 Multa
722 3309 863 3363 enim
891 3307 1010 3363 sine
1038 3306 1310 3361 voluntate
1336 3307 1453 3376 ejus
1477 3314 1758 3373 geruntur,
1816 3305 1947 3359 nihil
1970 3305 2093 3362 sine

534 3399 895 3470 providentia.
946 3396 1290 3452 Providentia
1329 3410 1559 3464 namque
1580 3406 1663 3452 est
1688 3410 1791 3464 qua
1818 3405 2092 3465 procurat,

526 3504 583 3548 et
602 3494 896 3562 dispensat,
918 3500 973 3545 et
997 3492 1243 3561 pr0videt
1264 3505 1384 3560 quae
1404 3499 1687 3560 geruntur.
1718 3487 1979 3545 Voluntas
2000 3506 2092 3545 ve-

526 3599 589 3639 ro
612 3595 828 3653 est,qua
852 3582 964 3637 vult
986 3583 1187 3653 aliquid
1211 3592 1304 3636 aut
1330 3598 1433 3637 non
1460 3584 1591 3636 vult.
1613 3582 1720 3638 Sed
1739 3583 1909 3637 dehis
1933 3582 2088 3637 alias.

525 3676 761 3746 Longior
786 3675 926 3730 enim
960 3683 1043 3730 est
1072 3684 1127 3728 et
1153 3674 1394 3729 diﬂusior
1430 3674 1531 3729 iste
1566 3683 1847 3729 tractatus.
1878 3673 2089 3730 Secun-

522 3770 649 3823 dum
674 3769 775 3822 hoc
796 3781 926 3836 ergo
945 3767 1087 3835 quod
1109 3766 1442 3835 provisorem
1463 3766 1796 3832 omnium,et
1816 3764 2089 3834 dispensa-

526 3871 698 3914 torem
746 3858 1065 3927 profitemur
1118 3857 1314 3924 Deum,
1364 3871 1708 3925 consequens
1753 3865 1841 3910 est
1876 3865 1933 3909 ut
1962 3856 2091 3925 quid

521 3948 629 4018 θ’]
669 3948 817 4009 velit,
851 3945 932 4000 vel
958 3947 1083 4014 quid
1124 3945 1439 4000 hominibus
1468 3944 1719 4014 expediat
1748 3946 1973 4001 indicet.
2032 3945 2088 4001 Si

526 4041 672 4094 enim
714 4053 817 4092 non
867 4037 1089 4101 indicet,
1127 4052 1229 4092 nec
1266 4039 1372 4091 erit
1409 4038 1653 4105 provisor
1693 4038 1947 4104 hominis,
1990 4054 2089 4094 nec

524 4128 769 4185 creditur
822 4143 1017 4182 curare
1072 4127 1343 4181 mortalia.
1411 4127 1661 4184 lndicans
1724 4128 1887 4198 igitur
1950 4129 2090 4184 Deus

522 4222 836 4276 nominibus
869 4235 988 4289 qua:
1045 4234 1140 4273 eos
1190 4234 1352 4289 agere
1400 4220 1543 4285 vult,
1596 4235 1703 4289 quo
1745 4222 2086 4292 potissimum

523 4311 717 4366 aliectu
753 4311 1012 4367 dicendus
1047 4319 1131 4364 est
1153 4310 1432 4364 iudicare?
1468 4310 1653 4365 Nonne
1690 4328 1756 4366 eo
1795 4313 1886 4382 qui
1914 4312 2088 4367 homi-

522 4405 681 4458 nibus
722 4403 775 4458 in
832 4416 930 4457 usu
963 4412 1018 4455 et
1058 4401 1248 4455 notitia
1289 4402 1411 4455 est?
1437 4402 1492 4455 Si
1528 4403 1694 4471 enim,
1721 4403 1872 4458 verbi
1900 4419 2083 4469 causa,

2214 573 2326 631 tur,
2381 565 2507 634 quia
2535 580 2632 621 nec
2664 566 2917 633 sentitur,
2956 581 3053 622 nec
3087 565 3403 635 intelligitur
3438 568 3576 623 inter
3595 570 3724 629 homi-

2210 670 2305 710 nes
2338 655 2565 709 indicari
2605 671 2840 725 unquam
2882 671 3037 724 posse
3078 671 3174 725 per
3210 657 3491 712 silentium
3529 660 3723 716 volunta-

2209 757 2336 803 tem.
2377 747 2482 803 Sed
2529 749 2643 803 htec
2673 764 2889 803 rursum
2936 764 3041 803 non
3081 750 3378 806 secundum
3412 753 3723 808 errarenth-

2210 840 2474 904 datorum,
2526 839 2610 894 vel
2647 840 2812 895 etiam
2859 855 2925 896 ex
2969 842 3170 897 nostris
3217 842 3615 906 nonnullorum,
3658 847 3725 915 qui

2208 947 2330 986 cum
2385 932 2493 988 illis
2548 941 2771 998 errant,
2823 944 3046 989 eatenus
3094 934 3354 1000 dicimus,
3404 944 3462 989 ut
3515 940 3727 1004 quoniam

2207 1025 2444 1078 humana
2478 1023 2744 1095 fragilitas
2773 1025 2936 1079 aliter
2964 1026 3155 1081 audire
3186 1027 3251 1081 de
3290 1026 3399 1081 Deo
3428 1042 3534 1081 non
3568 1040 3725 1097 pulcs',

2207 1115 2309 1169 nisi
2340 1126 2399 1171 ut
2447 1116 2547 1171 sibi
2583 1130 2670 1171 res
2696 1116 2811 1185 ipsa
2851 1125 2906 1172 et
2940 1115 3201 1172 vocabula
3236 1124 3360 1170 nota
3393 1128 3536 1180 sunt,
3566 1119 3727 1177 idcirco

2206 1207 2373 1260 etiam
2420 1205 2675 1261 membris
2726 1207 2841 1261 lucc
2896 1207 3101 1262 nostris
3152 1204 3441 1270 similibus,
3484 1215 3538 1260 et
3578 1207 3724 1264 habitu

2209 1297 2449 1351 humano
2506 1295 2672 1351 Deum
2717 1311 2879 1367 agere
2909 1297 3233 1352 sentiamus.
3270 1296 3518 1351 Alienum
3552 1298 3639 1353 hoc
3664 1311 3726 1354 est

2206 1390 2273 1445 ah
2314 1389 2563 1445 Ecclesia:
2619 1388 2725 1444 ﬁde
2769 1388 2872 1457 (94
2896 1388 2937 1457 ).
2996 1387 3103 1443 Sed
3152 1390 3255 1444 hoc
3295 1389 3467 1456 ipsum
3504 1391 3631 1457 quod
3664 1395 3723 1446 vel

2208 1481 2411 1551 aspirat
2478 1480 2531 1534 in
2588 1479 2756 1535 corde
2802 1478 3233 1548 uniuscujusque
3279 1488 3621 1540 sanctorum,
3662 1483 3726 1536 vel

2206 1587 2399 1626 sonum
2434 1572 2584 1626 vocis
2617 1570 2902 1640 pervenire
2926 1572 2993 1625 ad
3027 1585 3189 1625 aures
3214 1570 3332 1639 ejus
3370 1568 3523 1631 facit,
3554 1569 3725 1625 locutus

2207 1666 2410 1721 homini
2447 1664 2589 1720 Deus
2618 1662 2837 1718 dicitur.
2869 1663 2961 1718 Sic
2982 1670 3180 1718 etcum
3210 1671 3333 1716 nota
3358 1662 3459 1715 sibi
3490 1676 3600 1717 esse
3619 1663 3727 1717 iudi-

2205 1769 2288 1813 cat
2328 1772 2448 1827 qua:
2476 1756 2845 1826 unusquisque
2873 1754 2955 1810 vel
2988 1754 3249 1825 loquitur,
3277 1755 3359 1808 vel
3390 1756 3521 1823 agit,
3551 1755 3727 1810 audisse

2202 1866 2262 1906 se
2295 1851 2460 1905 dicit:
2490 1859 2684 1905 etcum
2721 1849 2920 1919 aliquid
2951 1848 3205 1918 injustam
3243 1848 3354 1918 geri
3385 1862 3413 1901 a
3446 1848 3594 1903 nobis
3619 1848 3731 1901 indi-

2204 1954 2312 2011 cat,
2364 1943 2525 1999 irasci
2563 1958 2622 1999 se
2673 1941 2998 1997 dicit:cutu
3048 1939 3327 1995 beneﬂciis
3380 1939 3495 1993 suis
3528 1936 3728 2007 ingratos

2204 2052 2301 2091 nos
2351 2035 2552 2106 arguit,
2618 2033 2881 2105 paenitere
2933 2047 2992 2087 se
3037 2031 3209 2087 dicit:
3244 2032 3490 2087 indicans
3548 2030 3727 2100 quidem

2202 2130 2314 2184 lucc
2341 2129 2431 2184 his
2456 2126 2740 2183 aﬂ‘ectibns
2780 2126 2869 2195 qui
2895 2123 3205 2181 hominibus
3256 2124 3308 2177 in
3344 2138 3442 2176 usu
3480 2130 3617 2182 sunt,
3649 2137 3728 2176 non

2203 2231 2383 2275 tamen
2412 2220 2498 2275 his
2529 2217 2786 2273 membris
2812 2233 2874 2272 ea
2913 2217 3233 2272 ministrans
3258 2230 3377 2283 qua:
3405 2222 3605 2267 natura:
3636 2230 3731 2269 cor-

2201 2330 2377 2385 porea:
2406 2322 2533 2368 sunt
2564 2309 2733 2385 (95).
2762 2311 2999 2381 Simplex
3033 2323 3265 2379 namque
3298 2316 3380 2362 est
3404 2306 3492 2360 illa
3519 2308 3734 2361 substan-

2202 2409 2294 2469 tia,
2336 2413 2391 2461 et
2436 2418 2611 2473 neque
2638 2402 2895 2458 membris
2928 2400 3069 2463 ullis,
3110 2413 3284 2467 neque
3354 2395 3731 2464 compaginilms

2200 2497 2589 2566 atl‘ectibusque
2615 2494 2935 2563 composita,
2970 2494 3065 2548 sed
3098 2490 3357 2560 quidquid
3379 2489 3574 2543 divinis
3591 2488 3732 2542 viru-

2200 2592 2342 2644 tibus
2374 2589 2603 2659 geritur,
2636 2588 2737 2641 hoc
2772 2596 2829 2640 ut
2878 2585 3124 2640 homines
3170 2592 3393 2653 possent
3442 2581 3729 2651 intelligere,

2197 2690 2290 2735 aut
2332 2682 2691 2735 humanorum
2733 2676 3098 2730 membrorum
3141 2673 3507 2743 appellatione
3548 2671 3731 2743 profer-

2202 2784 2307 2838 tur,
2332 2782 2424 2827 aut
2452 2770 2829 2827 communibus
2852 2777 2905 2824 et
2934 2768 3076 2822 notis
3110 2766 3424 2821 enuntiatur
3452 2765 3471 2836 (
3499 2764 3592 2833 96)
3630 2762 3731 2815 alie-

2197 2863 2399 2916 ctibus.
2432 2861 2498 2914 Et
2535 2860 2636 2914 hoc
2664 2860 2822 2913 modo
2855 2858 2934 2912 vel
2966 2856 3147 2921 irasci,
3176 2856 3260 2910 vel
3288 2855 3503 2921 audire,
3525 2855 3597 2906 vel
3618 2853 3731 2920 loqui

2196 2954 2396 3008 dicitur
2426 2952 2581 3007 Deus.
2612 2950 2746 3005 Nam
2772 2951 2815 3006 si
2844 2965 2950 3005 vox
2985 2949 3218 3003 humana
3247 2962 3343 3003 aer
3382 2947 3547 3013 ictus,
3577 2946 3624 2999 id
3662 2956 3731 2998 est

2194 3043 2374 3111 lingua
2411 3057 2755 3111 repercussus
2783 3040 3058 3104 delinitur,
3091 3046 3267 3108 potest
3299 3047 3355 3093 et
3386 3053 3493 3092 vox
3530 3037 3617 3091 Dei
3644 3038 3731 3089 dici

2195 3147 2288 3186 aer
2322 3134 2459 3187 ictus
2481 3171 2496 3196 ,
2534 3130 2618 3184 vel
2645 3130 2721 3195 vi,
2759 3130 2841 3182 vel
2872 3129 3147 3183 voluntate
3176 3128 3377 3182 divina.
3428 3127 3497 3182 Et
3535 3128 3648 3182 inde
3669 3136 3732 3179 est

2195 3223 2337 3292 quod
2384 3222 2429 3277 si
2464 3221 2683 3291 quando
2726 3234 2829 3273 vox
2860 3219 3120 3275 divinitus
3152 3221 3333 3285 datur,
3378 3234 3489 3273 non
3528 3218 3592 3272 ad
3637 3232 3733 3271 om-

2194 3315 2342 3369 nium
2366 3328 2545 3377 aures,
2583 3312 2676 3366 sed
2724 3312 2790 3365 ad
2838 3326 3074 3380 quorum
3109 3310 3361 3375 interest,
3391 3310 3610 3365 auditus
3629 3309 3734 3363 alla-

2193 3403 2361 3466 bitur,
2398 3410 2456 3455 ut
2488 3415 2751 3469 agnoscas
2783 3401 3018 3455 sonitum
3059 3416 3162 3455 non
3197 3399 3391 3470 lingua:
3426 3402 3581 3470 pulsu
3632 3401 3735 3453 red-

2195 3493 2361 3547 ditum
2383 3491 2639 3563 (alioquin
2665 3489 2817 3545 fieret
2835 3490 3136 3545 communis
3159 3487 3415 3559 auditus),
3431 3490 3527 3544 sed
3546 3488 3733 3557 snpmi

2198 3592 2360 3637 nutus
2393 3582 2765 3637 moderamine
2795 3582 3180 3652 gubernatum.
3208 3580 3529 3650 Quanquam
3558 3591 3608 3635 et
3633 3594 3736 3648 pro-

2194 3674 2371 3742 phetis
2394 3685 2535 3741 saape
2563 3682 2619 3727 et
2652 3672 2981 3740 patriarchis
3005 3714 3019 3738 ,
3068 3672 3391 3738 ueterisque
3420 3680 3734 3730 sanctorum,

2192 3765 2353 3817 etiam
2407 3763 2525 3817 sine
2565 3762 2718 3817 vocis
2774 3776 2909 3817 sono
2965 3762 3189 3816 verbum
3247 3762 3338 3816 Dei
3394 3760 3735 3817 factumesse

2194 3855 2482 3920 referatur,
2559 3854 2704 3909 sicut
2749 3869 2815 3909 ex
2871 3853 3123 3908 omnibus
3170 3852 3341 3909 sacris
3394 3853 3736 3909 voluminibus

2191 3946 2527 4000 abundanter
2570 3946 2844 4000 docemur.
2897 3942 2957 3998 ln
2990 3959 3121 4014 quo,
3165 3952 3224 3998 ut
3267 3944 3510 3999 breviter
3559 3946 3735 4005 dicam,

2190 4034 2489 4089 illuminata
2543 4050 2695 4090 mens
2740 4050 2837 4105 per
2883 4034 3144 4106 Spiritum
3218 4034 3308 4089 Dei
3371 4033 3637 4090 formatur
3693 4033 3735 4086 iu

2188 4126 2373 4180 verba.
2404 4125 2468 4179 Et
2497 4125 2619 4181 ideo
2640 4126 2755 4181 sive
2788 4127 2912 4189 hoc,
2946 4126 3060 4181 sive
3090 4126 3179 4181 illo
3204 4140 3308 4195 quo
3333 4141 3496 4198 supra
3523 4130 3736 4183 diximus

2189 4217 2369 4280 modo,
2402 4232 2524 4271 cum
2555 4216 2885 4272 voluntatem
2929 4231 3081 4273 suam
3115 4217 3334 4282 iudicat,
3381 4218 3599 4275 locutus
3633 4236 3735 4274 esse

2187 4308 2385 4362 dicitur
2422 4307 2578 4362 Deus.
2616 4310 2923 4364 Secundum
2972 4313 3116 4367 hunc
3145 4327 3275 4383 ergo
3305 4328 3531 4367 sensum
3576 4313 3734 4382 aliqua

2188 4397 2322 4470 (97)
2350 4399 2462 4467 jam
2494 4413 2559 4454 ex
2585 4400 2668 4455 his
2698 4416 2816 4470 qua:
2847 4402 2982 4456 lecta
3012 4414 3157 4469 sunt,
3184 4404 3541 4459 disseramus.

522 4496 770 4549 dicamus
810 4492 938 4562 quia
988 4493 1114 4548 silet
1157 4494 1318 4556 Deus,
1368 4495 1511 4562 quod
1546 4503 1755 4549 natura:
1781 4496 1854 4550 illi
1884 4510 2083 4551 conve-
2115 4501 2160 4555 D
2256 4494 2309 4545 5.
2344 4490 2502 4545 Multa
2554 4506 2811 4560 responsa
2861 4494 3058 4549 dantur
3101 4512 3130 4550 a
3190 4498 3298 4551 Deo
3348 4497 3416 4550 ad
3447 4496 3733 4555 Abraham.

522 4588 675 4640 niens
696 4586 957 4651 creditur,
998 4586 1269 4655 quomodo
1295 4587 1592 4640 indicatum
1623 4601 1745 4642 esse
1770 4587 2081 4657 aliquid'ab

521 4692 587 4730 eo
617 4677 894 4746 potabitur
932 4691 1027 4746 per
1072 4677 1390 4732 silentium?
1449 4676 1604 4732 Nunc
1651 4689 1831 4734 autem
1876 4680 2081 4736 idcirco

521 4768 734 4822 locutus
782 4767 1005 4832 dicitur,
1056 4777 1118 4822 ut
1164 4768 1402 4824 scientes
1448 4768 1693 4824 homines
1753 4771 1853 4824 hoc
1918 4771 2080 4825 mini-

532 4858 701 4910 sterio
734 4854 1060 4909 voluntatem
1093 4856 1321 4915 alterius
1346 4858 1501 4913 alteri
1530 4858 1892 4925 innotescere,
1913 4876 2078 4930 agno-

520 4958 677 5002 scant
708 4961 772 5001 ea
809 4961 931 5016 qua:
971 4946 1072 5002 sibi
1126 4962 1223 5017 per
1262 4949 1558 5019 prophetas
1604 4948 1924 5004 deferuntur
1985 4952 2077 5006 Dei

518 5054 638 5092 esse
676 5038 971 5092 voluntatis
998 5036 1218 5092 indicia.
1259 5039 1312 5092 In
1347 5040 1544 5109 quibus
1578 5040 1763 5111 utique
1793 5055 1896 5096 non
1921 5041 2079 5097 intel-

594 5153 635 5188 ⁸³
680 5154 817 5207 Gen.
846 5169 944 5218 xu,
968 5153 1020 5206 1.

594 5244 701 5318 (91)
734 5247 1041 5320 A/fectibus.
1080 5243 1256 5299 Codex
1302 5248 1477 5303 sancti
1511 5248 1859 5315 Theodorici,
1888 5252 2067 5320 a/fati.

514 5315 635 5378 bus,
672 5315 775 5369 non
809 5315 967 5370 male.

585 5387 698 5455 (99.)
729 5386 972 5456 Quatuor
1001 5398 1157 5449 mss.,
1189 5402 1280 5440 nos
1310 5386 1570 5456 fatigant;
1600 5390 1730 5447 libb.
1762 5403 1919 5446 antea
1961 5391 2075 5445 edi-

515 5460 575 5522 ti,
612 5467 818 5511 nostros
842 5455 1088 5524 fatigant.

584 5525 985 5599 (93)Dogmale
1009 5526 1334 5599 confitemur,
1362 5538 1468 5584 etc.
1502 5527 1593 5585 Sic
1625 5546 1790 5599 mss.;
1829 5532 1950 5586 libri
1985 5546 2075 5585 ve-

516 5596 1381 5677 fossili,saginasrtelitesee

582 5664 723 5733 (91)
764 5663 888 5737 Mss.
918 5665 981 5718 ab
1016 5663 1413 5734 Ecclesité‘ﬁde.
1450 5666 1603 5725 ιλιι»
1635 5671 1789 5737 editi,
1820 5671 1884 5725 ab
1916 5668 2075 5724 eccle-

511 5738 725 5789 etauica
749 5736 877 5803 ﬁde.
1773 5736 1781 5737 ί
1832 5792 1837 5797 .

2187 4584 2281 4637 sed
2330 4600 2434 4637 non
2483 4586 2660 4639 omnia
2705 4587 2773 4639 ad
2823 4602 2986 4641 unutn
3018 4589 3377 4659 eumdemque
3414 4588 3733 4644 referuntur.

2188 4677 2440 4744 Quadam
2473 4679 2615 4732 enim
2645 4680 2710 4733 ad
2738 4679 2940 4735 Abram
2960 4722 2975 4746 ,
2997 4682 3244 4750 quaedam
3275 4683 3341 4737 ad
3366 4682 3667 4742 Abraham,
3695 4678 3737 4731 id

2186 4776 2269 4822 est
2307 4770 2411 4823 alia
2452 4777 2571 4840 post
2609 4774 3034 4827 immutationem
3086 4773 3340 4841 nominis,
3393 4782 3451 4828 et
3496 4774 3601 4827 alia
3630 4786 3735 4826 cunt

2186 4860 2364 4915 adhuc
2405 4863 2640 4931 genuino
2692 4863 2957 4918 vocabulo
2996 4875 3333 4919 censeretur.
3393 4864 3461 4921 Et
3518 4863 3736 4932 primum

2184 4952 2397 5020 quidem
2425 4968 2454 5007 a
2489 4953 2596 5008 Deo
2630 4954 2696 5006 ad
2732 4954 2932 5008 Abram
2958 4964 3083 5011 ante
3105 4955 3542 5009 immutationem
3575 4953 3737 5010 nomi-

2184 5041 2269 5095 nis
2300 5041 2429 5095 illud
2468 5041 2712 5096 defertur
2750 5043 3050 5107 oraculum,
3088 5059 3194 5114 quo
3239 5046 3372 5099 dixit
3410 5045 3454 5076 ⁸³
3491 5063 3506 5099 :
3541 5045 3644 5098 Exi
3684 5046 3739 5095 de

2245 5251 2382 5324 (95)
2418 5253 2537 5306 Non
2574 5263 2747 5306 tamen
2772 5253 2855 5307 Itis
2897 5253 3140 5325 membri:
3179 5270 3241 5308 ea
3280 5255 3597 5309 ministrans
3634 5271 3737 5325 qui:

2173 5323 2377 5376 natura:
2420 5338 2683 5390 corporea
2715 5334 2856 5377 sunt.
2908 5323 3031 5378 llaec
3076 5324 3129 5377 in
3171 5333 3329 5379 antea
3378 5328 3551 5381 editis
3596 5323 3737 5381 libris

2169 5393 2368 5447 omissa
2399 5394 2718 5459 supplentur
2754 5407 2785 5446 e
2819 5409 2949 5446 mss.

2239 5460 2377 5534 (96)
2423 5463 2553 5534 Mss.
2583 5464 2923 5534 enuntiatur.
2951 5461 3105 5518 Libb.
3150 5463 3319 5529 editi,
3359 5466 3731 5518 annuntiatur.

2170 5531 2335 5586 Paulo
2358 5531 2491 5600 post
2520 5533 2684 5590 iidem
2724 5547 2878 5598 mss.,
2908 5549 3240 5602 repercussus
3272 5534 3553 5603 deﬁnitur.
3585 5535 3734 5589 Libh.

2168 5602 2319 5662 editi,
2351 5618 2683 5668 repercussus
2711 5602 2923 5655 dicitur.

2242 5670 2381 5746 (97)
2430 5672 2611 5746 _(_;o_dd.
2645 5670 2898 5746 _Delvac.,
2944 5671 3212 5729 Gemetic.
3257 5682 3311 5728 et
3359 5674 3737 5746 Remigianus,

2177 5741 2389 5811 aliqua;
2428 5741 2555 5796 libb.
2592 5741 2744 5809 editi,
2776 5741 2995 5811 reliqua.
