3902 6506
288 446 389 502 ηιπ

1480 427 1546 483 lN
1584 420 1882 482 GENESIM
1922 416 2205 475 HOMILIA
2243 418 2333 473 ιιι.

3439 425 3551 479 i789.

284 580 430 623 terra
472 574 561 619 tua
583 603 599 629 ,
650 570 699 617 et
732 562 796 616 de
839 560 994 614 domo
1026 560 1191 629 patris
1227 555 1326 619 tui,
1371 560 1421 607 et
1454 552 1517 606 de
1549 548 1861 620 cognatione
1889 546 1933 604 A
1965 538 2316 592 ntnsculinum
2366 548 2614 606 vestrum,
2652 549 2701 597 et
2737 538 3116 595 circumcidetis
3146 557 3354 598 carnem
3401 564 3552 613 pm.-.

285 668 404 721 tua,
429 664 537 710 etc.
562 653 668 708 Sed
707 651 839 708 nihil
863 652 917 706 in
944 650 1046 704 hoe
1085 648 1153 702 de
1190 655 1514 703 testamento
1547 642 1675 704 Dei,
1724 638 1860 694 nihil

286 748 357 802 de
400 742 813 803 circumcisione
870 740 1198 813 praecipitur.
1248 736 1365 792 Non
1418 736 1563 791 enim
1604 742 1858 803 poterat,

286 855 414 893 cum
472 840 646 892 adhuc
697 846 841 890 esset
891 835 1091 888 Abram
1175 837 1231 883 et
1279 826 1517 883 carnalis
1561 821 1861 880 nativitatis

286 930 613 986 vocabulum
638 931 826 991 terret,
854 924 1134 995 suscipere
1165 932 1220 978 et
1244 929 1633 976 testamentum
1674 918 1765 971 Dei
1806 926 1893 977 et.

282 1022 718 1078 circumcisionis
744 1021 976 1094 insigne.
1004 1021 1139 1076 Cum
1172 1036 1303 1077 vero
1324 1021 1455 1076 exiit
1479 1020 1546 1075 de
1575 1030 1719 1076 terra
1749 1035 1865 1083 sua,

286 1126 344 1170 et
375 1116 441 1171 de
470 1115 789 1188 cognatione
815 1131 941 1178 sua,
984 1124 1114 1170 tunc
1157 1114 1225 1169 ad
1268 1130 1392 1169 eum
1437 1113 1725 1169 sacratiora
1757 1113 1869 1184 jam

288 1222 553 1278 responsa
594 1206 934 1261 deferuntur.
966 1206 1031 1261 Et
1069 1205 1247 1276 primo
1288 1205 1485 1261 dicitur
1520 1204 1569 1260 ei
1608 1205 1733 1275 quia
1767 1220 1873 1260 non

290 1300 560 1353 vocaberis
590 1298 806 1361 Abram,
834 1302 924 1351 sed
954 1297 1217 1351 Abraham
1250 1298 1348 1351 erit
1384 1313 1570 1350 nomen
1612 1306 1760 1351 tuum
1798 1294 1866 1351 ⁵⁸.

292 1390 454 1444 Tune
501 1390 612 1459 jam
660 1398 714 1443 et
759 1398 1144 1442 testamentum
1196 1387 1292 1442 Dei
1351 1386 1590 1457 suscepit
1630 1387 1771 1459 (98),
1815 1396 1872 1441 et

290 1482 632 1553 signaculum
694 1480 817 1537 ﬁdei
883 1480 1092 1551 accepit
1147 1479 1651 1545 circumcisionem,
1708 1494 1869 1548 quam

289 1591 405 1629 non
453 1574 629 1645 potuit
679 1573 964 1644 accipere,
1012 1572 1139 1627 dum
1189 1580 1332 1626 esset
1373 1570 1426 1624 in
1468 1571 1628 1626 domo
1669 1570 1869 1640 patris,

291 1677 351 1723 et
391 1668 444 1721 in
483 1665 946 1737 consanguinitate
976 1664 1198 1728 carnali,
1230 1671 1285 1717 et
1315 1678 1437 1719 cum
1467 1663 1644 1717 adhuc
1671 1662 1871 1716 Abram

289 1768 601 1814 vocaretur.
660 1758 767 1813 Sed
838 1773 1014 1828 neque
1076 1756 1359 1828 presbyter
1422 1755 1721 1825 appellatus
1787 1764 1875 1809 est

290 1851 451 1921 ipse,
508 1859 564 1905 et
610 1866 746 1904 uxor
779 1866 894 1914 sua,
947 1850 1121 1904 donec
1166 1857 1313 1902 esset
1360 1847 1416 1901 in
1465 1848 1626 1901 domo
1684 1845 1870 1915 patris,

292 1953 351 1997 et
404 1943 553 1997 carni
606 1942 944 1997 cobabitaret
997 1956 1061 1997 ae
1111 1940 1354 2012 sanguini
1399 1957 1411 1993 :
1452 1939 1545 1994 sed
1589 1947 1873 2010 postquam

292 2044 420 2097 inde
452 2042 724 2111 profectus
756 2050 857 2103 cst,
901 2052 955 2094 et
1009 2038 1284 2094 Abraham
1319 2038 1499 2092 vocari
1543 2049 1598 2091 et
1641 2036 1864 2106 presby-

293 2145 381 2189 ter
418 2135 615 2188 meruil.
647 2151 661 2188 :
694 2133 860 2186 Erant
891 2134 1050 2198 enim,
1074 2131 1251 2201 inquit
1278 2133 1345 2197 ",
1375 2130 1528 2185 ambo
1553 2130 1860 2199 presbyteri,

292 2227 347 2280 id
386 2236 468 2281 est
520 2241 697 2289 senes,
732 2226 1008 2279 Abraham
1040 2224 1273 2290 scilicet,
1296 2232 1349 2278 et
1378 2223 1697 2277 admiranda
1725 2237 1863 2276 uxor

288 2316 436 2385 ejus,
466 2323 515 2369 et
550 2315 783 2383 provecti
814 2314 870 2367 in
906 2316 1092 2369 diebus
1140 2316 1273 2372 suis.
1341 2314 1540 2381 Quanti
1584 2326 1710 2369 ante
1767 2328 1864 2367 eos

290 2404 634 2475 longioribus
658 2420 919 2460 annorum
944 2406 1139 2473 spatiis
1168 2406 1335 2459 vitam
1377 2404 1863 2473 dusere,uongeu-

292 2496 370 2551 tis
412 2507 465 2551 et
500 2512 565 2552 eo
607 2498 838 2567 amplius
884 2498 1063 2563 annis,
1098 2498 1267 2568 aliQui
1298 2512 1405 2552 non
1463 2497 1636 2552 multo
1684 2498 1866 2553 minus

295 2605 470 2658 usque
504 2590 570 2643 ad
604 2590 864 2645 diluvium
896 2590 1082 2644 vixere
1112 2606 1126 2643 :
1160 2598 1213 2644 et
1246 2589 1380 2645 nulli
1412 2604 1476 2645 ex
1512 2589 1598 2645 his
1640 2588 1866 2660 presby-

296 2682 399 2735 teri
425 2680 673 2750 appellati
706 2690 851 2736 sunt.
890 2679 1006 2737 Non
1034 2683 1177 2738 enim
1208 2683 1313 2737 hoc
1346 2682 1567 2737 nomine
1598 2682 1652 2736 in
1692 2683 1868 2736 Abra-

296 2774 427 2828 ham
456 2783 672 2828 senecta
706 2776 951 2843 corporis
977 2817 991 2841 ,
1032 2778 1123 2831 sed
1156 2776 1337 2830 cordis
1360 2778 1649 2830 maturitas
1678 2775 1863 2845 appel-

293 2862 407 2919 lata
435 2876 538 2920 est.
566 2864 653 2921 Sic
685 2874 739 2921 et
771 2865 837 2921 ad
863 2866 1079 2938 Moysen
1119 2868 1377 2923 Dominus
1407 2868 1543 2923 dixit
1581 2870 1627 2900 "
1669 2884 1683 2922 :
1714 2868 1868 2937 Elige

301 2962 401 3016 tibi
446 2964 800 3033 presbyteros,
833 2981 959 3033 quos
1002 2972 1054 3017 tu
1094 2963 1204 3033 ipse
1242 2964 1341 3017 scis
1384 2966 1705 3036 presbyteros
1747 2987 1874 3026 esse.

300 3055 622 3109 lntueamur
648 3070 776 3126 ergo
802 3055 1111 3127 diligentius
1147 3054 1357 3109 Domini
1384 3072 1592 3121 vocem,
1622 3059 1748 3128 quid
1777 3061 1879 3117 sibi

300 3147 433 3200 velit
460 3147 556 3201 ista
587 3146 815 3215 adiectio
846 3162 950 3216 qua
981 3147 1073 3210 ait,
1107 3162 1234 3214 quos
1268 3156 1322 3199 tu
1355 3147 1465 3216 ipse
1492 3150 1591 3203 scis
1620 3167 1727 3205 esse
1760 3169 1882 3222 prc-

295 3237 553 3306 sbyteros.
594 3237 841 3309 Nunquid
890 3240 936 3295 is
969 3243 1060 3312 qui
1089 3243 1313 3297 senilem
1354 3246 1601 3314 corporis
1641 3248 1866 3315 gerebat
1892 3241 1941 3306 C

293 3339 516 3385 atatem
542 3372 557 3397 ,
603 3346 707 3387 non
747 3335 990 3389 omnium
1026 3336 1199 3391 oculis
1231 3339 1546 3406 perspicuus
1571 3348 1689 3393 erat
1723 3340 1867 3409 quod

293 3428 449 3476 esset
474 3424 773 3495 presbyter,
800 3426 851 3481 id
889 3437 970 3483 est
999 3430 1203 3485 senex?
1233 3430 1369 3497 Quid
1400 3446 1528 3500 ergo
1560 3431 1660 3487 soli
1702 3432 1869 3504 Moysi

292 3520 455 3565 tanto
514 3528 578 3569 ac
629 3515 719 3569 tali
776 3519 1055 3586 prophetae
1104 3519 1354 3589 specialis
1418 3521 1520 3575 ista
1576 3521 1869 3576 mandatur

293 3602 589 3673 inspectio,
642 3616 696 3661 ut
732 3609 806 3664 illi
838 3610 1127 3682 eligantur,
1164 3629 1269 3668 non
1299 3628 1437 3683 quos
1478 3616 1658 3671 caeteri
1692 3617 1869 3672 homi-

293 3710 399 3751 nes
448 3708 669 3765 norunt,
705 3716 809 3754 non
841 3718 978 3770 quos
1025 3704 1334 3774 imperitum
1367 3706 1557 3778 vulgus
1594 3710 1866 3779 agnoscit,

290 3792 395 3841 sed
429 3804 564 3858 quos
603 3792 863 3861 propheta
902 3792 1012 3851 Deo
1048 3795 1237 3864 plenus
1265 3797 1539 3868 elegerit?
1571 3798 1688 3854 Non
1722 3800 1866 3855 enim

288 3895 424 3948 erga
462 3896 555 3938 eos
580 3884 645 3937 de
672 3899 935 3955 conpone,
983 3904 1088 3943 nou
1133 3891 1197 3945 de
1235 3899 1412 3955 aetate,
1442 3893 1539 3946 sed
1578 3892 1645 3948 de
1684 3902 1868 3949 mente

283 3974 556 4042 judicium
594 3984 694 4031 est.
732 3977 889 4033 Tales
915 3994 1044 4051 ergo
1076 3989 1234 4036 erant
1263 3982 1349 4036 isti
1382 3982 1522 4037 beati
1558 3985 1863 4055 presbyteri

288 4066 571 4119 Abraham
603 4076 658 4122 et
690 4066 846 4124 Sara.
885 4069 950 4124 Et
984 4070 1096 4141 68
1145 4072 1320 4142 primo
1360 4076 1601 4129 omnium
1630 4078 1865 4145 genuina

290 4158 385 4211 his
415 4159 654 4224 nomina,
696 4174 816 4230 qua;
875 4170 1028 4217 ortus
1072 4162 1304 4218 carnalis
1340 4164 1583 4231 dederat,
1621 4182 1868 4222 commu-

291 4259 503 4303 tantur.
552 4250 684 4305 Cum
730 4253 870 4306 enim
901 4264 1033 4308 esset
1084 4256 1373 4325 nonaginta
1406 4268 1452 4312 et
1485 4275 1664 4312 novem
1695 4277 1866 4315 atmo-

292 4357 415 4394 rum
446 4341 734 4406 Abraham,
760 4346 1004 4413 apparuit
1047 4347 1094 4399 ei
1136 4346 1296 4412 Deus,
1332 4358 1381 4402 et
1404 4348 1536 4402 dixit
1562 4366 1579 4403 :
1608 4349 1722 4420 Ego
1748 4370 1866 4408 sum

294 4432 463 4499 Deus,
497 4434 760 4501 complace
800 4453 975 4490 coram
1012 4454 1114 4504 me,
1164 4450 1210 4492 et
1256 4450 1362 4493 esto
1406 4441 1765 4510 inculpabilis,
1816 4455 1867 4501 et

287 4541 488 4593 ponam
515 4536 876 4581 testamentum
907 4545 1079 4582 meum
1105 4515 1240 4584 inter
1267 4547 1347 4586 me
1369 4541 1419 4586 et
1440 4541 1508 4588 te.
1536 4533 1606 4589 Et
1631 4539 1860 4604 procidit

288 4616 559 4671 Abraham
613 4618 670 4671 in
729 4618 917 4687 {aciem
957 4637 1142 4686 suam,
1187 4633 1233 4676 et
1281 4624 1523 4679 adoravit
1564 4626 1757 4693 Deum,
1814 4639 1863 4683 et

288 4706 502 4762 locutus
546 4720 618 4762 est
660 4712 706 4763 ei
749 4709 892 4765 Deus
932 4713 1156 4767 dicens:
1190 4712 1300 4785 Ego
1344 4732 1459 4770 sum
1495 4733 1513 4772 :
1545 4734 1659 4773 ecce
1703 4729 1865 4774 testa-

289 4812 524 4853 mentum
576 4817 748 4856 meum
783 4812 992 4871 tecum,
1047 4817 1093 4858 et
1132 4807 1233 4861 eris
1290 4820 1441 4877 pater
1502 4811 1863 4867 multitudinis

287 4896 527 4964 gentium
561 4904 647 4947 :et
687 4896 1051 4950 benedicentur
1080 4900 1131 4952 in
1168 4908 1214 4952 te
1246 4917 1420 4955 omnes
1458 4912 1656 4972 gentes,
1684 4916 1731 4958 et
1746 4906 1865 4975 jam

288 5002 401 5039 non
424 4988 690 5039 vocabitur
735 5004 920 5043 nomen
955 5000 1102 5042 tuum
1145 4992 1364 5057 Abram,
1414 4995 1505 5047 sed
1545 4997 1643 5049 erit
1675 5012 1862 5051 nomen

286 5088 444 5131 tuum
473 5078 734 5132 Abraham
758 5080 822 5134 ⁵³³.
853 5080 919 5135 Ει
953 5097 1075 5136 eum
1101 5083 1339 5138 dedisset
1370 5084 1474 5140 hoc
1504 5101 1718 5151 nomen,
1759 5098 1866 5143 sta-

286 5171 395 5224 tim
428 5170 705 5241 subjungit
741 5188 754 5225 :
792 5173 854 5225 Et
892 5190 1086 5241 ponam
1119 5184 1487 5230 testamentum
1531 5178 1665 5233 inter
1705 5196 1783 5235 me
1817 5191 1865 5237 et

286 5273 366 5327 te,
400 5273 449 5315 et
487 5265 622 5316 inter
643 5280 814 5318 semen
844 5267 991 5322 litum
1018 5276 1132 5335 post
1156 5276 1226 5331 te,
1260 5267 1426 5321 ethoc
1465 5279 1539 5323 est
1579 5280 1866 5326 testamen-

285 5367 405 5410 tum
435 5357 575 5422 quod
597 5358 824 5410 servabis
851 5359 983 5412 inter
1003 5375 1083 5412 me
1108 5370 1155 5414 et
1180 5370 1250 5424 te,
1274 5371 1321 5414 et
1354 5362 1495 5416 inter
1521 5381 1694 5418 semen
1718 5375 1869 5419 tuum

285 5460 409 5519 post
441 5457 511 5503 te.
571 5449 638 5503 Et
681 5460 799 5520 post
850 5452 962 5505 haec
1024 5452 1210 5507 addit:
1247 5452 1675 5510 Circumcidetur
1718 5474 1869 5514 omne

367 5593 414 5625 "
457 5592 595 5649 Gen.
627 5611 757 5655 xvn,
809 5595 861 5649 5.
937 5595 981 5626 ’ί
1018 5594 1152 5650 Gen.
1187 5601 1339 5660 xvui,
1373 5598 1457 5653 ll.

283 5661 341 5698 ⁸⁸
374 5663 513 5719 ΡΙιίΙ,
550 5682 627 5730 ut,
659 5667 715 5733 2,
753 5668 806 5721 5.
883 5667 929 5699 ³⁸
985 5667 1137 5721 lietu.
1173 5684 1229 5733 tt,
1258 5669 1346 5733 28,
1386 5669 1476 5725 29.

370 5788 476 5865 (98
498 5788 542 5865 )__
565 5787 766 5865 Omnes
808 5806 971 5865 rmss.,
1023 5791 1431 5865 suscepit.,ete.,
1463 5796 1682 5863 accepit,
1714 5805 1858 5865 ete.;

287 5861 597 5949 lib'bgnetlit‘i‘
623 5862 858 5949 suscipit,
894 5872 1025 5926 etc.,
1059 5864 1273 5949 accipit.
1307 5872 1433 5949 etc._
1475 5935 1485 5946 .
1585 5861 1591 5863 ⁷
1684 5940 1695 5949 ι
1824 5938 1836 5948 .

368 5931 508 5995 (99)
560 5931 741 5988 Codex
789 5948 887 5987 uis.
942 5933 1116 5989 sancti
1170 5931 1695 6009 Theodorici:quod
1746 5938 1861 6010 quis

1965 629 2096 697 ptttt'i
2122 630 2296 681 vestri.

2037 706 2091 759 4.
2144 707 2307 777 Igitur
2373 708 2810 781 quandoquidem
2873 714 2927 768 in
3000 716 3147 770 hunc
3210 714 3539 771 devenimus

1969 797 2178 861 locum,
2229 800 2508 869 requirere
2562 803 2683 858 volo
2726 805 2772 859 si
2816 805 3159 874 omnipotens
3212 807 3396 873 Deus,
3447 812 3539 879 qui

1968 890 2091 945 (ξωιί
2139 906 2204 945 ac
2260 901 2419 945 terrae
2454 894 2786 949 dominatum
2826 906 2991 960 tenet,
3018 900 3206 954 volens
3241 909 3540 954 testamen-

1970 990 2079 1036 tum
2106 998 2308 1051 ponere
2339 999 2461 1037 cum
2506 985 2623 1040 viro
2651 997 2863 1052 sancto,
2898 990 2951 1041 in
2978 989 3082 1044 hoc
3108 1007 3374 1045 summam
3403 991 3539 1046 tanti

1969 1073 2171 1142 negotii
2224 1074 2571 1140 collocabat,
2612 1085 2673 1131 ut
2714 1078 3036 1148 prteputium
3076 1082 3260 1134 carnis
3317 1081 3433 1151 ejus
3475 1096 3539 1135 ae

1969 1165 2162 1219 futura:
2196 1180 2262 1220 ex
2296 1180 2360 1220 eo
2399 1166 2600 1223 sobolis
2641 1168 3155 1227 cirt‘umciderctur.
3220 1171 3333 1225 Erit
3377 1174 3535 1236 enim,

1970 1255 2182 1324 inquit,
2244 1267 2614 1311 testamentum
2673 1276 2841 1313 meum
2907 1278 3061 1329 super
3115 1276 3325 1327 carnem
3367 1274 3534 1317 tuam.

1970 1350 2205 1405 lloccine
2248 1360 2369 1405 erat
2442 1354 2589 1421 quod
2659 1354 2783 1407 cudi
2836 1368 2901 1407 ac
2945 1362 3105 1408 terra;
3152 1354 3433 1421 Dominus,
3488 1359 3537 1411 ei

1967 1456 2126 1509 quem
2162 1456 2194 1495 e
2223 1440 2438 1496 cunctis
2471 1442 2795 1498 mortalibus
2828 1442 2999 1499 solum
3032 1444 3328 1514 delegerat,
3352 1449 3539 1501 aeterni

1972 1534 2279 1589 testamenti
2335 1548 2560 1589 munere
2617 1536 2983 1589 conferebat?
3036 1534 3162 1591 llaec
3208 1538 3352 1592 enim
3413 1548 3542 1593 sunt

1969 1626 2099 1687 sola.
2140 1627 2193 1681 iu
2218 1626 2414 1697 quibus
2443 1627 2684 1694 magistri
2709 1639 2763 1683 et
2803 1627 3055 1683 doctores
3083 1627 3382 1700 Synagoga:
3414 1646 3541 1685 san-

1968 1731 2179 1774 etorum
2209 1718 2440 1788 gloriam
2473 1728 2700 1788 ponunt.
2736 1719 2980 1774 Ecclesia
3015 1736 3142 1775 vero
3173 1721 3398 1787 Christi,
3421 1737 3541 1790 quae

1966 1827 2063 1882 per
2088 1811 2410 1880 Prophetam
2433 1812 2647 1866 dixerat
2675 1813 2718 1844 ’⁵
2752 1829 2764 1865 :
2803 1812 2936 1868 Mihi
2964 1824 3133 1867 autem
3164 1815 3293 1868 satis
3325 1816 3544 1869 honori-

1897 1905 1937 1961 Β
1964 1905 2107 1974 ﬁcati
2151 1914 2275 1959 sunt
2308 1906 2465 1959 amici
2496 1907 2596 1970 tui,
2637 1905 2796 1971 Deus,
2829 1908 3101 1975 quomodo
3132 1909 3361 1961 honoret
3403 1910 3542 1962 ami-

1966 2012 2057 2051 cos
2091 1999 2279 2065 sponsi
2331 1999 2436 2062 sui,
2480 2007 2535 2051 et
2575 2009 2832 2066 quantam
2882 1999 2962 2053 eis
3001 1999 3228 2070 gloriam
3268 1998 3536 2063 conferat,

1963 2103 2086 2143 cum
2138 2099 2287 2159 gesta
2333 2103 2522 2144 eorum
2553 2088 2799 2157 revolvit,
2845 2091 3088 2156 veniant,
3127 2093 3173 2147 si
3199 2092 3440 2155 videtur,
3482 2102 3542 2147 ct

1967 2182 2216 2234 audiant.
2266 2181 2376 2236 Nos
2411 2196 2544 2251 ergo
2590 2182 2780 2235 imbuti
2828 2196 2926 2251 per
2967 2183 3272 2251 apostolum
3311 2183 3539 2238 Paulum

1967 2273 2198 2329 dicimus
2228 2275 2352 2342 quia
2372 2274 2517 2328 sicut
2543 2273 2710 2327 multa
2740 2273 2842 2327 alia
2865 2274 2916 2328 in
2950 2274 3122 2342 ﬁgura
3150 2285 3203 2331 et
3227 2276 3278 2330 in
3308 2275 3542 2345 imagine

1966 2364 2159 2418 futura:
2220 2366 2469 2421 veritatis
2524 2366 2753 2431 ﬁebant,
2827 2365 2900 2420 ita
2952 2377 3008 2421 et
3063 2367 3407 2422 circumcisio
3451 2367 3537 2420 illa

1966 2455 2202 2511 carnalis
2250 2455 2693 2512 circumcisionis
2721 2456 3018 2524 spiritualis
3042 2456 3269 2511 formam
3296 2457 3538 2525 gerebat.

1967 2548 2040 2601 De
2074 2564 2178 2618 qua
2209 2557 2263 2603 et
2301 2549 2524 2620 dignum
2547 2558 2687 2615 erat,
2714 2558 2770 2603 et
2821 2549 3056 2604 decebat
3091 2549 3256 2603 Deum
3283 2550 3540 2619 majesta-

1969 2646 2036 2696 tis
2074 2650 2345 2711 praecepta
2396 2640 2725 2695 mortalibus
2774 2640 2957 2716 dare.
2991 2640 3190 2695 Audite
3236 2655 3367 2711 ergo
3408 2655 3544 2710 quo-

1967 2736 2129 2788 modo
2155 2733 2360 2789 Paulus
2392 2732 2585 2788 doctor
2608 2733 2851 2803 gentium
2892 2733 2943 2787 in
2977 2732 3082 2787 tide
3108 2741 3162 2787 et
3202 2733 3434 2789 veritate
3477 2734 3543 2789 de

1967 2822 2396 2878 circumcisionis
2447 2822 2706 2892 mysterio
2756 2822 2959 2878 Christi
3015 2824 3538 2880 Ecclesiamdocet.

1976 2914 2177 2981 Videte,
2204 2917 2380 2987 inquit
2398 2918 2465 2982 ⁸⁵,
2497 2917 2955 2971 circumcisionem
2979 2918 3066 2987 (de
3088 2916 3291 2974 Judazis
3313 2918 3542 2989 loquens

1967 3008 2058 3078 q'ui
2086 3008 2554 3063 circumciduntur
2589 3009 2641 3062 in
2671 3009 2881 3078 carne).
2905 3006 3019 3063 Nos
3048 3010 3189 3063 enim
3215 3026 3416 3076 sumus,
3442 3011 3539 3075 ait,

1968 3100 2324 3164 circumcisio,
2370 3101 2461 3171 qui
2517 3101 2710 3169 spiritu
2759 3099 2866 3154 Duo
2918 3104 3195 3164 servimus,
3243 3111 3289 3154 et
3328 3117 3432 3154 non
3487 3101 3541 3154 iu

1966 3207 2126 3247 carne
2157 3191 2412 3259 ﬁduciam
2449 3192 2723 3247 habemus.
2760 3190 2883 3245 llaec
2918 3206 3019 3244 una
3049 3190 3195 3244 Pauli
3222 3190 3288 3246 de
3316 3190 3545 3245 circum-

1972 3280 2179 3336 cisione
2208 3281 2507 3335 sententia.
2540 3281 2679 3335 Audi
2723 3290 2776 3335 et
2808 3280 2965 3333 aliam
3000 3280 3045 3312 ⁸⁸
3082 3298 3094 3334 :
3138 3278 3261 3337 Non
3293 3282 3425 3334 enim
3450 3282 3541 3344 cui

1970 3371 2029 3427 in
2056 3371 2341 3440 manifesto
2378 3371 2601 3427 Judazus
2641 3383 2743 3437 est,
2783 3372 2987 3442 inquit,
3029 3389 3189 3443 neque
3218 3389 3335 3442 qua:
3367 3374 3540 3427 mani-

1970 3462 2099 3532 [este
2122 3474 2197 3518 est
2250 3467 2303 3518 in
2349 3480 2506 3518 carne
2557 3464 2923 3528 circumcisio,
2978 3464 3069 3516 sed
3116 3465 3204 3532 qui
3242 3466 3296 3517 in
3338 3464 3541 3518 occulto

1967 3554 2190 3608 Iudaeus
2223 3554 2618 3607 circumcisione
2643 3555 2841 3619 cordis,
2872 3555 2926 3605 in
2959 3554 3172 3621 spiritu,
3205 3570 3308 3607 non
3340 3555 3539 3608 littera.

1973 3642 2090 3698 Non
2120 3645 2216 3698 tibi
2254 3645 2470 3715 dignius
2502 3645 2715 3701 videtur
2760 3645 2883 3698 talis
2930 3646 3275 3699 circumcisio
3311 3646 3542 3701 dicenda

1972 3735 2025 3789 in
2059 3737 2281 3801 sanctis,
2312 3744 2366 3790 et
2401 3736 2591 3791 amicis
2620 3735 2737 3799 Dei,
2762 3750 2920 3804 quam
2947 3737 3128 3789 carnis
3155 3734 3543 3790 obtruncatio?

1969 3825 2077 3882 Sed
2122 3827 2389 3881 sermonis
2424 3827 2639 3882 novitas
2686 3828 2918 3882 fortasse
2947 3841 3051 3881 non
3091 3826 3264 3881 solum
3301 3824 3540 3890 Iudaeos,

1972 3918 2066 3972 sed
2125 3920 2288 3972 etiam
2331 3918 2543 3989 aliquos
2595 3919 2823 3973 fratrum
2885 3931 3194 3973 nostrorum
3245 3918 3541 3973 deterreat.

1970 4008 2331 4079 lmpossibilia
2374 4011 2519 4066 enim
2546 4011 2760 4066 videtur
2808 4008 3005 4064 Paulus
3033 4023 3386 4080 prtesumere,
3447 4011 3540 4079 qui

1971 4098 2443 4155 circumcisionem
2464 4101 2643 4156 cordis
2671 4102 2902 4158 inducit.
2937 4103 3218 4169 Quomodo
3244 4104 3388 4159 enim
3422 4103 3539 4157 fieri

1966 4190 2173 4260 poterit
2210 4199 2269 4244 ut
2303 4191 2725 4263 circumcidatur
2756 4195 3083 4260 membrum,
3130 4194 3273 4264 quod
3312 4194 3541 4249 internis

1972 4281 2275 4335 visceribus
2294 4281 2593 4345 obtectum,
2619 4282 2782 4338 etiam
2804 4283 3184 4353 eonspectibus
3210 4285 3340 4355 ipsis
3370 4284 3543 4340 homi-

1972 4388 2098 4427 num
2128 4373 2299 4427 latet?
2328 4372 2634 4428 Redeamus
2680 4390 2811 4446 ergo
2859 4378 2927 4430 ad
2977 4377 3324 4447 propheticas
3357 4392 3540 4443 voces,

1974 4475 2030 4518 ut
2060 4464 2349 4521 orantibus
2381 4468 2534 4521 vobis
2566 4467 2680 4521 haec
2710 4468 2776 4522 de
2822 4468 3019 4536 quibus
3061 4467 3375 4537 iurauimus,
3417 4468 3541 4522 inde

1894 4588 1941 4647 Β
1969 4556 2295 4613 clarescant.
2336 4557 2587 4613 Ezechiel
2620 4559 2883 4627 propheta
2921 4560 3053 4613 dicit
3073 4559 3117 4589 ⁹⁷
3148 4574 3163 4613 :
3194 4558 3378 4613 Omnis
3408 4558 3541 4613 atie-

1972 4649 2158 4718 nigena
2184 4650 2584 4703 incircumcisus
2622 4652 2799 4713 corde,
2842 4659 2891 4703 et
2925 4650 3322 4704 incircumcisus
3357 4666 3541 4715 carne,

1971 4752 2073 4790 non
2107 4737 2349 4791 introibit
2399 4738 2453 4791 in
2501 4747 2687 4793 sancta
2725 4754 2864 4792 mea.
2897 4739 2963 4792 Et
3006 4739 3132 4793 item
3176 4738 3302 4793 alibi
3344 4738 3543 4793 nihilo-

1972 4829 2150 4882 minus
2181 4828 2520 4897 exprobrans
2559 4831 2820 4898 propheta
2846 4829 2980 4883 dicit
3003 4829 3049 4861 ”
3077 4843 3092 4883 :
3128 4828 3322 4884 Omnes
3355 4830 3543 4885 alieni-

1969 4936 2115 4989 gena:
2142 4921 2496 4974 incircumcisi
2527 4939 2705 4989 carne,
2729 4922 2831 4989 ﬁlii
2854 4932 3031 4976 autem
3062 4921 3235 4976 Israel
3260 4924 3544 4977 incircum-

1971 5012 2066 5063 cisi
2094 5014 2271 5066 corde.
2302 5013 2630 5083 Designatur
2674 5029 2807 5084 ergo
2840 5016 2980 5083 quod
3024 5015 3128 5070 nisi
3151 5015 3275 5085 quis
3304 5015 3567 5070 circum-‘

1978 5106 2124 5158 eisus
2148 5105 2311 5158 fuerit
2358 5108 2519 5160 corde
2560 5115 2613 5161 et
2639 5107 2996 5163 circumcisus
3021 5123 3208 5171 carne,
3242 5124 3345 5162 non
3377 5109 3575 5161 intro--

1973 5198 2073 5251 ibit
2100 5199 2151 5248 iu
2177 5207 2360 5251 sancta
2390 5197 2480 5251 Dei
2511 5197 2644 5271 (99).

2040 5276 2093 5329 5.
2136 5276 2240 5329 Sed
2282 5279 2504 5332 videbor
2558 5280 2692 5333 meis
2740 5278 2854 5347 ipse
2896 5279 3109 5334 indiciis
3160 5290 3375 5350 captus.
3432 5278 3543 5332 lloc

1973 5368 2117 5419 enim
2155 5372 2429 5437 prophetae
2454 5369 2767 5424 testimonio
2795 5370 3059 5426 continuo
3096 5372 3430 5439 constringet
3458 5384 3543 5421 me

1972 5458 2213 5524 .lndmus,
2253 5471 2306 5513 et
2336 5461 2477 5515 dicet
2510 5478 2523 5513 :
2554 5461 2692 5516 Ecce
2720 5463 2981 5532 propheta
3004 5475 3287 5531 utramque
3313 5462 3545 5519 circum-

1534 5600 1873 5676 ’f_i\:um._xt,
1904 5602 1989 5659 16.
2057 5605 2109 5676 7”
2134 5604 2268 5676 Gen.
2303 5621 2435 5667 xvtt,
2464 5605 2515 5665 l,
2540 5605 2575 5658 ‘2
2600 5617 2655 5659 et
2681 5620 2836 5676 seqq.
2910 5603 2957 5637 “
2993 5603 3140 5661 Psal.
3166 5618 3430 5670 cxxxvnt,
3455 5603 3540 5661 l7.

1554 5674 1596 5703 ³⁷
1632 5672 1830 5729 Ezech.
1860 5689 2002 5740 κων,
2045 5675 2078 5730 9
2152 5677 2196 5707 ⁸⁸
2227 5674 2341 5730 Jer.
2376 5692 2451 5740 Ix,
2484 5676 2573 5730 ‘26.

1969 5800 2368 5854 incircumcisus
2428 5799 2584 5852 corde
2640 5808 2689 5851 et
2753 5796 3153 5851 incircumcisus
3213 5813 3372 5852 carne
3440 5813 3544 5853 non

1971 5871 2206 5924 introibit
2240 5871 2295 5925 in
2319 5880 2499 5924 sancta
2540 5869 2653 5923 Dei.
2690 5868 2793 5923 Sed
2825 5868 3004 5922 videor
3041 5870 3166 5922 meis
3192 5870 3323 5938 ipse,
3358 5877 3467 5923 etc.
