3902 6516
487 425 592 483 170

1963 411 2120 469 ORIG
2130 411 2284 466 ENIS
2498 435 2502 439 -
3624 403 3711 459 £30

489 543 754 600 cisionem
788 543 1052 611 designat,
1087 536 1271 593 carnis
1293 545 1348 593 et
1383 537 1585 597 cordis.
1628 537 1916 609 Allegoriae
1955 553 2060 592 non
2092 541 2139 597 Α
2165 533 2370 588 electus
2393 528 2460 584 ad
2509 525 2846 584 enarrandas
2879 523 3106 579 virtutes
3150 520 3364 578 Domini
3389 522 3432 585 ⁸,
3473 520 3713 586 suscipite

489 643 737 701 superest
765 632 942 695 locus,
976 631 1064 684 ubi
1101 640 1330 698 utraque
1375 628 1586 697 species
1616 627 2053 683 circumcisionis

488 726 746 796 exigitur.
781 723 837 778 Si
866 739 950 778 me
980 727 1174 778 vestris
1200 722 1456 792 precibus
1476 721 1749 791 juveritis,
1777 729 1836 774 ιιι
1863 720 2055 774 adesse

489 815 739 884 dignetur
773 813 997 866 verbum
1037 811 1131 867 Dei
1179 812 1284 866 vivi
1321 813 1371 866 in
1395 811 1679 880 apertione
1709 809 1823 865 oris
1855 810 2050 877 nostri,

487 907 787 974 poterimus
813 906 931 976 ipso
955 907 1090 960 duce
1117 921 1211 976 per
1238 916 1448 961 arcium
1477 907 1578 961 hoc
1611 907 1929 975 quaestionis
1953 907 2056 961 iter

485 994 553 1048 ad
607 993 947 1050 latitudinem
1008 995 1256 1050 veritatis
1309 995 1486 1061 exire,
1547 997 1674 1065 quia
1722 1012 1827 1051 non
1878 995 2052 1052 solum

483 1086 732 1142 carnales
755 1085 926 1142 Judaei
969 1087 1036 1142 de
1065 1086 1478 1142 circumcisione
1505 1088 1688 1142 carnis
1733 1087 2053 1143 revincendi

484 1185 614 1234 sunt
635 1177 808 1242 nobis,
854 1178 949 1232 sed
999 1177 1240 1233 nonnulli
1269 1193 1335 1232 ex
1381 1179 1471 1245 iis,
1506 1179 1594 1250 qui
1625 1179 1824 1234 Christi
1858 1194 2053 1233 nomen

486 1269 745 1326 videntur
775 1270 1105 1340 suscepisse,
1139 1277 1193 1324 et
1221 1277 1403 1324 tamen
1437 1269 1712 1325 carnalem
1761 1270 2052 1326 circumci-

485 1361 696 1416 sionem
733 1361 1096 1430 recipiendam
1126 1370 1318 1430 putant
1369 1372 1428 1416 ut
1463 1362 1727 1418 Ebionita:
1757 1364 1775 1433 (
1802 1365 1820 1417 l
1846 1362 1890 1433 ).
1922 1373 1978 1418 et
2007 1364 2052 1418 si

485 1455 578 1522 qui
609 1456 696 1512 bis
738 1456 901 1511 simili
931 1468 1246 1526 paupertate
1284 1475 1480 1516 sensus
1513 1460 1787 1516 aberrant.
1832 1461 2055 1518 Utamur

488 1544 656 1614 ig'tur
683 1548 882 1602 veteris
906 1548 1258 1606 instrumenti
1287 1551 1634 1618 testimoniis,
1664 1553 1862 1621 quibus
1885 1553 2056 1610 liben-

486 1642 575 1690 ter
599 1637 898 1708 indulgent.
930 1641 1208 1712 Scriptum
1239 1651 1322 1697 est
1351 1643 1496 1697 enim
1556 1644 1608 1697 in
1659 1644 1893 1699 Jeremia
1922 1659 2052 1714 pro-

486 1728 646 1794 pheta
679 1729 726 1760 ⁸⁸
763 1742 778 1781 τ
814 1728 947 1782 Ecce
987 1731 1210 1798 populus
1256 1731 1336 1785 hic
1382 1733 1781 1788 incircumcisus
1809 1736 2050 1794 auribus.

486 1818 650 1886 Audi,
679 1817 861 1884 Israel,
892 1821 1266 1890 propheticam
1293 1823 1717 1894 vocem,grande
1745 1825 1839 1880 tibi
1857 1839 2055 1894 appro-

2161 625 2380 695 dignam
2426 618 2902 676 circumcisionem
2948 613 3099 669 verbi
3161 611 3256 667 Dei
3290 613 3344 667 in
3375 611 3594 667 auribus
3629 627 3712 667 ve-

2159 713 2311 776 stris,
2343 717 2396 765 et
2425 710 2480 764 in
2519 709 2698 774 labiis,
2729 716 2784 763 et
2818 707 2868 762 in
2910 705 3097 770 corde,
3127 713 3181 760 et
3217 705 3269 759 in
3315 703 3580 774 praeputio
3603 715 3715 759 car-

2161 803 2246 858 nis
2277 810 2493 868 vestrae,
2517 810 2572 856 et
2599 801 2652 854 in
2685 797 2942 854 omnibus
2965 795 3193 853 omnino
3223 793 3484 849 membris
3512 794 3712 850 vestris.

2161 895 2508 952 Circumcisa-
2545 907 2780 962 namque
2822 891 2934 946 sint
2983 902 3146 943 aures
3187 896 3383 942 vestrae
3431 886 3712 940 secundum

2163 990 2386 1044 verbum
2427 987 2541 1051 Dei,
2573 995 2631 1040 ut
2659 999 2844 1039 vocem
2892 996 2998 1036 non
3043 979 3310 1050 recipiant
3351 978 3711 1043 obtrectantis,

2163 1089 2219 1134 ut
2249 1077 2497 1133 maledici
2532 1085 2586 1130 et
2616 1071 2915 1142 blasphemi
2955 1071 3116 1125 verba
3148 1083 3253 1122 non
3286 1066 3604 1133 andiant,ut
3626 1066 3712 1120 fal-

2162 1172 2237 1226 sis
2272 1167 2772 1231 criminationibus,
2815 1160 3104 1218 mendacio
3161 1175 3265 1213 non
3301 1167 3539 1228 pateant.
3567 1157 3713 1227 Oppi-

2162 1263 2364 1328 lentur,
2403 1270 2458 1316 et
2505 1261 2701 1314 clausae
2724 1257 2856 1322 sint,
2889 1267 2958 1310 ne
3005 1252 3268 1322 indicium
3315 1251 3596 1319 sanguinis
3625 1267 3709 1304 an-

2161 1356 2332 1419 diant,
2373 1363 2469 1408 aut
2511 1349 2798 1421 impudicis
2831 1346 3065 1402 canticis
3091 1354 3146 1399 et
3196 1342 3555 1398 theatralibus
3580 1342 3713 1396 sonis

2162 1459 2402 1520 pateant.
2449 1445 2591 1501 Nihil
2644 1444 2941 1510 obscenum
2998 1439 3286 1510 recipiant,
3329 1437 3426 1493 sed
3479 1436 3549 1491 ab
3583 1439 3712 1491 omni

2161 1557 2318 1597 coeno
2347 1539 2423 1608 (5)
2453 1535 2818 1608 corruptionis
2877 1547 3083 1588 aversae
3131 1531 3259 1588 sint.
3311 1529 3436 1586 Haec
3480 1538 3566 1585 est
3617 1530 3712 1584 cir-

2159 1632 2447 1697 cumcisio,
2478 1645 2587 1701 qua
2627 1627 2866 1684 Ecclesia
2901 1625 3108 1682 Christi
3146 1638 3308 1680 aures
3350 1637 3575 1678 suorum
3615 1623 3712 1676 cir-

2162 1725 2420 1784 cumcidit
2448 1723 2758 1780 infantium.
2775 1721 2914 1786 Ista,
2943 1719 3134 1786 credo,
3151 1728 3276 1775 sunt
3293 1731 3480 1783 aures,
3499 1731 3636 1786 quas
3662 1715 3708 1770 in

2161 1813 2502 1870 auditoribus
2547 1814 2662 1870 suis
2714 1813 3060 1883 requirebat,
3113 1807 3380 1865 dicens‘:
3411 1805 3517 1872 Qui
3570 1807 3711 1860 habet

487 1906 664 1962 brium
695 1909 972 1964 inducitur
1001 1909 1076 1980 (2
1095 1913 1136 1981 ).
1163 1912 1387 1982 grandis
1413 1913 1507 1968 tibi
1539 1914 1852 1984 impingitur
1877 1915 2055 1987 culpa.

2168 1925 2315 1963 aures
2351 1907 2607 1962 audiendi
2663 1907 2868 1961 audiat.
2905 1903 3074 1960 Nemo
3135 1903 3278 1958 enim
3318 1909 3496 1972 potest
3559 1900 3714 1953 incir-

490 1999 789 2054 Accusatio
848 2009 938 2055 tua
987 2001 1288 2071 profertur,
1339 2005 1480 2074 quod
1537 2004 1955 2062 incircumcisus
1999 2022 2059 2064 es

487 2091 728 2146 auribus.
787 2091 857 2146 Et
891 2106 990 2147 cur
1043 2110 1148 2149 non
1182 2095 1296 2150 hac
1329 2095 1557 2151 audiens
1598 2097 1895 2152 adhibuisti
1948 2097 2059 2153 ler-

489 2200 609 2240 rnm
638 2186 862 2244 auribus
885 2186 1013 2251 tuis,
1051 2199 1107 2244 et
1155 2190 1394 2245 incidisti
1425 2191 1564 2245 eas?
1612 2189 1866 2260 Culparis
1902 2208 2057 2247 nam-

483 2290 593 2345 que
619 2291 648 2329 a
674 2276 804 2344 Deo,
830 2289 884 2333 et
907 2279 1290 2334 condemnaris
1321 2319 1335 2344 ,
1383 2296 1484 2335 cur
1513 2296 1675 2336 aures
1720 2297 1827 2336 non
1860 2282 2060 2339 habeas

485 2368 858 2426 circumcisas.
920 2369 1224 2440 Confugere
1290 2371 1432 2426 enim
1495 2373 1590 2427 tibi
1650 2371 1718 2425 ad
1775 2373 2059 2442 allegorias

483 2471 723 2526 nostras,
752 2477 886 2531 quas
919 2461 1111 2517 Paulus
1149 2463 1350 2529 docuit,
1377 2479 1483 2520 non
1515 2465 1790 2534 permitto.
1815 2465 2060 2520 Circum-

483 2552 666 2608 cidere
695 2553 823 2624 quid
859 2557 1083 2611 cessas?
1115 2555 1313 2612 Deseca
1340 2571 1500 2612 aures
1520 2598 1534 2622 ,
1582 2559 1844 2615 abscinde
1888 2575 2060 2615 mem-

486 2645 583 2698 bra
618 2661 737 2715 qua:
774 2646 914 2702 Deus
952 2649 1019 2702 ad
1061 2649 1347 2704 utilitatem
1388 2665 1644 2705 sensuum
1687 2659 1742 2706 et
1791 2651 1857 2706 ad
1891 2665 2057 2706 orna-

489 2748 602 2792 tum
665 2740 884 2794 humani
940 2749 1114 2796 status
1173 2740 1398 2797 creavit.
1452 2739 1543 2796 Sic
1600 2743 1742 2796 enim
1803 2742 2059 2815 intelligis

487 2828 650 2884 verba
705 2829 906 2887 divina.
954 2830 1059 2888 Sed
1093 2840 1148 2888 et
1199 2831 1343 2886 aliud
1379 2832 1475 2888 tibi
1529 2834 1708 2888 adhuc
1749 2832 2055 2904 proferam,

487 2916 572 2970 cui
605 2919 977 2974 contradicere
1018 2935 1123 2974 non
1162 2923 1354 2989 possis.
1393 2922 1448 2976 ln
1503 2921 1718 2986 Exodo,
1752 2924 1839 2977 ubi
1873 2938 1970 2978 nos
2003 2924 2055 2978 in

486 3009 763 3064 codicibus
813 3009 1066 3065 Ecclesiae
1095 3012 1361 3069 habemus
1397 3015 1688 3082 scriptum,
1724 3015 2058 3082 responden-

489 3107 597 3153 tem
639 3102 702 3154 ad
735 3102 1015 3156 Dominum
1062 3102 1318 3174 Moysen,
1350 3115 1401 3160 et
1432 3105 1698 3160 dicentem
1732 3105 1834 3176 (3)
1872 3123 1885 3158 :
1921 3102 2055 3159 Pro~

487 3191 628 3258 vide,
662 3190 929 3258 Domine‘,
959 3193 1124 3246 alium
1148 3212 1300 3264 quem
1329 3198 1528 3249 mittas.
1558 3195 1671 3266 Ego
1701 3199 1836 3251 enim
1870 3197 2054 3268 gracili

487 3297 612 3335 voce
643 3299 777 3348 sum,
818 3295 868 3337 et
897 3285 1080 3339 tardus
1111 3285 1291 3356 lingua
1319 3288 1360 3352 ',
1389 3303 1482 3342 vos
1511 3289 1562 3342 in
1596 3287 1836 3344 llebrmis
1867 3304 2057 3348 exem':
2082 3257 2126 3316 ϐ

489 3373 736 3442 plaribus
808 3376 1021 3432 habetis
1074 3377 1113 3440 ³,
1200 3378 1312 3448 Ego
1389 3390 1563 3434 autem
1656 3382 2056 3438 incircumcisus

491 3465 644 3520 labiis
693 3483 832 3524 sum.
902 3468 1039 3524 Ecce
1087 3469 1300 3524 habetis
1357 3472 1822 3529 circumcisionem
1882 3474 2056 3530 labio-

491 3571 650 3619 rum,
707 3560 1001 3614 secundum
1059 3573 1234 3618 vestra
1283 3581 1400 3633 qua:
1463 3565 1674 3618 veriora
1735 3564 2056 3636 diciti869

487 3649 838 3719 exemplaria.
887 3651 942 3708 Si
991 3670 1119 3724 ergo
1162 3657 1459 3711 secundum
1501 3672 1598 3710 vos
1647 3656 1859 3728 Moyses
1920 3657 2060 3712 indi-

485 3754 650 3808 gnum
679 3755 738 3796 se
761 3758 880 3799 esse
919 3745 1096 3801 adhuc
1131 3747 1285 3815 dicit,
1315 3749 1459 3817 quod
1507 3763 1612 3802 non
1649 3749 1723 3802 sit
1755 3749 1916 3804 labiis
1938 3750 2056 3804 eir-

489 3833 789 3896 cnmcisus,
831 3842 1040 3888 certum
1074 3847 1158 3890 est
1201 3838 1302 3890 hoc
1334 3837 1485 3890 illum
1526 3837 1766 3892 indicare
1789 3837 1888 3908 (4),
1915 3839 2060 3906 quod

489 3922 702 3992 dignior
741 3925 810 3978 sit
842 3935 896 3980 et
946 3927 1190 3982 sanctior
1233 3928 1319 3982 ille
1345 3928 1437 3998 qui
1483 3928 1838 3984 circumcisus
1875 3939 1956 3984 est
1987 3929 2063 3982 la-

488 4010 613 4066 biis.
665 4014 934 4070 Adhibete
985 4032 1116 4088 ergo
1165 4019 1328 4072 etiam
1383 4019 1540 4073 labiis
1602 4017 1821 4084 falcem,
1852 4029 1906 4074 et
1947 4020 2060 4074 oris

488 4105 826 4173 operimenta
859 4107 1131 4173 desecate,
1155 4110 1374 4177 quando
1401 4109 1620 4180 quidem
1658 4110 1779 4166 talis
1825 4111 1978 4166 vobis
2006 4112 2057 4166 in

490 4195 691 4250 divinis
719 4195 920 4252 litteris
949 4199 1252 4270 cumplacet
1299 4201 1627 4256 intellectus.
1675 4201 1830 4269 Quod
1867 4203 1912 4257 si
1947 4193 2060 4258 cir-

491 4285 882 4342 cumcisionem
916 4287 1187 4345 labiorum
1218 4291 1284 4347 ad
1323 4292 1633 4362 allegoriam
1675 4293 1971 4359 revocatis,
2004 4305 2060 4348 et

489 4375 969 4434 circumcisionem
1027 4383 1241 4436 aurium
1309 4383 1663 4440 nihilominus
1712 4384 2057 4455 allegoricam

493 4468 676 4525 dicitis
707 4480 762 4526 et
791 4471 1094 4543 figuralem,
1131 4477 1404 4544 quomodo
1439 4493 1544 4533 non
1591 4489 1646 4533 et
1688 4479 1739 4534 in
1769 4480 2059 4534 circumci-

490 4559 644 4616 sione
667 4567 912 4633 praeputii
953 4567 1267 4638 allegoriam
1300 4571 1616 4639 requiritis?
1643 4570 1749 4626 Sed
1791 4571 1909 4626 illos
1933 4572 2054 4640 qui-
2088 4606 2132 4662 υ

490 4651 613 4706 dem
640 4654 727 4721 qui
749 4653 813 4708 ad
849 4657 1110 4712 idolorum
1142 4660 1357 4714 modum
1383 4676 1536 4716 aures
1553 4664 1739 4716 habent
1760 4672 1806 4716 et
1837 4679 1936 4716 non
1961 4679 2058 4714 au-

487 4743 662 4811 diunt,
701 4755 746 4799 et
793 4749 971 4803 oculos
1020 4752 1207 4804 habent
1239 4763 1285 4805 ct
1315 4770 1416 4808 non
1465 4755 1692 4818 rident",
1719 4754 2054 4809 omittamus.

493 4834 600 4890 Vos
631 4847 808 4892 autem
841 4841 1070 4909 populus
1100 4843 1212 4910 Dei,
1235 4855 1286 4899 et
1318 4845 1544 4914 populus
1572 4848 1622 4900 iu
1647 4847 2056 4916 acquisitiouem

561 4946 606 5020 {9
637 4945 835 5002 Jereut.
872 4967 945 5013 Vl,
990 4953 1073 5007 10.
1154 4952 1168 4982 ¹
1223 4955 1388 5008 ΕΧοίΙο
1451 4972 1520 5020 Ινν
1575 4957 1659 5009 13-

494 5017 516 5048 ⁸
546 5017 734 5073 Matth.
783 5035 904 5083 xm,
939 5023 990 5075 9.
1068 5023 1084 5051 ⁷
1116 5022 1260 5078 Psal.
1289 5040 1400 5092 cm,
1431 5017 1515 5080 5(
1561 5026 1581 5056 ⁸
1613 5025 1755 5080 Psal.
1789 5017 1959 5089 Lxxn,
1998 5027 2052 5077 7.

563 5112 641 5182 (l)
670 5109 950 5176 Ebioniuc,
991 5125 1094 5167 etc.
1140 5117 1342 5170 Alludit
1389 5120 1455 5171 ad
1488 5133 1670 5172 vocem
1709 5118 2051 5182 Ilebraieam,

488 5184 839 5256 Ebion_._quae
872 5185 1163 5251 significat,
1197 5203 1486 5254 pauperem
1522 5199 1575 5242 et
1601 5204 1852 5256 egenum.

561 5253 638 5326 (ι’)
666 5253 815 5326 M_ss..
851 5256 1159 5326 inducitur;
1200 5253 1338 5310 libb.
1380 5258 1530 5318 editi.
1564 5253 1838 5312 indicitur.

559 5323 637 5398 (5)
699 5323 943 5398 ζἰὉινὶιΙε,
990 5325 1262 5398 Domine.‘
1292 5327 1584 5398 Conlnpdit
1624 5330 1887 5397 Origenes
1943 5339 2051 5382 tres

486 5392 806 5460 veisiculos,
841 5411 1033 5463 nempe
1056 5392 1543 5463 l3et10capitisw
1572 5392 1763 5461 Exodi,
1797 5414 1894 5454 nec
1945 5414 2049 5450 non

488 5481 705 5521 versum
731 5468 800 5520 50
827 5468 1022 5535 capitis
1047 5482 1097 5520 VI
1131 5467 1368 5533 ejusdem
1403 5467 1546 5521 libri.
1576 5467 1685 5522 lloc
1718 5469 1906 5522 ultimo
1939 5470 2056 5522 loco

489 5539 578 5589 ubi
620 5537 874 5591 Hebraeus
908 5547 1087 5591 textus
1130 5539 1330 5592 habet:
1365 5537 1496 5590 Ecce
1535 5554 1627 5605 ego
1659 5542 2055 5592 ittcircumctstts

489 5608 665 5670 labiis,
699 5609 1052 5678 Septuaginta
1089 5618 1365 5664 verterunt
1392 5627 1404 5663 :
1439 5605 1575 5662 Ecce
1604 5624 1696 5678 ego
1727 5610 1911 5679 gracili
1938 5625 2058 5663 voce

487 5691 600 5728 εκιιι
613 5719 623 5729 .

563 5748 640 5811 (lt)
679 5746 838 5799 Illum
871 5750 1126 5804 indicare.
1181 5749 1270 5803 Sic
1321 5765 1475 5813 lllsS.,
1525 5749 1850 5806 libb.antem
1901 5749 2052 5813 editi,

488 5814 630 5868 illud
660 5820 913 5871 indicare.

1735 4958 1755 4987 ³
1788 4954 1946 5018 lbiil.,
1983 4954 2071 5007 10.

2161 2003 2414 2059 cumcisis
2442 2011 2498 2058 et
2519 2000 2814 2056 immundis
2858 1997 3084 2053 auribus
3116 1995 3194 2066 (6)
3225 1995 3423 2049 munda
3457 1991 3619 2048 verba
3642 2007 3717 2045 ss-

2160 2094 2379 2166 pientiae
2416 2101 2470 2150 et
2511 2093 2760 2148 veritatis
2789 2092 2999 2147 audire.
3036 2089 3358 2152 Veniamus,
3389 2085 3438 2140 si
3467 2083 3651 2150 vultis,
3671 2094 3718 2138 et

2161 2188 2228 2240 ad
2261 2186 2532 2240 labiorum
2560 2183 3056 2240 circumcisionem.
3089 2179 3201 2251 Ego
3237 2187 3366 2250 puto
3389 2176 3535 2247 quod
3567 2175 3718 2230 incir-

2161 2277 2430 2334 cumcisus
2463 2277 2535 2332 sit
2557 2275 2735 2338 labiis,
2764 2274 2858 2344 qui
2896 2273 3132 2327 nondum
3157 2271 3389 2326 cessavit
3427 2285 3458 2324 a
3494 2270 3717 2325 stultilo-

2170 2372 2318 2440 qnio,
2352 2385 2382 2424 a
2410 2367 2761 2432 scurrilitate,
2792 2366 2885 2437 qui
2934 2365 3090 2420 bonis
3123 2367 3370 2435 derogat,
3409 2362 3503 2431 qui
3536 2361 3717 2416 crimi-

2161 2469 2322 2514 natur
2368 2459 2666 2530 proximos,
2710 2457 2802 2526 qui
2847 2455 3070 2524 instigat
3123 2453 3268 2516 lites,
3302 2452 3393 2520 qui
3423 2449 3718 2506 calumnias

2161 2559 2361 2616 movet,
2398 2550 2487 2620 qui
2517 2549 2716 2604 fratres
2743 2548 2890 2602 inter
2921 2561 2979 2600 se
3012 2543 3142 2599 falsa
3173 2544 3444 2612 loquendo
3472 2543 3719 2597 commit-

2162 2644 2250 2711 tit,
2291 2645 2381 2712 qui
2436 2657 2615 2708 vana,
2645 2641 2852 2709 inepta,
2905 2637 3213 2703 saecularia,
3261 2636 3559 2707 impudica,
3612 2643 3716 2689 tur-

2160 2738 2267 2806 pia,
2307 2733 2586 2804 iniuriosa,
2622 2744 2896 2802 proterva,
2941 2733 3273 2803 blaspheme,
3301 2741 3356 2785 et
3382 2738 3584 2785 caetera
3615 2743 3719 2794 qua:

2162 2828 2378 2898 indigna
2437 2835 2560 2880 sunt
2615 2825 2924 2880 Christiano
2972 2840 3067 2880 ore
3119 2823 3480 2894 proloquitur.
3506 2821 3570 2876 Si
3609 2822 3719 2890 quis

2160 2936 2288 2974 vero
2322 2920 2391 2974 ab
2431 2919 2518 2973 his
2567 2919 2822 2974 omnibus
2856 2919 3100 2973 continet
3136 2933 3198 2972 os
3243 2932 3422 2982 suum,
3459 2925 3514 2969 et
3550 2915 3718 2982 dispo-

2160 3015 2239 3066 nit
2270 3027 2546 3068 sermones
2584 3026 2710 3066 suos
2757 3011 2809 3064 iit
2835 3008 3041 3080 judicio
3059 3012 3100 3074 ⁷,
3140 3009 3525 3065 verbositatem
3563 3007 3720 3076 repri-

2161 3105 2294 3170 mit,
2347 3103 2581 3174 linguam
2643 3112 2940 3174 temperat,
3004 3102 3167 3158 verba
3241 3100 3583 3164 moderatur,
3628 3099 3722 3153 iste

2161 3199 2352 3252 merito
2393 3196 2744 3252 circumcisus
2783 3194 2940 3249 labiis
2989 3193 3212 3247 dicitur.
3242 3190 3348 3246 Sed
3394 3199 3450 3246 et
3486 3191 3584 3260 qui
3632 3188 3722 3242 ini-

2159 3289 2421 3360 quitatem
2455 3287 2508 3342 in
2539 3286 2768 3343 Exeelso
2812 3287 3111 3356 loquuntur
3131 3284 3175 3351 ⁸,
3209 3295 3260 3338 et
3309 3282 3617 3337 extendunt
3672 3281 3718 3333 iu

2158 3378 2358 3435 coelum
2415 3378 2652 3450 linguam
2715 3393 2904 3442 suam,
2961 3377 3103 3431 sicut
3171 3373 3410 3430 haeretici
3483 3373 3717 3434 faciunt,

2158 3471 2523 3527 incircumcisi
2577 3480 2632 3524 et
2676 3470 2938 3524 immundi
2991 3468 3147 3522 labiis
3193 3465 3406 3521 dicendi
3454 3473 3588 3518 sunt
3629 3460 3716 3532 (Ἰ).

2159 3562 2524 3617 Circumcisus
2569 3577 2696 3616 vero
2726 3574 2781 3617 et
2813 3560 3045 3615 mundus
3076 3567 3155 3614 est
3204 3558 3296 3627 qui
3346 3569 3568 3625 semper
3613 3568 3720 3608 ver-

2159 3656 2284 3708 bum
2327 3654 2418 3708 Dei
2471 3654 2729 3722 loquitur,
2764 3662 2817 3707 et
2841 3669 3027 3708 sanam
3063 3651 3365 3706 doctrinam
3395 3647 3720 3716 evangelicis

2159 3753 2214 3799 et
2257 3743 2565 3813 apostolicis
2611 3744 2872 3797 munitam
2913 3742 3112 3812 regulis
3156 3739 3380 3811 profert.
3425 3738 3544 3794 lloc
3605 3753 3722 3806 ergo

2160 3835 2318 3889 modo
2362 3845 2416 3890 et
2441 3835 2778 3890 circumcisio
2834 3835 3100 3890 labiorum
3161 3834 3322 3888 datur
3375 3833 3426 3886 in
3488 3831 3722 3887 Ecclesia

2161 3922 2278 3980 Dei.

2232 4019 2282 4074 6.
2313 4019 2462 4074 Nunc
2487 4034 2618 4074 vero
2649 4019 2945 4075 secundum
2976 4019 3424 4090 pollicitationem
3455 4029 3722 4080 nostrain,

2161 4107 2396 4176 qualiter
2434 4109 2598 4162 etiam
2641 4109 2828 4162 carnis
2871 4110 3220 4164 circumcisio
3269 4110 3467 4179 suscipi
3515 4110 3722 4173 debeat,

2161 4200 2463 4254 videamus.
2507 4199 2806 4254 Membrum
2840 4201 2963 4268 hoc,
2992 4201 3042 4254 in
3093 4216 3201 4270 quo
3230 4204 3552 4270 praeputium
3583 4201 3721 4253 vide-

2165 4299 2251 4345 tur
2275 4306 2419 4357 esse,
2453 4293 2642 4348 officiis
2685 4294 3025 4349 naturalibus
3072 4295 3247 4350 coitus
3280 4305 3332 4350 et
3389 4296 3719 4364 generationi

2161 4383 2434 4436 deservire
2458 4397 2614 4435 nemo
2649 4392 2730 4437 est
2757 4384 2846 4453 qui
2880 4384 3106 4438 dubitet.
3143 4385 3198 4437 Si
3232 4385 3357 4454 quis
3395 4385 3567 4454 igitur
3603 4400 3720 4452 erga

2159 4470 2532 4540 hujuscemodi
2577 4485 2753 4529 motus
2802 4491 2907 4529 nor.
2945 4477 3290 4545 importunus
3336 4479 3596 4542 ex-sistat,
3632 4493 3722 4530 nec

2161 4575 2394 4621 statutos
2446 4567 2653 4637 legibus
2680 4569 2941 4623 terminos
2972 4581 3210 4639 superet,
3243 4586 3343 4626 nec
3375 4571 3538 4624 aliam
3577 4571 3725 4625 femi-

2165 4673 2287 4710 nam
2321 4673 2482 4726 quam
2531 4658 2813 4730 conjugem
2861 4661 3155 4730 legitimam
3212 4662 3440 4722 noverit,
3465 4671 3522 4715 et
3558 4663 3608 4715 in
3661 4676 3718 4712 ca

2165 4762 2380 4816 quoque
2413 4751 2524 4817 ipsa
2561 4753 2896 4820 posteritatis
2949 4755 3320 4807 tantummodo
3374 4766 3540 4807 causa
3568 4753 3726 4807 certis

2165 4849 2219 4893 et
2262 4840 2517 4910 legitimis
2568 4844 2899 4910 temporibus
2945 4854 3068 4915 agat
3101 4846 3204 4914 (8),
3237 4845 3340 4898 iste
3373 4846 3726 4900 circumcisus

2188 4952 2206 4982 ³
2258 4951 2424 5006 Exod.
2483 4967 2553 5018 vi,
2583 4952 2671 5006 30.
2785 4953 2967 5007 ‘l'sal.
2993 4970 3147 5020 cxm,
3175 4955 3230 5018 5,
3339 4956 3400 5009 ⁸1
3434 4955 3550 5014 Pet.
3586 4973 3646 5021 ιι,
3674 4958 3724 5011 9.

2236 5117 2312 5186 (5)
2333 5117 2502 5170 Codd.
2527 5115 2789 5171 Getnctic.
2812 5127 2864 5172 et
2891 5116 3201 5187 Sangerm.,
3227 5134 3395 5184 cinno;
3417 5118 3550 5174 libb.
3577 5120 3724 5175 editi.

2162 5203 2328 5251 caena,
2361 5187 2522 5240 male.

2231 5260 2310 5326 (6)
2347 5255 2741 5310 Incircumcisis
2792 5267 2839 5310 et
2893 5257 3179 5310 immundis
3231 5258 3472 5310 nuribus.
3509 5258 3586 5311 lla
3622 5267 3725 5311 tres

2163 5325 2290 5382 mss.
2327 5327 2698 5391 'l‘urouenses,
2738 5325 3108 5396 Remigianus,
3136 5327 3478 5381 Belvacensis
3503 5340 3558 5382 et
3592 5329 3727 5381 San-

2160 5397 2534 5464 germauensis
2558 5413 2571 5460 ;
2601 5398 2723 5450 libri
2749 5413 2876 5451 vero
2903 5397 3052 5463 editi,
3088 5398 3486 5450 incircumcisus
3509 5401 3722 5451 auribus

2151 5478 2202 5519 et
2233 5469 2550 5520 immundus.

2233 5539 2309 5607 (7)
2341 5537 2511 5593 Codd.
2545 5552 2674 5590 mss.
2709 5546 2820 5607 tres
2845 5538 3210 5604 'l‘uroncnses,
3245 5538 3647 5593 Gemeticensis
3673 5549 3722 5591 et

2162 5606 2646 5674 Sangerinanensis
2676 5626 2689 5664 :
2718 5606 2953 5676 loquitur
3009 5617 3058 5661 et
3105 5611 3354 5678 attendit,
3403 5620 3531 5674 etc.;
3569 5610 3726 5662 incir-

2161 5681 2424 5732 cumcisus
2452 5679 2606 5731 labiis
2631 5689 2676 5731 et
2710 5678 3005 5731 immundus
3034 5680 3185 5733 labiis
3208 5681 3459 5732 dicendus
3482 5691 3580 5732 est.

2235 5752 2309 5814 (8)
2337 5746 2402 5799 Et
2433 5749 2485 5800 in
2519 5764 2578 5800 ea
2608 5765 2810 5817 quoque
2841 5751 2956 5810 ipsa
3006 5750 3320 5817 posteritatis
3365 5749 3726 5802 tantummodo

2163 5837 2321 5874 causa
2351 5819 2504 5872 certis
2535 5830 2580 5871 ct
2610 5821 2853 5890 legitimis
2880 5821 3202 5880 tenuioribus
3244 5831 3387 5890 agat,
3422 5832 3526 5874 etc.
3565 5823 3724 5873 Sinit-
