3902 6554
404 397 508 452 185

1872 385 2193 446 ORIGENIS

3553 374 3661 429 191

401 511 642 578 venisse,
677 511 730 565 itt
766 509 965 581 spiritu
1004 509 1098 565 Dei
1134 497 1414 566 videbitur
1441 508 1692 565 confiteri
1712 474 1740 562 ‘l
1757 508 1875 562 Non
1893 515 1978 561 est
2005 509 2050 564 Α
2079 520 2176 574 pro
2205 500 2415 558 meritis
2451 511 2539 554 res
2569 503 2850 569 geruntur.
2867 492 3084 550 Etenim
3112 490 3218 548 Lot
3248 488 3474 546 inferior
3495 488 3659 560 longe

319 584 332 594 0
402 604 509 677 hoc
553 612 936 662 testamentum
965 601 1060 657 Dei
1087 602 1291 659 habere
1316 603 1371 657 in
1400 601 1701 669 carne,sed
1738 601 1790 654 iu
1821 613 1974 654 voce.

405 697 616 750 Dicitur
662 708 794 762 ergo
822 694 888 748 ad
923 707 1048 748 eum
1079 697 1292 749 statim:
1326 694 1728 763 Erras,homo,
1759 708 1975 762 regnum

407 786 502 840 Dei
533 801 636 840 non
679 787 733 838 in
773 801 1007 840 sermone
1036 797 1133 849 est,
1165 787 1258 840 sed
1297 787 1353 840 in
1391 787 1582 840 uirtute
1604 786 1669 840 ²⁰.
1697 783 1976 850 Quomodo

399 891 536 947 ergo
555 876 662 929 erit
688 884 1074 931 testamentum
1100 875 1305 930 Christi
1342 890 1506 943 super
1529 888 1748 927 carnem
1780 886 1974 935 meam,

405 969 644 1038 requiro.
672 968 728 1022 Si
764 967 1175 1024 mortificavero
1202 968 1439 1023 membra
1469 982 1584 1022 mea
1603 967 1667 1029 ¹¹.
1705 981 1823 1035 quae
1852 974 1978 1020 sunt

403 1074 566 1127 super
613 1069 840 1124 terram,
899 1069 1289 1115 testamentum
1335 1058 1541 1115 Christi
1590 1059 1764 1113 habeo
1812 1072 1977 1127 super

403 1165 626 1206 carnem
655 1166 854 1206 meam.
893 1151 948 1205 Si
981 1165 1198 1221 semper
1245 1160 1474 1206 mortem
1531 1150 1734 1206 Christi
1783 1150 1836 1204 in
1866 1164 1980 1203 cor-

402 1256 535 1312 pore
562 1257 683 1296 meo
712 1241 1186 1306 circumferam",
1224 1249 1611 1296 testamentum
1641 1239 1841 1296 Christi
1895 1248 1978 1294 est

402 1336 456 1388 in
489 1347 726 1399 corpore
775 1347 918 1395 meo,
959 1333 1084 1402 quia
1134 1332 1180 1388 si
1208 1333 1578 1401 compatimur,
1607 1341 1654 1386 et
1685 1348 1975 1402 conregna-

402 1426 574 1478 bimus
593 1425 660 1476 ⁸³.
689 1423 745 1478 Si
774 1423 1178 1492 complantatus
1213 1422 1368 1478 fuero
1412 1421 1760 1477 similitudini
1785 1421 1977 1477 mortis

400 1517 539 1583 ejus,
587 1525 971 1569 testamentum
1011 1514 1132 1582 ejus
1156 1514 1384 1568 ostendo
1415 1527 1537 1568 esse
1567 1528 1731 1582 super
1758 1529 1976 1568 carnem

402 1623 606 1661 meam.
641 1607 778 1672 Quid
820 1607 965 1660 enim
993 1605 1214 1675 prodest
1252 1606 1298 1660 si
1337 1606 1387 1659 in
1414 1605 1502 1660 illa
1545 1615 1753 1660 tantum
1788 1619 1973 1670 carne,

400 1715 564 1768 quam
604 1699 672 1752 de
707 1696 875 1750 Maria
917 1695 1180 1765 suscepit,
1209 1697 1387 1752 dicam
1423 1697 1635 1752 venisse
1677 1695 1972 1762 Christum,

399 1801 456 1847 et
483 1807 589 1846 non
619 1791 906 1845 ostendam
929 1790 1093 1845 etiam
1129 1791 1180 1843 in
1211 1789 1314 1843 hac
1351 1803 1467 1843 mea
1495 1803 1680 1854 carne,
1713 1790 1854 1857 quod
1881 1805 1974 1844 ve-

2075 602 2196 649 erat
2225 590 2521 646 Abraham.
2556 587 2668 642 Nisi
2696 586 2842 643 enim
2865 585 3060 642 fuisset
3094 581 3348 645 inferior,
3374 595 3480 636 non
3507 591 3658 637 esst-t

2076 692 2359 754 separatus
2389 679 2457 736 ab
2485 680 2763 736 Abraham
2783 716 2801 744 ,
2835 691 2938 734 nec
2963 675 3193 737 dixisset
3219 674 3268 730 ei
3299 673 3381 729 "z
3417 672 3475 728 Si
3503 683 3560 726 tu
3585 674 3656 726 ad

2077 778 2336 838 dextram,
2360 790 2453 844 ego
2487 773 2556 826 ad
2609 772 2885 826 sinistram
2912 769 3000 836 ;si
3043 779 3098 822 tu
3141 767 3210 820 ad
3234 767 3529 830 sinistram,
3565 782 3660 835 ego

2077 869 2145 921 ad
2175 866 2443 920 dextram.
2487 864 2556 918 Et
2588 864 2689 918 nisi
2738 864 2934 917 fuisset
2985 859 3234 924 inferior,
3267 874 3374 912 non
3407 860 3454 912 ei
3485 857 3659 912 Sodo-

2078 976 2290 1016 morum
2323 970 2466 1016 terra
2501 967 2558 1013 et
2583 955 2850 1012 habitatio
2901 952 3216 1023 placuisset.
3256 949 3493 1004 Veniunt
3526 964 3659 1018 ergo

2077 1054 2143 1109 ad
2170 1053 2443 1108 Abraham
2477 1061 2588 1107 tres
2618 1049 2719 1104 viri
2772 1046 3018 1107 meridie.
3050 1046 3116 1099 ad
3147 1044 3248 1100 Lot
3275 1045 3384 1098 duo
3423 1057 3656 1112 vespere

2076 1146 2315 1200 veniunt.
2372 1142 2489 1197 Non
2545 1142 2692 1198 enim
2731 1140 2984 1207 capiebat
3029 1137 3132 1193 Lot
3169 1135 3488 1192 meridianae
3520 1135 3658 1189 lucis

2078 1235 2528 1307 magnitudinem.
2585 1232 2862 1287 Abraham
2894 1244 3030 1284 vero
3075 1244 3245 1298 capax
3289 1228 3397 1282 fuit
3433 1227 3653 1297 plenum

2078 1333 2339 1403 fulgorem
2377 1331 2514 1386 lucis
2560 1328 2837 1396 excipere.
2879 1323 3171 1379 Videamus
3199 1335 3344 1376 nunc
3380 1322 3656 1390 quomodo

2075 1424 2352 1480 Abraham
2383 1420 2686 1490 susceperit
2725 1417 3030 1482 venientes,
3062 1424 3120 1470 et
3146 1414 3424 1484 quomodo
3451 1411 3576 1475 Lot,
3602 1423 3658 1467 et

2075 1516 2166 1586 qui
2196 1522 2491 1585 apparatus
2535 1509 2921 1580 hospitalitatis
2973 1507 3256 1574 utriusque
3313 1505 3387 1560 sit
3427 1518 3654 1573 compa-

2076 1621 2279 1664 remus.
2321 1605 2505 1660 Pritno
2535 1613 2714 1659 tamen
2776 1603 3008 1658 observa
3063 1598 3206 1668 quod
3245 1597 3482 1653 Ahrahz
3529 1612 3651 1651 cum

2073 1702 2282 1757 duobus
2309 1699 2516 1768 angelis
2557 1699 2720 1753 etiam
2750 1695 3012 1751 Dominus
3057 1692 3250 1757 adfuit,
3278 1694 3346 1748 ad
3389 1691 3490 1747 Lot
3527 1706 3656 1746 vero

2074 1797 2181 1850 duo
2225 1793 2600 1849 tantummodo
2633 1791 2810 1860 angeli
2849 1797 3102 1860 pergunt.
3139 1787 3205 1842 Et
3257 1787 3386 1856 quid
3415 1783 3657 1841 dicunt!

399 1883 576 1939 nerit?
621 1882 860 1938 Ostendo
905 1891 1084 1936 autem
1135 1885 1208 1935 ita
1255 1881 1494 1946 demum,
1525 1882 1570 1935 si
1611 1881 1967 1950 quemadmo-

2078 1887 2221 1942 Misit
2266 1901 2361 1940 nos
2410 1884 2664 1938 Dominus
2697 1888 2965 1936 conterere
3009 1881 3292 1942 civitatem,
3333 1887 3384 1933 et
3439 1880 3656 1947 perdere

400 1976 527 2028 dum
560 1973 710 2043 prius
747 1973 966 2028 exhibui
1010 1971 1248 2026 membra
1284 1986 1400 2024 mea
1433 1973 1644 2026 servire
1693 1972 1969 2041 iniquitati

399 2068 470 2120 ad
519 2067 885 2136 iniquitatem,
932 2079 1077 2120 nunc
1121 2079 1183 2118 ea
1227 2074 1544 2119 convertam
1595 2075 1648 2118 et
1690 2065 1972 2120 exhibeant

400 2159 612 2214 servire
637 2159 865 2228 iustitia:
908 2159 975 2212 ad
1011 2157 1523 2214 sanctiﬁcationem.
1557 2157 1973 2214 Testamentum

398 2251 496 2305 Dei
540 2251 766 2305 ostendo
809 2265 932 2306 esse
979 2251 1030 2304 in
1065 2264 1231 2305 carne
1261 2265 1402 2314 mea,
1444 2251 1490 2304 si
1519 2260 1750 2320 potuero
1793 2251 1975 2307 dicere

397 2356 561 2397 secun
582 2344 690 2396 lum
708 2341 1010 2410 Paulum",
1040 2341 1166 2410 quia
1196 2340 1406 2396 Christo
1430 2343 1812 2411 concruciﬁxus
1836 2360 1973 2408 sum,

397 2435 513 2487 vivo
545 2444 718 2488 autem
743 2434 857 2502 jam
890 2450 993 2488 non
1035 2451 1148 2503 ego,
1197 2435 1321 2489 vivit
1363 2450 1482 2488 vero
1508 2434 1750 2490 Christus
1780 2437 1973 2501 inme;

400 2534 454 2578 et
485 2525 527 2578 si
561 2538 789 2592 potuero
828 2526 1010 2581 dicere
1052 2535 1110 2579 ut
1155 2526 1269 2596 ipse
1307 2526 1585 2581 dicebat“
1612 2545 1626 2581 :
1655 2525 1766 2598 Ego
1797 2537 1974 2581 autem

399 2617 651 2684 stigmata
685 2615 899 2669 Dom'ui
947 2617 1046 2671 mei
1072 2617 1202 2672 Jesu
1249 2617 1444 2673 Christi
1496 2618 1553 2673 in
1593 2635 1810 2690 corpore
1862 2636 1974 2677 meo

399 2717 577 2778 porto.
621 2707 760 2763 Vere
816 2719 996 2762 autem
1052 2709 1140 2765 ille
1203 2712 1526 2768 ostendi-bat
1590 2723 1974 2769 testamentum

398 2799 494 2854 Dei
524 2815 646 2856 esse
678 2813 842 2868 super
874 2816 1093 2854 carnem
1147 2816 1323 2864 suam,
1359 2801 1448 2872 qui
1497 2803 1775 2858 dicebat"
1801 2820 1816 2860 :
1844 2803 1974 2871 Quis

400 2907 492 2944 nos
539 2891 797 2959 separabit
846 2908 876 2942 a
919 2891 1177 2944 charitate
1229 2890 1346 2956 Dei,
1396 2906 1514 2960 qua
1563 2892 1723 2946 estin
1769 2891 1977 2948 Christo

400 2980 937 3039 Jesu.’Tribulatio?
981 3000 1050 3035 an
1097 2971 1387 3052 angustia?
1433 3000 1502 3037 an
1550 2983 1975 3052 periculumian

399 3073 653 3142 gladius?
699 3073 756 3127 Si
792 3074 938 3128 enim
1001 3087 1131 3129 voce
1186 3075 1563 3128 tantummodo
1620 3075 1977 3131 contiteamur

2075 1995 2190 2034 eam
2209 1978 2274 2030 ³ο.
2311 1975 2402 2030 ille
2427 1989 2558 2044 ergo
2595 1973 2833 2043 suscepit
2860 1986 2978 2036 eos,
3009 1973 3099 2040 qui
3135 1972 3407 2042 perditum
3438 1970 3654 2031 darent,

2076 2086 2182 2127 non
2211 2069 2451 2137 suscepit
2497 2082 2620 2121 eum
2653 2067 2746 2134 qui
2793 2064 3051 2120 salvaret.
3080 2064 3357 2120 Abraham
3377 2076 3512 2116 vero
3540 2074 3656 2114 sus-

2076 2163 2221 2231 cepit
2249 2170 2457 2216 etcum
2486 2160 2577 2228 qui
2611 2157 2802 2222 salvat,
2835 2167 2889 2212 et
2935 2174 3034 2212 eos
3083 2157 3172 2226 qui
3209 2153 3468 2226 perdunt.
3503 2150 3656 2205 Nunc

2077 2253 2358 2306 videamus
2405 2250 2680 2320 quomodo
2716 2249 3094 2319 unusquisque
3136 2246 3420 2314 suscipiat.
3485 2242 3651 2305 Vidit,

2077 2345 2252 2415 inquit
2275 2344 2340 2412 ",
2362 2345 2651 2408 Abraham,
2672 2352 2720 2398 et
2747 2343 2979 2397 occurrit
3003 2342 3079 2396 eis
3105 2339 3330 2394 obviam.
3353 2335 3654 2392 Considera

2075 2440 2327 2507 protinus
2361 2437 2648 2507 impigrum
2686 2444 2741 2490 et
2782 2437 3018 2490 alacrem
3050 2433 3104 2488 in
3133 2429 3325 2488 ciliciis
3353 2427 3651 2483 Abraham.

2074 2528 2191 2599 Ipse
2217 2528 2463 2584 occurrit
2492 2526 2807 2590 obviam,et
2848 2539 2971 2581 cum
3003 2521 3334 2580 occurrisset
3355 2538 3368 2574 :
3389 2517 3638 2574 Festinat

2077 2619 2251 2688 inquit
2275 2618 2346 2680 ³⁸,
2365 2617 2434 2670 ad
2451 2615 2874 2679 tabernaculum,
2910 2621 2958 2666 et
2983 2613 3108 2665 dicit
3133 2610 3201 2664 ad
3226 2623 3441 2663 uxorem
3460 2621 3614 2660 suam
3635 2619 3652 2657 :

2075 2711 2295 2769 Festina
2343 2711 2410 2763 ad
2459 2708 2878 2763 tabernaculum.
2906 2704 3040 2760 Vide
3093 2706 3145 2759 in
3182 2702 3410 2773 singulis
3451 2708 3651 2769 quanta

2075 2806 2148 2862 sit
2173 2803 2523 2875 suscipientis
2580 2801 2860 2857 alacritas.
2897 2798 3216 2854 Festinatur
3275 2795 3326 2847 iu
3381 2789 3650 2851 omnibus,

2075 2898 2257 2952 omnia
2306 2904 2696 2966 perurgentur,
2732 2891 2870 2947 nihil
2909 2906 3007 2961 per
3031 2891 3206 2944 otium
3235 2884 3467 2956 geritur.
3516 2881 3656 2936 Dixit

2075 3002 2203 3058 ergo
2233 2987 2302 3042 ad
2330 3001 2558 3042 uxorem
2591 2999 2745 3042 suam
2792 2981 3044 3038 Saratn“
3077 2998 3092 3034 :
3122 2977 3345 3032 Festina
3382 2977 3451 3029 ad
3482 2978 3652 3028 taber-

2077 3078 2350 3143 naculum,
2382 3087 2429 3132 et
2467 3092 2752 3147 consperge
2791 3087 2896 3130 tres
2936 3088 3209 3128 mensuras
3232 3070 3578 3142 similaginis,
3607 3079 3651 3122 et

406 3165 693 3218 Dominum
728 3163 937 3230 .lesum,
971 3173 1026 3220 et
1058 3180 1164 3220 non
1196 3167 1554 3222 ostendamus
1586 3174 1970 3220 testamentum
1999 3210 2041 3268 ϐ
2077 3171 2163 3241 [ac
2217 3169 2616 3226 subcinericias.
2673 3166 2786 3222 lloc
2842 3166 3032 3222 Graece
3083 3163 3386 3236 ἐγκρυφίας
3429 3162 3650 3223 dicitur,

397 3255 519 3324 t-jus
565 3269 685 3310 esse
739 3272 907 3326 super
947 3271 1171 3312 carnem
1213 3266 1488 3324 nostram,
1515 3257 1814 3312 secundum
1856 3255 1971 3312 haec

399 3362 520 3416 qua:
544 3362 708 3418 supra
737 3351 1111 3418 exposuimus,
1146 3347 1450 3404 videbimur
1481 3349 1646 3404 etiam
1677 3364 1777 3404 nos
1798 3349 1972 3404 simile

400 3441 604 3509 aliquid
634 3441 814 3497 facere
841 3440 1066 3508 Iudaeis,
1095 3442 1189 3512 qui
1216 3441 1334 3498 solo
1356 3442 1788 3498 circumcisiouis
1815 3443 1970 3513 signo

397 3531 566 3585 Deum
599 3547 659 3586 se
678 3531 928 3588 confiteri
959 3543 1174 3602 putant,
1209 3533 1371 3590 factis
1395 3543 1577 3588 autem
1609 3544 1824 3605 negant.
1862 3533 1972 3589 No-

396 3621 482 3674 bis
511 3633 691 3676 autem
717 3632 935 3694 praestet
969 3623 1229 3679 Dominus
1256 3626 1419 3680 corde
1446 3626 1690 3692 credere,
1718 3641 1812 3681 ore
1837 3641 1968 3680 cou-

397 3712 559 3776 fiteri.
591 3715 847 3784 operibus
875 3714 1232 3785 comprobare
1281 3727 1666 3774 testamentum
1714 3718 1805 3772 Dei
1852 3733 1972 3773 esse

396 3820 563 3874 super
594 3822 816 3862 carnem
869 3818 1132 3876 nostram,
1162 3819 1218 3863 ut
1249 3810 1477 3865 videntes
1533 3810 1766 3864 homines
1815 3827 1974 3879 ορειά

397 3903 584 3952 nostra
633 3896 791 3963 bona,
841 3898 1179 3967 magniﬁceut
1224 3896 1443 3952 Patrem
1489 3909 1737 3952 nostrum
1789 3901 1875 3968 qui
1908 3901 1962 3952 in

395 3977 538 4040 cretis
563 3995 640 4040 est
657 3987 728 4051 ",
752 4001 846 4054 per
870 3985 1054 4042 Iesum
1079 3986 1358 4043 Christum
1386 3988 1674 4042 Dominum
1703 3999 1969 4056 nostrum,

396 4078 482 4131 cui
515 4088 599 4132 est
630 4078 800 4145 gloria
839 4078 892 4131 in
926 4079 1122 4134 szecula
1155 4077 1501 4136 seculorum.
1529 4081 1721 4135 Amen.

907 4195 1007 4264 71
1059 4193 1334 4250 HOMILIA
1381 4195 1468 4249 tv.

395 4286 473 4341 De
498 4303 557 4340 eo
593 4288 730 4356 quod
759 4261 1008 4354 scriptum
1039 4295 1114 4340 est
1151 4286 1262 4356 (11)
1292 4305 1304 4340 :
1351 4306 1371 4342 t
1425 4287 1578 4344 Visus
1613 4300 1687 4345 est
1721 4261 1972 4345 Dominus

989 4358 1234 4423 Abrahtc,
1262 4377 1278 4410 ι
1312 4368 1410 4413 etc.

471 4453 518 4504 l.
551 4450 794 4506 liccitata
831 4462 916 4508 est
946 4453 1104 4508 nobis
1129 4451 1235 4506 alia
1274 4455 1408 4508 visio
1438 4455 1528 4509 Dei
1561 4455 1626 4509 ad
1667 4456 1967 4520 Abraham,

2075 3261 2216 3332 quod
2242 3260 2506 3324 occultos,
2542 3258 2624 3313 vel
2657 3257 3011 3314 absconditos
3052 3257 3260 3311 indicat
3301 3267 3497 3324 panes.
3531 3251 3649 3321 Ιρω

2073 3362 2248 3406 autem
2276 3353 2532 3418 cucurrit,
2559 3349 2734 3420 inquit
2751 3349 2818 3412 ³⁸.
2845 3350 2911 3404 ad
2929 3351 3077 3402 boves
3101 3357 3149 3402 et
3181 3346 3386 3414 accepit
3406 3345 3646 3399 uitulum.

2074 3444 2181 3501 Sed
2211 3443 2430 3514 qualeut
2481 3444 2711 3498 vitulum
2739 3444 2761 3498 ἵ
2791 3441 2955 3497 Forte
2989 3439 3083 3510 qui
3117 3438 3296 3509 potuit
3329 3436 3540 3506 primus
3565 3450 3650 3489 oc-

2072 3538 2333 3595 currere?
2355 3537 2470 3596 Non
2505 3538 2604 3602 ita,
2639 3538 2735 3592 sed
2760 3536 2985 3590 vitulum
3015 3537 3206 3589 bonum
3235 3543 3282 3587 et
3307 3542 3566 3586 tenerum.
3589 3529 3649 3584 Et

2075 3633 2201 3688 licet
2228 3646 2325 3702 per
2351 3638 2548 3686 cuncta
2579 3627 2932 3692 festinet,scit
2961 3634 3139 3681 tamen
3157 3639 3278 3692 qua:
3305 3624 3579 3692 praecipua
3600 3629 3650 3673 et

2074 3741 2265 3795 magna
2293 3735 2423 3781 sunt
2469 3722 2698 3778 Domino
2717 3721 2800 3776 vel
2839 3719 3050 3790 angelis
3090 3716 3390 3772 oﬂ'crenda.
3428 3715 3650 3782 Accepit

2073 3831 2204 3886 ergo
2253 3815 2338 3870 vel
2387 3814 2646 3885 elegitde
2673 3825 2839 3883 grege
2877 3811 3107 3865 vitulum
3155 3810 3356 3865 bonum
3387 3815 3446 3862 et
3501 3815 3648 3859 tene.

2077 3925 2220 3976 runt,
2252 3920 2306 3963 et
2355 3907 2580 3963 tradidit
2621 3921 2813 3976 puero.
2865 3904 3025 3970 Puer,
3081 3901 3331 3973 inquit",
3379 3899 3647 3969 festinavit

2076 4005 2249 4074 facere
2268 4017 2406 4056 eum.
2434 3999 2559 4070 Ipse
2583 4000 2778 4064 currit,
2807 4012 2945 4052 uxor
2991 3996 3238 4062 festinat,
3275 4008 3408 4064 puer
3440 3990 3648 4047 accele-

2075 4104 2182 4151 rat.
2221 4094 2410 4150 Nullus
2460 4094 2614 4162 piger
2661 4101 2749 4147 cst
2781 4091 2834 4145 in
2887 4092 3049 4147 domo
3089 4088 3374 4159 sapientis.
3409 4084 3646 4156 Apponit

2075 4203 2207 4259 ergo
2255 4185 2509 4246 vitulum.
2541 4195 2598 4239 et
2646 4181 2808 4238 simul
2841 4197 2963 4238 cum
2990 4196 3058 4237 eo
3083 4195 3270 4248 panes,
3295 4188 3350 4234 et
3383 4175 3643 4240 similam,

2077 4279 2171 4333 sed
2200 4285 2254 4331 et
2297 4275 2380 4330 lac
2431 4284 2486 4328 et
2515 4274 2794 4343 butyrum.
2830 4271 2956 4326 llaec
2994 4280 3120 4326 sunt
3165 4268 3398 4324 Abrahae
3422 4277 3481 4322 et
3505 4266 3647 4321 Sara:

2077 4367 2464 4437 hospitalitatis
2484 4364 2856 4421 oﬂicia.Nunc
2883 4365 3165 4418 videamus
3189 4362 3316 4433 quid
3340 4362 3510 4418 etiam
3531 4358 3644 4414 Lot.

2080 4459 2177 4515 llic
2212 4476 2388 4528 neque
2429 4458 2664 4515 similam
2697 4459 2880 4526 habet,
2927 4472 3102 4527 neque
3129 4471 3320 4528 panem
3368 4456 3643 4519 mundum,

396 4545 500 4597 Ιιοϐ
531 4545 688 4598 m000
723 4563 736 4598 ε
777 4544 929 4600 Visus
969 4555 1066 4608 εει.
1100 4547 1363 4616 inquit".
1407 4545 1550 4602 Deus
1592 4547 1656 4599 ab
1701 4549 1966 4604 Abraham
1998 4551 2045 4611 D
2071 4552 2165 4608 sed
2193 4551 2444 4605 farinam.
2471 4548 2658 4620 Neque
2689 4559 2798 4604 tres
2831 4565 3114 4608 mensuras
3135 4549 3329 4604 simila:
3360 4549 3532 4610 novit,
3558 4562 3645 4601 ue-

398 4652 510 4688 cum
561 4637 756 4690 sederet
800 4639 869 4690 ad
919 4640 1111 4693 ostium
1175 4638 1504 4692 tabernaculi
1559 4640 1639 4693 sui
1707 4641 1776 4694 ad
1811 4658 1966 4712 quer-

394 4745 515 4780 cum
571 4728 826 4784 Mambre.
871 4729 935 4785 Et
979 4748 1094 4787 ecce
1164 4735 1262 4786 viri
1305 4746 1408 4785 tres
1490 4733 1766 4788 astiterunt
1813 4751 1972 4800 super

391 4835 550 4880 eum,
617 4829 667 4874 et
727 4822 1001 4888 respiciens
1058 4823 1222 4876 oculis
1275 4824 1384 4878 suis
1457 4823 1723 4878 Abraham
1793 4827 1967 4889 vidit,

394 4922 442 4966 et
493 4914 621 4968 exiit
664 4915 720 4968 in
770 4931 1044 4969 occursum
1091 4917 1190 4982 eis,
1261 4926 1368 4971 etc.
1439 4916 1800 4974 Conferamus
1857 4920 1972 4988 pri-

395 5022 528 5070 mo,
574 5007 618 5061 si
674 5007 927 5074 videtur,
987 5009 1127 5064 hanc
1186 5009 1448 5064 visi0neut
1509 5026 1633 5065 cum
1709 5010 1800 5065 illa
1851 5026 1971 5081 qua:

395 5099 537 5154 facta
572 5109 657 5153 est
683 5099 751 5152 ad
801 5097 919 5153 Lot.
959 5098 1093 5154 Tres
1127 5101 1228 5155 viri
1262 5103 1487 5158 veniunt
1546 5103 1613 5156 ad
1666 5101 1965 5166 Abraham,

393 5198 449 5244 et
467 5199 613 5246 stant
640 5204 804 5258 super
823 5205 950 5245 eum
987 5209 1003 5256 ;
1042 5193 1108 5247 ad
1141 5193 1242 5248 Lot
1276 5194 1383 5248 duo
1414 5196 1655 5260 veniunt,
1695 5205 1749 5250 et
1779 5198 1971 5252 sedent

392 5279 448 5337 in
477 5281 676 5352 platea.
710 5279 841 5336 Vide
875 5282 918 5336 si
956 5298 1060 5337 non
1089 5283 1491 5354 dispensatione
1526 5286 1764 5357 Spiritus
1793 5288 1967 5343 sancti

461 5463 508 5495 ’°
541 5463 709 5519 lCor.
743 5481 816 5528 tv,
844 5464 935 5522 90.
1014 5465 1056 5498 ²¹
1083 5463 1197 5519 Col.
1230 5480 1312 5531 ιιι,
1347 5465 1400 5520 5.
1479 5467 1522 5496 ²²
1559 5464 1573 5518 Ι
1610 5463 1734 5520 Cor.
1766 5482 1839 5528 tv.
1875 5466 1958 5521 l0.

391 5530 438 5564 ”
464 5532 619 5588 Rom.
646 5552 760 5596 \‘lll,
793 5535 882 5591 55.
959 5537 1002 5568 ³⁷
1029 5536 1215 5592 Matth.
1247 5530 1306 5600 v,
1327 5537 1408 5591 16.
1485 5536 1529 5568 ³⁸
1558 5535 1751 5591 ches.
1789 5553 1942 5598 xvut,
1980 5539 2026 5600 Ι,
2055 5537 2113 5591 ‘2.

391 5618 546 5662 XVIII.
572 5607 627 5658 ‘2.
706 5607 749 5638 ³³
778 5609 932 5662 Ibid..
958 5607 1010 5662 6.
1091 5605 1134 5640 ³³
1166 5608 1295 5660 ibid.
1367 5604 1417 5637 ³⁸
1442 5607 1601 5662 Ῐὺίά..
1637 5605 1688 5659 7.
1765 5606 1809 5638 ³⁸
1833 5608 1990 5662 ibid..
2026 5607 2079 5662 3.

1833 5624 1990 5674 tutu.,
2026 5624 2079 5662 δ.

391 5618 546 5669 xvttt,
572 5607 627 5658 2.
706 5607 749 5638 ³³
778 5609 932 5672 ibid.,
958 5607 1010 5662 6.
1091 5605 1134 5640 ³³
1166 5608 1295 5660 ibid.
1367 5604 1417 5637 “
1442 5607 1601 5672 ibid.,
1637 5605 1688 5659 7.

466 5700 774 5757 lililCodex
815 5701 999 5756 Sancti
1031 5701 1352 5756 Theodorici
1396 5701 1606 5755 titulum
1662 5699 1854 5762 habet,
1895 5699 1969 5753 De

391 5769 756 5842 Abraham__ct
796 5774 962 5826 tribus
1004 5773 1124 5827 viris
1182 5789 1310 5842 quos
1370 5774 1497 5826 vidit
1555 5773 1768 5826 meridie
1809 5772 1968 5840 juxta

391 5855 640 5909 quercum
665 5839 920 5900 Mambrc.

2070 4659 2176 4715 que
2206 4641 2530 4716 ἐγκρυφίας,
2557 4642 2708 4696 idest
2737 4642 3087 4698 absconditos
3112 4657 3176 4697 ac
3205 4641 3463 4713 mysticus
3488 4653 3646 4711 panes

2071 4751 2346 4809 apponere
2387 4733 2730 4789 venientibus
2759 4742 2964 4802 potest.

2143 4832 2197 4889 2.
2258 4830 2363 4886 Sed
2416 4846 2817 4902 persequamur
2866 4844 3008 4884 nunc
3067 4827 3288 4882 interim
3354 4825 3485 4896 quid
3542 4823 3646 4894 agit

2073 4923 2347 4978 Abraham
2383 4937 2507 4977 cum
2561 4923 2740 4978 tribus
2799 4920 3086 4989 viris,qui
3145 4919 3441 4974 astiterunt
3489 4932 3645 4986 super

2075 5029 2221 5070 eum.
2255 5013 2368 5069 Hoc
2404 5013 2587 5084 ipsum
2629 5013 2750 5068 vide
2789 5012 2952 5083 quale
2995 5011 3090 5075 sit,
3142 5010 3286 5080 quod
3321 5023 3490 5078 super
3527 5021 3643 5062 eum

2080 5109 2324 5173 veniunt,
2360 5123 2468 5162 non
2492 5115 2682 5161 contra
2722 5121 2866 5161 eum.
2901 5103 3221 5174 Subjecerat
3254 5117 3315 5157 se
3335 5102 3533 5171 quippe
3558 5115 3643 5154 vo-

2077 5199 2273 5254 luntati
2310 5200 2425 5264 Dei,
2451 5200 2571 5254 ideo
2593 5214 2760 5270 super
2781 5214 2901 5254 eum
2923 5207 3102 5254 astare
3123 5196 3238 5265 (12)
3259 5195 3460 5250 dicitur
3492 5194 3639 5248 Deus.

2077 5292 2318 5362 Apponit
2369 5307 2502 5363 ergo
2555 5306 2723 5363 panes
2776 5293 2952 5347 tribus
2997 5294 3271 5346 mensuris
3321 5285 3639 5358 similaginis

2073 5467 2118 5498 ’³
2142 5465 2183 5522 ll
2213 5468 2350 5521 Tim.
2385 5484 2448 5533 tt,
2487 5469 2574 5523 12.
2687 5469 2733 5502 ’⁸
2760 5467 2878 5524 Gal.
2913 5467 3080 5535 ".19,
3102 5468 3195 5522 20.
3236 5467 3422 5524 "Gal.
3457 5462 3636 5532 v1.18.

2190 5539 2234 5571 ²⁹
2258 5537 2454 5594 Cenes.
2488 5555 2610 5608 xttt,
2633 5539 2691 5596 .9.
2768 5540 2812 5573 ³⁰
2835 5539 3033 5596 Cenes.
3071 5555 3182 5607 xtx,
3215 5539 3301 5594 15.
3375 5538 3422 5570 ³⁸
3451 5538 3640 5595 Gencs.

2154 5701 2266 5774 (Ιὲ)
2301 5701 2502 5760 Omnes
2549 5717 2677 5760 mss.
2712 5720 2868 5774 super
2913 5721 3032 5759 eum
3090 5716 3310 5769 astare;
3342 5701 3472 5758 libb.
3515 5698 3634 5757 editi

2080 5790 2232 5844 super
2253 5784 2451 5829 astare.
2775 5813 2780 5817 -
