3902 6496
149 394 244 452 185

1330 399 1398 455 ΙΝ
1436 398 1737 457 GENESlM
1774 401 2062 460 HOMILIA
2094 407 2184 464 IV.

3284 427 3387 483 186

148 526 482 581 conspersos.
509 512 647 568 Tres
681 513 829 569 viros
857 514 1116 586 suscepit,
1144 515 1315 572 tribus
1346 520 1616 575 mensuris
1636 521 1708 574 si-
1737 527 1783 583 Α
1813 522 1947 575 bebit
1992 523 2163 591 ﬁlium
2215 526 2354 581 Sara
2400 546 2535 583 uxor
2579 542 2690 587 tua.
2745 535 3002 590 Audiebat
3032 548 3203 593 autem
3246 540 3386 596 Sura

146 603 406 674 milaginis
447 620 618 675 panes
660 608 988 677 conspersit.
1024 607 1217 663 Totum
1260 608 1403 677 quod
1436 611 1547 681 agit
1586 627 1707 680 my-

146 697 355 762 sticum,
383 705 550 751 totum
572 699 934 754 sacramentis
972 699 1235 768 repletum
1276 710 1379 755 est.
1406 702 1710 770 Apponitur

148 790 360 852 vitulus,
390 804 517 843 ecce
550 789 700 847 aliud
748 801 1170 846 sacramentum.
1218 792 1431 849 Vitulus
1460 793 1575 863 ipse
1600 812 1707 849 non

146 890 219 936 est
240 883 435 946 durus,
466 882 557 936 sed
589 886 762 937 bonus
786 892 841 936 et
865 893 1037 937 tener.
1056 884 1123 938 Et
1146 885 1273 954 quid
1302 894 1407 938 tam
1435 896 1704 953 tenerum,

146 974 265 1043 quid
288 982 395 1027 tam
424 974 643 1038 bonum,
684 989 846 1044 quam
880 983 966 1029 est
1005 974 1113 1040 ille,
1143 980 1233 1045 qui
1280 976 1595 1031 humiliavit
1648 994 1707 1032 se

143 1081 235 1135 pro
270 1065 428 1119 nobis
457 1080 625 1133 usque
664 1065 729 1119 ad
779 1074 1029 1132 mortem,
1059 1074 1115 1120 et
1140 1067 1378 1122 animam
1419 1084 1573 1123 suam
1604 1084 1705 1138 po-

145 1157 244 1211 suit
290 1172 390 1227 pro
428 1157 618 1212 amicis
653 1158 812 1211 suis?
847 1158 1054 1212 Vitulus
1104 1158 1193 1214 ille
1232 1162 1705 1230 saginatus,quein

145 1263 239 1316 pro
273 1257 495 1317 recepto
514 1248 813 1317 paeniteule
839 1248 949 1303 lilio
990 1249 1201 1319 jugulat
1233 1260 1407 1318 pater.
1447 1251 1539 1307 Sic
1558 1253 1704 1306 enini

146 1340 281 1395 Deus
304 1339 484 1394 dilexit
511 1340 656 1394 hunc
684 1342 962 1406 mundum,
994 1350 1052 1393 ut
1080 1340 1280 1395 Filium
1310 1360 1466 1398 suum
1492 1346 1705 1399 unicum

143 1433 287 1484 daret
316 1446 415 1501 pro
446 1432 605 1498 hujus
635 1434 819 1486 mundi
845 1433 956 1486 vita
995 1433 1062 1485 ³⁸.
1093 1431 1201 1487 Nec
1229 1445 1405 1488 tamen
1452 1435 1583 1489 latet
1613 1452 1701 1491 sa-

143 1525 374 1593 pientem
412 1540 547 1594 quos
576 1525 907 1594 susceperit.
936 1525 1135 1580 Tribus
1164 1528 1406 1582 occurrit
1441 1538 1495 1583 et
1536 1546 1703 1583 unum

140 1617 347 1680 adorat,
380 1625 435 1670 et
466 1618 533 1670 ad
554 1632 721 1670 unum
753 1618 995 1686 loquitur
1035 1618 1221 1673 dicens
1249 1618 1292 1651 ³⁷
1319 1636 1334 1672 :
1368 1618 1588 1673 Declina
1635 1620 1704 1673 ad

139 1723 357 1776 puerum
413 1716 581 1772 tuum,
610 1719 659 1761 et
689 1709 944 1779 refrigera
991 1720 1040 1765 te
1070 1713 1166 1764 sub
1200 1711 1407 1764 arbore.
1434 1711 1539 1765 Sed
1565 1726 1704 1777 quo-

140 1796 294 1849 modo
342 1797 491 1849 addit
541 1797 760 1861 iterum,
837 1801 991 1867 quasi
1069 1801 1379 1856 hominibus
1440 1800 1707 1872 loquens?

1809 626 1957 671 stans
1983 627 2094 683 post
2138 618 2328 672 ostium
2360 621 2686 678 tabernaculi
2731 628 2814 681 sui
2840 639 2955 698 post
2981 629 3271 687 Abraham.
3292 633 3387 689 Di-

1809 719 1963 762 scant
1986 709 2242 765 mulieres
2265 714 2531 782 exemplis
2553 717 3013 786 patriarcharum,
3030 723 3262 790 discant,
3298 725 3385 780 in-

1808 815 1993 871 quam,
2037 802 2293 858 mulieres
2322 807 2475 874 sequi
2509 807 2656 862 viros
2686 823 2834 863 suos.
2867 811 3052 881 Neque
3093 817 3237 870 enim
3267 819 3388 873 sine

1808 908 1973 948 causa
2003 896 2265 963 scriptum
2291 908 2374 951 est
2400 900 2540 966 quod
2571 899 2707 955 Sara
2751 903 2932 958 stabat
2952 916 3070 973 post
3090 909 3386 976 Abraham,

1810 989 1904 1041 sed
1937 998 1995 1041 ut
2029 989 2433 1051 ostenderetur,
2464 991 2590 1059 quia
2633 993 2717 1045 vir
2747 994 2793 1047 si
2824 998 3081 1063 praecedit
3111 1001 3176 1054 ad
3207 1001 3387 1056 Domi-

1811 1095 1961 1145 num,
1990 1081 2141 1149 sequi
2182 1080 2378 1135 mulier
2412 1082 2588 1136 debet.
2624 1082 2776 1148 Quod
2829 1086 2952 1140 dico
2986 1093 3137 1158 sequi
3184 1093 3386 1149 debere

1810 1171 2113 1241 mulierem,
2149 1173 2202 1227 in
2243 1187 2307 1228 eo
2351 1174 2471 1229 dico
2498 1175 2543 1229 si
2588 1187 2769 1232 astare
2808 1178 2984 1232 virum
3017 1196 3172 1234 suum
3206 1185 3388 1240 videat

1808 1263 1939 1319 Deo.
1972 1265 2221 1334 Alioquin
2253 1267 2610 1322 aseendamus
2664 1269 2729 1323 ad
2783 1270 3030 1327 altiorem
3082 1273 3385 1345 intelligen-

1812 1356 1898 1411 tiae
1935 1358 2188 1424 gradum,
2215 1367 2269 1411 et
2300 1360 2545 1412 dicamus
2574 1358 2752 1415 virum
2778 1360 2831 1415 in
2881 1364 3037 1419 nobis
3066 1380 3188 1419 esse
3222 1369 3387 1422 ratio-

1810 1449 2045 1503 nabilem
2095 1464 2335 1513 sensum,
2382 1460 2437 1505 et
2471 1452 2775 1516 mulierem,
2820 1470 2940 1523 quae
2983 1456 3035 1510 ei
3084 1458 3384 1523 velut_viro

1808 1542 2010 1596 sociata
2054 1550 2159 1607 est,
2195 1558 2415 1599 carnem
2470 1554 2735 1599 nostram.
2776 1550 3049 1616 Sequatur
3095 1565 3229 1620 ergo
3257 1567 3386 1606 caro

1807 1649 2023 1703 semper
2046 1636 2421 1690 rationabilem
2454 1650 2694 1702 sensum,
2734 1652 2833 1694 nec
2862 1640 2914 1693 in
2956 1640 3007 1694 id
3034 1657 3272 1710 unquam
3299 1645 3387 1699 de-

1808 1727 1960 1782 sidias
1993 1729 2262 1793 veniatur,
2301 1739 2360 1783 ut
2414 1731 2567 1785 carni
2596 1732 2652 1785 in
2685 1733 2894 1786 luxuria
2921 1743 2975 1788 et
3020 1735 3388 1805 voluptatibus

1808 1820 2062 1881 lluitanti,
2104 1822 2156 1875 in
2189 1822 2451 1877 ditionem
2484 1824 2743 1880 redactus
2784 1826 3115 1893 obsequatur
3147 1830 3384 1884 rationa-

140 1887 466 1949 Accipiatur,
520 1888 716 1960 inquit,
745 1907 907 1958 aqua,
952 1902 999 1945 et
1028 1892 1271 1946 laventur
1316 1892 1473 1961 pedes
1524 1897 1699 1950 vestri.

1809 1911 1931 1966 bilis
1962 1879 2176 1967 sensus.
2203 1911 2396 1969 Stabat
2441 1929 2571 1985 ergo
2615 1879 2745 1970 Sara
2792 1879 3384 1985 post.Abraliaiu_.vSed

139 1978 301 2033 Docet
327 1979 546 2048 quidem
582 1989 638 2035 te
667 1997 764 2052 per
787 1984 900 2040 haec
946 1986 1222 2041 Abraham
1265 1996 1420 2053 pater
1462 1990 1704 2056 gentium

135 2079 186 2125 et
213 2071 499 2140 magister,
529 2075 802 2141 quomodo
828 2077 1073 2147 hospites
1097 2078 1376 2147 suscipere
1407 2079 1625 2144 debeas,
1652 2090 1706 2135 et

138 2174 189 2216 ut
214 2162 365 2219 laves
399 2165 668 2235 hospitum
708 2170 896 2239 pedes,
932 2179 1112 2225 tamen
1146 2179 1200 2226 et
1230 2172 1334 2229 hoc
1355 2174 1406 2228 in
1439 2177 1704 2247 mysterio

137 2256 353 2311 dicitur.
404 2256 628 2311 Sciebat
676 2259 820 2314 enim
878 2260 1158 2317 Dominica
1204 2277 1550 2322 sacramenta
1596 2285 1702 2325 non

139 2348 230 2402 nisi
267 2348 322 2402 in
366 2349 616 2405 lavandis
652 2352 880 2420 pedibus
917 2358 1431 2420 consummantia".
1468 2360 1575 2415 Sed
1604 2378 1705 2418 nec

137 2440 275 2494 illius
293 2442 514 2511 quidem
547 2447 799 2514 prtecepti
826 2462 949 2501 eum
980 2451 1187 2517 pondus
1229 2450 1448 2518 latebat,
1484 2469 1589 2523 quo
1625 2456 1704 2510 di-

135 2530 273 2583 citur
316 2547 347 2584 a
400 2532 682 2590 Salvatore
706 2537 750 2569 ”
786 2554 801 2593 :
844 2537 909 2593 Si
952 2542 1043 2608 qui
1093 2559 1196 2596 non
1254 2548 1537 2611 receperint
1584 2565 1699 2611 vos,

134 2622 287 2674 etiam
314 2622 577 2690 pulverem
605 2628 694 2693 qui
722 2629 944 2682 adha’sit
987 2633 1205 2697 pedibus
1239 2636 1447 2701 vestris,
1477 2642 1704 2696 excutite

132 2711 183 2763 in
211 2715 573 2769 testimonium
603 2718 729 2772 illis.
772 2720 936 2774 Amen
972 2722 1089 2776 dico
1112 2724 1251 2780 vobis
1286 2729 1414 2797 quia
1449 2729 1701 2784 tolerabi-

132 2807 227 2858 lius
252 2807 358 2859 erit
401 2818 557 2863 terra:
601 2809 956 2865 Sodomorum
984 2824 1030 2867 et
1076 2814 1538 2873 Gomorrhworum
1589 2820 1702 2895 (15)

134 2898 183 2949 in
214 2899 300 2951 die
342 2898 538 2967 judicii
568 2918 725 2971 quam
780 2903 861 2958 illi
886 2906 1105 2962 civitati.
1146 2909 1373 2966 Volebat
1412 2925 1543 2982 ergo
1566 2929 1702 2982 prae-

135 2993 338 3058 venire,
373 3005 428 3049 et
472 2994 657 3052 lavare
697 2998 884 3066 pedes,
917 3015 985 3055 ne
1014 3002 1144 3069 quid
1173 3002 1313 3058 forte
1342 3005 1581 3074 pulveris
1617 3023 1703 3061 re-

137 3084 354 3149 sideret,
391 3088 534 3154 quod
563 3089 631 3144 ad
675 3092 1041 3147 testimonium
1071 3096 1458 3152 incrudelitatis
1509 3116 1702 3156 excusa

1806 2015 1864 2059 et
1893 2006 2181 2077 mysticum
2219 2005 2426 2074 aliquid
2455 2016 2661 2061 sentire
2699 2009 2749 2062 in
2784 2009 2885 2063 hoc
2908 2026 3196 2079 possumus
3235 2013 3381 2081 loco,

1808 2098 1853 2154 si
1893 2100 2175 2153 videamus
2212 2102 2486 2168 quomodo
2529 2101 2581 2154 in
2618 2102 2807 2156 Exodo
2864 2106 3206 2173 praecedebat
3242 2110 3383 2165 Deus

1809 2190 1862 2244 in
1895 2190 2147 2245 columna
2177 2191 2318 2260 ignis
2348 2206 2443 2260 per
2490 2203 2729 2257 noctem,
2757 2204 2810 2246 et
2846 2193 2901 2247 in
2930 2194 3182 2250 columna
3226 2199 3386 2255 nubis

1808 2302 1904 2355 per
1933 2287 2077 2340 diem
2100 2286 2150 2317 δ”
2183 2302 2197 2339 :
2240 2299 2293 2341 et
2328 2302 2600 2358 synagoga
2647 2289 2856 2343 Domini
2902 2292 3235 2361 sequebatur
3266 2301 3387 2360 post

1810 2377 2005 2444 ipsum.
2036 2378 2129 2432 Sic
2172 2393 2302 2447 ergo
2339 2380 2580 2450 intelligo
2615 2388 2668 2435 et
2701 2380 2893 2436 Suram
2951 2394 3196 2439 secutam
3239 2398 3387 2445 esse.

1810 2471 1889 2523 vel
1924 2471 2139 2525 stetisse
2168 2482 2288 2540 post
2310 2472 2606 2527 Abraham.
2638 2472 2777 2539 Quid
2824 2483 2945 2542 post
2992 2475 3109 2529 hmo
3133 2475 3335 2528 dicitur
3363 2473 3390 2528 i

1784 2560 1879 2629 ,Ει
1926 2573 2095 2627 erant,
2152 2564 2328 2632 inquit
2368 2563 2440 2629 “,
2494 2566 2646 2619 ambo
2698 2566 3010 2635 presbyteri,
3048 2566 3105 2618 id
3142 2576 3217 2619 est
3239 2581 3385 2619 senes

1807 2668 1853 2707 et
1880 2657 2111 2721 provecti
2136 2657 2189 2709 in
2230 2656 2411 2710 diebus
2448 2658 2578 2711 suis.
2612 2658 2883 2723 Quantum
2913 2658 2977 2713 ad
3018 2667 3232 2713 aetatem
3262 2672 3387 2713 cor-

1806 2747 1953 2815 poris
1992 2748 2424 2817 pertinet,multi
2457 2758 2585 2804 ante
2618 2751 2764 2819 ipsos
2786 2752 3258 2807 numerosioribus
3285 2768 3384 2805 an-

1805 2833 1892 2888 nis
1930 2835 2197 2889 duxerant
2227 2838 2421 2901 vitam,
2452 2853 2612 2894 nemo
2653 2849 2831 2894 tamen
2878 2842 3165 2912 presbyter
3196 2842 3385 2910 appel-

1804 2924 1947 2980 latus
1972 2938 2078 2981 est.
2110 2926 2262 2984 Unde
2289 2929 2506 2983 videtur
2538 2946 2730 2992 nomen
2754 2933 2858 2987 hoc
2896 2934 3098 2986 sanctis
3131 2948 3237 2987 non
3266 2932 3388 2988 lon-

1803 3016 2073 3085 gzevitatis
2099 3018 2335 3086 ratione,
2364 3019 2460 3075 sed
2506 3022 2838 3075 maturitatis
2868 3022 3089 3075 ascribi.

1872 3109 1927 3165 5.
1969 3111 2106 3177 Quid
2156 3126 2286 3181 ergo
2336 3121 2459 3182 post
2507 3121 2716 3168 tantum
2761 3127 2827 3167 ac
2885 3113 2992 3168 tale
3046 3115 3381 3179 convivium,

134 3188 245 3227 “‘m
270 3190 522 3285 ull’ésse‘
546 3180 626 3282 .5"
684 3181 773 3236 "le
812 3183 999 3252 Ῐίιάίοίί
1050 3190 1339 3241 reservari.
1401 3188 1697 3260 Ρτοριθΐθθ
1728 3225 1769 3285 C
1803 3205 1946 3278 quod
1974 3180 2244 3257 Abraham
2279 3180 2503 3259 Domino
2534 3214 2587 3261 et
2624 3205 2828 3274 angelis
2857 3207 2955 3261 sub
2987 3206 3184 3262 arbore
3212 3207 3385 3262 visio-

132 3281 258 3337 ergo
286 3268 424 3322 dicit
446 3271 659 3339 sapiens
689 3274 961 3331 Abraham
996 3278 1075 3333 ⁸ος
1106 3279 1415 3350 Accipiatur
1458 3300 1596 3352 aqua
1649 3294 1699 3339 et

130 3358 371 3412 laventur
390 3362 540 3428 pedes
568 3367 742 3418 vestri.

196 3451 249 3506 3.
280 3451 391 3507 Sed
424 3456 828 3526 videamusjam
861 3462 1005 3530 quod
1032 3464 1195 3517 etiam
1225 3464 1275 3519 in
1320 3470 1702 3538 consequenti—

131 3545 227 3600 bus
262 3548 484 3602 dicitur.
513 3548 634 3618 Ipse
663 3563 860 3617 autem,
890 3555 1131 3625 inquit“,
1179 3558 1448 3614 Abraham
1491 3563 1699 3615 astabat

129 3637 198 3690 eis
219 3638 318 3692 sub
346 3640 554 3695 arbore.
572 3640 652 3694 Ad
678 3642 1046 3709 hujuscemodi
1076 3650 1431 3714 narrationes,
1465 3653 1703 3707 circum-

129 3730 269 3784 cisas
295 3745 462 3786 aures
493 3734 837 3802 requirimus.
857 3734 1044 3806 Neque
1076 3740 1223 3793 enim
1261 3734 1525 3797 summam
1552 3745 1701 3800 solli-

128 3821 420 3876 citudinent
449 3823 673 3893 Spiritui
701 3828 805 3897 72
823 3839 1009 3884 sancto
1041 3831 1205 3886 fuisse
1232 3835 1561 3889 credendum
1590 3846 1697 3903 est,

129 3924 179 3968 ut
218 3918 491 3973 scriberet
543 3919 594 3972 in
647 3919 800 3975 libris
850 3922 985 3990 legis
1042 3924 1130 3977 ubi
1183 3936 1354 3985 staret
1396 3928 1694 3984 Abraham.

126 4007 257 4072 Quid
280 4015 431 4063 enim
480 4026 565 4064 me
593 4012 746 4080 juvat
790 4013 881 4083 qui
922 4017 1039 4070 veni
1079 4018 1265 4073 audire
1298 4020 1422 4087 quid
1461 4022 1697 4091 Spiritus

127 4109 349 4155 sanctus
405 4101 696 4156 humanum
733 4105 927 4160 doceat
977 4125 1166 4177 genus,
1213 4111 1258 4164 si
1297 4114 1520 4167 audiero
1553 4116 1696 4184 quod

122 4189 397 4246 Abraham
449 4196 629 4251 stabat
685 4197 785 4253 sub
837 4200 1088 4255 arbore?
1127 4203 1221 4256 sed
1270 4203 1551 4260 videamus
1572 4222 1696 4276 quae

126 4284 236 4339 haec
258 4286 335 4340 sit
359 4290 544 4353 arbor,
578 4290 679 4343 sub
705 4306 807 4359 qua
848 4293 1032 4347 stabat
1067 4295 1361 4362 Abraham,
1412 4310 1467 4352 et
1504 4301 1693 4354 convi-

125 4377 269 4431 vium
296 4378 536 4434 Domiuo
567 4392 729 4451 atque
762 4384 972 4453 angelis
1002 4387 1312 4444 exhibebat.
1342 4389 1453 4445 Sub
1482 4393 1694 4459 arbore,

120 4468 384 4537 inquit“,
411 4470 667 4525 Mambre.
697 4473 939 4531 Mambre
991 4479 1042 4531 in
1093 4488 1274 4533 nostra
1306 4481 1485 4550 lingua
1522 4482 1692 4537 inter-

1805 3300 1890 3354 nis
1911 3300 2159 3354 exhibuit
2184 3300 2215 3353 ?--
2238 3299 2670 3354 Proticiscuutur
2720 3300 2977 3368 hospites.
2999 3302 3264 3357 Abraham
3286 3317 3354 3355 ait

1802 3405 1904 3447 tem
1931 3394 2242 3456 deducebat,
2270 3392 2526 3461 inquit“,
2555 3409 2663 3457 eos,
2689 3391 2988 3445 ambulabat
3008 3409 3125 3446 cum
3144 3394 3242 3447 eis.
3275 3392 3384 3454 De.

1800 3485 1980 3539 minus
2023 3494 2196 3537 autem
2238 3484 2371 3536 dixit
2404 3497 2422 3534 .'
2469 3482 2593 3539 Non
2637 3484 2813 3536 celabo
2851 3484 3115 3537 Abraham
3159 3500 3381 3553 puerum

1804 3589 1974 3627 meum
2003 3575 2128 3643 quid
2158 3591 2251 3643 ego
2281 3560 2504 3642 faciam:
2532 3574 2797 3631 Abraham
2851 3585 3027 3627 autem
3055 3576 3147 3642 [iet
3177 3578 3229 3629 in
3257 3592 3387 3644 gena

1804 3673 1905 3717 tem
1931 3680 2174 3733 magnam
2198 3673 2250 3717 et
2276 3664 2521 3731 multant,
2550 3675 2597 3719 et
2632 3666 2999 3719 benedicentur
3043 3667 3095 3717 in
3124 3667 3239 3732 ipso
3263 3683 3383 3718 081-.

1805 3771 1893 3809 nes
1918 3763 2093 3824 gentes
2112 3764 2284 3809 terrre.
2309 3754 2434 3809 Scio
2466 3755 2605 3809 enim
2629 3756 2754 3825 quia
2785 3756 3051 3823 prtccipiet
3083 3755 3212 3821 ﬁliis
3244 3757 3377 3821 suis,

1802 3856 1851 3901 et
1876 3847 2156 3901 servabunt
2196 3847 2305 3900 vias
2336 3845 2566 3908 Domini,
2595 3856 2651 3899 ut
2677 3846 2877 3914 faciant
2912 3846 3182 3913 justitiam
3205 3856 3252 3899 ct
3282 3846 3378 3914 jus

1802 3940 2020 4002 dicium,
2040 3949 2092 3991 ut
2122 3937 2333 4005 impleat
2362 3937 2616 3992 Dominus
2653 3938 2876 3997 Abrulitv
2895 3954 3014 4005 qua:
3036 3938 3284 3991 indicavit
3308 3939 3376 3995 ei.

1804 4032 1871 4086 Et
1902 4032 2039 4085 dixit
2063 4048 2083 4085 .'
2115 4029 2330 4084 Clamor
2355 4030 2705 4084 Sodomorum
2732 4039 2778 4083 et
2808 4029 3268 4083 Gomorrltaeorum
3296 4045 3379 4082 res

1801 4123 1969 4193 pletus
2005 4131 2103 4187 est,
2133 4132 2180 4177 et
2207 4132 2418 4192 peccata
2463 4136 2641 4174 eorum
2671 4136 2863 4190 magna
2914 4121 3084 4177 valde.
3121 4120 3379 4174 Descendl

1802 4232 1926 4286 ergo
1952 4224 2009 4268 ut
2033 4215 2261 4269 viderem
2284 4216 2331 4267 si
2363 4211 2649 4265 secundum
2674 4210 2955 4265 clamorem
2981 4228 3159 4266 eorum
3182 4214 3271 4281 qui
3302 4228 3381 4266 ve-

1803 4309 1878 4363 nit
1913 4308 1982 4361 ad
2006 4324 2107 4373 me,
2131 4314 2581 4359 consummentur.
2606 4302 2703 4358 Sin
2738 4315 3003 4371 autem,ut
3040 4305 3222 4360 sciant.
3254 4303 3379 4364 Haec

1804 4399 2103 4466 Scriptura:
2127 4397 2324 4450 diviuze
2352 4403 2478 4449 sunt
2516 4395 2699 4448 verba.
2746 4395 3039 4449 Videamus
3074 4409 3204 4463 ergo
3235 4408 3386 4457 nunc,

1804 4492 1932 4561 qttid
1992 4490 2215 4558 intelligi
2265 4489 2318 4541 in
2355 4488 2437 4543 his
2478 4488 2697 4556 dignum
2744 4487 2837 4541 sit.
2872 4484 3149 4548 Descendi,
3178 4486 3376 4553 inquitI

118 4571 369 4628 pretatur
418 4565 547 4617 visio
575 4567 689 4619 sive
732 4570 1071 4637 perspicacia.
1114 4569 1271 4626 Vides
1310 4574 1403 4640 qui
1432 4582 1486 4627 et
1521 4576 1696 4643 qualis

1806 4595 1858 4636 ut
1883 4583 2106 4635 videam.
2134 4581 2359 4646 Quando
2412 4580 2477 4631 ad
2507 4579 2781 4633 Abraham
2828 4593 3086 4647 responsa
3116 4576 3374 4631 delernnq

115 4665 198 4708 est
218 4654 397 4721 locus,
422 4658 475 4710 in
499 4673 606 4727 quo
626 4658 886 4715 Dominus
914 4671 1089 4730 potest
1120 4664 1317 4719 habere
1341 4667 1646 4720 convivium
1671 4668 1695 4721 ?

121 4747 421 4801 Detectavit
467 4763 591 4802 eum
635 4750 774 4804 visio
807 4763 860 4805 et
907 4754 1240 4823 perspicacia
1274 4758 1524 4812 Abrahae.
1562 4758 1693 4814 Erat

113 4839 256 4891 enim
287 4839 528 4896 mundus
559 4843 725 4897 corde
765 4853 823 4898 ut
851 4856 1037 4915 posset
1072 4847 1257 4903 videre
1295 4849 1482 4903 Deum.
1510 4852 1567 4904 In
1598 4852 1690 4907 tali

114 4932 276 4985 corde
308 4942 482 5001 potest
514 4935 773 4991 Dominus
804 4952 930 4990 cum
958 4922 1165 5007 angelis
1191 4946 1301 4995 suis
1330 4941 1533 4996 habere
1558 4958 1691 4997 con-

112 5027 342 5081 viviutn.
376 5028 620 5099 Denique
662 5040 792 5085 ante
835 5032 1117 5104 prophetae
1152 5033 1397 5090 videntes
1436 5036 1696 5091 diceban-

113 5128 219 5174 llll’.

178 5210 234 5264 4.
276 5210 423 5277 Quid
453 5221 629 5268 autem
654 5214 785 5269 dicit
828 5215 1084 5271 Dominus
1130 5218 1197 5270 ad
1237 5219 1557 5273 Abraham?
1593 5218 1695 5273 Ubi

108 5314 204 5371 est,
259 5306 443 5373 inquit
467 5305 533 5374 ⁴³,
580 5306 715 5361 Sara
752 5326 887 5364 uxor
927 5320 1019 5364 tua
1048 5311 1161 5365 lAt
1191 5311 1278 5364 ille
1319 5331 1331 5365 :
1378 5306 1680 5380 Ecce,bait,

110 5395 161 5446 in
192 5397 566 5457 tabernaculo.
610 5401 756 5454 Dixit
783 5413 957 5457 autem
1009 5402 1271 5457 Dominus
1295 5416 1315 5456 :
1359 5402 1576 5458 Veniens
1599 5421 1690 5460 ve-

109 5486 251 5541 niant
289 5489 354 5542 in
375 5498 603 5558 tempore
634 5493 703 5545 ad
732 5502 781 5546 te
820 5495 1110 5549 secundum
1150 5507 1350 5565 tempus
1379 5498 1499 5561 ltoc,
1524 5509 1572 5553 et
1594 5499 1691 5552 Ita-

178 5600 549 5674 ffJoaii._vtti,
592 5602 677 5657 lli.
754 5605 1016 5663 "Genes.
1049 5608 1277 5674 xvnt,3,
1313 5608 1371 5663 4.

107 5666 149 5739 si
192 5671 334 5727 ἰδία,
413 5672 458 5704 δ’
496 5673 691 5732 Genes.
724 5691 875 5739 xvnt,
905 5677 956 5732 1.

107 5738 150 5773 δ’
190 5742 437 5811 ibid.,e.
504 5744 551 5777 δε
583 5743 722 5801 Mich
783 5762 821 5810 ι,
867 5747 920 5801 5.

1450 5608 1805 5668 "insuam.
1878 5612 2101 5667 “Marc.
2136 5613 2324 5676 vt,l|;
2362 5611 2551 5668 Matth.
2576 5628 2634 5675 κ,
2662 5610 2748 5668 15.

1035 5678 1079 5709 ⁸³
1112 5680 1267 5744 ibid.,
1297 5680 1457 5745 9,10.
1532 5682 1579 5713 "‘
1602 5681 1773 5739 Exod.
1793 5684 2018 5751 xmﬂl.

1805 4684 1911 4739 tur,
1944 4688 2048 4725 non
2083 4672 2284 4725 dicitur
2332 4673 2470 4724 Deus
2502 4672 2855 4731 descendere,
2883 4670 2975 4723 sed
3012 4685 3171 4737 supra
3199 4670 3379 4738 ipsum

1801 4777 2001 4830 astare,
2029 4764 2167 4817 sicut
2190 4779 2350 4831 supra
2376 4764 2742 4830 exposuimus.
2772 4760 3084 4823 Astiteruut,
3110 4762 3278 4829 inquit
3305 4761 3377 4825 ",g

1802 4866 1905 4909 tres
1952 4854 2053 4908 viri
2080 4870 2236 4921 super
2272 4870 2410 4907 eum.
2442 4851 2595 4905 Nunc
2644 4859 2823 4903 autem
2865 4853 2990 4919 quia
3027 4862 3375 4919 peccatorum

1800 4961 1963 5002 causa
1999 4946 2211 5013 agitur,
2262 4946 2589 5001 descendere
2643 4948 2843 5000 dicitur
2906 4946 3065 4999 Deus.
3114 4943 3247 4999 Vide
3306 4961 3372 4998 ne

1799 5040 2174 5095 ascensionem
2203 5048 2259 5092 et
2289 5040 2697 5093 descensionem
2737 5038 2959 5093 localem
2988 5039 3209 5092 sentias.
3237 5037 3371 5091 Fre-

1799 5138 2031 5198 quenter
2055 5128 2198 5181 enitn
2225 5127 2339 5182 hoc-
2372 5128 2425 5181 in
2457 5127 2656 5183 divinis
2690 5128 2884 5184 litteris
2914 5129 3205 5189 invenitur,
3232 5128 3372 5193 sicut

1804 5219 1858 5274 in
1891 5219 2110 5275 Micluea
2139 5219 2399 5289 prepheta
2428 5237 2441 5273 :
2479 5218 2632 5284 Ecce,
2661 5219 2832 5289 inquit
2860 5219 2925 5287 ⁵⁸,
2960 5218 3215 5275 Dominus
3234 5219 3372 5278 exiet

1800 5314 1864 5366 de
1888 5312 2002 5366 loco
2027 5322 2207 5366 sancto
2231 5329 2350 5377 suo,
2382 5324 2428 5366 et
2452 5314 2749 5375 descendet,
2785 5323 2833 5367 et
2869 5315 3074 5367 incedet
3098 5329 3253 5381 super
3273 5328 3369 5366 ex-

1801 5406 1939 5461 celsa
1985 5416 2156 5463 terrm.
2192 5405 2531 5460 Descendere
2567 5419 2700 5475 ergo
2732 5406 2930 5460 dicitur
2955 5406 3122 5468 Dens,
3152 5403 3370 5473 quando

1799 5515 1986 5555 curant
2039 5500 2291 5554 humana:
2331 5497 2644 5567 fragilitatis
2674 5499 2875 5553 habere
2914 5498 3183 5568 dignatur.
3214 5493 3368 5562 Quod

2829 5611 2873 5644 ⁸ο
2908 5609 3104 5666 Genes.
3128 5626 3285 5676 xvm,
3310 5611 3362 5666 9.

2097 5682 2357 5739 “Genets.
2400 5684 2658 5751 non“.
2768 5683 2993 5749 “ibid.,
3038 5684 3101 5736 16
3124 5692 3178 5737 et
3209 5698 3367 5758 seqq.

178 5836 296 5909 (ιὸ)
333 5834 404 5891 Et
436 5835 918 5897 Gomorrhworum.
941 5840 1066 5897 Haec
1095 5841 1148 5898 in
1169 5850 1324 5899 antea
1356 5843 1517 5900 editis
1545 5846 1745 5902 omissa
1778 5845 2098 5916 supplentur
2127 5861 2157 5901 e
2179 5846 2361 5903 codice
2410 5862 2509 5901 ms.
2550 5846 3034 5916 Sangcrtnaucnsi.
