3902 6504
230 422 337 480 189

1432 419 1499 474 IN
1539 417 1839 475 GENESlIil
1880 416 2168 472 llOMlLlA
2208 417 2266 471 ιτ.

3393 413 3495 470 190

240 543 444 609 solum,
504 543 649 611 quod
698 541 918 597 domum
974 556 1129 597 suam
1188 539 1450 612 patefecit
1486 539 1811 611 liOSpitibns.
1844 544 1893 601 Α
1920 553 2039 593 sum
2074 537 2315 608 respicit,
2349 535 2659 606 impositam
2712 535 2886 607 legem
2919 536 3139 606 rumpit,
3175 532 3405 590 edicitur
3438 532 3492 587 iu

240 632 581 703 Hospitalem
640 636 862 690 demum
919 633 1099 704 angeli
1149 633 1381 705 ingressi
1411 641 1557 688 sunt.
1593 632 1818 688 Clausus

240 726 551 793 hospitibus
581 726 773 780 domos
800 726 944 796 ignis
979 726 1257 795 ingressus
1280 734 1384 779 est.
1416 723 1556 789 Quid
1586 738 1716 793 ergo
1751 724 1819 778 ad

238 818 513 886 hospitem
547 833 647 885 pro
676 817 1067 887 hospitalitatis
1098 816 1288 871 ciliciis
1316 818 1496 871 dicant
1533 816 1707 887 angeli
1738 817 1818 868 vi-

238 909 489 964 deamus.
541 906 607 961 In
664 918 915 972 montem,
951 907 1205 977 inquiunt
1236 907 1281 939 ⁸⁸
1302 947 1317 971 ,
1349 908 1549 961 salvam
1576 906 1660 975 [ac
1698 906 1820 959 ani-

245 1015 392 1051 mam
444 1009 611 1063 tuam,
660 1016 722 1052 ne
770 998 907 1067 forte
932 997 1414 1065 comprehendaris.
1446 998 1574 1052 Erat
1602 997 1818 1067 quidem

238 1092 527 1160 hospitalis
556 1093 679 1157 Lot,
716 1092 810 1161 qui
860 1092 1028 1147 etiam
1063 1092 1234 1163 (sicut
1274 1090 1323 1145 ei
1352 1090 1636 1160 Scriptura
1671 1089 1819 1143 testi-

244 1185 492 1238 monium
537 1184 679 1254 tulit)
723 1186 793 1240 ab
827 1184 1051 1240 interitu
1100 1183 1288 1248 latuit,
1333 1182 1540 1254 angelis
1586 1181 1820 1251 hospitio

240 1276 500 1347 receptis.
536 1276 644 1332 Sed
677 1291 784 1332 non
817 1285 941 1331 erat
970 1276 1041 1330 ita
1094 1276 1409 1345 perfectus,
1447 1284 1503 1328 nt
1531 1274 1716 1330 statim
1754 1275 1820 1329 de

240 1368 499 1422 Sodomis
527 1368 717 1424 exiens
772 1381 1009 1426 montem
1049 1378 1232 1441 posset
1278 1367 1596 1423 ascendere.
1642 1365 1822 1421 Perfe-

244 1466 463 1515 ctorum
499 1475 735 1531 namque
783 1472 867 1516 est
916 1462 1097 1518 dicere
1126 1462 1172 1494 "
1206 1475 1219 1509 τ
1257 1460 1444 1515 Levari
1474 1458 1652 1514 oculos
1681 1474 1821 1511 meos

241 1552 301 1605 in
329 1560 530 1606 montes
557 1556 695 1606 unde
719 1554 887 1607 veniet
917 1553 1176 1608 auxilium
1198 1552 1346 1607 mihi.
1367 1553 1469 1607 Iste
1487 1566 1617 1622 ergo
1646 1565 1822 1619 neque

239 1643 375 1699 talis
406 1652 527 1697 erat
562 1644 653 1714 qui
685 1645 827 1701 inter
847 1644 1157 1702 Sodomitas
1184 1645 1363 1717 perire
1392 1645 1824 1713 deberet,neque

242 1744 435 1793 tantus
459 1746 576 1794 erat
604 1739 693 1807 qui
721 1754 842 1793 cum
867 1739 1144 1794 Abraham
1172 1741 1225 1794 in
1242 1739 1629 1794 excelsioribus
1643 1744 1825 1807 posset

243 1829 519 1888 habitare.
538 1830 599 1885 Si
614 1830 758 1885 enim
774 1830 967 1886 fuisset
981 1831 1123 1900 talis,
1146 1846 1419 1901 nunquam
1434 1830 1499 1884 ad
1517 1845 1639 1884 eum
1670 1828 1819 1882 dice-

242 1932 330 1976 ret
356 1923 630 1977 Abraham
667 1922 711 1955 ⁶⁰
743 1938 763 1976 :
795 1922 860 1979 Si
881 1932 937 1977 tu
956 1924 1025 1978 ad
1042 1925 1307 1987 dextram,
1323 1940 1415 1993 ego
1438 1924 1508 1977 ad
1522 1922 1817 1984 sinistram,

241 2027 336 2067 aut
350 2016 398 2068 si
416 2028 470 2070 tu
483 2015 552 2069 ad
568 2016 863 2084 sinistram,
881 2032 973 2086 ego
990 2017 1059 2069 ad
1075 2016 1347 2080 dextram;
1385 2030 1485 2070 nec
1518 2014 1822 2069 habitacula

241 2104 292 2157 ei
314 2104 640 2157 Sodomitica
662 2104 1008 2172 placuissent.
1045 2106 1171 2160 Erat
1198 2122 1328 2176 ergo
1360 2106 1571 2161 medius
1601 2106 1822 2175 quidam

243 2194 392 2249 inter
410 2196 676 2265 perfectos
697 2207 750 2251 et
766 2198 1021 2265 perditos.
1041 2196 1106 2252 Et
1122 2199 1296 2254 sciens
1327 2214 1430 2254 non
1449 2200 1736 2254 convenire
1754 2198 1828 2252 vi-

242 2286 404 2342 ribus
418 2288 947 2350 suis,utascenderet
965 2292 1017 2345 in
1039 2301 1295 2355 montem,
1317 2292 1627 2362 religioseet
1642 2290 1824 2346 humi-

241 2378 370 2434 liter
389 2390 615 2436 excusat
639 2396 697 2436 se
715 2383 898 2438 dicens
910 2385 950 2414 “‘
974 2401 989 2438 :
1014 2383 1135 2437 Non
1163 2402 1374 2453 possunt
1393 2387 1445 2438 in
1472 2396 1696 2437 montem
1715 2384 1825 2439 sal-

242 2487 339 2524 vus
375 2472 514 2539 ﬁeri,
537 2476 627 2525 sed
644 2489 757 2526 ecce
783 2473 893 2527 Ita'c
924 2475 1113 2529 civitas
1135 2475 1328 2544 pusilla
1353 2485 1447 2541 est,
1472 2487 1517 2529 et
1544 2477 1626 2528 hic
1655 2475 1827 2529 salva-

243 2561 365 2625 bar,
420 2571 470 2614 et
531 2579 634 2615 non
688 2572 764 2616 est
830 2565 1071 2632 pusilla?
1126 2566 1404 2636 Ingressus
1461 2583 1589 2623 vero
1655 2567 1826 2638 Segor

243 2654 519 2708 civitatem
564 2658 841 2726 pusillam,
907 2660 961 2713 in
1009 2676 1071 2715 ca
1113 2662 1373 2718 salvator.
1430 2663 1494 2717 Et
1531 2672 1650 2734 post
1709 2662 1825 2718 lucc

244 2761 372 2799 cum
409 2748 626 2804 ﬁliabus
662 2751 910 2806 ascendit
958 2753 1009 2810 in
1048 2764 1308 2810 montem.
1354 2753 1540 2825 Neque
1576 2757 1720 2811 enim
1758 2757 1824 2812 de

244 2836 505 2894 Sodomis
535 2844 831 2898 ascendere
856 2844 968 2917 (Ἦ)
1010 2857 1227 2915 poterat
1255 2847 1309 2901 in
1343 2860 1602 2914 montem,
1635 2864 1826 2919 quam-

244 2932 333 2988 vis
381 2936 643 3003 scriptum
696 2936 767 2989 sit
819 2936 886 2991 de
923 2948 1064 2993 terra
1098 2939 1458 2994 Sodomorum
1506 2941 1822 3011 priusquam

244 3028 692 3094 subverteretur,
721 3046 787 3085 eo
823 3040 1071 3103 tempore
1120 3050 1228 3103 quo
1273 3033 1372 3088 Lot
1432 3035 1823 3090 habitationem

240 3121 370 3190 ejus
402 3122 585 3193 elegit,
621 3122 791 3179 fuisse
814 3126 956 3179 sicut
978 3126 1263 3194 paradisus
1282 3126 1397 3191 Dei,
1431 3137 1487 3181 et
1517 3129 1661 3182 sicut
1682 3137 1823 3183 terra

1919 639 2151 687 statuam
2174 631 2321 684 salis.
2340 627 2672 685 Putamusne
2689 638 2895 683 tantum
2920 628 3143 684 sceleris
3167 628 3218 681 in
3244 627 3349 681 hoc
3371 638 3496 681 esse

1920 725 2303 787 commisso,ut
2336 722 2461 793 quia
2496 722 2735 792 respexit
2764 722 2960 777 mulier
2982 762 2995 787 ,
3028 718 3305 775 interitum
3330 731 3493 788 quem

1919 816 2103 870 divino
2158 814 2425 869 beneflcio
2476 813 2716 885 effugere
2775 813 3084 879 videbatur,
3149 807 3495 867 incurreret?

1921 907 2061 973 Quid
2086 908 2226 962 enim
2255 916 2464 961 tantum
2506 906 2753 959 criminis
2786 905 3000 969 habuit,
3027 905 3072 959 si
3110 903 3341 959 sollicita
3372 916 3497 955 mtt-

1922 998 2073 1053 lieris
2114 1013 2268 1053 mens
2299 1007 2597 1053 retrorsmn
2631 997 2775 1051 unde
2807 996 2973 1051 nimio
3006 994 3345 1049 llammarmn
3377 1010 3498 1050 cre-

1922 1094 2038 1166 pitu
2084 1093 2396 1148 terrebatur
2434 1091 2689 1161 aspexit?
2713 1089 2818 1145 Sed
2843 1090 2966 1159 quia
2998 1088 3080 1143 lex
3107 1088 3367 1158 spiritalis
3388 1097 3495 1154 est,

1920 1197 2124 1256 etquae
2156 1183 2550 1254 contingebant
2592 1182 2869 1251 antiquis,
2926 1181 2978 1234 in
3016 1183 3185 1251 figura
3222 1180 3326 1235 illis
3364 1195 3499 1234 con-

1924 1280 2221 1348 tingebant,
2258 1277 2536 1332 videamus
2582 1291 2653 1332 ne
2698 1275 2840 1331 forte
2865 1273 3088 1344 Lot,qui
3129 1288 3234 1327 non
3258 1272 3499 1342 respexit

1921 1380 2045 1440 post
2092 1384 2172 1436 se,
2228 1366 2571 1424 rationabilis
2605 1366 2682 1422 sit
2726 1380 2920 1421 sensus
2956 1374 3010 1421 et
3040 1364 3259 1418 animus
3285 1362 3497 1427 virilis,

1922 1476 2062 1517 uxor
2092 1470 2273 1515 autem
2308 1459 2397 1514 hic
2429 1458 2615 1513 carnis
2660 1457 2951 1527 imaginem
2990 1466 3193 1511 teneat.
3234 1454 3375 1510 Caro
3417 1461 3500 1508 est

1924 1554 2093 1621 enim,
2124 1567 2245 1621 quae
2275 1551 2501 1622 respicit
2528 1566 2743 1620 semper
2775 1551 2841 1603 ad
2875 1550 3025 1613 vitia,
3063 1565 3202 1618 qme,
3230 1562 3352 1601 eum
3383 1545 3502 1599 ani-

1926 1661 2047 1701 mus
2089 1646 2264 1700 tendit
2290 1645 2356 1699 ad
2386 1644 2643 1708 salutem,
2680 1641 2770 1696 illa
2818 1652 3119 1695 retrorsum
3152 1638 3393 1707 respicit,
3444 1640 3502 1689 et

1923 1737 2233 1806 voluptates
2263 1736 2515 1811 requirit.
2542 1735 2668 1789 lude
2702 1735 2934 1803 denique
2981 1741 3034 1787 et
3061 1732 3319 1786 Dominus
3349 1729 3499 1782 dice-

1926 1830 2085 1886 bat”
2118 1847 2132 1883 :
2169 1828 2338 1884 Nemo
2395 1832 2601 1883 mittens
2634 1843 2850 1881 manum
2881 1842 3029 1879 suam
3066 1825 3134 1877 ad
3153 1835 3413 1883 aratrum,
3450 1828 3500 1874 et

1929 1933 2068 1976 retro
2107 1922 2408 1990 respiciens,
2441 1933 2590 1989 aptus
2621 1928 2695 1972 est
2729 1934 2886 1986 regno
2915 1917 3028 1971 Dei.
3064 1916 3131 1970 Et
3159 1914 3307 1970 addit
3335 1930 3349 1967 ι
3382 1912 3500 1967 Me-

1928 2026 2153 2070 mentote
2192 2012 2371 2068 uxoris
2393 2012 2511 2067 Lot.
2540 2012 2693 2078 Quod
2718 2024 2895 2065 autem
2930 2009 2986 2063 fit
3012 2008 3323 2063 staticulum
3346 2007 3499 2067 salis,

1930 2106 2263 2176 insipientia:
2316 2104 2432 2173 eius
2467 2104 2730 2158 indicium
2778 2104 2992 2159 videtur
3041 2102 3367 2172 expositum.
3408 2097 3503 2153 Sal

1927 2199 2071 2252 enim
2114 2198 2418 2268 prudentiae
2458 2195 2578 2251 loco
2613 2194 2853 2265 ponitur,
2894 2208 3014 2264 mne
3056 2194 3103 2247 ei
3153 2191 3337 2247 defuit.
3374 2190 3504 2244 Per-

1931 2290 2103 2345 teudit
2135 2305 2268 2361 ergo
2298 2289 2401 2344 Lot
2434 2289 2488 2344 in
2515 2287 2705 2356 Segor,
2744 2286 2926 2356 ibique
2955 2286 3227 2356 paulisper
3261 2282 3503 2339 collectis

1926 2382 2153 2448 viribus,
2189 2397 2327 2451 quas
2360 2382 2411 2436 in
2439 2380 2690 2436 Sodomis
2721 2378 2924 2434 habere
2953 2393 3060 2432 non
3087 2377 3280 2448 potuit,
3307 2390 3501 2431 ascen-

1926 2474 2006 2526 dit
2058 2474 2109 2528 in
2146 2483 2408 2538 montem,
2450 2483 2505 2527 et
2552 2472 2625 2526 ibi
2673 2470 2943 2524 habitavit
2994 2468 3160 2541 (sicut
3211 2468 3502 2537 Scriptura

1927 2563 2079 2635 dicit)
2113 2565 2246 2635 ipse,
2277 2573 2330 2619 et
2365 2566 2484 2619 dua:
2515 2563 2635 2617 filiae
2661 2563 2779 2632 ejus
2803 2576 2924 2616 cum
2954 2576 3038 2616 eo.

1997 2659 2050 2712 5.
2084 2657 2213 2713 Post
2243 2658 2356 2714 haec
2378 2658 2490 2728 jam
2524 2657 2756 2711 refertur
2778 2654 2866 2709 illa
2903 2654 3262 2709 famosissima
3297 2650 3503 2717 fabula,

1928 2753 1980 2806 in
2013 2767 2117 2820 qua
2145 2751 2409 2806 scribitur
2437 2750 2576 2804 filias
2603 2750 2718 2821 ejus
2755 2757 2872 2802 arte
2916 2746 3122 2801 furatas
3155 2743 3503 2799 concubitum

1930 2847 2128 2917 patris.
2179 2845 2234 2899 ln
2284 2860 2391 2915 quo
2430 2843 2612 2898 nescio
2643 2843 2688 2896 si
2721 2841 2845 2912 quis
2887 2848 3066 2910 potest
3113 2851 3377 2892 excusare
3430 2836 3504 2887 ita

1927 2938 2049 3003 Lot,
2082 2947 2138 2991 ut
2165 2953 2286 2992 eum
2316 2937 2609 2991 immunem
2633 2934 2796 2988 faciat
2828 2948 2857 2984 a
2892 2939 3140 3000 peccato.
3174 2927 3356 2998 Neque
3385 2940 3508 2982 rur-

1928 3046 2047 3087 sum
2089 3032 2159 3084 ita
2193 3045 2316 3084 eum
2367 3026 2730 3081 accusandum
2768 3034 2929 3094 puto,
2970 3032 3029 3075 ut
3062 3031 3168 3074 tam
3213 3018 3394 3090 gravis
3422 3020 3507 3073 in-

1929 3124 2063 3178 cesti
2100 3122 2214 3177 lieri
2264 3120 2461 3175 debeat
2504 3133 2649 3173 reus.
2692 3116 2806 3170 Non
2836 3116 2983 3170 enim
3017 3113 3233 3167 invenio
3271 3126 3393 3166 eum
3422 3112 3507 3164 in-

243 3211 474 3286 Egypti
507 3216 596 3267 ⁸¹⁶ο
623 3214 689 3269 Et
732 3226 908 3271 tamen
942 3218 1025 3285 (ut
1057 3233 1221 3286 parvo
1251 3219 1483 3287 quodam
1506 3230 1720 3274 utamur
1736 3236 1828 3274 ex-
1853 3228 1897 3288 (ς
1931 3212 2188 3267 sidiatum
2221 3223 2378 3275 esse,
2419 3217 2514 3261 aut
2563 3206 2830 3261 violenter
2869 3204 3138 3274 eripuisse
3185 3201 3502 3272 pudicitiam

243 3306 428 3376 cessa)
469 3322 717 3377 quzenam
745 3309 958 3362 videtur
990 3324 1109 3364 esse
1144 3310 1394 3365 vicinitas
1429 3312 1683 3380 paradiso
1718 3311 1826 3384 74

246 3398 368 3465 Dei,
394 3410 449 3455 et
478 3411 637 3456 terra:
651 3401 889 3472 Egypti,
920 3412 979 3457 nt
1006 3420 1069 3456 ex
1105 3419 1258 3472 aequo
1293 3405 1376 3459 his
1417 3404 1654 3459 Sodoma
1681 3420 1829 3460 com-

244 3493 519 3558 paretur?
555 3491 661 3548 Sed
696 3509 795 3560 ego
823 3494 893 3547 ita
925 3505 1054 3564 puto
1082 3497 1226 3564 quod
1257 3507 1549 3567 antequam
1577 3505 1830 3567 peccaret

247 3585 510 3650 Sodoma,
545 3600 668 3640 eum
699 3587 877 3640 adhuc
908 3586 1321 3656 simplicitatem
1354 3588 1483 3641 vitae
1512 3588 1830 3643 incontami-

245 3677 450 3732 nabilis
500 3677 819 3742 custodiret,
878 3688 995 3732 erat
1052 3680 1191 3735 sicut
1231 3680 1516 3749 paradisus
1556 3679 1686 3747 Dei;
1738 3680 1828 3735 ubi

244 3781 384 3821 vero
415 3767 716 3822 decolorari
753 3767 917 3836 coepit
953 3779 1005 3823 et
1046 3780 1393 3837 peccatorum
1438 3769 1664 3823 maculis
1729 3771 1826 3822 ob-

244 3863 484 3927 scurari,
523 3862 663 3915 sient
695 3870 837 3913 terra
870 3860 1091 3932 IEgypti
1120 3862 1260 3916 facta
1296 3872 1398 3915 est.
1449 3860 1553 3916 Sed
1601 3871 1653 3915 et
1700 3860 1829 3915 illud

244 3957 583 4025 requirimus
611 3957 867 4024 quoniam
899 3958 1118 4026 quidem
1150 3958 1409 4026 propheta
1444 3957 1574 4009 dicit
1602 3956 1668 4019 θ’,
1701 3956 1827 4023 quia

245 4046 557 4098 restituetur
588 4062 741 4098 soror
766 4056 857 4098 tua
891 4047 1128 4101 Sodoma
1170 4047 1221 4099 in
1276 4047 1585 4116 antiquum,
1623 4056 1829 4099 utrum-

243 4153 375 4190 nam
410 4138 683 4193 restitutio
708 4139 829 4210 ejus.
878 4138 1042 4193 etiam
1077 4138 1179 4192 hoc
1215 4139 1476 4207 recipiat,
1506 4148 1562 4189 ut
1590 4137 1664 4190 sit
1690 4138 1831 4191 sient

244 4229 537 4298 paradisus
570 4228 688 4295 Dei,
717 4245 784 4283 an
814 4230 988 4284 solum
1018 4230 1257 4283 sitsicut
1287 4240 1429 4282 terra
1464 4227 1697 4297 Aigypti.
1719 4228 1829 4297 Ego

242 4320 469 4389 quidem
503 4322 713 4389 dubito,
754 4324 800 4379 si
827 4324 1097 4379 intantmn
1134 4332 1385 4391 poterunt
1414 4320 1524 4393 (2'2)
1566 4322 1830 4374 Sodomo-

247 4428 377 4468 rum
408 4426 628 4482 peecata
664 4416 915 4487 decoqui,
949 4424 1005 4471 et
1029 4432 1094 4470 eo
1128 4430 1299 4484 usque
1329 4415 1535 4469 scelera
1568 4413 1827 4483 purgari,

246 4519 311 4560 ut
342 4510 616 4563 restitutio
653 4525 838 4563 eorum
870 4521 1014 4564 tanta
1050 4511 1139 4573 sit,
1184 4524 1303 4577 qua:
1328 4525 1432 4561 non
1466 4507 1637 4562 solum
1670 4517 1825 4561 terra:

241 4593 496 4665 Egypti,
546 4613 731 4652 verum
780 4601 945 4654 etiam
1007 4599 1101 4653 Dei
1154 4575 1413 4668 paradiso
1458 4607 1823 4666 comparetur.
1856 4575 1904 4633 D

244 4684 464 4755 Urgent
495 4696 673 4742 tamen
702 4704 799 4744 nos
833 4690 925 4759 qui
971 4691 1073 4745 hoc
1098 4690 1424 4744 confirmare
1449 4689 1637 4744 volunt
1669 4706 1732 4743 ex
1762 4705 1826 4744 eo

239 4780 520 4850 prxcipue
566 4796 820 4837 sermone
858 4783 951 4852 qui
999 4784 1219 4838 additus
1260 4784 1386 4837 huic
1418 4783 1828 4851 repromissioni

240 4872 470 4925 videtur
506 4890 518 4923 :
551 4890 655 4927 non
691 4876 834 4928 enim
870 4876 1025 4938 dixit,
1051 4876 1175 4945 quia
1211 4876 1526 4930 restituetur
1566 4875 1825 4942 Sodoma,

240 4976 291 5018 et
352 4968 628 5031 cessavit;
662 4967 757 5022 sed
807 4968 922 5021 ait:
963 4967 1287 5022 Restitnetur
1322 4967 1555 5022 Sodoma
1597 4969 1651 5021 in
1684 4970 1829 5022 anti-

242 5074 438 5129 quum.
478 5057 546 5111 Et
600 5069 921 5113 asseverant
976 5061 1258 5129 antiquum
1320 5058 1437 5128 ejus
1487 5069 1687 5113 statum
1718 5075 1822 5114 non

240 5149 417 5203 fuisse
440 5161 498 5204 ut
523 5159 722 5203 terram
748 5149 988 5221 Egypti,
1016 5153 1110 5205 sed
1137 5160 1194 5205 ut
1228 5151 1538 5221 paradisum
1568 5151 1685 5205 Dei.

306 5244 365 5298 2.
396 5243 502 5297 Sed
534 5245 816 5298 redeamus
850 5246 916 5297 ad
957 5245 1077 5307 Lot,
1104 5245 1196 5314 qui
1231 5260 1352 5299 cum
1400 5259 1569 5299 uxore
1595 5256 1651 5299 et
1684 5243 1823 5298 filia-

172 5382 175 5383 ν
237 5337 348 5393 bus
374 5337 649 5391 interitum
682 5336 895 5408 fugiens
933 5337 1315 5401 Sodomorum,
1348 5348 1570 5407 accepto
1598 5338 1666 5393 ab
1715 5354 1817 5391 an-

236 5429 381 5499 gelis
408 5432 685 5495 ιιιιιιιιΙιιιο,
714 5445 780 5484 ne
807 5440 1103 5484 retrorsum
1132 5431 1448 5500 respiceret,
1487 5432 1741 5486 tendebat
1766 5446 1818 5484 in

236 5526 442 5593 Segor.
470 5522 574 5576 Sed
605 5537 740 5577 uxor
769 5523 885 5591 ejus
907 5523 1190 5577 immemor
1219 5524 1276 5577 fit
1303 5526 1580 5593 prmcepti,
1615 5535 1821 5579 retror-

323 5667 370 5697 "‘
397 5664 597 5718 Cenes.
631 5677 739 5719 χιχ,
776 5660 866 5715 l7.
931 5656 981 5688 '9
1017 5653 1156 5707 Psal.
1187 5667 1269 5710 ex,
1302 5650 1351 5702 l.

249 5756 365 5799 xw,
532 5716 537 5717 ί
567 5733 610 5764 ⁸³
640 5716 770 5785 Luc.
802 5746 877 5791 Ix,
907 5726 994 5780 6'2.
1073 5723 1118 5754 “
1146 5722 1343 5776 Genes.
1376 5734 1483 5780 xix,

330 5832 443 5891 (9.!)
480 5828 723 5892 Quatuor
770 5837 897 5876 mss.
942 5816 1237 5871 ascendere.
1284 5810 1438 5865 Lihb.
1485 5818 1641 5863 antea
1674 5805 1828 5867 editi,

252 5901 472 5957 escendi

1442 5647 1485 5679 ⁸ο
1515 5644 1713 5699 Genes.
1749 5657 1865 5709 xm,
1898 5640 1951 5696 9.

1934 3303 2185 3366 filiarum,
2235 3300 2328 3356 sed
2369 3299 2540 3369 magis
2593 3297 2819 3353 insidias
2851 3310 3105 3365 passum,
3158 3304 3212 3348 et
3250 3302 3365 3347 arte
3396 3293 3506 3346 cir-

1935 3394 2345 3462 cumscriptum.
2374 3392 2477 3445 Sed
2506 3405 2685 3459 neque
2702 3403 2920 3443 rursum
2951 3387 3357 3442 circumventus
3378 3384 3511 3439 fuis-

1932 3498 2017 3541 set
2042 3502 2071 3540 a
2102 3484 2314 3556 puellis,
2354 3484 2458 3537 nisi
2500 3482 2758 3537 inebriari
2792 3480 3077 3550 potuisset.
3109 3477 3265 3533 Unde
3295 3478 3509 3531 videtur

1932 3580 2063 3633 mihi
2091 3578 2143 3633 in
2170 3586 2324 3648 parte
2363 3575 2669 3645 eulpabilis,
2726 3575 2776 3627 in
2809 3585 2962 3643 parte
2994 3571 3322 3626 excusabilis
3355 3570 3507 3622 iuve-

1931 3673 2059 3727 niri.
2095 3670 2350 3725 Excusari
2390 3681 2630 3736 namque
2660 3675 2859 3735 potest,
2886 3665 3026 3734 quod
3058 3680 3086 3716 a
3117 3662 3509 3730 concupiscen-

1936 3762 2020 3816 tia:
2047 3770 2102 3814 et
2134 3760 2425 3828 voluptatis
2459 3757 2691 3810 crimine
2746 3754 2883 3808 liber
2913 3765 3020 3817 e5t,
3050 3762 3106 3808 et
3151 3751 3279 3821 quia
3331 3764 3508 3819 neque

1932 3854 2046 3923 ipse
2101 3852 2332 3906 voluisse
2373 3850 2636 3918 arguitur,
2688 3862 2862 3915 neque
2900 3845 3211 3900 volentibus
3270 3856 3506 3896 consen-

1931 3946 2085 4000 sisse.
2132 3942 2389 4011 Subjaeet
2432 3956 2561 3996 vero
2613 3940 2807 4009 culpas,
2865 3939 3008 4008 quod
3066 3936 3240 4005 decipi
3297 3934 3505 4004 potuit,

1931 4036 2073 4105 quod
2111 4036 2238 4090 vino
2283 4034 2446 4089 nimis
2490 4032 2742 4097 indulsit,
2788 4042 2843 4084 et
2884 4033 2987 4085 hoc
3042 4046 3144 4082 non
3184 4027 3370 4090 semel,
3413 4026 3508 4080 sed

1933 4127 2127 4181 iterum
2186 4126 2334 4180 fecit.
2384 4125 2516 4178 Nam
2567 4135 2615 4178 et
2669 4126 2784 4193 ipsa
2818 4123 3097 4191 Scriptura
3131 4120 3259 4174 mihi
3299 4119 3510 4172 videtur

1930 4234 2026 4288 pro
2078 4234 2145 4273 eo
2193 4218 2592 4289 quodammodo
2645 4216 2998 4281 satisfacere,
3054 4230 3176 4268 eum
3239 4214 3372 4267 dicit
3404 4212 3491 4260 5":

1935 4310 2217 4365 Nesciebat
2238 4323 2374 4364 emm
2395 4328 2509 4365 cum
2534 4311 2779 4363 dormiret
2802 4326 2914 4361 cum
2932 4308 3026 4372 eis,
3045 4320 3090 4361 et
3123 4324 3238 4360 cum
3253 4316 3509 4377 surgeret.

1932 4403 2009 4457 De
2054 4404 2266 4458 filiabus
2304 4405 2405 4458 hoc
2438 4418 2539 4455 non
2571 4404 2918 4467 dicitur,qu:e
2961 4400 3139 4455 studio
3186 4410 3239 4451 et
3274 4409 3391 4451 arte
3418 4398 3510 4450 de-

1934 4496 2143 4563 cipiunt
2182 4504 2412 4563 patrem.
2476 4493 2570 4548 Ille
2605 4504 2783 4548 tamen
2846 4493 3116 4545 intantum
3169 4489 3377 4557 sopitus
3428 4498 3510 4542 est

1932 4590 2076 4651 vino,
2106 4598 2163 4641 ut
2182 4588 2415 4642 nesciret
2440 4586 2709 4642 dormisse
2727 4601 2785 4642 se
2808 4600 2929 4639 cum
2968 4584 3071 4637 ﬁlia
3096 4584 3302 4652 priore,
3336 4595 3512 4651 neque

1933 4698 2056 4737 cum
2092 4681 2202 4735 filia
2226 4682 2469 4749 iuniore.
2496 4680 2695 4734 Audite
2722 4679 2956 4734 ebrietas
2981 4678 3106 4746 quid
3137 4686 3282 4746 agat,
3328 4673 3511 4728 audite

1932 4791 2196 4852 quantum
2246 4781 2507 4834 facinoris
2550 4779 2816 4834 conciliet
2854 4774 3193 4830 temulentia.
3229 4772 3423 4826 Audite
3456 4778 3509 4824 et

1932 4887 2144 4943 cavete,
2177 4892 2268 4931 vos
2296 4876 2492 4946 quibus
2521 4876 2666 4929 istud
2701 4872 2901 4927 malum
2936 4885 3040 4925 non
3061 4870 3112 4922 in
3140 4867 3387 4930 crimine,
3415 4864 3510 4919 sed

1934 4973 1986 5027 in
2014 4988 2112 5025 usu
2144 4980 2246 5025 est.
2286 4970 2538 5025 Ebrietas
2569 4968 2773 5038 decipit
2797 4981 2957 5035 quem
2998 4962 3236 5018 Sodoma
3268 4974 3373 5013 non
3425 4957 3512 5011 de-

1930 5065 2092 5132 cepit.
2123 5061 2314 5117 Uritur
2344 5062 2433 5117 ille
2454 5061 2686 5115 flammis
2714 5058 3002 5113 mulierum
3033 5071 3191 5125 quem
3220 5052 3511 5121 sulplmrea

1932 5157 2145 5212 llatnma
2180 5172 2289 5210 non
2326 5156 2483 5209 ussit.
2517 5154 2646 5208 Erat
2673 5167 2803 5220 ergo
2846 5149 2950 5204 Lot
2998 5157 3138 5214 arte,
3173 5160 3277 5198 non
3322 5143 3513 5197 volun-

1933 5260 2042 5305 tate
2071 5250 2348 5319 deceptus.
2384 5248 2510 5303 ldeo
2538 5246 2746 5300 medius
2774 5244 2995 5315 quidam
3019 5249 3103 5295 est
3139 5240 3283 5293 inter
3314 5249 3508 5305 pecca-

1935 5351 2079 5395 tores
2113 5348 2170 5393 et
2223 5340 2441 5411 justos:
2481 5338 2680 5406 quippe
2734 5336 2825 5405 qui
2882 5349 2948 5387 ex
2998 5332 3234 5385 Abrahae
3287 5325 3512 5395 quidem

1933 5432 2255 5505 cognatione
2288 5429 2649 5491 descenderit,
2685 5429 2737 5481 in
2774 5424 3031 5480 Sodomis
3085 5431 3262 5474 tamen
3293 5415 3509 5470 habita--

1930 5526 2094 5581 verit.
2128 5522 2260 5578 Nam
2288 5532 2344 5579 et
2384 5523 2486 5577 hoc
2529 5519 2672 5592 quod
2702 5518 2883 5575 evadit
2925 5531 2991 5570 ex
3042 5512 3299 5568 Sodomis
3345 5508 3509 5579 (sicut

2039 5642 2081 5671 ⁵⁸
2115 5638 2310 5695 Gcnes.
2346 5654 2454 5703 χιιι,
2482 5638 2570 5693 20.
2660 5638 2725 5670 ⁸⁸⁸
2754 5637 2888 5693 Gen.
2920 5654 3037 5701 xm,
3075 5637 3159 5693 10.
3237 5638 3281 5667 "
3315 5638 3511 5693 Ezeeh.

2012 5801 2121 5869 (2‘2)
2156 5798 2521 5853 PotcrnnI.Sie
2557 5816 2682 5854 mss.
2716 5799 2857 5852 Libri
2895 5814 3022 5853 vero
3051 5798 3201 5866 editi,
3228 5800 3507 5870 potuerint-

1944 5871 2084 5926 lnfra
2113 5881 2302 5941 quater
2324 5886 2476 5934 mss,
2506 5870 2755 5940 urgebunt
2790 5880 2963 5925 tamen
2996 5887 3101 5925 nos.
