3902 6510
529 405 627 458 191

1999 401 2320 459 οῐιιιὶεκιε

3659 411 3740 468 ιη

530 521 806 592 Scriptura
842 522 1065 592 indicat)
1083 524 1260 594 magis
1280 523 1343 578 ad
1374 525 1632 580 honorem
1663 524 1918 585 Abrahae.
1941 538 2102 594 quam
2133 529 2179 585 Δ
2207 520 2526 589 concipiunt
2557 518 2625 574 ab
2658 519 2966 590 ignorante.
2997 520 3357 574 Loncubitum
3393 520 3524 576 ultra
3550 510 3648 579 non
3672 544 3740 586 ro-

529 615 596 667 ad
636 613 883 667 meritum
926 614 1160 683 pertinet
1194 613 1313 669 Lat.
1346 613 1440 668 Sic
1473 613 1618 668 enim
1650 615 1726 668 ait
1750 614 1795 645 "
1829 633 1844 670 :
1883 613 1952 668 Et
2012 616 2096 682 {a-

529 717 668 759 etum
709 715 808 762 est.
857 703 1056 774 inquit,
1103 722 1224 760 cum
1275 707 1648 761 exterminaret
1695 707 1833 761 Deus
1864 709 2097 763 civitates

523 792 898 857 Sodomorum,
919 796 1228 851 recordatus
1249 807 1322 850 est
1346 797 1599 852 Dominus
1618 798 1860 863 Abrabw,
1884 807 1930 852 et
1946 799 2095 869 eiecit

525 885 620 944 lat
637 887 701 941 de
723 895 868 941 terra
905 889 1023 945 illa.

590 977 648 1032 4.
685 978 792 1031 Sed
829 989 884 1032 et
915 978 1148 1032 ﬁliarum
1183 980 1299 1050 ejus
1326 980 1665 1050 propositum
1697 989 1826 1049 puto
1863 980 2094 1051 diligen-

527 1068 634 1124 tius
682 1069 1166 1134 considerandum,
1199 1087 1266 1126 ne
1293 1071 1432 1126 forte
1461 1073 1627 1128 etiam
1668 1070 1800 1141 ipsa:
1841 1088 1947 1127 non
1981 1081 2095 1126 tan-

528 1170 642 1214 tum
673 1170 936 1230 quantum
966 1173 1188 1231 putatur
1213 1164 1465 1233 accipere
1489 1165 1734 1220 criminis
1759 1173 2091 1220 mereantur.

519 1250 716 1307 Refert
737 1254 884 1308 enim
922 1253 1201 1325 Scriptura
1250 1258 1376 1326 quia
1407 1258 1663 1313 dixerunt
1693 1257 1923 1313 invicem
1961 1258 2090 1311 sibi:

523 1344 710 1410 Pater,
743 1345 993 1415 inquiunt
1017 1348 1082 1412 “,
1114 1357 1292 1402 noster
1313 1366 1470 1404 senea:
1489 1359 1587 1415 cst,
1608 1359 1658 1403 et
1677 1366 1825 1403 nemo
1844 1361 1918 1404 est
1940 1367 2097 1417 super

520 1446 718 1487 terram
741 1437 830 1505 qui
857 1436 1014 1490 intret
1050 1438 1119 1490 ad
1157 1453 1269 1502 nos,
1295 1439 1430 1492 sicut
1461 1430 1695 1493 convenit
1729 1441 1870 1493 omni
1920 1449 2092 1494 terrte.

532 1524 680 1591 Vetti,
711 1538 759 1581 et
781 1539 1015 1596 potemus
1037 1539 1241 1595 patrem
1261 1540 1497 1583 nostrunt
1524 1531 1662 1596 uino,
1691 1539 1740 1584 et
1764 1530 2094 1584 dormiamus

520 1636 640 1672 cum
667 1635 748 1686 eo,
793 1631 838 1674 et
864 1623 1178 1675 suscitemus
1223 1622 1288 1676 de
1317 1633 1465 1692 patre
1487 1634 1665 1677 nostro
1691 1639 1887 1678 semen.
1909 1623 2094 1690 Quan-

527 1720 639 1763 tum
693 1711 759 1764 ad
807 1726 870 1765 ea
922 1728 1043 1781 quae
1083 1713 1149 1767 de
1213 1714 1297 1767 his
1347 1714 1479 1768 dicit
1532 1713 1835 1783 Scriptura,
1885 1715 2096 1770 videtur

517 1801 682 1855 etiam
729 1801 840 1872 (23)
874 1819 971 1872 pro
1003 1803 1135 1872 ipsis
1179 1804 1576 1873 quodammodo
1603 1805 1939 1861 satisfacere.
1985 1811 2095 1876 Ap-

526 1903 681 1962 paret
719 1910 960 1964 namque
987 1895 1127 1950 lilias
1174 1895 1272 1950 L0t
1299 1895 1552 1952 didicisse
1576 1900 1822 1967 quaedam
1862 1899 1929 1953 de
1959 1913 2093 1952 con-

518 1987 877 2040 summatione
904 1987 1118 2052 mundi,
1149 2003 1271 2056 quae
1297 1987 1611 2045 immineret
1639 2004 1735 2058 per
1763 1990 1962 2060 ignem,
1995 1989 2090 2044 sed

521 2083 776 2144 tanquam
827 2077 1016 2146 puella:
1069 2093 1176 2132 non
1233 2077 1445 2146 integre
1497 2079 1847 2148 perfectoque
1885 2079 2086 2134 didice-

518 2175 663 2231 rant,
701 2171 1014 2223 nescierunt
1041 2170 1182 2236 quod
1216 2168 1567 2225 Sodomiticis
1625 2172 1936 2240 regionibus
1959 2165 2091 2241 igne

513 2260 760 2322 vastatis,
784 2260 1012 2314 multum
1045 2261 1222 2317 adhuc
1246 2262 1406 2332 spatii
1436 2263 1708 2332 integrum
1742 2263 2007 2319 resideret
2034 2264 2088 2318 in

511 2348 734 2404 mundo.
765 2350 1071 2406 Audierunt
1121 2352 1175 2407 in
1229 2352 1336 2409 line
1382 2355 1562 2409 saeculi
1599 2367 1798 2409 terram
1821 2363 1877 2410 et
1908 2355 2089 2410 omnia

515 2440 786 2494 elementa
814 2442 953 2511 ignis
984 2443 1182 2499 ardore
1201 2445 1576 2516 decoquenda.
1594 2445 1868 2502 Videbant
1885 2447 2088 2516 ignem,

514 2529 775 2584 videbant
794 2533 1116 2601 sulphureas
1135 2533 1402 2601 ﬂammas,
1422 2536 1884 2592 videbantcuncta
1913 2547 2090 2592 vasta-

513 2621 583 2675 ri.
603 2620 826 2676 Matrem
853 2638 1066 2692 quoque
1082 2641 1234 2680 suam
1255 2627 1509 2682 videbant
1526 2643 1635 2682 non
1659 2643 1782 2683 esse
1798 2627 2086 2692 salvatam,

511 2713 800 2780 suspicata
828 2726 955 2770 sunt
986 2717 1092 2772 tale
1109 2719 1314 2789 aliquid
1347 2719 1575 2789 factum,
1603 2721 1764 2790 quale
1794 2721 1847 2775 in
1873 2731 2087 2790 tempo-

513 2803 668 2856 ribus
701 2805 988 2860 audierant
1017 2806 1147 2873 Noe,
1181 2819 1236 2863 et
1286 2811 1355 2865 ob
1384 2813 1738 2880 reparandam
1775 2809 2086 2865 mortalium

513 2897 888 2964 posteritatem
956 2900 1100 2956 solas
1135 2916 1193 2956 se
1227 2917 1348 2958 esse
1387 2918 1508 2959 cum
1555 2912 1782 2974 parente
1817 2913 2084 2958 servatas.

512 2985 889 3058 Recnperandi
921 2992 1083 3062 igitur
1112 2994 1337 3049 humani
1368 2997 1581 3066 generis
1620 2995 1952 3051 desiderium
1996 3010 2088 3051 su-

510 3088 706 3142 munt,
741 3079 848 3150 75
875 3089 1036 3150 atque
1065 3084 1398 3141 instaurandi
1440 3087 1620 3142 saeculi
1655 3101 1720 3140 ex
1753 3100 1814 3141 se
1843 3086 2084 3139 dandum

509 3168 805 3237 opinantur
831 3174 1135 3229 exordium.
1171 3178 1234 3233 Et
1262 3178 1510 3248 quamvis
1537 3179 1742 3248 grande
1771 3179 1851 3233 eis
1879 3177 2083 3231 crimen

511 3260 788 3316 videretur
825 3264 990 3321 furari
1027 3270 1373 3325 concubitum
1404 3271 1576 3341 patris
1599 3310 1613 3336 ,
1646 3271 1866 3340 gravior
1893 3272 1976 3324 eis
2005 3279 2086 3323 ta-

514 3367 638 3407 men
673 3355 955 3412 videbatur
985 3358 1268 3429 impietas,
1302 3362 1347 3417 si
1378 3362 1659 3430 humanae,
1704 3369 1762 3416 ut
1796 3363 2084 3432 putabant,

513 3447 848 3517 posteritatis
897 3465 1046 3520 spem
1092 3464 1304 3506 servata
1343 3456 1595 3510 castitate
1638 3455 1902 3510 delerent.
1956 3453 2089 3509 Pro-

509 3548 632 3610 pter
664 3539 763 3594 hoc
797 3556 927 3612 ergo
953 3544 1240 3600 consilium
1273 3545 1464 3601 ineunt
1501 3549 1709 3602 minore
1733 3587 1750 3612 .
1781 3555 1838 3601 ut
1865 3561 1965 3616 ego
1998 3561 2090 3601 ar-

509 3627 725 3695 bitror,
759 3633 916 3702 culpa
943 3675 958 3698 ,
1019 3650 1114 3706 spe
1155 3647 1336 3693 tamen
1373 3650 1800 3710 argumentoque
1845 3640 2086 3710 majore;

509 3723 684 3788 patris
717 3727 1052 3791 mwstitiam,
1088 3729 1174 3783 vel
1215 3730 1448 3800 rigorem
1483 3733 1608 3788 vino
1639 3731 1889 3787 molliunt
1915 3741 1970 3787 et
2002 3746 2088 3786 re-

509 3813 722 3870 solvunt
761 3818 899 3890 (ει).
954 3821 1194 3891 Singulis
1230 3823 1488 3894 ingressa:
1529 3825 1810 3891 noctibus,
1859 3823 2087 3894 singulae

2125 1871 2168 1932 Β

2114 3237 2156 3295 C

2199 624 2410 683 petunt,
2444 627 2552 666 non
2590 613 2897 681 requirunt.
2938 611 3037 668 Ubi
3077 612 3164 667 hic
3195 612 3440 668 libidinis
3471 614 3641 686 culpa,
3666 621 3739 678 ubi

2199 705 2390 760 incesti
2438 704 2646 758 crimen
2696 703 2990 772 arguitur?
3034 702 3316 769 Quomodo
3363 702 3574 760 dabitur
3603 708 3738 776 vitio,

2197 799 2340 867 quod
2378 812 2483 850 non
2517 795 2746 850 iteratur
2791 795 2845 848 in
2891 793 3076 850 laeto?
3116 794 3321 850 Vereor
3359 795 3596 866 proloqui
3624 803 3738 869 quod

2198 889 2394 952 sentio,
2454 901 2646 943 vereor
2673 927 2690 953 ,
2723 887 2946 958 inquam
2969 927 2986 954 ,
3021 903 3089 943 ne
3125 889 3332 943 castior
3374 888 3539 944 fuerit
3579 891 3736 949 harum
3795 901 3804 905 '

2199 981 2472 1044 incestus,
2504 995 2666 1050 quam
2699 979 2958 1048 pudicitia
2988 978 3306 1034 multarum.
3358 979 3647 1036 Discutiant
3669 999 3734 1051 se,

2198 1085 2252 1126 et
2281 1073 2561 1142 requirant
2594 1071 2808 1126 feminas
2853 1073 2906 1127 in
2950 1071 3220 1140 coniugiis
3245 1072 3459 1142 positae,
3487 1073 3532 1128 si
3559 1075 3624 1129 ob
3649 1077 3732 1132 hoc

2199 1163 2368 1218 solum
2415 1164 2610 1218 adeant
2659 1163 2829 1228 viros,
2876 1172 2936 1217 ut
2978 1164 3282 1234 suscipiant
3313 1163 3545 1229 liberos,
3574 1166 3614 1220 si
3641 1177 3735 1238 post

2198 1265 2520 1324 conceptum
2554 1253 2826 1309 desistunt
2864 1253 3000 1324 (Ξὸ).
3043 1252 3165 1308 lstm
3193 1255 3336 1308 enim
3366 1269 3485 1325 qua:
3511 1257 3648 1326 argui
3673 1258 3734 1314 ri-

2205 1348 2400 1400 dentur
2449 1345 2641 1400 incesti
2669 1383 2685 1410 ,
2734 1355 2794 1400 ut
2846 1346 3056 1413 adepta:
3086 1355 3212 1399 sunt
3243 1355 3558 1414 conceptum
3583 1389 3599 1411 ,
3623 1350 3732 1406 ultra

2199 1453 2307 1491 non
2355 1437 2625 1490 accedunt
2654 1435 2719 1489 ad
2765 1435 3113 1490 concubitum
3161 1437 3285 1491 viri.
3325 1437 3602 1494 Nonnulla:
3634 1457 3734 1500 vero

2198 1528 2489 1594 mulieres,
2525 1541 2699 1596 neque
2741 1528 2887 1582 enim
2917 1527 3199 1582 universas
3238 1529 3446 1599 pariter
3483 1540 3732 1596 notamus,

2197 1619 2292 1674 sed
2322 1627 2447 1673 sunt
2484 1619 2755 1689 quaedam,
2797 1635 2919 1687 quae
2950 1620 3093 1674 sicut
3125 1621 3384 1674 animalia
3425 1620 3624 1690 absque
3651 1623 3733 1678 ulls

2196 1711 2529 1766 discretione
2563 1712 2932 1766 indesinenter
2965 1711 3176 1766 libidini
3207 1713 3481 1780 serviunt,
3515 1727 3639 1782 quas
3658 1728 3735 1784 ego

2198 1817 2299 1858 nec
2337 1802 2503 1856 mutis
2553 1803 2837 1872 pecoribus
2889 1803 3338 1872 comparaverim.
3391 1802 3592 1858 Pecora
3620 1805 3733 1858 enim

2195 1902 2250 1948 et
2283 1894 2398 1962 ipsa
2433 1894 2610 1948 sciunt
2640 1932 2656 1958 ,
2691 1908 2812 1948 cum
2849 1893 3202 1963 conceperint
3229 1934 3244 1960 ,
3279 1894 3422 1950 ultra
3455 1910 3559 1950 non
3588 1894 3733 1950 indul-

2195 2000 2324 2058 gere
2349 1987 2592 2042 maribus
2621 1986 2835 2057 copiam
2875 1987 2980 2043 sui.
3023 1986 3183 2042 Notat
3215 1989 3349 2044 tales
3383 1997 3443 2044 et
3484 1988 3732 2057 Scriptura

2193 2079 2398 2144 divina,
2432 2095 2554 2133 cum
2588 2078 2719 2133 dicit
2747 2078 2829 2134 ’τε
2865 2076 3048 2133 Nolite
3073 2079 3189 2148 ﬁeri
3221 2082 3357 2134 sicut
3390 2097 3554 2152 equus
3580 2091 3623 2134 et
3644 2097 3734 2135 uts-

2192 2169 2306 2236 lus,
2339 2169 2526 2241 quibus
2557 2187 2661 2223 non
2708 2180 2784 2224 est
2815 2171 3132 2227 intellectus.
3175 2172 3240 2225 Et
3281 2172 3482 2227 iterum
3515 2171 3589 2226 ⁶⁸ε
3626 2171 3734 2240 Equi

2193 2263 2495 2316 admissarii
2521 2263 2652 2332 facti
2681 2272 2825 2317 sunt.
2874 2262 2981 2318 Sed
3017 2279 3135 2329 vos,
3164 2278 3196 2319 o
3230 2263 3468 2334 populus
3502 2263 3589 2318 Dei
3615 2304 3630 2328 ,
3663 2261 3735 2332 qui

2192 2354 2470 2410 Christum
2505 2359 2704 2410 amatis
2734 2355 2788 2408 in
2825 2354 3237 2425 incorruptione
3259 2397 3274 2421 ,
3307 2355 3591 2425 intelligite
3617 2356 3735 2423 Apo-

2193 2447 2316 2504 stoli
2361 2461 2668 2501 sermonem
2710 2460 2820 2516 quo
2871 2445 2947 2500 ait
2976 2446 3059 2499 “:
3103 2445 3224 2501 Sive
3255 2447 3586 2500 manducatis
3611 2486 3626 2509 ,
3651 2447 3734 2500 sise

2193 2540 2390 2603 bibitis,
2424 2541 2529 2594 sive
2554 2539 2703 2593 aliud
2732 2538 2860 2608 quid
2895 2539 3095 2606 facitis,
3131 2540 3308 2593 omnia
3331 2539 3386 2593 in
3417 2538 3632 2609 gloriam
3659 2536 3733 2591 Dei

2191 2633 2375 2702 facite.
2406 2630 2560 2697 Quod
2603 2630 2748 2685 enim
2783 2638 2904 2698 post
2935 2632 3264 2685 manducare
3290 2639 3344 2685 et
3376 2631 3566 2686 bibere
3593 2629 3730 2685 dicit:

2191 2719 2317 2776 Sive
2347 2721 2496 2774 aliud
2527 2720 2655 2790 quid
2687 2719 2900 2788 facitis,
2935 2719 3302 2774 inverecunda
3337 2719 3573 2790 conjugii
3605 2735 3732 2787 nego-

2192 2814 2266 2866 tia
2315 2811 2622 2866 verecundo
2670 2824 2924 2866 sermone
2975 2810 3229 2881 signavit,
3260 2811 3557 2866 ostendens
3601 2811 3730 2865 etiam

2189 2907 2305 2976 ipsa
2332 2901 2398 2957 ad
2438 2903 2531 2957 Dei
2560 2901 2786 2973 gloriam
2821 2901 2938 2972 geri
2963 2940 2979 2966 ,
3011 2902 3053 2956 si
3088 2901 3426 2974 posteritatis
3452 2901 3614 2956 solius
3637 2917 3735 2955 con-

2192 2995 2544 3066 templatione
2573 3002 2957 3064 procurentur.
2989 2992 3267 3048 Prosecuti
3313 3007 3540 3058 sumus,
3567 3003 3621 3046 ut
3653 3007 3730 3062 po.

2190 3087 2429 3153 luimus,
2475 3085 2564 3140 vel
2599 3085 2666 3140 de
2711 3083 2885 3152 culpis
2937 3083 3039 3138 Lot
3073 3099 3140 3139 ac
3187 3083 3422 3138 ﬁliarum
3477 3083 3627 3154 ejus,
3664 3082 3729 3136 rel

2189 3195 2402 3234 rursum
2439 3179 2506 3232 de
2535 3177 2981 3232 excusationihns
3011 3191 3224 3232 earum.

2262 3271 2314 3325 5.
2358 3270 2553 3325 Verum
2583 3271 2697 3326 scio
2724 3271 3034 3333 nonnullos,
3061 3278 3324 3339 quantum
3353 3269 3425 3323 ad
3455 3267 3727 3338 allegoriam

2192 3364 2448 3432 pertinet,
2482 3361 2580 3416 Lot
2613 3361 2842 3416 traxisse
2869 3360 2938 3415 ad
2979 3359 3191 3414 Domini
3230 3374 3526 3429 personam
3551 3371 3601 3415 et
3625 3361 3733 3416 lilias

2191 3455 2311 3526 ejus
2338 3455 2406 3509 ad
2435 3455 2544 3510 duo
2575 3463 2921 3510 testamenta.
2951 3453 3055 3508 Sed
3079 3454 3212 3521 haec,
3242 3455 3334 3524 qui
3369 3455 3515 3509 sciat
3543 3454 3658 3523 quid
3680 3455 3731 3506 de

2191 3545 2519 3602 Ammonitis
2563 3555 2619 3602 et
2651 3545 2900 3601 Moabitis
2933 3543 3212 3617 Scriptura
3246 3546 3411 3614 dicit,
3451 3547 3542 3616 qui
3570 3561 3631 3602 ex
3657 3560 3730 3616 ge-

2195 3652 2326 3692 nere
2365 3637 2470 3692 Lct
2502 3638 2838 3694 descendunt
2865 3676 2882 3704 ,
2922 3637 3108 3693 nescio
3153 3639 3199 3692 si
3234 3637 3478 3693 libenter
3511 3637 3729 3707 accipiat.

2193 3729 2475 3796 Quomodo
2501 3729 2648 3784 enim
2677 3729 2882 3800 poterit
2913 3738 3106 3797 aptare
3133 3729 3350 3786 Christo
3377 3731 3454 3798 "°,
3497 3731 3632 3800 quod
3657 3729 3728 3798 qui

2193 3823 2260 3876 de
2283 3820 2490 3875 semine
2509 3817 2630 3888 eius
2652 3827 2978 3890 generantur
3002 3834 3173 3890 usque
3198 3820 3250 3875 in
3279 3821 3505 3876 tertiam
3532 3829 3583 3875 et
3600 3834 3730 3890 quar-

570 3940 614 3970 "
645 3939 780 3992 Gen.
805 3956 916 4004 XIX,
943 3940 1031 3995 29.
1107 3941 1150 3973 '°
1174 3941 1328 4002 ibid..
1366 3939 1453 4003 51,
1482 3939 1570 3993 52.
1646 3939 1689 3971 ⁸⁷
1714 3938 1854 3994 Psal.
1889 3953 2031 3997 sum,
2067 3932 2120 3985 9.
2199 3938 2241 3966 ⁸⁸
2269 3936 2468 3991 Jercm.
2504 3955 2550 4003 v,
2581 3938 2634 3994 8.
2711 3936 2755 3970 ”
2791 3935 2960 3994 lCor.
2988 3954 3042 4004 ι,
3077 3937 3166 3992 3|.
3240 3937 3285 3969 7°
3316 3936 3482 3991 Deut.
3513 3951 3658 3994 mn.

579 4053 690 4126 (25)
737 4054 953 4108 Videtur
980 4057 1158 4120 etiam,
1186 4066 1293 4126 etc.
1331 4054 1468 4111 Vide
1495 4071 1600 4124 quo
1624 4065 1782 4126 pacto
1808 4054 1944 4110 tilias
1972 4052 2076 4107 Lot

507 4125 731 4179 exemet
773 4127 867 4178 lih.
905 4141 956 4178 tv
997 4138 1180 4179 contra
1202 4125 1430 4193 Celsum,
1462 4142 1606 4180 num.
1639 4125 1732 4179 45.

580 4193 696 4264 (24)
741 4193 866 4250 Mss.
912 4197 1201 4248 resoluunt.
1243 4192 1603 4259 Libb.rediti,
1658 4195 1888 4252 solvunt.
1932 4192 2075 4250 infra

507 4265 676 4320 iidem
730 4266 860 4319 libb.
886 4265 1031 4334 editi
1058 4283 1074 4321 :
1124 4267 1346 4334 singultu
1373 4267 1662 4333 suscipiunt
1705 4265 1768 4320 ab
1798 4267 2075 4334 ignorante

506 4343 832 4402 conceptum.
875 4333 1028 4388 Ultra
1071 4353 1172 4389 tton
1212 4333 1472 4404 repetunt.
1512 4339 1578 4389 At
1605 4352 1734 4390 mss.
1779 4333 1837 4389 ut
1885 4335 1939 4388 in
1979 4351 2074 4389 no-

506 4414 622 4460 81Γο
671 4415 838 4460 [CIII].

581 4474 693 4541 (25)
734 4475 1036 4531 Discutiunt
1097 4491 1151 4527 se
1187 4483 1237 4528 et
1289 4477 1560 4545 requirant
1599 4475 1806 4544 [emittm
1845 4476 1896 4528 in
1947 4491 2073 4530 cou-

2173 4048 2240 4102 Et
2285 4048 2445 4113 paulo
2487 4054 2650 4115 post:
2699 4043 2773 4097 Οὐ
2806 4043 2868 4114 δὴ
2912 4042 3079 4115 θέμις
3118 4041 3494 4115 ὲργαζᾳμξιῃν
3525 4040 3724 4115 τὴν-φρ-

2174 4135 2256 4174 σιν
2287 4109 2408 4188 ἤδη,
2435 4109 2671 4185 ὲνὸχλεῖν
2698 4115 2812 4188 ἔτι)
2836 4109 3348 4188 τὲεριτὶτεύονὲὰςᾼείξς
3376 4109 3556 4188 ὕδρῳ.
3580 4109 3724 4188 '_Ne{a_s

2171 4199 2250 4242 est
2282 4184 2405 4258 ergo
2441 4184 2738 4254 operantem
2760 4185 2877 4258 jam
2912 4196 3157 4238 naturam
3192 4185 3367 4236 adhuc
3393 4184 3725 4258 molestiaq-

2170 4252 2360 4328 ﬂcere,
2401 4252 2666 4328 superﬂue
2720 4252 2788 4308 ad
2830 4255 3594 4328 petulantem_prorumpendo
3631 4252 3725 4328 libi-

2169 4320 2363 4381 dinem.
2388 4320 2785 4392 Athenagoras,
2819 4323 3002 4393 Legat.
3023 4340 3117 4390 pro
3152 4323 3493 4387 Christianis,
3511 4335 3625 4393 pag.
3644 4320 3724 4374 36:

2171 4400 2408 4452 Γυναῖκα
2457 4391 2815 4467 μὲνᾲῶιαᾳτος
2866 4391 3020 4467 ἡμῦν
3055 4394 3122 4464 ἢν
3159 4393 3400 4467 ὴγᾴγετο
3445 4391 3586 4467 uasa
3625 4393 3726 4467 sub;

2170 4470 2260 4540 ὑφ’
2315 4461 2470 4540 ὴν.ίῖῃὶ
2500 4465 2842 4540 τεθᾼειμένρυς
2871 4461 3096 4540 νόμονςζ
3141 4464 3375 4540 νρμίςων
3417 4463 3517 4540 xui
3555 4461 3727 4529 ταύτην

499 4532 932 4624 juqiis'_positre_,
976 4549 1022 4600 si
1068 4547 1137 4624 ob_
1176 4547 1272 4599 Itoc
1317 4532 1489 4600 solum
1537 4532 1725 4624 adeant
1763 4547 1916 4624 miros
1949 4587 1964 4608 ,
2012 4554 2068 4598 ut

2190 4532 2987 4624 ξξχριττοῦ,παιξοέτοιέχσασραζι.
3015 4533 3098 4597 Ὦς
3256 4532 3717 4624 bis-(nmmum?!

507 4616 799 4686 suscipiant
837 4617 1051 4686 liberos,
1092 4617 1137 4669 si
1169 4627 1284 4686 post
1315 4626 1618 4685 conceptum
1662 4617 1940 4686 desistunt,
1961 4625 2070 4670 etc.

2178 4603 2384 4663 ὂὰἷζλων
2427 4607 2507 4670 εἰς
2549 4607 2650 4676 γῆν
2690 4603 2766 4658 sic
2803 4604 3093 4676 σπέρματᾳ
3123 4643 3138 4667 ,
3175 4603 3383 4676 ᾶμητρν
3431 4603 3726 4676 περιμένει,

513 4673 660 4739 Vide.
702 4697 881 4740 notam
927 4673 1180 4757 primam.
1211 4689 1277 4740 ad
1329 4673 1565 4757 humilia:
1603 4687 1778 4740 tertiae
1807 4687 1858 4757 in
1891 4673 2077 4757 Gene-

2190 4681 2277 4757 ξύκ
2326 4673 2656 4757 ξπιςπείρών
2676 4689 2690 4704 ⁸
2738 4675 2831 4728 καὶ
2859 4673 2988 4746 ἡμῖν
3016 4673 3211 4745 μέτρον
3232 4673 3532 4757 ἐπιθυμίας
3561 4675 3728 4757 ipsat-

511 4759 615 4810 sim
677 4772 820 4808 ltllllt.
847 4760 902 4820 6,
928 4745 1030 4811 'ubi
1077 4774 1105 4810 a
1149 4757 1329 4811 multis
1366 4756 1620 4812 Patribus
1664 4772 1694 4808 a
1728 4756 1924 4810 veniali
1952 4770 2099 4824 pec-.
2177 4748 2408 4824 Sanctia.
2435 4745 2627 4824 Itaque
2650 4745 2891 4824 uxorem.
2917 4761 3076 4824 quam
3109 4745 3394 4824 secundum
3437 4746 3726 4820 approbata:

511 4833 636 4878 cato
665 4843 766 4897 non
795 4843 1125 4882 excusantur
1159 4829 1323 4880 etiam
1371 4827 1687 4897 conjugales
1725 4827 1932 4894 copulae
1957 4839 2080 4892 qua:

513 4896 568 4968 in
626 4895 792 4968 alium
840 4898 972 4952 ﬁunt
1015 4914 1176 4968 quam
1219 4895 1568 4965 procreanda:
1612 4898 2080 4968 duntasat__sobo-

510 4963 579 5020 lis
616 4965 798 5019 tinem.
850 4963 1082 5023 Gravius
1134 4963 1308 5023 adhuc
1350 4968 1636 5034 insurgunt
1676 4965 1848 5021 sancti
1893 4963 2081 5018 Patres

513 5036 779 5090 adversus
839 5043 1187 5105 congressum
1252 5054 1374 5092 cum
1433 5033 1600 5091 utere
1648 5036 1894 5104 gravida.
1956 5033 2079 5105 Cle-

512 5121 666 5161 mens
720 5102 1120 5162 Alexandrinus
1182 5108 1465 5175 Paedagog.
1521 5107 1616 5163 lib.
1653 5102 1746 5170 'tt,
1795 5120 1912 5172 cap.
1977 5102 2077 5175 l0;

509 5175 645 5230 Οὑδέ
674 5193 793 5228 τινα
825 5177 932 5229 τῶν
969 5178 1212 5231 παλαιῶν
1245 5173 1507 5248 Ἐὄραίων
1536 5176 1804 5248 ἐγκύμονι-
1823 5179 1887 5248 τῇ
1916 5173 2080 5248 absab

509 5179 645 5230 Οὑδὲ
674 5193 793 5228 τινα
825 5179 932 5229 τῶν
969 5179 1212 5231 παλαιῶν
1245 5179 1507 5248 Ἑϐραίων
1536 5179 1796 5247 ὲγκύμονι
1823 5193 1872 5246 τ,
1916 5179 2080 5228 αὑτοῦ

509 5249 729 5313 γυναικὶ
751 5248 999 5301 συνιόντα
1031 5250 1366 5319 παρήγαγεν.
1419 5247 1561 5318 Ψιλὴ
1603 5248 1710 5316 γὰρ
1748 5179 1935 5367 Ἔῖολι,
1981 5245 2084 5298 κᾶν

510 5317 568 5367 ὲν
598 5318 760 5367 γάαω
787 5318 1141 5367 παραληωθῆ-
1178 5317 1488 5367 παράνοιιός
1513 5321 1628 5367 ἐστι
1652 5317 1746 5367 καὶ
1800 5315 1962 5367 omne.
1993 5315 2084 5367 καὶ

510 5317 568 5390 ἒν
598 5318 760 5388 γάμῳ
787 5315 1141 5390 παραληφβῇ.
1167 5315 1488 5390 ’παράνᾳμός
1513 5315 1628 5390 eam
1652 5315 1746 5370 καὶ
1765 5315 1962 5390 ᾄδικρς,
1993 5315 2087 5390 καὶ

511 5385 1031 5460 ἄλογοςζξεμᾶταλιν
1053 5385 1113 5444 δὲ
1145 5392 1172 5443 ὁ
1201 5385 1436 5459 Multis-ii;
1483 5387 1686 5455 ἀπάγει
1721 5385 2086 5460 ⁸ςῷνίμὲγκύιευν

509 5455 636 5520 τοὺς
677 5455 914 5532 ἄνδράς,
949 5459 1108 5531 ἄχρις
1153 5455 1674 5532 ἄν’-ἁπωέυήσωᾳιντ
1731 5455 1948 5532 Nullum
1991 5473 2089 5507 un-

512 5543 671 5593 quam
705 5528 914 5602 Moyses
948 5528 1174 5584 vet—erum
1209 5528 1555 5602 Hebrwgrum
1582 5528 2089 5602 inducit‘coeuntent

515 5613 632 5649 cum
674 5617 770 5653 sua
800 5593 986 5654 ’ποτε
1024 5615 1343 5670 prwgnante.
1387 5597 1514 5653 Sola
1554 5597 1690 5652 enim
1734 5595 1991 5670 uoluptas,
2043 5593 2088 5647 si

519 5682 634 5738 quis
667 5670 825 5723 etiam
865 5688 926 5724 ea
972 5665 1158 5724 utatur
1197 5673 1251 5724 iu
1294 5671 1564 5738 conjugio,
1599 5678 1674 5721 est
1707 5665 2086 5738 pra’ter__leges,

519 5685 634 5734 quis
667 5685 825 5723 etiam
865 5688 926 5724 ea
972 5685 1158 5724 utatur
1197 5688 1251 5724 tu
1294 5686 1449 5738 conju
1491 5685 1564 5730 to,
1599 5685 1674 5721 est
1707 5685 1898 5736 prwter
1929 5685 2086 5733 teges,

519 5746 572 5806 et
600 5736 824 5806 injusta,
848 5751 895 5793 et
927 5757 959 5795 a
997 5743 1201 5796 ratione
1226 5741 1422 5796 aliena.
1455 5685 1662 5792 ἵκω-ειη
1689 5747 1861 5790 autem
1885 5734 2089 5804 Moyses

519 5805 731 5864 abducit
793 5813 930 5866 uiros
981 5827 1014 5868 α
1051 5812 1444 5882 prtcgnautibus
1474 5823 1745 5882 quousque
1770 5812 2086 5877 peperertnt.

2181 4819 2326 4873 nobis
2378 4811 2658 4885 leges'sibi
2710 4811 2939 4883 quisque
2957 4815 3166 4885 duxerit
3188 4853 3215 4885 ,ν
3260 4811 3643 4885 reputat'lnon
3687 4811 3728 4885 in

2181 4891 2342 4942 alium
2379 4881 2536 4954 quam
2583 4885 2639 4938 in
2683 4881 3017 4953 procreanda:
3057 4882 3246 4936 sobolis
3273 4883 3455 4949 ﬁnem.
3489 4881 3728 4948 Quemad-

2181 4961 2392 5012 modum
2451 4957 2589 5010 enim
2652 4955 2930 5023 agricola,
2998 4962 3270 5022 postquam
3325 4954 3531 5004 semina
3599 4962 3730 5004 terra!

2185 5026 2472 5090 mandavit,
2520 5026 2700 5079 messis
2739 5037 2940 5092 tempus
2971 5031 3256 5090 exspectat,
3281 5039 3370 5075 nec
3415 5024 3526 5075 alia
3571 5035 3730 5085 super-

2184 5098 2398 5166 injicit:
2438 5097 2512 5150 sic
2550 5097 2707 5149 etiam
2751 5095 2896 5148 nobis
2934 5093 3364 5166 concupiscentiis
3391 5091 3730 5166 _modusulibe-

2184 5110 2398 5166 tttjtt‘tl.’
2438 5113 2512 5150 sic
2550 5110 2707 5149 etiam
2751 5110 2896 5148 nonis
2934 5110 3364 5216 conchtscentta:
3398 5110 3589 5145 moatts
3625 5110 3728 5142 uoc-

2184 5182 2364 5221 rarum
2403 5166 2765 5234 procreatione
2795 5165 3068 5232 deﬁnitur.
3152 5163 3235 5215 ide
3283 5163 3541 5234 Ambros.
3577 5163 3659 5214 lib.
3695 5173 3728 5216 ι.

2187 5239 2238 5292 in
2281 5233 2518 5299 Lucam,
2566 5251 2715 5288 num.
2762 5235 3287 5301 M;Hieronymum
3334 5233 3431 5288 lib.
3482 5249 3524 5294 ι.
3565 5234 3729 5284 adrer-

2186 5324 2274 5362 sus
2317 5305 2679 5370 Iovinianum,
2719 5316 2772 5359 et
2813 5309 2864 5358 in
2909 5319 3028 5371 cap.
3079 5301 3134 5366 ὅ,
3183 5303 3420 5372 epistolae
3467 5304 3533 5356 ad
3576 5301 3731 5372 Ephe-

2187 5393 2332 5442 sms;
2376 5378 2731 5446 Augustinum
2757 5379 2894 5430 libro
2942 5369 3018 5427 De
3049 5376 3178 5427 bono
3209 5369 3502 5446 conjugals,
3544 5369 3728 5446 cap._6,

2187 5459 2241 5502 et
2263 5443 2936 5504 Ionam'Anrelianensem
2963 5449 3270 5514 episc0pum
3317 5445 3525 5514 lib._tt,
3569 5443 3641 5496 De
3664 5443 3730 5514 is-

2188 5519 2463 5573 stitutione
2503 5515 2700 5580 taicali,
2750 5531 2871 5584 cap.
2911 5515 2962 5569 7.
2996 5511 3258 5582 Denique
3299 5515 3358 5568 S.
3406 5511 3645 5569 Thomas
3687 5511 3727 5562 in

2190 5605 2266 5650 tv.
2313 5585 2700 5642 Sententiarum
2735 5587 2867 5640 dist.
2901 5586 2992 5650 51,
3031 5599 3376 5653 congressum
3414 5599 3543 5638 cum
3588 5595 3732 5637 uxore

2191 5657 2410 5729 gravida
2464 5656 2703 5729 aitgnon
2735 5671 2948 5726 semper
2979 5669 3118 5729 esse
3168 5653 3731 5729 peccatunrtnortale,

2193 5721 2295 5783 nisi
2341 5726 2511 5799 forte.
2557 5727 2768 5798 inquit,
2807 5721 3019 5799 quando
3061 5724 3403 5796 probabiliter
3438 5727 3648 5780 tinetur
3681 5721 3730 5774 dc

2193 5801 2422 5870 pericuto
2447 5797 2682 5852 abortus.
