3902 6502
194 297 282 352 195

1396 297 1460 352 ΙΝ
1496 298 1794 356 UENESIM
1836 296 2120 351 HOMIIJA
2164 298 2255 352 \'l.

3325 308 3426 363 194

195 435 289 478 tant
311 415 639 489 progeniem,
665 412 1163 470 nonintroibuntin
1188 404 1480 476 Eccicsiam
1502 422 1750 479 Domini?
1778 422 1825 479 Α
1853 431 1957 471 non
1992 418 2157 471 inlral
2186 418 2238 470 in
2272 415 2573 471 Ecclesia"!
2600 415 2834 485 Christi,
2871 435 2969 476 nec
2999 422 3155 477 tertia
3194 439 3423 495 genera-

193 514 291 569 Νοο
325 520 533 575 autem,
575 518 734 577 prout
765 508 968 562 sentire
1006 524 1296 577 possumus
1319 554 1334 576 ,
1383 514 1479 569 Lot
1528 518 1752 587 ﬁguram

192 605 426 679 ponimus
458 602 612 671 legis.
649 601 760 656 Nec
805 601 1057 657 videatur
1091 604 1444 676 incongrmnn
1473 613 1619 678 quod
1668 612 1748 665 fe-

194 701 356 755 mineo
386 712 583 767 genere
612 697 751 765 apud
779 713 881 752 nos
909 699 1214 753 declinatur
1242 700 1349 764 lex,
1380 719 1502 756 cum
1540 720 1749 759 mascu-

192 793 338 845 linum
373 804 543 859 genus
572 799 753 843 servet
784 790 835 843 in
870 789 1083 844 Grteco.
1123 791 1297 859 Hujus
1328 810 1548 850 uxorem
1583 813 1751 867 μορυ-

190 888 284 939 lum
320 882 468 936 illum
500 882 752 951 ponimus
777 922 793 943 .
825 884 915 951 qui
945 885 1013 937 de
1057 884 1291 956 Egypto
1333 891 1641 957 profectus,
1689 901 1747 948 et

187 977 244 1028 de
269 975 396 1028 mari
425 972 629 1038 Rubro,
662 990 725 1029 ac
752 978 1130 1041 persecutione
1162 978 1459 1038 Pharaonis
1486 993 1742 1054 tanquam

187 1067 246 1119 de
280 1063 623 1119 Sodomiticis
672 1065 888 1135 ignibus
936 1066 1199 1124 liberatus
1229 1110 1245 1135 ,
1289 1088 1502 1127 rursum
1545 1090 1743 1132 carnes

187 1170 233 1217 et
254 1159 380 1214 ollas
402 1158 645 1229 Egypti,
676 1168 730 1214 et
757 1175 921 1229 cepas
947 1177 1374 1235 cucumercsque
1401 1168 1737 1235 desiderans.

185 1262 315 1307 retro
343 1250 624 1320 respexit,
658 1259 714 1306 et
756 1252 952 1306 cecidit
990 1254 1045 1307 in
1083 1253 1339 1322 deserto,
1374 1258 1547 1314 factus
1575 1264 1736 1317 etiam

186 1344 285 1411 ipse
314 1339 767 1407 concupiscentia
797 1354 1006 1396 memor
1041 1342 1093 1396 in
1125 1357 1329 1397 eremo.
1380 1343 1455 1399 lbi
1485 1361 1616 1417 ergo
1652 1348 1736 1404 lex

180 1432 397 1504 primum
443 1430 591 1484 illum
628 1431 888 1502 populum
910 1440 1178 1502 tanquam
1225 1433 1326 1488 Lot
1368 1446 1515 1491 retro
1557 1440 1734 1509 respi-

180 1528 394 1579 cientem
425 1524 676 1592 perdidit,
714 1540 778 1580 ac
813 1526 1030 1594 reliquit
1064 1542 1309 1582 uxorem.
1349 1528 1476 1584 Inde
1507 1533 1734 1589 veniens

177 1614 265 1668 Lot
296 1613 499 1667 habitat
548 1614 600 1668 in
638 1613 806 1683 Segor
834 1658 849 1679 ,
883 1617 946 1668 de
978 1632 1080 1685 qua
1115 1618 1244 1672 dicit
1268 1619 1343 1672 ηε
1378 1618 1574 1677 Civitas
1620 1625 1732 1678 haec

176 1704 377 1775 pusilla,
408 1715 453 1757 et
488 1704 782 1758 salvabitur
816 1705 997 1759 animo
1032 1723 1146 1759 mea
1176 1708 1230 1760 in
1262 1708 1396 1777 ipsa,
1436 1717 1484 1763 et
1525 1720 1728 1765 nonest

172 1796 348 1866 pusilla
376 1796 401 1849 7
429 1795 557 1863 Qua:
582 1811 713 1863 ergo
738 1805 844 1862 est,
876 1805 1136 1865 quantum
1166 1798 1232 1851 ad
1262 1799 1430 1867 legem
1455 1802 1689 1868 pertinet
1714 1843 1730 1867 ,

174 1888 355 1942 civitas
386 1886 582 1955 pusilla
615 1896 671 1941 et
721 1901 826 1941 non
872 1887 1097 1956 pusilla,
1129 1886 1430 1943 videamus.
1464 1889 1670 1944 Civitas
1701 1907 1730 1944 a

172 1980 570 2036 conversatione
599 1980 892 2033 multorum
917 1980 1060 2033 dicta
1091 1988 1195 2044 est,
1226 1995 1321 2049 pro
1349 1997 1416 2036 eo
1446 1984 1586 2051 quod
1615 1984 1733 2051 plu-

171 2072 419 2127 rimorum
450 2071 502 2125 in
531 2085 696 2124 unum
732 2071 1033 2125 constituat
1063 2080 1121 2125 et
1155 2072 1439 2126 contineat
1471 2074 1632 2128 vitas.
1667 2073 1727 2127 lli

171 2177 286 2231 ergo
312 2160 406 2228 qui
442 2161 492 2215 in
526 2160 642 2231 lege
674 2172 1101 2227 conversantur,
1153 2160 1398 2230 pusillam
1430 2162 1628 2217 habent
1676 2172 1731 2219 et

170 2268 374 2324 parvam
406 2252 876 2308 conversationem
900 2292 916 2319 ,
962 2252 1202 2320 quandiu
1245 2253 1543 2307 secundum
1581 2253 1726 2307 litte-

169 2362 271 2400 ram
300 2345 611 2416 intelligunt
644 2344 834 2415 legem.
876 2343 1021 2398 Nihil
1056 2346 1196 2399 enim
1236 2346 1440 2414 grande
1469 2355 1573 2408 est.
1604 2347 1727 2403 sab-

166 2439 273 2491 bata
296 2478 311 2503 ,
340 2444 397 2492 et
430 2438 754 2492 neomeuias
781 2476 798 2502 ,
831 2444 887 2491 et
917 2437 1390 2492 circumcisionem
1422 2439 1639 2504 carnis,
1674 2450 1729 2495 et

165 2534 397 2590 ciborum
428 2533 808 2588 distinctiones
837 2533 1134 2588 carnaliter
1162 2534 1473 2589 observare.
1507 2532 1564 2589 Si
1594 2549 1725 2591 vero

164 2627 471 2695 spiritaliter
506 2626 805 2695 intelligere
834 2626 958 2694 quis
997 2625 1255 2693 cmperit,
1309 2626 1437 2694 ipsa:
1487 2626 1591 2682 illa;
1623 2627 1724 2682 ob-

168 2721 466 2787 servantia,
503 2735 624 2790 qua:
654 2719 949 2775 secundum
978 2717 1215 2772 litteram
1248 2718 1456 2788 pusilire
1485 2729 1645 2773 erant
1672 2728 1726 2774 et

160 2828 345 2883 parvae,
387 2812 686 2867 secundum
730 2811 983 2879 spiritum
1023 2825 1128 2864 non
1172 2818 1331 2864 erunt
1378 2825 1588 2880 parvas,
1628 2810 1722 2865 sed

162 2922 373 2978 magnas.
404 2905 666 2960 Ascendit
698 2920 829 2975 ergo
859 2913 981 2973 post
1010 2904 1126 2958 lucc
1160 2902 1261 2958 Lot
1296 2904 1349 2957 in
1382 2913 1645 2967 montem,
1670 2912 1724 2958 et

158 3000 224 3053 ibi
251 2997 462 3053 habitat
496 2997 549 3050 in
575 2998 831 3065 spelunca
860 3035 876 3062 ,
907 3005 967 3050 ut
1001 2996 1130 3051 dicit
1165 2996 1446 3064 Scriptura
1474 3037 1489 3062 ,
1524 2995 1639 3065 ipse
1668 3005 1723 3050 et

161 3093 267 3145 dua:
310 3090 434 3145 ﬁlia?
466 3089 602 3159 ejus.
632 3089 695 3143 Et
721 3089 1034 3142 ascendisse
1060 3086 1143 3141 lex
1179 3087 1411 3152 putanda
1442 3095 1566 3153 est,
1596 3101 1719 3141 cum

158 3185 200 3237 ei
242 3198 334 3253 per
368 3183 631 3254 templum
680 3196 709 3236 a
749 3180 1038 3236 Salomone
1083 3189 1454 3235 constructum
1495 3181 1723 3236 accessit

110 3325 122 3337 ,
156 3285 403 3341 ornatus,
436 3290 559 3330 cum
598 3274 740 3329 facta
773 3282 857 3329 est
885 3273 1104 3342 quidem
1135 3276 1326 3328 domus
1360 3273 1453 3327 Dei
1483 3314 1498 3337 ,
1530 3275 1720 3328 domus

155 3367 454 3430 orationis,
508 3366 633 3420 mali
684 3374 867 3420 autem
917 3365 1260 3420 habitatores
1306 3364 1550 3420 fecerunt
1602 3380 1721 3419 eam

154 3460 455 3527 speluncam
496 3458 765 3513 latronum
796 3460 867 3513 τ’.
899 3457 1172 3512 llabitavit
1214 3471 1347 3530 ergo
1381 3458 1432 3511 in
1464 3458 1720 3527 spelunca

153 3548 241 3604 Lot
264 3562 316 3605 et
338 3552 461 3605 duae
491 3550 613 3604 ﬁliae
653 3551 789 3620 ejus.
822 3549 965 3604 Duas
992 3550 1091 3605 has
1131 3549 1273 3603 ﬁlias
1295 3549 1574 3603 evidenter
1606 3563 1724 3617 pro-

154 3645 301 3711 pheta
344 3642 609 3698 describit
638 3642 718 3706 ",
768 3642 957 3696 dicens
984 3640 1192 3696 Oollam
1231 3650 1284 3694 et
1315 3640 1558 3696 Oolibam
1589 3641 1723 3695 duas

146 3749 353 3790 sorores
374 3750 499 3791 esse
520 3752 535 3803 ;
570 3744 623 3791 et
652 3750 771 3790 esse
792 3735 1005 3805 quidem
1022 3733 1225 3788 Oollam
1256 3732 1553 3788 Jerusalem
1581 3731 1718 3803 (26),

148 3836 198 3878 et
223 3824 474 3879 Oolibam
507 3840 626 3880 esse
656 3824 982 3879 Samariam.
1014 3825 1069 3879 In
1098 3826 1234 3878 duas
1259 3838 1389 3895 ergo
1415 3833 1595 3892 partes
1626 3837 1722 3891 po-

147 3918 293 3986 pulus
332 3918 446 3989 76
473 3919 677 3971 divisus
698 3960 712 3985 ,
743 3919 875 3971 duas
917 3916 1045 3971 fecit
1078 3916 1215 3971 ﬁlias
1255 3916 1407 3987 legis.
1443 3918 1560 3970 [stre
1592 3930 1718 3969 car-

148 4011 310 4066 nalem
341 4012 628 4082 cupientes
665 4012 978 4083 progeniem
1011 4025 1336 4081 prOpagare,
1369 4019 1423 4064 et
1452 4010 1598 4063 vires
1636 4026 1720 4063 re-

147 4105 226 4173 gni
256 4106 536 4159 terrestris
565 4120 852 4159 numerosa
882 4104 1199 4174 posteritate
1232 4103 1464 4167 munire,
1503 4105 1719 4171 sopien-

147 4208 219 4250 tes
253 4206 461 4265 patrem
493 4205 544 4251 et
576 4212 823 4251 somnum
848 4198 896 4251 ci
936 4195 1270 4259 inducentes,
1308 4196 1360 4250 id
1390 4207 1472 4249 est
1516 4211 1715 4265 cogen-

144 4296 216 4342 tes
244 4298 295 4343 et
329 4291 630 4345 obruentes
678 4288 797 4357 ejus
829 4288 1127 4358 Spiritalem
1174 4304 1415 4353 sensum,
1446 4288 1615 4342 solam
1651 4305 1715 4343 ex

142 4394 201 4433 eo
234 4382 419 4434 carnis
454 4380 865 4452 intelligentiam
918 4382 1165 4435 trahunt.
1202 4379 1330 4433 Inde
1362 4381 1715 4449 concipiunt,

1860 510 2002 563 tione
2030 524 2128 578 pro
2156 507 2441 575 Trinitate,
2472 524 2570 563 nec
2597 523 2792 578 quarta
2822 527 2918 580 pro
2947 513 3248 585 Evangeliis
3268 560 3283 585 ,
3322 536 3422 576 nec

1855 600 1908 654 in
1937 600 2194 654 sarculum
2220 640 2237 665 ,
2268 600 2369 654 nisi
2401 600 2539 655 forte
2567 612 2689 670 post
2717 619 2953 672 praesens
2985 608 3267 671 saeculum,
3299 626 3420 666 cum

1853 691 2133 761 plenitudo
2179 693 2418 761 gentium
2471 693 2787 759 introierit,
2822 704 2876 749 et
2914 698 2995 752 sic
3026 700 3203 753 omnis
3252 700 3420 756 Israel

1850 784 2031 839 salvus
2080 785 2239 839 fuerit
2268 785 2445 839 factus
2523 788 2667 850 Hinc,
2698 798 2755 839 ut
2797 792 3091 858 potuimus,
3125 796 3420 850 secundum

1848 876 2196 945 allegoricam
2232 876 2644 948 intelligentiam
2676 878 2743 933 de
2772 880 2873 934 Lot
2901 893 2956 935 et
2986 899 3153 939 uxore.
3178 885 3326 953 ejus,
3360 903 3422 941 ac

1846 969 1910 1023 de
1942 969 2155 1023 ﬁliabus
2182 970 2572 1039 exculpsimus,
2605 972 2742 1027 nihil
2769 974 3187 1043 praejudicautes
3218 980 3303 1035 his
3329 982 3418 1050 qni

1844 1062 2118 1117 sacratius
2146 1062 2347 1131 aliquid
2380 1063 2448 1117 de
2484 1063 2588 1118 hoc
2616 1065 2821 1120 sentire
2849 1070 3141 1135 potuerint.

1912 1157 1963 1209 6.
2022 1154 2176 1221 Quod
2228 1169 2358 1209 vero
2407 1156 2458 1208 in
2527 1157 2721 1211 morali
2780 1158 2897 1213 loco
2945 1163 3193 1229 superius
3242 1164 3420 1234 ipsum

1841 1247 2057 1317 quidem
2086 1247 2188 1303 Lot
2221 1248 2288 1302 ad
2319 1250 2699 1305 rationabilem
2733 1269 2952 1309 sensum
2982 1266 3033 1310 et
3064 1258 3275 1313 virilem
3310 1264 3422 1316 ani-

1842 1354 1986 1393 mum
2014 1342 2300 1405 traximus,
2334 1356 2557 1395 uxorem
2584 1357 2713 1397 vero
2742 1344 2874 1409 ejus,
2905 1361 3026 1415 quae
3054 1360 3204 1403 retro
3238 1368 3418 1421 respe-

1839 1430 2004 1493 xerit,
2036 1446 2254 1485 carnem
2285 1434 2743 1501 concupiscentiis
2776 1447 2829 1491 et
2859 1438 3232 1507 voluptatibus
3266 1445 3417 1497 dedi-

1836 1528 1943 1574 tam
1972 1520 2231 1586 diximus,
2268 1537 2373 1577 non
2408 1523 2742 1595 negligenter
2772 1527 2907 1592 haec,
2936 1544 2969 1583 ο
2995 1533 3235 1599 auditor,
3266 1535 3416 1587 exci-

1835 1614 1971 1683 pias.
2004 1614 2305 1670 Observare
2351 1616 2496 1669 enim
2528 1618 2697 1673 debes
2727 1634 2794 1675 ne
2824 1620 2962 1675 forte
2994 1623 3158 1676 etiam
3181 1640 3303 1677 cum
3335 1627 3417 1679 ef-

1836 1703 2042 1772 fugeris
2069 1704 2313 1760 ﬁammas
2351 1708 2621 1774 saeculi,et
2657 1711 2903 1766 incendia
2935 1715 3115 1768 carnis
3147 1718 3416 1783 evaseris,

1835 1796 1998 1849 etiam
2032 1811 2153 1851 cum
2184 1798 2434 1866 pusillam
2474 1809 2529 1853 et
2563 1816 2671 1855 non
2717 1804 2969 1872 pusillam
3002 1808 3279 1863 civitatem
3312 1810 3413 1865 Se-

1835 1902 1954 1957 gor,
1985 1888 2074 1956 qui
2103 1897 2181 1943 est
2211 1892 2422 1946 medius
2452 1893 2674 1961 quidam
2703 1904 2759 1948 et
2784 1896 2961 1951 civilis
2992 1899 3290 1967 profectus,
3322 1918 3413 1955 sn-

1832 1982 2127 2049 peraveris,
2156 1992 2211 2036 et
2241 1986 2305 2037 ad
2335 1984 2576 2041 scientia:
2599 1987 2970 2053 altitudinem,
3002 1992 3144 2045 velut
3173 1994 3239 2047 ad
3265 2010 3414 2063 qua!-

1833 2078 1954 2132 dam
1980 2078 2263 2132 cacumina
2297 2080 2497 2135 montis
2526 2083 2871 2139 ascenderis:
2904 2086 3025 2141 vide
3057 2103 3124 2142 ne
3150 2065 3243 2142 tibi
3276 2089 3412 2144 insi-

1837 2168 2055 2223 dientur
2086 2170 2207 2224 dua:
2234 2171 2356 2225 filiae
2383 2171 2518 2237 istae,
2549 2189 2667 2242 quae
2705 2189 2734 2227 a
2766 2183 2817 2230 te
2844 2192 2949 2231 non
2982 2178 3285 2244 discedunt,
3317 2182 3411 2235 sed

1830 2270 2130 2329 sequuntur
2153 2269 2206 2315 te
2235 2262 2397 2316 etiam
2421 2278 2543 2317 cum
2570 2265 2823 2320 ascendis
2860 2267 2913 2321 in
2954 2277 3214 2331 montem,
3249 2270 3298 2322 id
3328 2280 3411 2323 est

1829 2368 1965 2407 vana
2000 2354 2192 2423 gloria,
2234 2366 2289 2407 et
2325 2355 2497 2422 major
2533 2372 2690 2411 soror
2719 2357 2836 2427 ejus
2869 2360 3147 2428 superbia.
3178 2360 3309 2414 Vide
3344 2376 3412 2414 ne

1829 2444 1945 2498 istae
1980 2445 2101 2498 ﬁlia:
2137 2456 2188 2499 te
2228 2448 2461 2515 sopitum
2506 2463 2570 2502 ac
2602 2448 2991 2514 dormientem,
3020 2452 3147 2504 dum
3177 2453 3272 2505 tibi
3310 2468 3410 2507 nec

1827 2540 2029 2593 sentire
2076 2554 2174 2593 nec
2228 2540 2533 2609 intelligere
2568 2540 2770 2595 videris
2802 2580 2817 2604 ,
2868 2542 3246 2610 complexibus
3295 2546 3409 2599 suis

1826 2628 2119 2698 stringant.
2152 2629 2282 2695 Quae
2317 2630 2521 2685 idcirco
2556 2629 2679 2683 filiae
2707 2630 2983 2696 dicuntur,
3025 2631 3149 2699 quia
3182 2647 3285 2684 non
3312 2648 3412 2686 no-

1825 2720 1909 2774 bis
1949 2720 2292 2775 extrinsecus
2340 2723 2751 2790 superveniunt,
2802 2723 2896 2776 sed
2951 2722 3016 2776 de
3050 2723 3210 2777 nobis
3238 2735 3294 2777 et
3342 2725 3411 2777 de

1824 2827 2044 2871 actumn
2079 2825 2388 2870 nostrorum
2438 2816 2831 2885 velutquadam
2869 2816 3179 2887 integritate
3214 2832 3407 2888 proce-
3446 2849 3451 2853 -

1825 2905 1978 2959 dunt.
2011 2904 2188 2975 Vigila
2215 2921 2346 2977 ergo
2381 2918 2643 2976 quantum
2675 2919 2851 2978 potes,
2885 2918 2941 2963 et
2969 2909 3195 2963 observa
3229 2925 3297 2964 ne
3343 2913 3409 2965 de

1824 2994 1906 3048 his
1933 3010 2161 3065 generes
2191 2996 2364 3063 ﬁlios;
2402 2997 2525 3065 quia
2555 2997 2645 3065 qui
2678 2997 2742 3051 de
2774 2996 2858 3050 his
2892 2999 3003 3052 nati
3042 2997 3266 3065 fuerint,
3299 3015 3402 3053 non

1826 3085 2126 3141 introibunt
2175 3086 2226 3140 in
2267 3086 2565 3141 Eeclesiam
2611 3087 2847 3142 Domini.
2887 3088 2965 3142 Tu
3005 3098 3213 3154 autem,
3245 3091 3289 3145 si
3326 3091 3407 3144 vis

1827 3194 2111 3248 generare.
2144 3179 2199 3234 in
2227 3180 2420 3249 spiritu
2454 3194 2653 3248 genera
2675 3219 2691 3243 ,
2721 3179 2982 3248 quoniam
3012 3184 3103 3251 qui
3131 3184 3184 3236 in
3216 3185 3405 3251 spiritu

1825 3272 2083 3335 seminat,
2128 3274 2193 3324 de
2222 3270 2415 3340 spiritu
2461 3280 2613 3324 metet
2650 3272 2809 3324 vitam
2844 3280 3096 3326 aeternam
3127 3273 3195 3327 ⁷³⁵.
3229 3275 3285 3329 Si
3325 3277 3407 3329 vis

1827 3362 2124 3431 amplecti,
2175 3362 2516 3431 amplectare
2573 3364 2890 3433 sapientiam
2954 3371 3009 3419 et
3051 3366 3135 3419 dic
3188 3368 3405 3436 sapien-

1829 3455 1953 3507 tiam
2000 3468 2244 3509 sororem
2288 3462 2434 3507 tnam
2479 3470 2620 3519 esse,
2650 3466 2709 3510 ut
2752 3466 2804 3509 et
2855 3454 3131 3525 Sapientia
3160 3458 3303 3511 dicat
3336 3461 3404 3512 de

1827 3554 1877 3599 te
1900 3546 1979 3597 7‘:
2014 3545 2116 3609 Qui
2144 3544 2324 3613 fecerit
2356 3545 2674 3599 voluntatem
2704 3545 2883 3599 Patris
2915 3563 3012 3600 met
3043 3549 3131 3615 qui
3168 3550 3221 3601 in
3257 3549 3401 3603 uelis

1824 3646 1921 3697 est,
1951 3637 2035 3689 hic
2071 3650 2215 3687 meus
2246 3643 2293 3688 et
2332 3633 2521 3703 frater,
2557 3646 2603 3687 et
2650 3651 2820 3697 soror,
2853 3645 2899 3689 et
2936 3646 3104 3690 mater
3133 3648 3225 3691 est.
3273 3641 3403 3705 Quae

1825 3727 2092 3798 sapientia
2139 3725 2295 3780 .lcsus
2338 3724 2589 3781 Christus
2629 3725 2890 3782 Dominus
2933 3737 3121 3781 noster
3161 3739 3266 3795 est,
3314 3733 3402 3785 cui

1823 3830 1905 3875 est
1960 3819 2132 3889 gloria
2194 3827 2253 3872 et
2314 3817 2600 3886 imperium
2668 3818 2722 3870 in
2785 3817 2982 3872 sacula
3049 3820 3400 3876 saeculorum.

1822 3912 1859 3965 A
1874 3925 2019 3964 nten.

2398 4017 2679 4073 HOMILIA
2728 4016 2818 4073 Vl.

1822 4136 1899 4191 De
1939 4133 2231 4191 Abimelech
2282 4149 2400 4196 reqe
2428 4130 2873 4184 Pliilistltinorum
2902 4170 2915 4193 ,
2944 4132 3203 4199 quomodo
3255 4135 3398 4188 acci—

1960 4222 2078 4275 pere
2114 4203 2275 4258 voluit
2320 4202 2511 4257 Soram
2553 4203 2607 4255 in
2653 4203 3049 4254 matrimonium
3083 4203 3218 4272 (28).

1890 4296 2137 4351 Recitata
2184 4302 2266 4348 est
2316 4292 2475 4355 nobis
2516 4292 2743 4346 historia
2792 4292 2912 4345 libri
2955 4291 3260 4356 Geneseos,
3307 4293 3396 4346 ubi

1824 4390 2059 4445 refertur
2098 4386 2238 4456 quod
2288 4395 2409 4455 post
2435 4384 2695 4439 visionem
2746 4384 2907 4437 trium
2957 4384 3238 4447 virorum,
3279 4393 3399 4449 post

142 4469 256 4527 inde
287 4482 556 4542 generant
590 4473 726 4527 ﬁlios
757 4472 926 4536 tales,
965 4488 1104 4542 quos
1147 4487 1245 4527 nec
1293 4474 1557 4540 sentiret,
1613 4489 1711 4529 ncc
1747 4464 1791 4518 D
1818 4478 2156 4536 eversionem
2209 4473 2600 4539 Sodomorum,
2645 4481 2699 4526 et
2748 4471 2846 4525 Lot
2886 4470 2969 4524 vel
3013 4470 3397 4538 hospitalitatis

139 4578 457 4635 agnosceret
496 4574 669 4635 pater.
720 4564 832 4621 Nec
866 4566 1010 4620 enim
1046 4566 1149 4620 iste
1191 4579 1383 4619 sensus
1409 4606 1424 4632 ,
1472 4574 1565 4620 aut
1596 4568 1711 4621 haec

138 4657 384 4712 voluntas
417 4656 597 4712 fuerat
627 4657 796 4729 legis,
849 4666 907 4711 ut
936 4657 1230 4712 carnaliter
1262 4669 1584 4729 generaret;
1616 4659 1711 4713 sed

136 4750 340 4817 sopitur
373 4751 497 4813 lex,
531 4758 588 4803 ut
629 4750 751 4804 talis
783 4751 1070 4818 posteritas
1100 4760 1415 4820 generetur,
1446 4766 1566 4820 qua:
1602 4768 1709 4808 non

138 4842 292 4897 intret
310 4844 362 4896 in
390 4843 691 4898 Ecclesiam
713 4843 1261 4899 Domini.Ammonita:
1278 4844 1440 4907 enim,
1458 4844 1710 4913 inquit",

134 4945 177 4987 et
197 4934 456 4989 Μοαὺίιω
479 4952 579 4989 non
598 4936 889 4989 introibant
908 4935 963 4989 in
983 4933 1275 4988 Ecclesium
1305 4932 1515 4987 Domini
1548 4953 1706 5005 usque

136 5029 184 5081 in
217 5032 432 5082 tertiam
479 5039 526 5083 et
558 5037 805 5100 quartam
843 5029 1141 5098 progeniem
1180 5026 1291 5097 (27)
1316 5069 1330 5095 ,
1372 5037 1418 5081 et
1450 5044 1611 5097 usque
1652 5031 1705 5082 in

132 5122 402 5176 sarculum.
461 5121 714 5190 Designat
750 5119 891 5189 quod
926 5118 1225 5174 carnaliter
1254 5119 1537 5185 generatio
1572 5118 1706 5189 legis

203 5235 243 5268 "
282 5237 488 5297 Genes.
538 5254 653 5302 nx,
693 5238 785 5293 20.
860 5239 905 5270 ⁷⁸
948 5236 1140 5292 Matth.
1186 5253 1303 5300 xxi,
1342 5236 1428 5292 18.
1502 5239 1549 5270 ⁷³
1572 5239 1774 5298 Ezech.

132 5323 221 5372 xu,
250 5310 342 5365 50.
426 5310 475 5342 ’⁷
526 5310 724 5364 Genes.
752 5326 842 5373 xx,
870 5310 917 5362 l.

196 5402 306 5474 (26)
336 5402 476 5459 Esse
507 5404 714 5474 quidem
748 5400 957 5474 Oollam
987 5401 1301 5465 Jerusalem,
1324 5411 1450 5474 Acte.
1479 5401 1709 5474 Econtra

130 5470 403 5530 Ezechiel.
463 5470 622 5536 xxiii.
669 5474 819 5534 Oolla
869 5470 1158 5538 Samaria,
1204 5483 1259 5525 et
1314 5470 1503 5527 Ooliba
1548 5472 1709 5528 Jeru-

130 5544 290 5597 salem
334 5559 466 5599 esse
496 5545 661 5599 dicitu
673 5560 716 5597 r.

197 5613 306 5685 (‘27)
360 5613 538 5686 Usque
567 5616 620 5668 in
654 5616 865 5671 tertiam
892 5626 941 5671 et
971 5623 1217 5686 quartam
1249 5614 1568 5686 progeniem,
1594 5624 1704 5669 etc.

133 5682 423 5739 Deute’ron.
452 5682 617 5748 'xxnt.
664 5686 721 5750 3,
755 5702 859 5740 non
906 5682 1076 5753 usque
1105 5684 1158 5736 in
1187 5682 1401 5737 tertiam
1448 5696 1501 5737 et
1545 5700 1709 5754 quar-

134 5762 233 5808 tam
260 5795 276 5821 ,
321 5755 425 5811 sed
461 5758 622 5812 etiam
666 5765 788 5827 post
836 5755 1101 5811 decimam
1150 5754 1556 5822 generationem
1604 5755 1705 5810 Ec-

1816 4570 2012 4625 merito
2049 4566 2135 4623 vel
2180 4564 2671 4635 consanguinitatis
2715 4563 2946 4617 Abrahae
2987 4562 3157 4632 gratia
3205 4576 3395 4615 serva-

1813 4670 1927 4716 tum
1954 4702 1967 4725 ,
1993 4659 2258 4730 profectus
2284 4668 2384 4724 est,
2426 4656 2601 4726 inquit
2634 4656 2703 4717 ",
2755 4656 2877 4708 inde
2920 4655 3185 4708 Abraham
3217 4656 3287 4707 ad
3325 4657 3396 4707 A-

1813 4756 2074 4825 pltricnm,
2118 4760 2173 4806 et
2220 4751 2368 4805 venit
2414 4750 2481 4802 ad
2536 4763 2718 4818 regem
2760 4747 3233 4801 l'hilisthiuorum.
3284 4745 3391 4798 lic-

1817 4848 1992 4903 fertur
2046 4846 2212 4899 etiam
2268 4841 2411 4911 quod
2474 4848 2663 4908 pactus
2718 4839 2791 4893 sit
2850 4854 2972 4893 cum
3033 4838 3167 4890 Sara
3222 4852 3391 4890 uxore

1816 4956 1934 5002 sua,
1963 4946 2021 4991 ut
2062 4951 2167 4990 non
2214 4934 2421 4988 diceret
2467 4947 2688 4985 uxorem
2740 4945 2798 4984 se
2842 4930 3109 4993 Abrahaz,
3157 4929 3250 4982 sed
3302 4943 3393 4981 so-

1819 5045 1993 5085 rorem
2036 5027 2150 5096 ejus
2190 5040 2339 5090 esse;
2384 5032 2439 5079 et
2478 5023 2620 5093 quod
2668 5037 2759 5076 rex
2803 5022 3119 5076 Abimelech
3168 5036 3389 5089 accepe-

1818 5124 1889 5177 rit
1922 5136 2064 5187 eam,
2112 5119 2392 5188 ingressus
2437 5117 2510 5172 sit
2551 5124 2731 5170 autem
2777 5115 2917 5170 Deus
2959 5114 3025 5169 ad
3074 5113 3388 5169 Abimclcch

1826 5256 1987 5298 xxttt.
2063 5238 2111 5271 ⁷⁸⁵
2134 5238 2286 5293 Deut.
2313 5250 2471 5299 xxm,
2500 5236 2555 5291 5.
2615 5234 2661 5265 ⁷⁵
2687 5233 2869 5290 Galat.
2894 5248 2970 5297 vt,
2997 5231 3049 5285 8.
3126 5232 3172 5261 "
3197 5228 3383 5283 Matth.

1817 5403 1999 5460 clesize
2050 5400 2200 5455 aditu
2246 5396 2867 5460 arcenturAmmonita:
2912 5402 2961 5447 et
3009 5392 3277 5445 Moabilm.
3412 5455 3417 5459 ι

1893 5474 2005 5540 (‘28)
2054 5472 2234 5526 Codex
2289 5472 2348 5525 S.
2402 5458 2767 5540 Tﬁebdorici:
2837 5464 2910 5517 De
2938 5462 3387 5540 Aperegrinatione

1818 5532 2042 5597 Aurelia:
2069 5542 2209 5607 apud
2245 5555 2413 5609 regem
2445 5536 2903 5610 Ph_ilistliiaorttm.
2931 5532 3112 5610 qucx
3145 5532 3385 5610 Sanger-Z

1815 5598 2132 5669 tuanensis':
2186 5611 2256 5663 De
2293 5598 2352 5664 ἕο
2391 5608 2532 5678 quod
2572 5606 2837 5678 Abraham
2883 5601 3144 5678 profectas
3196 5601 3263 5652 sit
3314 5598 3387 5654 ad

1817 5700 1986 5753 regem
2023 5670 2484 5742 Philistltinorum,
2520 5688 2569 5732 et
2614 5677 2755 5745 quod
2802 5670 3017 5742 ﬁnierit
3066 5670 3261 5725 Suram
3299 5686 3388 5726 so-

1815 5770 1984 5808 rorem
2034 5768 2184 5807 suam
2226 5767 2359 5806 esse.
