3902 6502
454 301 556 357 11³5

1916 287 2240 345 ORIGENIS

3578 296 3676 350 £96

448 426 629 478 noctu,
677 427 729 468 ct
780 412 971 466 dixerit
1025 411 1073 466 ei
1112 412 1197 466 "z
1261 411 1399 475 Quia
1436 428 1536 464 non
1588 410 1878 477 contigisti,
1927 410 2014 462 iu-
2045 415 2090 473 Α
2120 425 2222 462 non
2259 417 2315 462 ιιι
2350 424 2569 463 uxorem
2595 408 2733 462 intra
2755 408 3023 476 gremium
3059 408 3466 476 concludamus,
3501 415 3594 465 sed
3628 424 3684 465 ut

445 508 593 575 quit,
635 507 899 558 mulierem
936 506 1110 556 hanc:
1151 513 1198 556 et
1249 520 1351 556 non
1381 503 1597 570 permisi
1637 512 1687 556 te
1716 504 2014 570 contingere

443 615 580 661 eam,
617 607 720 652 etc.
766 597 890 649 Post
934 595 1046 649 hzec
1091 611 1217 648 vero
1262 596 1578 648 Abimelech
1629 595 1854 648 reddidit
1895 611 2012 649 eam

443 691 560 741 viro
623 683 928 742 sumsimul
990 693 1044 736 et
1109 684 1408 753 increpavit
1461 685 1779 748 Abraham,
1826 699 1922 735 cur
1964 684 2010 736 ei

444 795 548 832 non
607 776 890 832 confessus
955 776 1116 828 fuerit
1180 776 1491 830 veritatem.
1550 773 1801 828 Refertur
1851 777 2010 828 etiam

441 871 582 946 quod
651 878 908 936 tanquam
971 867 1233 937 propheta
1285 867 1561 921 Abraham
1621 867 1858 920 oraverit
1918 881 2012 933 pro

439 961 775 1022 Abimelech,
813 970 867 1012 et
915 976 1107 1024 uxore,
1136 970 1188 1014 et
1219 960 1431 1013 ancillis
1476 959 1612 1028 ejus,
1643 967 1698 1013 et
1736 958 2012 1011 sanaverit

437 1055 694 1106 Dominus
738 1052 1081 1113 Abimelech,
1129 1062 1183 1105 et
1228 1067 1452 1105 uxorem
1493 1049 1643 1115 eius,
1688 1060 1741 1104 et
1786 1051 2012 1104 ancillas

435 1143 572 1210 ejus.
624 1145 690 1197 Et
737 1160 834 1198 cur
879 1159 1022 1198 cura:
1058 1144 1155 1197 luit
1192 1143 1546 1210 omnipotenti
1597 1143 1723 1204 Deo,
1763 1154 1812 1194 ιιι
1847 1146 2008 1196 etiam

435 1235 659 1288 ancillas
702 1235 1018 1290 Abimelerh
1061 1235 1317 1290 sanaret?
1345 1236 1607 1296 Quoniam
1649 1236 1855 1302 quidem
1887 1251 2010 1286 con-

433 1327 647 1381 cludens
692 1329 1045 1393 concluserat,
1091 1328 1264 1395 inquit.
1294 1327 1360 1390 τ’,
1395 1326 1572 1379 vulvas
1615 1343 1793 1379 earnm
1826 1343 1887 1378 ne
1917 1343 2010 1390 pa-

435 1429 628 1472 rerent.
679 1417 970 1486 Cmperunt
1019 1430 1199 1472 autem
1229 1433 1418 1486 parere
1465 1428 1670 1486 proptet
1707 1418 2006 1471 oralionem

434 1509 686 1563 Abraltm.
753 1508 808 1563 Si
858 1510 978 1576 quis
1029 1511 1142 1564 hare
1201 1509 1502 1564 secnndunt
1554 1509 1787 1563 litteram
1835 1510 2007 1563 solum

433 1601 622 1654 audire
651 1600 840 1654 vultet
880 1601 1198 1669 intelligere,
1241 1603 1411 1671 magis
1457 1617 1578 1654 cum
1623 1599 1821 1656 ludatis
1844 1616 2006 1668 quam

433 1705 554 1743 cum
597 1690 933 1746 Christianis
986 1691 1144 1744 debet
1181 1690 1381 1745 habere
1423 1691 1772 1744 auditorium.
1815 1691 1872 1746 Si
1911 1707 2008 1744 att-

2117 517 2362 554 sororem
2399 501 2561 553 etiam
2598 500 2719 554 aliis
2754 500 3057 554 volentibus
3096 502 3434 570 copulemus.
3470 503 3550 557 Ad
3587 504 3684 558 hos

2115 589 2346 659 denique
2374 590 2465 659 qui
2511 588 2732 657 perfecti
2783 597 2932 655 sunt,
2979 590 3110 643 dicit
3147 605 3329 644 sermo
3365 591 3682 645 divinus":

2115 675 2212 728 Dic
2237 679 2548 746 sapientiam
2579 695 2814 732 sororem
2855 687 2999 731 tuam
3027 696 3159 733 esse.
3211 681 3522 734 Secundum
3580 685 3678 736 hoc

2115 769 2276 840 igitur
2300 770 2572 824 Abraham
2601 769 2791 825 Saram
2837 771 3056 825 dicebat
3084 787 3325 826 sororem
3354 786 3506 826 suam
3541 787 3683 829 esse.

2113 859 2531 930 Pertn‘ttitergo
2557 861 2708 929 quasi
2749 861 2859 930 jam
2908 862 3204 932 perfectus,
3241 873 3299 916 ιιι
3329 865 3421 931 qui
3456 864 3564 916 vult
3592 867 3686 918 ha-

2113 954 2235 1007 beat
2257 953 2527 1006 virtutem.

2179 1046 2233 1098 2.
2271 1044 2450 1098 Voluit
2497 1053 2677 1099 tamen
2733 1044 3027 1114 aliquando
3080 1057 3133 1100 et
3176 1047 3387 1100 Pharao
3438 1049 3685 1115 accipere

2113 1132 2328 1196 Saram.
2361 1136 2452 1188 sed
2501 1149 2606 1188 non
2661 1134 2713 1188 in
2753 1137 2952 1190 mundo
2993 1138 3154 1192 corde
3200 1137 3403 1203 voluit,
3437 1148 3490 1191 et
3515 1140 3682 1193 virtus

2111 1227 2212 1280 nisi
2263 1243 2382 1280 cum
2437 1227 2617 1282 cordis
2662 1227 2952 1294 munditia,
2982 1243 3087 1283 non
3137 1240 3316 1300 p0test
3363 1231 3678 1287 convenire.

2110 1319 2395 1387 Propterea
2425 1334 2554 1388 ergo
2583 1319 2865 1387 Scriptura
2895 1321 3062 1374 refert
3084 1321 3150 1384 θ’,
3198 1322 3324 1389 quia
3353 1322 3536 1391 afﬂixit
3568 1320 3678 1373 Do-

2109 1413 2280 1466 minus
2309 1410 2643 1466 Pharaonem
2683 1413 3050 1480 afﬂictionibus
3095 1415 3299 1483 magnis
3331 1423 3378 1467 et
3418 1415 3677 1482 pessimis.

2110 1507 2219 1561 Nec
2268 1506 2411 1562 enim
2475 1516 2686 1575 poterat
2744 1522 2868 1559 cum
2922 1508 3344 1560 exlerminatore
3371 1507 3484 1574 (31)
3541 1509 3678 1574 (hoc

2108 1599 2250 1654 enim
2309 1600 2697 1668 interpretatur
2727 1600 2779 1654 itt
2809 1601 2990 1669 lingua
3023 1609 3208 1653 nostra
3238 1599 3476 1666 Pharao)
3509 1600 3680 1654 virtus

2109 1691 2372 1746 habitare.
2408 1691 2720 1765 Abiutelech
2745 1705 2874 1745 vero
2900 1691 3027 1760 quid
3061 1691 3264 1745 dixerit
3293 1690 3362 1744 ad
3394 1690 3674 1744 Dominmn

434 1788 539 1834 tetu
568 1779 681 1834 vult
705 1781 1050 1837 Christianus
1093 1798 1212 1836 esse
1239 1791 1295 1835 cl
1342 1781 1487 1834 Pauli
1537 1781 1862 1849 discipulus,
1907 1797 2004 1834 att-
2033 1795 2074 1848 Β
2106 1780 2400 1834 videamus.
2431 1780 2508 1833 Tu
2533 1781 2654 1842 scis,
2699 1781 2873 1850 inquit
2901 1781 2968 1845 ’°,
3003 1780 3247 1847 Domine,
3281 1783 3408 1851 quia
3436 1784 3490 1835 in
3524 1787 3678 1838 corde

432 1871 547 1926 diat
581 1888 702 1928 eum
761 1875 1025 1928 dicentem
1061 1875 1104 1905 ⁸ο
1132 1915 1148 1938 ,
1208 1875 1332 1944 quia
1365 1874 1447 1927 lea:
1495 1875 1747 1936 spiritalis
1787 1883 1884 1928 est.
1938 1875 2000 1928 Et

431 1976 554 2016 cum
597 1963 662 2017 de
709 1964 980 2018 Abraham
1041 1975 1202 2032 atque
1250 1981 1420 2019 uxore
1469 1964 1588 2034 ejus
1633 1981 1696 2019 ac
1753 1966 1876 2020 tiliis
1920 1966 1996 2020 lo-

431 2060 726 2118 queretur,
777 2053 1088 2120 pronuntiat
1139 2054 1252 2107 lttec
1301 2067 1421 2108 esse
1469 2054 1755 2124 allegorica
1800 2057 1868 2111 ⁸³.
1939 2057 2000 2110 Et

429 2141 556 2197 licet
621 2143 915 2210 cujusmodi
982 2143 1265 2213 allegorias
1335 2145 1534 2198 habere
1561 2145 1792 2200 debeant
1847 2145 1994 2216 (29),

428 2230 572 2285 haud
619 2232 775 2286 facile
813 2233 936 2302 quis
1000 2244 1248 2288 nostrum
1298 2235 1542 2289 invenire
1585 2237 1791 2304 possit,
1835 2255 1995 2292 orare

428 2333 606 2377 tamen
649 2323 807 2378 debet
850 2335 907 2378 ιιι
955 2340 984 2378 a
1029 2327 1194 2380 corde
1241 2325 1356 2393 ejus
1405 2326 1689 2382 auferatur
1732 2329 1994 2393 velamen,

424 2415 470 2468 si
516 2417 640 2484 quis
685 2427 770 2469 est
811 2417 902 2485 qui
961 2427 1188 2472 conetur
1245 2418 1487 2472 converti
1548 2421 1614 2472 ad
1664 2419 1992 2486 Dominum;

423 2504 683 2560 Dominus
723 2508 866 2561 enim
909 2509 1124 2576 spiritus
1153 2508 1340 2572 est";
1391 2519 1448 2564 ut
1493 2511 1605 2580 ipse
1651 2512 1860 2566 auferat
1909 2529 1995 2568 ve-

425 2596 603 2650 lamen
651 2598 864 2663 litterae,
915 2612 969 2653 et
1010 2600 1217 2670 aperiat
1265 2599 1438 2654 lucem
1484 2602 1729 2670 spiritus,
1773 2612 1827 2657 et
1872 2619 1995 2674 pos-

423 2690 597 2744 simus
631 2690 813 2745 dicere
841 2692 907 2756 ⁸³,
952 2693 1075 2762 quia
1115 2692 1343 2746 revelata
1380 2693 1515 2762 {acie
1542 2693 1763 2763 gloriam
1809 2694 1990 2749 Domi-

426 2781 481 2834 ni
514 2782 861 2849 speculantes,
903 2782 959 2834 in
1002 2790 1184 2835 eadem
1215 2783 1442 2851 imagine
1487 2784 1930 2850 transformamur
1959 2803 1991 2837 a

423 2871 596 2941 gloria
637 2872 689 2924 in
723 2873 947 2941 gloriam
992 2883 1238 2940 tanquam
1285 2890 1317 2925 a
1351 2873 1562 2927 Domini
1583 2873 1810 2943 Spiritu.
1855 2874 1991 2928 Puto

422 2976 554 3031 ergo
599 2958 814 3024 Saratn,
865 2975 983 3031 qua?
1040 2963 1426 3029 interpretatur
1467 2963 1706 3030 princeps
1751 2960 1864 3030 (50)
1905 2961 1991 3015 vel

420 3053 770 3121 principatum
820 3069 1000 3123 agens.
1051 3053 1280 3107 formam
1355 3065 1538 3106 tenere
1581 3053 1802 3124 ἀρετῆς,
1849 3053 1990 3123 quod

420 3151 505 3197 est
526 3143 696 3197 animi
739 3145 929 3200 virtus.
970 3142 1094 3198 ΙΙωο
1118 3159 1248 3212 ergo
1276 3145 1449 3197 virtus
1477 3144 1762 3211 conjuncta
1809 3155 1895 3199 est
1941 3157 1996 3200 et
2023 3125 2066 3183 (ἶ

422 3237 661 3289 cohaeret
710 3234 938 3304 sapienti
988 3243 1044 3290 et
1087 3235 1228 3290 fideli
1283 3236 1437 3299 viro,
1477 3235 1620 3289 sicut
1664 3244 1718 3289 et
1758 3236 1847 3290 ille
1901 3254 1993 3290 sa-

421 3326 595 3395 piens,
631 3327 722 3396 qni
750 3328 964 3382 dicebat
988 3328 1056 3382 de
1098 3327 1363 3396 sapientia
1389 3327 1456 3380 ἐς
1483 3325 1636 3382 Hanc
1657 3329 1875 3398 qua’sivi
1900 3329 1996 3382 ad-

419 3417 607 3471 ducere
650 3435 898 3486 sponsam
931 3418 1078 3472 milti.
1125 3417 1247 3473 ideo
1289 3434 1419 3488 ergo
1463 3418 1662 3474 dicitur
1704 3435 1733 3472 a
1776 3417 1886 3474 Deo
1925 3419 1992 3474 ad

415 3511 692 3567 Abraham
721 3513 771 3545 ⁸⁸
806 3527 822 3566 :
876 3511 1066 3567 Omnia
1113 3527 1435 3582 quaecunque
1478 3511 1670 3565 dixerit
1706 3513 1798 3565 tibi
1825 3512 1992 3576 Sara,

417 3603 550 3656 audi
601 3619 774 3657 vocem
824 3603 958 3672 ejus.
1011 3602 1161 3669 Quod
1210 3604 1396 3671 utique
1442 3603 1496 3656 in
1541 3603 1812 3672 corporali
1861 3617 1991 3657 con-

409 3693 561 3766 jugio
642 3710 748 3748 non
820 3694 1093 3748 convenit.
1165 3691 1375 3746 Dictum
1438 3703 1523 3747 Cal.
1589 3695 1830 3764 quippe,
1884 3693 1990 3763 77

413 3804 538 3842 cum
580 3787 836 3843 divinitus
867 3787 1072 3858 prolata
1121 3787 1191 3843 sit
1232 3787 1318 3842 illa
1371 3787 1677 3853 sententia,
1733 3801 1853 3856 qua:
1906 3787 1990 3839 di-

420 3878 497 3932 cit
543 3879 609 3933 ad
667 3878 945 3932 mulierem
1003 3879 1069 3932 de
1110 3879 1231 3933 viro
1278 3878 1324 3909 “
1353 3896 1367 3932 :
1401 3879 1480 3930 Ad
1513 3879 1679 3947 ipsum
1723 3876 1990 3931 conversio

415 3983 531 4033 tua,
562 3981 609 4024 et
635 3971 746 4039 ipse
787 3970 1270 4025 tuidominabitur.
1299 3969 1357 4024 Si
1401 3983 1533 4038 ergo
1565 3965 1826 4022 dominus
1867 3983 1990 4024 esse

415 4061 616 4115 dicitur
640 4062 725 4113 vir
753 4059 1020 4124 mulieris,
1054 4061 1327 4128 quomodo
1376 4075 1506 4126 ergo
1555 4059 1750 4113 iterum
1779 4059 1990 4114 dicere-

417 4163 506 4206 tur
550 4153 616 4205 ad
668 4153 845 4205 virum
897 4152 990 4206 ’τε
1048 4150 1244 4205 Omnia
1291 4165 1612 4219 quacunque
1661 4149 1854 4202 dixerit
1895 4150 1988 4203 tibi

413 4243 573 4310 Sara,
601 4244 728 4296 audi
753 4259 926 4297 vocem
953 4243 1066 4310 eius
1095 4243 1192 4302 ?Si
1247 4245 1375 4310 quis
1397 4257 1527 4312 ergo
1559 4240 1759 4296 ascivit
1788 4240 1891 4296 sibi
1929 4241 1983 4296 in

412 4335 716 4406 conjugium
748 4337 1026 4400 virtutem,
1056 4334 1244 4388 audiat
1265 4349 1449 4389 vocem
1485 4331 1605 4400 ejus
1634 4331 1686 4386 in
1727 4333 1983 4387 omnibus

415 4428 469 4482 in
498 4429 696 4497 quibus
719 4428 1006 4483 consilium
1031 4427 1244 4483 dederit
1271 4427 1343 4482 ei.
1368 4426 1535 4498 Igitur
1573 4426 1847 4481 Abraham
1879 4441 1982 4482 non

2104 1873 2299 1925 mundo
2347 1872 2448 1940 feci
2478 1874 2592 1926 hoc.
2647 1872 2826 1943 Longe
2863 1871 3023 1927 aliter
3059 1873 3169 1942 agit
3223 1871 3534 1928 Abimelech
3580 1874 3680 1928 iste

2102 1979 2264 2033 quam
2306 1964 2536 2021 Pharao.
2568 1963 2684 2018 Non
2723 1972 2806 2019 est
2860 1964 2932 2018 ita
2966 1963 3249 2031 imperitus
3297 1973 3352 2018 et
3405 1964 3676 2027 sordidus,

2100 2059 2196 2111 sed
2234 2058 2338 2112 scit
2364 2057 2490 2126 quia
2516 2072 2612 2112 cor
2651 2057 2906 2112 tnuttdum
2937 2058 3097 2113 debet
3129 2071 3440 2126 prmparare
3468 2057 3674 2111 virtuti.

2101 2150 2166 2204 Et
2189 2150 2313 2218 quia
2365 2164 2504 2219 puro
2538 2151 2704 2204 corde
2729 2149 2898 2202 voluit
2951 2148 3234 2217 suscipere
3281 2148 3563 2212 virtutem,
3595 2147 3677 2202 id-

2099 2243 2245 2298 circo
2276 2258 2400 2297 eum
2434 2241 2576 2297 Deus
2594 2252 2775 2304 sanat,
2801 2251 2990 2296 orante
3022 2256 3120 2309 pro
3147 2240 3265 2310 ipso
3293 2240 3591 2294 Abraham.
3611 2242 3677 2293 Et

2099 2350 2203 2390 non
2251 2333 2420 2388 solum
2465 2333 2661 2402 ipsum,
2699 2333 2792 2387 sed
2838 2341 2891 2385 et
2917 2332 3142 2386 ancillas
3175 2333 3292 2399 ejus
3329 2339 3512 2386 sanat.
3535 2330 3674 2397 Quid

2098 2432 2278 2479 autem
2308 2433 2390 2478 est
2417 2422 2560 2492 quod
2592 2422 2858 2490 atljecerit
2890 2420 3175 2490 Scriptura
3206 2422 3274 2485 ",
3303 2431 3352 2474 et
3385 2420 3670 2487 Dominus,

2099 2513 2296 2583 inquit,
2331 2529 2435 2568 non
2465 2514 2700 2582 permisit
2725 2513 2772 2566 ei
2807 2514 3107 2582 contingere
3132 2513 3278 2566 illant
3312 2513 3338 2565 ἓν
3371 2509 3427 2566 Si
3457 2512 3676 2566 virtutis

2097 2603 2324 2659 formam
2376 2611 2519 2658 tenet
2561 2603 2720 2668 Sara,
2767 2614 2821 2660 et
2853 2605 2906 2658 itt
2939 2605 3106 2658 corde
3138 2603 3338 2657 mundo
3363 2603 3674 2657 Abimelech

2096 2696 2265 2751 voluit
2289 2695 2535 2764 accipere
2584 2696 2861 2762 virtutem,
2897 2696 3025 2765 quid
3051 2703 3132 2749 est
3158 2694 3300 2764 quod
3321 2694 3526 2750 dicitur
3549 2695 3674 2763 quia

2099 2790 2355 2844 Dominus
2391 2804 2495 2842 non
2529 2788 2774 2857 permisit
2811 2803 2937 2841 eum
2967 2788 3282 2855 contingere
3313 2785 3462 2839 illam
3496 2788 3520 2838 ?
3549 2787 3675 2840 Abi-

2097 2879 2301 2934 ntelech
2339 2879 2728 2947 interpretatur
2768 2890 2917 2946 pater
2957 2894 3098 2931 meus
3131 2893 3224 2930 rex
3251 2871 3390 2946 (32).
3417 2872 3485 2930 Et
3526 2877 3675 2930 vide-

2095 2981 2185 3028 tur
2219 2989 2348 3045 ergo
2383 2973 2512 3027 mihi
2535 2974 2676 3041 quod
2721 2974 2809 3028 hic
2855 2972 3170 3028 Abimelech
3220 2973 3454 3028 formam
3486 2982 3675 3027 teneat

2098 3065 2462 3121 studiosorum
2495 3073 2546 3118 et
2580 3067 2883 3133 sapientum
2934 3065 3140 3128 steculi,
3179 3065 3269 3134 qui
3320 3065 3675 3134 philosophia:

2102 3171 2323 3226 Operam
2355 3157 2562 3217 dantes,
2597 3155 2722 3209 licet
2747 3171 2852 3209 non
2886 3156 3151 3224 integram
3181 3165 3234 3208 et
3261 3155 3558 3225 perfectam
3589 3171 3674 3210 re-

2102 3249 2280 3317 gulam
2329 3247 2544 3317 pietatis
2591 3247 2893 3317 attigerint,
2939 3256 3118 3300 tamen
3170 3257 3460 3302 senserunt
3504 3247 3673 3301 Deum

2102 3354 2308 3410 patrem
2350 3350 2406 3395 et
2433 3355 2612 3410 regem
2647 3355 2767 3394 esse
2787 3339 3050 3400 omnium,
3103 3339 3155 3393 id
3193 3349 3275 3394 est
3305 3340 3396 3409 qui
3427 3339 3677 3408 genuerit

2100 3440 2155 3486 et
2187 3439 2340 3500 regat
2365 3429 2752 3488 universa.lsti
2776 3446 2931 3498 ergo,
2963 3439 3222 3499 quantum
3248 3431 3314 3484 ad
3341 3431 3600 3495 ethicam,
3622 3432 3674 3485 id

2099 3531 2182 3577 est
2208 3520 2464 3577 moralem
2491 3521 2887 3592 philosophiam
2943 3530 3190 3590 spectat,
3234 3523 3397 3577 etiam
3448 3523 3673 3592 puritati

2100 3613 2280 3669 cordis
2302 3627 2521 3682 operam
2558 3612 2772 3668 dedisse
2822 3611 3168 3680 aliquatenus
3226 3613 3673 3684 comprobantur,

2100 3711 2152 3757 et
2179 3706 2323 3760 omni
2355 3704 2536 3760 animo
2586 3705 2842 3773 omnique
2891 3703 3070 3758 studio
3123 3703 3316 3759 divinas
3339 3705 3556 3760 virtutis
3585 3704 3677 3759 in-

2099 3795 2446 3864 spirationem
2478 3796 2780 3865 quiesiisse.
2815 3795 2921 3851 Sed
2955 3797 3097 3851 hanc
3125 3811 3230 3850 non
3261 3795 3509 3865 permisit
3534 3796 3677 3851 Deus

2098 3887 2416 3957 contingere
2437 3885 2694 3942 eos.lltec
2721 3888 2868 3943 enim
2899 3887 3072 3960 gratia
3099 3903 3204 3942 non
3236 3901 3334 3955 per
3371 3885 3672 3951 Abraham,

2097 3977 2188 4046 qui
2223 3979 2472 4046 quamvis
2507 3987 2656 4033 esset
2705 3994 2965 4048 magnus,
3015 3979 3252 4032 famulus
3309 3985 3487 4031 tamen
3531 3988 3675 4040 erat,

2096 4065 2189 4121 sed
2219 4082 2314 4136 per
2334 4065 2607 4122 Christum
2647 4069 2896 4135 gentibus
2935 4071 3250 4138 parabatur.
3297 4067 3507 4121 Idcirco
3542 4079 3675 4136 ergo

2094 4155 2346 4223 quamvis
2393 4155 2682 4211 festinaret
2735 4156 3009 4212 Abraham
3040 4173 3136 4226 per
3177 4171 3236 4212 se
3261 4165 3315 4210 et
3353 4157 3405 4211 in
3436 4169 3495 4210 se
3541 4155 3676 4210 illud

2098 4245 2333 4315 impleri,
2359 4247 2501 4317 quod
2528 4247 2595 4300 ad
2635 4261 2758 4302 eum
2802 4246 3004 4300 dictum
3039 4246 3209 4312 est”,
3235 4246 3494 4316 quoniam
3520 4247 3673 4302 bene-

2093 4335 2338 4390 dicentur
2361 4337 2418 4391 in
2451 4348 2500 4392 te
2530 4353 2706 4392 omnes
2742 4348 2919 4408 gentes
2939 4378 2954 4403 ,
2985 4347 3165 4393 tamen
3195 4337 3248 4392 in
3268 4339 3416 4394 Isaac
3441 4339 3489 4393 ei
3519 4340 3678 4407 poni-

2099 4435 2186 4482 tur
2211 4427 2581 4498 repromissio,
2617 4427 2668 4482 id
2690 4437 2774 4482 est
2803 4429 2857 4483 in
2886 4428 3103 4484 Christo
3125 4467 3141 4495 ,
3167 4428 3308 4484 sicut
3351 4423 3487 4480 dicit
3519 4427 3638 4494 Apa

409 4518 654 4588 vultjam
704 4517 959 4574 virtutem
1005 4533 1233 4572 uxorem
1265 4532 1418 4571 suam
1452 4515 1577 4570 dici.
1619 4516 1796 4573 Donec
1837 4517 1982 4571 enim
2018 4519 2060 4573 D
2091 4517 2262 4574 stolus
2290 4517 2336 4549 ⁸³
2367 4534 2378 4568 :
2406 4517 2524 4570 Non
2553 4517 2686 4571 dixit
2723 4536 2742 4568 t
2777 4525 2824 4571 et
2852 4518 3162 4581 seminibus,
3203 4535 3221 4568 ι
3260 4519 3415 4588 quasi
3441 4520 3494 4572 in
3524 4520 3671 4573 mul-

413 4625 552 4663 uxor
581 4609 880 4678 appellatur
930 4609 1125 4674 virtus,
1171 4608 1387 4677 propria
1437 4617 1542 4674 est,
1585 4618 1640 4663 ct
1669 4624 1795 4663 cum
1837 4607 1984 4662 nullo

415 4702 724 4771 participari
758 4711 959 4771 potest.
995 4702 1061 4756 Et
1100 4710 1184 4756 est
1216 4700 1572 4766 conveniens,
1606 4709 1664 4754 ut
1715 4700 1888 4754 donec
1913 4699 1983 4753 ad

413 4793 712 4862 perfectum
756 4793 1062 4862 veniamus,
1100 4793 1244 4846 intra
1275 4805 1376 4844 nos
1407 4790 1480 4845 sit
1512 4789 1678 4844 animi
1706 4790 1900 4856 virtus,
1933 4797 1988 4843 et

413 4885 629 4955 propria
660 4885 750 4939 sit.
779 4884 915 4940 Cum
964 4899 1096 4938 vero
1125 4885 1192 4939 ad
1227 4883 1526 4954 perfectum
1548 4881 1878 4949 venerimus,
1912 4881 1985 4934 ita

414 4987 474 5032 ut
504 4978 678 5033 idonei
707 4978 877 5034 simus
905 4987 962 5032 et
994 4977 1128 5032 alios
1155 4979 1370 5041 docere,
1409 4985 1538 5030 tunc
1557 4975 1670 5046 jam
1706 4975 1983 5038 virtutem,

491 5124 536 5155 ⁷³
565 5119 761 5176 Genes.
798 5134 886 5180 xx,
917 5115 968 5170 6.
1048 5116 1093 5148 "’
1126 5113 1280 5174 ibid.,
1311 5113 1396 5166 18.

422 5195 466 5226 ”
490 5193 614 5261 Sap.
651 5207 765 5250 νιιι,
797 5191 850 5243 2.
893 5260 896 5261 ν
927 5186 1387 5261 ἰξῼιξιιηκχιᾷιξζ
1461 5183 1510 5215 ⁸⁸
1531 5183 1666 5237 Gen.
1697 5197 1774 5261 in,
1817 5181 1902 5261 lli:

1507 5112 1554 5144 ⁸⁸
1584 5111 1740 5165 Rom.
1780 5125 1879 5172 vti,
1921 5109 2006 5163 Μ.
2119 5109 2161 5139 ⁸¹
2189 5109 2361 5162 Galat.
2386 5122 2458 5168 tv,

1507 5183 1666 5232 ’Gan.
1697 5197 1774 5232 ιιι.
1817 5181 1902 5232 lli.
2015 5178 2060 5212 ⁸⁷
2085 5177 2219 5232 Gen.
2252 5194 2361 5232 xxi.
2394 5176 2458 5229 12

2091 4609 2191 4672 tis;
2223 4607 2312 4662 sed
2351 4615 2604 4678 tanquam
2637 4608 2692 4661 in
2730 4625 2866 4672 uno,
2909 4627 2926 4660 t
2958 4618 3005 4662 et
3032 4609 3220 4662 semini
3266 4618 3390 4676 tuo,
3425 4628 3444 4660 ι
3474 4611 3566 4680 qui
3591 4621 3671 4666 est

2091 4699 2342 4757 Christus.
2368 4698 2533 4754 Sanat
2562 4708 2740 4755 tamen
2771 4699 3030 4756 Dominus
3058 4699 3395 4766 Abimelech,
3436 4712 3490 4757 et
3530 4719 3672 4760 uxo-

2092 4805 2208 4845 rem
2243 4791 2382 4860 ejus,
2417 4800 2471 4844 et
2495 4791 2718 4846 ancillas
2743 4791 2880 4860 ejus.

2163 4881 2219 4936 5.
2252 4878 2446 4934 Verum
2491 4893 2599 4933 non
2655 4879 2784 4933 mihi
2833 4878 3048 4932 videtur
3099 4877 3331 4932 otiosum
3364 4877 3507 4946 quod
3558 4891 3669 4928 non

2091 4970 2500 5034 solumuxoris,
2533 4971 2626 5024 sed
2660 4978 2716 5024 et
2757 4969 3076 5023 ancillarum
3116 4968 3426 5024 Abimeleclt
3463 4970 3671 5024 mentio

2119 5105 2161 5139 ⁸¹
2189 5105 2361 5162 Galat.
2386 5122 2460 5168 tv,
2502 5106 2595 5160 24.
2707 5103 2752 5136 ⁸¹
2784 5107 2832 5160 II
2859 5104 2986 5162 Cor.
3020 5122 3101 5173 llt,
3133 5107 3219 5162 Π.
3330 5109 3378 5141 ⁸³
3412 5110 3565 5174 ibid.,
3594 5112 3688 5166 18.

2579 5176 2625 5206 ⁸⁸
2654 5175 2813 5230 Prov.
2879 5193 2962 5241 ιιι,
3022 5180 3075 5233 4.
3174 5178 3375 5235 "Gen.
3436 5199 3531 5244 xu,
3595 5182 3689 5237 l7.

422 5247 815 5326 °°Geit.xx,'5
885 5257 1184 5319 "ibid.,ti.
1258 5253 1777 5312 "Gen.xxxn.l8.
1850 5249 1993 5304 “Ca

2122 5263 2202 5314 ιιι,
2229 5247 2315 5302 16.

2160 5369 2271 5439 (δι)
2309 5359 3148 5441 CumgexterminatoreaPharao
3177 5354 3565 5441 exterminator
3595 5352 3686 5405 di-

2091 5435 2234 5498 citur
2254 5435 2292 5490 'a
2351 5438 2664 5499 radicem
2687 5435 2965 5494 abstraxit,
2991 5435 3372 5482 exterminavit.

2167 5510 2282 5580 (52)
2321 5519 2401 5566 ΞΝ
2431 5493 2696 5560 llebraice
2727 5511 2930 5571 patrem
2980 5511 3158 5562 sonat,
3186 5513 3309 5552 cum
3359 5493 3522 5548 afﬁxo
3573 5497 3686 5550 tua

2093 5613 2293 5675 patrem
2321 5614 2487 5651 meum
2514 5613 2530 5658 ;
2561 5579 2684 5675 ἰδῃ
2710 5603 2888 5675 autem
2935 5607 3098 5658 regem
3121 5631 3136 5655 ,
3171 5589 3313 5645 unde
3359 5582 3684 5642 Abimelecb

2096 5684 2244 5729 recte
2280 5671 2688 5737 interpretatur,
2711 5673 2859 5733 pater
2897 5678 3036 5714 mens
3069 5677 3180 5715 rex.

480 5404 592 5473 (29)
625 5401 690 5455 Et
720 5401 843 5473 licet
873 5377 1978 5473 cujusmodifllegoriasdialieiﬂdebeant:

410 5451 685 5530 Siciectei
717 5451 883 5524 habet
925 5451 1091 5520 codex
1171 5451 1536 5530 Belvacensis.
1583 5451 1732 5505 Libri
1799 5459 1980 5501 autem

413 5529 580 5606 editi,
627 5553 677 5596 et
712 5541 830 5593 licet
867 5536 956 5606 qui
989 5529 1268 5606 ejusmodi,
1317 5535 1425 5579 etc.
1464 5604 1471 5606 ‘
1590 5592 1606 5606 Δ
1749 5588 1844 5606 ’,Α
1872 5585 1987 5606 ______

629 5589 1043 5680 vliiterprétatu'r
1086 5589 1324 5670 princeps
1353 5637 1366 5655 .
1425 5604 1532 5649 etc.
1579 5592 1622 5646 A
1669 5589 1850 5644 radice
1872 5589 1988 5644 ’Ἠξῖῖ

417 5679 762 5753 principatum
789 5679 968 5734 tenuit.
