3902 6502
144 294 224 349 illi
1331 292 1399 346 IN
1440 290 1739 349 GENESIM
1777 291 2057 348 llOMlLlA
2098 293 2203 348 Vll.

3254 295 3352 353 198

142 420 261 469 facta
291 420 387 472 est,
410 410 460 461 iu
498 424 563 463 co
613 411 848 467 maxime
879 413 1022 482 quod
1064 414 1195 469 dicit
1225 416 1292 481 9‘,
1317 416 1439 484 quia
1470 419 1673 468 sanavit
1709 429 1748 478 Α
1783 417 2083 485 prolatione
2128 415 2399 480 sustollat,
2434 415 2513 469 sic
2553 415 2713 469 verba
2764 414 2994 485 Spiritus
3041 420 3213 470 sancti
3248 433 3353 471 non

138 522 212 561 eas
243 502 385 564 Deus,
418 511 464 553 et
484 503 776 568 pariebant.
801 503 1142 559 Concluserat
1183 508 1321 561 enim
1349 508 1469 559 illas
1501 524 1563 560 ne
1588 526 1680 576 pa-

146 603 309 651 rerent.
344 592 611 657 Quantum
644 610 929 662 possumus
962 598 1013 648 in
1054 607 1163 650 tam
1195 598 1501 654 dilIicilibus
1550 600 1683 653 locis

138 687 340 746 sentire,
391 693 646 752 putamus
704 702 926 740 uxorem
986 688 1298 743 Abimelech
1377 693 1679 747 naturalem

139 794 272 852 posse
316 775 705 844 philosophiam
763 777 867 832 dici
907 796 923 846 ;
960 780 1186 833 ancillas
1231 796 1359 837 vero
1408 783 1561 850 ejus,
1599 785 1683 838 di-

139 888 271 926 versa
314 878 363 922 et
396 883 530 921 vana
589 884 687 937 pro
731 871 994 937 qualitate
1044 883 1314 928 sectarum
1373 887 1679 929 commenta

140 962 419 1017 dialecticze.
468 960 677 1015 Interea
727 962 1000 1016 Abraham
1039 964 1475 1036 impertiricupit
1516 970 1679 1022 etiam

138 1056 355 1126 gentibus
392 1051 590 1105 donum
639 1053 832 1107 divina:
881 1054 1133 1119 virtutis,
1167 1058 1261 1111 sed
1322 1061 1557 1112 nonduin
1600 1070 1683 1114 est

138 1161 321 1215 tempus
346 1163 372 1194 ιι
416 1146 595 1212 priore
636 1146 832 1215 populo
870 1150 1103 1202 transire
1129 1150 1194 1201 ad
1233 1160 1420 1219 gentes
1450 1154 1677 1222 gratiam

140 1240 239 1293 Dei.
271 1234 392 1289 Nam
423 1246 475 1289 et
508 1237 801 1306 Apostolus
823 1238 890 1297 ”,
934 1237 1061 1292 licet
1099 1241 1202 1293 sub
1260 1241 1363 1294 alia
1398 1243 1577 1309 specie
1627 1253 1681 1298 et

139 1331 227 1383 alia
258 1328 436 1395 figura,
472 1328 601 1382 dicit
629 1338 805 1380 tamen
831 1328 1101 1381 mulierem
1128 1330 1399 1396 alligatam
1428 1348 1535 1384 esse
1556 1331 1677 1401 legi,

136 1420 438 1490 quandittvir
458 1420 568 1487 ejus
599 1420 737 1475 vivit.
774 1419 834 1474 Si
880 1432 1053 1473 autem
1089 1430 1327 1474 mortuus
1373 1421 1529 1489 fuerit
1574 1425 1676 1490 vir,

135 1515 337 1567 solutam
381 1529 489 1565 esse
518 1530 548 1564 a
581 1512 689 1583 lege
718 1515 842 1577 viri,
887 1525 941 1567 ut
978 1516 1094 1585 jam
1142 1533 1245 1569 non
1291 1516 1357 1569 sit
1412 1517 1677 1583 adultera,

133 1610 172 1661 si
192 1607 334 1677 fuerit
365 1622 481 1658 cum
506 1606 610 1658 alio
645 1607 779 1663 viro.
816 1606 1038 1677 Oportet
1078 1622 1205 1677 ergo
1254 1611 1389 1664 mori
1422 1610 1568 1681 prius
1605 1611 1681 1664 le-

132 1716 233 1768 gem
264 1699 474 1761 litterm,
498 1707 553 1750 ut
585 1697 656 1750 ita
698 1699 911 1752 demunt
949 1698 1116 1753 libera
1148 1700 1260 1769 jam
1298 1703 1475 1756 anima
1516 1703 1678 1772 spiri-

1785 509 1978 576 iueptis
2020 517 2074 562 et
2107 507 2344 561 Judaicis
2386 507 2585 560 fabulis
2624 508 3027 571 decoloret,sed
3054 509 3206 577 plena
3252 510 3351 563 ho-

1784 605 2033 669 nestatis,
2061 612 2113 657 et
2142 602 2293 671 plena
2335 602 2554 655 virtutis
2598 612 2761 671 atque
2800 604 3052 657 utilitatis
3091 604 3350 673 assignet.

1781 696 2031 764 Alioquin
2060 710 2177 764 quae
2204 692 2362 747 nobis
2408 694 2695 746 :edillcatio
2726 695 2828 747 erit
2856 695 3155 763 legentibus
3178 698 3352 749 Abra-

1784 789 1905 841 ham
1934 798 2140 841 tantum
2176 784 2558 856 patriarcham,
2593 802 2696 838 non
2733 787 2902 840 solum
2936 790 3216 841 mentitum
3238 803 3356 843 esse

1779 877 2091 931 Ahimelech
2131 878 2263 945 regi,
2296 877 2389 929 sed
2424 884 2480 928 et
2524 876 2838 944 pudicitiam
2884 878 3127 948 conjugis
3175 880 3354 947 prodi-

1785 969 1964 1023 disse?
1992 968 2130 1034 Quid
2182 985 2279 1021 uos
2332 968 2565 1021 :L-dilicat
2599 968 2728 1020 tanti
2762 969 3085 1035 patriarcha:
3116 987 3274 1033 uxor.
3309 973 3352 1026 si

1784 1070 1999 1129 putetur
2033 1060 2586 1114 conlaminationibus
2630 1060 2871 1128 exposita
2908 1076 3005 1129 per
3057 1064 3357 1117 conniven-

1783 1153 1907 1203 tiam
1941 1152 2239 1204 maritalem
2271 1151 2295 1203 ?
2341 1149 2466 1203 ilice
2506 1148 2675 1202 Judaei
2708 1162 2922 1217 putent,
2948 1162 3003 1204 et
3028 1153 3070 1204 si
3099 1153 3190 1221 qui
3230 1169 3353 1207 cum

1779 1244 1859 1295 eis
1883 1254 2006 1297 sunt
2044 1243 2233 1296 littera:
2263 1242 2445 1305 amici,
2480 1259 2583 1294 non
2620 1243 2874 1311 spiritus;
2903 1258 2998 1297 nos
3036 1255 3211 1297 autem
3246 1246 3357 1312 spi~

1783 1336 2024 1388 ritalibus
2048 1334 2311 1403 spiritalia
2338 1344 2737 1402 comparantes,
2763 1342 2815 1387 et
2842 1346 2962 1387 actu
2991 1345 3045 1389 et
3082 1335 3354 1389 intellectu

1780 1425 2052 1491 Spiritales
2085 1424 2381 1477 clliciaumr
2408 1424 2458 1476 in
2494 1424 2709 1477 Christo
2736 1423 2861 1477 Jesu
2892 1424 3119 1478 Domino
3143 1434 3353 1489 nostro,

1780 1519 1864 1571 cui
1898 1527 1979 1572 est
2008 1519 2176 1587 gloria
2222 1527 2275 1571 et
2324 1516 2607 1584 imperium
2663 1517 2713 1569 in
2760 1517 2953 1570 szecula
3004 1517 3352 1571 saeculorum.

1780 1611 1971 1664 Amen.

2346 1697 2627 1754 HOMILIA
2676 1698 2784 1753 \ill.

133 1792 196 1843 tui
220 1791 394 1850 nubat,
430 1797 483 1842 ct
538 1792 661 1843 novi
711 1791 1013 1844 testamenti
1049 1793 1453 1847 matrimonium
1486 1793 1680 1847 sortia-
1714 1786 1752 1839 Β
1853 1793 1925 1849 De
1956 1794 2229 1849 nativitate
2259 1792 2501 1854 Isaac,et
2524 1793 2662 1859 quod
2694 1810 2723 1844 a
2750 1792 2884 1846 lacte
2904 1792 3147 1862 depulsus
3170 1802 3266 1846 est.

132 1895 225 1940 tur.
280 1881 385 1935 lloc
444 1890 624 1934 autem
680 1882 732 1934 in
765 1898 872 1950 quo
920 1898 1064 1937 nunc
1113 1899 1319 1947 sumus,
1356 1893 1566 1955 tempus
1596 1896 1678 1940 est

130 1974 407 2030 vocationis
432 1974 693 2041 gentium,
725 1984 777 2028 et
822 1976 1014 2029 mortis
1058 1975 1209 2042 legis,
1249 1990 1356 2045 quo
1388 1979 1591 2045 possint
1616 1978 1679 2031 li-

129 2073 253 2123 bera:
282 2066 476 2120 animae
506 2067 618 2134 jam
668 2065 855 2120 soluta:
892 2081 921 2119 a
950 2067 1062 2135 lege
1101 2067 1205 2121 viri
1254 2084 1393 2123 novo
1422 2069 1540 2124 viro
1576 2086 1678 2123 nu-

130 2162 241 2213 bere
269 2156 506 2211 Christo.
540 2156 691 2221 Quod
714 2155 758 2210 si
787 2156 1001 2210 edoceri
1030 2157 1108 2209 vis
1129 2158 1399 2227 quomodo
1422 2157 1507 2212 lex
1542 2175 1679 2212 mor-

130 2260 205 2303 tua
232 2250 309 2311 sit,
345 2247 633 2302 considera
668 2256 723 2301 et
774 2247 897 2302 vide
929 2249 1017 2301 ubi
1076 2263 1217 2302 nunc
1271 2248 1561 2315 sacrificia,
1587 2250 1675 2303 ubi

130 2354 249 2392 nunc
289 2337 479 2401 altare,
529 2336 615 2391 ubi
684 2336 967 2406 templum.
998 2339 1088 2391 ubi
1127 2338 1554 2408 puriﬁcationes,
1588 2341 1674 2393 ubi

127 2428 412 2482 solemnitas
446 2427 691 2483 Paschac.
725 2426 921 2483 Nonne
950 2440 1159 2483 mortua
1192 2439 1273 2485 est
1303 2431 1357 2484 in
1389 2431 1474 2486 his
1506 2433 1679 2487 omni-

128 2524 213 2575 bus
244 2521 510 2575 lex?Aut
544 2521 585 2573 si
631 2529 856 2589 possunt
904 2520 994 2574 isti
1049 2523 1208 2575 amici
1262 2532 1316 2575 et
1368 2524 1679 2579 defensores

127 2615 333 2675 Ιιιιετεε,
382 2611 698 2665 custodiant
740 2610 973 2665 litteram
1006 2610 1158 2680 legis.
1192 2613 1495 2667 Secundum
1538 2615 1678 2669 hunc

126 2722 240 2775 ergo
270 2704 541 2774 allegoriae
584 2703 849 2768 ordinem,
893 2702 1107 2758 Pharao
1155 2705 1353 2775 quiest
1388 2707 1548 2760 homo
1581 2708 1681 2759 iut-

126 2798 335 2851 mundus
387 2806 443 2849 et
501 2796 918 2859 exterminator,
945 2795 1160 2861 Saram,
1208 2798 1259 2851 id
1303 2806 1385 2851 est
1422 2800 1674 2852 virtutem

126 2888 349 2958 accipere
391 2888 617 2941 omnino
679 2901 780 2939 non
832 2894 1070 2955 poterat.
1115 2886 1287 2941 Porro
1338 2888 1675 2955 Abimelech,

124 2982 167 3033 id
194 2990 269 3035 est
296 2979 385 3049 qui
441 2981 643 3033 munde
681 2988 735 3033 et
784 2979 1156 3048 philosophice
1180 2979 1417 3048 vivebat,
1462 2989 1678 3050 poterat

120 3073 316 3143 quidem
352 3071 625 3141 accipere,
665 3072 793 3140 quia
835 3071 887 3124 in
935 3072 1101 3126 corde
1128 3074 1328 3125 mundo
1377 3075 1674 3141 quaerebat,

1852 1888 1901 1942 1.
1935 1886 2146 1957 Moyses
2174 1885 2328 1939 nobis
2370 1884 2648 1953 legitur'in
2690 1882 2952 1938 Ecclesia.
2988 1885 3356 1951 Deprecemur

1785 1975 2090 2038 Dominum,
2135 1988 2202 2028 ne
2249 1972 2545 2026 secundum
2597 1972 2822 2027 verbum
2870 1972 3109 2043 Apostoli
3139 2013 3155 2039 ,
3186 1976 3353 2028 etiam

1780 2067 1918 2135 apud
1951 2080 2068 2130 nos,
2101 2080 2221 2119 cum
2249 2062 2444 2130 legitur
2489 2060 2717 2133 Moyses,
2749 2064 2992 2118 velamen
3021 2066 3091 2119 sit
3120 2066 3352 2134 positum

1781 2171 1945 2225 super
1975 2170 2066 2209 cor
2092 2164 2330 2209 nostrum
2360 2153 2400 2206 ³.
2442 2151 2661 2206 Lectum
2705 2163 2786 2209 est
2832 2159 2974 2208 enim
3026 2157 3150 2224 quia
3188 2173 3357 2226 genu-

1779 2257 1893 2299 erat
1920 2247 2193 2300 Abraham
2221 2247 2384 2299 lilium
2412 2243 2586 2307 Isaac,
2620 2259 2743 2298 cum
2776 2255 2918 2299 esset
2948 2259 3162 2302 centum
3186 2263 3355 2301 anno-

1781 2354 1993 2392 norum.
2051 2339 2115 2392 Et
2162 2338 2299 2392 dixit
2352 2339 2488 2393 Sara
2526 2357 2537 2391 :
2585 2339 2740 2403 Quis,
2787 2338 2961 2408 inquit
3000 2340 3043 2401 δ,
3089 2341 3353 2394 nuntiabit

1779 2429 2004 2484 Abraha:
2033 2430 2351 2499 quodlactat
2391 2445 2615 2498 puerum
2670 2430 2810 2483 Sara
2840 2430 2862 2480 ?
2891 2427 2955 2481 Et
2980 2440 3121 2493 tunc,
3155 2432 3351 2500 inquit,

1780 2522 2104 2575 circumcidit
2137 2524 2401 2575 Abraham
2424 2538 2642 2590 puerum
2669 2522 2750 2575 die
2780 2521 3170 2590 octavaJlugus
3200 2524 3353 2591 pueri

1781 2613 1922 2667 diem
1956 2614 2191 2667 natalem
2238 2630 2343 2668 non
2375 2615 2615 2669 celebrat
2672 2613 2967 2677 Abraham,
2993 2614 3085 2669 sed
3111 2613 3357 2669 celebrat

1782 2705 1921 2758 diem
1972 2705 2324 2774 depositionis
2366 2705 2478 2776 (55)
2526 2722 2554 2759 a
2594 2705 2752 2768 lacte,
2786 2705 2999 2760 etfacit
3046 2706 3352 2760 convivium

1783 2812 2057 2867 magnum.
2106 2797 2279 2863 Quid?
2306 2808 2556 2866 putamus
2582 2798 2708 2867 quia
2740 2797 3075 2867 propositum
3122 2800 3193 2852 sit
3232 2798 3356 2868 Spi-

1785 2888 1908 2941 ritui
1959 2898 2147 2944 sancto
2179 2888 2439 2945 historias
2482 2890 2743 2954 scribere,
2774 2897 2829 2943 et
2881 2903 3106 2942 narrare
3150 2891 3292 2959 quod
3321 2904 3353 2943 a

1782 2980 1925 3034 lacte
1960 2980 2220 3051 depulsus
2277 2982 2349 3037 sit
2385 2997 2538 3051 puer,
2578 2990 2632 3037 ct
2669 2981 2977 3037 convivium
3028 2982 3228 3035 factum
3260 2982 3355 3050 sit,

1786 3073 2056 3141 quomodo
2106 3071 2316 3138 luserit,
2366 3072 2580 3142 aliaque
2618 3072 2844 3142 puerilia
2892 3071 3062 3141 egerit
3093 3071 3115 3124 ?
3144 3071 3225 3123 An
3259 3085 3356 3141 per

122 3138 202 3219 sed
255 3138 489 3217 nondqu
551 3138 761 3232 tempus
804 3164 1117 3219 advenerat.
1160 3164 1340 3220 Manet
1379 3138 1510 3235 ergo
1538 3167 1676 3235 apud
1704 3138 1746 3213 β
1783 3138 1895 3217 haec
1938 3164 2231 3232 putandum
2264 3174 2348 3217 est
2404 3138 2549 3233 quod
2582 3138 2824 3217 divinum
2869 3138 3070 3232 aliquid
3104 3176 3200 3216 nos
3226 3138 3356 3216 edo-

122 3256 375 3311 Abraham
432 3255 633 3320 virtus,
688 3266 865 3309 manet
913 3256 965 3309 in
1027 3256 1461 3323 circumcisione,
1507 3261 1679 3313 donec

123 3359 311 3417 tempus
342 3348 549 3414 veniat,
578 3357 634 3401 ut
670 3346 721 3401 in
752 3346 969 3402 Christo
1019 3347 1145 3403 Jesu
1202 3348 1428 3403 Domino
1470 3358 1677 3414 nostro,

122 3441 167 3493 in
187 3456 284 3510 quo
302 3441 504 3494 habitat
527 3441 693 3493 omnis
722 3440 991 3509 plenitudo
1007 3441 1219 3495 deitatis
1246 3441 1592 3510 corporaliter
1608 3442 1675 3508 ",

117 3532 303 3604 integra
354 3540 408 3588 et
458 3534 701 3602 perlecta
757 3532 931 3585 virtus
979 3531 1044 3585 ad
1097 3530 1391 3587 Ecclesiam
1438 3533 1676 3602 gentium

119 3632 353 3678 transeat.
376 3623 539 3677 Tunc
572 3636 701 3691 ergo
723 3633 779 3676 et
808 3622 1001 3675 domus
1020 3621 1357 3685 Abimeleeh,
1389 3632 1443 3675 et
1471 3621 1678 3676 ancilla:

116 3713 381 3784 ejus,quas
416 3714 638 3769 sanavit
667 3714 948 3779 Dominus,
985 3711 1196 3784 parient
1226 3712 1484 3766 Ecclesia:
1512 3712 1672 3767 ﬁlios.

116 3807 211 3861 lloc
256 3809 396 3862 enim
443 3818 661 3878 tempus
706 3817 810 3873 est,
842 3821 950 3877 quo
1003 3806 1209 3861 sterilis
1253 3806 1417 3876 parit.
1467 3815 1523 3871 et
1570 3821 1678 3875 quo

114 3900 246 3951 ntulti
265 3910 386 3953 sunt
412 3900 521 3968 ﬁlii
541 3902 782 3964 desertte,
820 3901 986 3969 magis
1041 3915 1197 3969 quam
1235 3900 1349 3968 ejus
1374 3916 1491 3967 quia
1519 3900 1674 3953 habet

111 3993 263 4045 virum
294 3993 360 4045 ⁸⁷.
391 3992 628 4061 Aperuit
670 3992 814 4047 enim
836 3992 1100 4046 Dominus
1122 3992 1338 4045 vulvam
1362 3991 1585 4055 sterilis,
1619 4000 1674 4045 et

111 4082 284 4137 ellecta
335 4094 419 4139 est
462 4084 719 4150 fecunda,
758 4085 831 4138 ita
863 4093 920 4138 ut
948 4084 1121 4153 pariat
1144 4094 1359 4155 gentem
1390 4085 1456 4139 de
1482 4082 1670 4138 semel.

114 4176 206 4229 Sed
231 4186 282 4231 et
303 4178 480 4231 sancti
515 4177 1146 4241 clamant,etdicunt":
1178 4176 1468 4242 Domine,a
1490 4178 1676 4232 timore

111 4278 186 4319 tuo
204 4269 250 4321 in
268 4281 446 4324 ventre
460 4269 816 4337 concepimus,
830 4279 878 4323 et
897 4270 1211 4335 peperimus;
1230 4269 1471 4337 spiritum
1484 4268 1671 4322 salutis

108 4368 198 4414 tua:
232 4362 451 4429 fecimus
483 4378 646 4431 super
670 4372 887 4415 terram.
922 4361 1075 4416 Unde
1102 4371 1155 4414 et
1208 4361 1404 4416 Paulus
1421 4362 1672 4417 similiter

1780 3269 1904 3308 cere
1934 3254 2079 3320 velit,
2107 3264 2161 3309 et
2187 3256 2408 3325 dignum
2440 3258 2582 3325 quod
2612 3259 2904 3315 humanum
2941 3271 3111 3323 genus
3139 3255 3231 3310 Dei
3260 3270 3355 3312 vo-

1778 3346 1932 3400 cibus
1975 3347 2203 3401 discat?
2241 3348 2387 3402 Isaac
2432 3349 2573 3402 risus
2612 3348 2691 3402 vel
2733 3347 2983 3417 gaudium
3037 3346 3354 3415 interpreta-

1781 3436 2022 3506 turtbi).
2059 3438 2191 3504 Quis
2244 3454 2373 3508 ergo
2423 3449 2504 3491 cst
2531 3439 2621 3508 qui
2664 3439 2826 3494 talem
2870 3438 3039 3492 tilium
3076 3449 3298 3508 generet
3327 3438 3355 3493 ἲ

1779 3529 1869 3583 Ille
1899 3530 2150 3584 nimirum
2178 3531 2269 3599 qui
2304 3531 2517 3585 dicebat
2560 3532 2625 3585 de
2672 3531 2757 3585 his
2810 3546 2952 3601 quos
2981 3546 3077 3599 per
3110 3532 3356 3602 Evange-

1778 3622 1907 3675 liutn
1936 3632 2199 3692 genuerat
2226 3625 2248 3655 ⁸
2281 3640 2295 3677 :
2343 3622 2446 3677 Vos
2487 3623 2630 3677 enim
2653 3624 2776 3677 estis
2810 3623 3062 3685 gaudium
3097 3640 3268 3676 meum
3301 3632 3352 3676 et

1779 3728 1975 3766 corona
1997 3714 2180 3783 gloria;-
2210 3713 2325 3767 Dei.
2353 3713 2428 3768 De
2452 3712 2755 3779 huiusmodi
2781 3712 2904 3767 (iliis
2927 3728 3050 3766 cunt
3086 3712 3284 3767 fuerint
3318 3728 3350 3767 a

1783 3803 1926 3858 lacte
1952 3804 2179 3873 depulsi,
2210 3804 2265 3857 tit
2306 3805 2607 3859 convivium
2644 3813 2699 3857 et
2732 3803 2911 3856 Iustitia
2940 3804 3225 3871 magna,de
3265 3803 3352 3858 his

1775 3896 1867 3965 qui
1901 3911 2005 3948 non
2025 3895 2136 3966 jam
2163 3896 2299 3949 lacte
2320 3894 2677 3965 indigent,sed
2705 3895 2819 3947 cibo
2841 3894 2989 3962 forti,
3008 3896 3098 3964 qui
3124 3911 3220 3964 pro
3238 3913 3355 3961 pos-

1777 3988 2030 4041 sibilitate
2078 3987 2318 4039 sumendi
2351 3986 2659 4039 exercitatos
2706 3986 2893 4039 habent
2931 4001 3111 4039 sensus
3138 3986 3207 4039 ad
3237 3988 3352 4040 dis-

1776 4079 2053 4132 cretionem
2087 4078 2207 4130 boni
2229 4077 2307 4131 vel
2331 4078 2455 4130 mali
2486 4077 2526 4129 ‘.
2562 4076 2735 4145 Super
2770 4078 2853 4131 his
2880 4076 3077 4132 talibus
3106 4091 3227 4137 cum
3257 4078 3352 4132 de-

1775 4169 2049 4235 pelluntur
2095 4183 2124 4221 a
2174 4167 2332 4230 lacte,
2371 4169 2430 4221 lit
2476 4168 2786 4222 convivium
2844 4183 3123 4239 magnum.
3173 4167 3352 4237 Super

1776 4262 1881 4316 illis
1913 4272 2092 4314 autem
2135 4276 2238 4314 non
2269 4268 2444 4329 potest
2469 4261 2713 4314 exhiberi
2765 4260 3096 4327 convivium,
3126 4274 3226 4315 nec
3254 4261 3350 4314 ha-

1775 4352 1886 4407 beri
1920 4352 2124 4417 laetitia,
2156 4352 2222 4406 de
2256 4351 2453 4420 quibus
2501 4351 2634 4406 dicit
2664 4351 2958 4421 Apostolus
2981 4352 2999 4382 "
3022 4371 3034 4406 :
3061 4350 3170 4405 Lac
3204 4352 3348 4407 vobis

110 4454 315 4509 dicit":
352 4454 545 4509 Filioli
564 4456 686 4521 mei,
711 4471 839 4523 quos
867 4455 1059 4508 iterum
1098 4456 1358 4524 parturio,
1380 4456 1541 4508 donec
1564 4453 1674 4521 [or-

1784 4445 1899 4499 dedi
1936 4455 2113 4514 potum
2140 4485 2155 4511 ,
2194 4461 2296 4498 non
2352 4460 2541 4497 escam.
2598 4442 2852 4498 Nondum
2886 4444 3024 4497 enim
3065 4446 3345 4511 poteratis,

108 4558 260 4599 utetur
286 4548 538 4602 Christus
580 4548 636 4601 in
671 4549 833 4602 vobis.
869 4546 1030 4601 Tales
1051 4562 1181 4617 ergo
1222 4546 1454 4616 parturit
1480 4547 1590 4616 78
1619 4556 1676 4600 et

110 4638 225 4692 tales
255 4641 390 4694 tilios
421 4650 652 4710 generat
676 4641 854 4694 omnis
893 4638 1134 4694 Ecclesia
1176 4639 1291 4693 Dei.
1313 4638 1445 4692 Nam
1472 4640 1561 4707 qui
1594 4654 1676 4691 se-

105 4730 252 4783 minat
274 4733 325 4785 in
355 4748 543 4795 carne,
576 4731 641 4784 de
664 4747 826 4784 carne
860 4739 909 4784 et
940 4739 1091 4783 metet
1128 4729 1513 4795 corruptionem
1537 4728 1674 4782 ‘-Fi-

106 4820 341 4876 liiautem
377 4823 614 4891 spiritus
648 4821 734 4874 isti
765 4830 910 4885 sunt,
953 4822 1018 4875 de
1062 4821 1261 4889 quibus
1287 4829 1341 4874 et
1380 4819 1671 4888 Apostolus

104 4914 218 4968 dicit
242 4918 281 4979 ¹,
309 4916 600 4969 mulierem
628 4914 834 4968 salvam
882 4911 1123 4967 futuram
1167 4927 1259 4980 per
1295 4912 1530 4979 ﬁliorum
1551 4926 1673 4978 pro-

102 5006 415 5070 creationem,
446 5008 495 5059 si
527 5005 870 5074 permanserit
896 5008 949 5057 in
976 5004 1082 5072 fide
1107 5011 1156 5055 et
1177 5002 1447 5055 castitate.
1479 5000 1669 5057 Eccle-

101 5094 170 5146 sia
193 5095 351 5165 igitur
380 5097 478 5151 Dei
509 5096 593 5151 sic
620 5096 885 5165 intelligat
914 5106 1156 5164 paratus,
1177 5095 1255 5149 sic
1287 5093 1669 5163 generationes

102 5189 329 5256 accipiat,
362 5189 447 5244 sic
482 5197 700 5260 patrum
730 5196 881 5257 gesta
911 5191 1106 5244 decora
1157 5182 1211 5243 et
1240 5188 1462 5241 honesta
1497 5184 1662 5239 inter-

158 5301 412 5356 "Cenes.
441 5318 545 5364 xx,
597 5301 683 5365 i7,
718 5302 802 5355 18.
879 5302 925 5333 ⁸⁸
955 5300 1112 5354 Rom.
1149 5314 1245 5364 vn,
1290 5300 1416 5361 2,5.
1491 5298 1537 5330 π
1560 5296 1675 5350 Colr

158 5373 276 5422 .19.
356 5374 371 5403 ¹
406 5373 596 5422 Galat.
627 5386 699 5422 VI.
728 5372 779 5422 8.
861 5372 923 5422 ’l
963 5372 1103 5422 Tim.
1127 5387 1187 5422 ιι.
1238 5372 1317 5422 15.
1396 5370 1417 5400 ³
1454 5369 1493 5421 11
1531 5366 1675 5422 Cor.E

1795 5310 1855 5361 ιι,
1883 5294 1936 5349 9.
2013 5294 2057 5325 "’
2104 5292 2223 5347 Gal.
2262 5291 2448 5352 tv.27.

1786 5366 1840 5419 4.
1915 5366 1936 5396 ⁸
1958 5363 2159 5419 Genes.
2185 5379 2298 5422 χιι,
2326 5368 2380 5422 4.
2415 5364 2446 5415 7

102 5383 165 5432 tv,
196 5373 276 5425 19.
356 5374 371 5403 ¹
406 5373 596 5427 Galat.
627 5386 699 5433 vt,
728 5372 779 5423 8.

101 5452 142 5503 ι,
184 5442 242 5494 12
264 5451 317 5497 et
342 5443 433 5498 H.

861 5372 923 5423 ²1
963 5372 1103 5424 Tim.
1127 5387 1187 5437 tt,
1238 5372 1317 5425 15.

515 5444 537 5474 ⁷
569 5442 730 5497 lCor.
762 5459 839 5504 Ill,
866 5444 911 5504 l,
942 5443 999 5495 2.

158 5586 260 5649 (³55)
301 5583 691 5651 Depositionis.
714 5581 893 5635 Codex
918 5579 1290 5649 Remigianus,
1319 5576 1663 5651 depulsionis.

160 5648 260 5724 (5.1)
301 5648 459 5709 Risus
526 5655 605 5707 vel
658 5655 913 5721 gaudium
958 5648 1353 5720 interpretatur.
1401 5648 1444 5700 A
1482 5649 1662 5702 radice

106 5723 339 5781 llebraica
364 5736 487 5808 pm:
515 5726 654 5791 risit,
686 5724 886 5778 arrisit.

1780 4541 1867 4591 sed
1895 4555 1986 4591 nec
2014 4539 2187 4591 adhuc
2215 4539 2420 4607 quidem
2447 4536 2684 4606 potestis.
2707 4535 2775 4589 Et
2793 4552 2885 4604 ego
2909 4552 3010 4589 non
3035 4537 3181 4601 potui
3202 4535 3346 4605 loqui

1777 4630 1920 4685 vobis
1944 4630 2099 4699 quasi
2123 4629 2511 4697 spiritualibus,
2544 4629 2634 4682 sed
2656 4629 2808 4698 quasi
2837 4627 3161 4693 carnalibus,
3192 4628 3345 4693 quasi

1775 4722 2009 4791 parvulis
2032 4722 2087 4775 in
2114 4720 2348 4775 Christo.
2391 4721 2583 4775 Dicant
2612 4720 2767 4775 nobis
2800 4719 2885 4773 isti
2907 4718 2998 4786 qui
3028 4703 3297 4788 simplicit.
3320 4733 3350 4773 ι

1780 4813 2006 4883 intelligi
2033 4811 2557 4881 voluntScripturas
2583 4810 2815 4876 divinas,
2866 4808 2993 4878 quid
3034 4818 3164 4864 est:
3220 4808 3344 4863 Non

1773 4906 1919 4973 potui
1939 4904 2081 4959 vobis
2108 4903 2251 4973 loqui
2267 4904 2417 4971 quasi
2440 4902 2788 4972 spiritalibus,
2819 4903 2908 4956 sed
2933 4903 3085 4972 quasi
3112 4900 3348 4955 carnali-

1774 5002 1890 5062 bus,
1913 4998 2063 5068 quasi
2098 4997 2329 5067 parvulis
2361 4998 2417 5051 in
2450 4995 2799 5059 Christo,-lac
2821 4995 2958 5049 vobis
2989 5006 3166 5061 potum
3198 4995 3345 5059 dedi,

1772 5106 1876 5143 non
1911 5105 2081 5143 escam
2115 5088 2467 5143 ?Possuntne
2494 5087 2608 5140 haec
2632 5085 2954 5155 simpliciter
2981 5084 3093 5155 (35)
3124 5085 3295 5154 accipi
3320 5084 3346 5138 ?

1838 5181 1894 5239 2.
1928 5182 2035 5236 Sed
2065 5181 2281 5235 interim
2313 5180 2599 5233 redeamus
2625 5180 2690 5233 ad
2733 5192 2797 5233 ea
2825 5179 2965 5232 unde
2998 5177 3227 5246 digressi
3252 5191 3343 5230 su-

3096 5290 3142 5320 ⁹⁹
3168 5287 3341 5341 Galat.

3122 5359 3143 5389 ‘
3174 5356 3339 5412 Hebr.

2523 5292 2569 5323 ’⁸
2609 5290 2711 5344 lsa.
2743 5306 2894 5347 xxvt.
2932 5290 3017 5343 18.

1915 5366 1936 5396 ⁸
1958 5363 2159 5419 Genes.
2185 5379 2298 5427 χχι,
2326 5368 2380 5425 4.
2415 5364 2469 5419 7.
2544 5363 2565 5393 ⁸
2599 5361 2614 5414 l
2648 5360 2842 5414 Thess.
2865 5374 2925 5426 ιι,
2950 5358 3044 5414 20.

1852 5574 1963 5698 (35)
1998 5572 2177 5628 Codex
2219 5569 2563 5627 Ebroiceusis
2603 5566 2954 5635 simpliciter;
2994 5563 3122 5621 libb.
3178 5564 3339 5628 editi,

1853 5662 1887 5698 ιι
1915 5656 2030 5698 iter.

1771 5647 2030 5701 similiter.
