3902 6506
550 279 655 333 I99

2023 271 2346 333 ORlGENlS

3674 273 3761 334 100

548 388 950 445 nius.L:ctatur
981 388 1276 448 Abraham.
1301 397 1356 442 et
1382 386 1689 443 convivium
1709 387 1837 443 facit
1873 404 2122 460 magnum
2153 396 2199 452 Α
2230 407 2348 461 quae
2377 397 2502 444 sunt
2524 389 2758 458 Spiritus
2789 386 2905 443 Dei.
2934 387 3176 443 Stultitia
3201 394 3276 441 est
3302 387 3435 440 enim
3458 385 3573 452 illi,
3602 398 3648 443 et
3677 406 3763 444 non

551 484 605 537 in
632 483 719 537 die
767 497 871 551 qua
927 480 1131 549 depulit
1159 496 1187 532 a
1223 480 1361 536 lacte
1398 479 1547 537 Isaac
1593 482 1757 537 lilium
1788 499 1964 538 suum.
1996 484 2125 538 Post

553 580 666 631 haec
703 574 837 629 ludit
872 575 1038 637 Isaac,
1088 582 1145 627 ct
1199 572 1334 628 lttdit
1373 590 1495 630 cuin
1551 576 1760 630 Isniael.
1815 574 2127 645 Indignatur

553 667 687 721 Sara
720 666 860 732 quod
910 664 1050 717 lilius
1097 665 1307 718 ancilla:
1336 666 1481 720 ludat
1525 683 1646 721 cum
1691 667 1799 719 ﬁlio
1849 667 2049 730 liberae,
2074 675 2127 720 et

553 760 725 812 lusum
754 758 901 810 illum
933 760 1227 824 perniciem
1253 766 1438 826 putat,
1458 760 1739 825 consilium
1765 761 2123 825 dalAbralue,

549 860 605 903 ct
636 851 806 903 dicit’
836 874 847 904 ;
888 849 1035 918 Ejice
1063 851 1314 904 ancillam
1352 860 1400 904 et
1450 852 1622 919 ﬁlium
1651 854 1785 921 ejus.
1825 852 1942 905 Non
1985 855 2119 906 enim

548 943 715 994 ha’res
751 942 850 995 erit
899 944 1041 1009 ﬁlius
1073 943 1278 995 ancillte
1325 960 1441 996 cum
1473 944 1585 1010 ﬁlio
1632 961 1742 996 meo
1784 943 1962 997 Isaac.
1998 945 2123 1001 Hmc

548 1034 824 1101 quomodo
854 1033 1077 1101 intelligi
1117 1033 1370 1093 debeant,
1409 1050 1512 1086 non
1545 1050 1644 1100 ego
1686 1049 1826 1087 nunc
1848 1049 2122 1088 commen-

554 1125 730 1177 tahor.
760 1122 1055 1192 Apostolus
1078 1124 1150 1176 ita
1185 1124 1469 1186 disseruit,
1506 1124 1764 1177 dicens“:
1808 1122 1974 1177 Dicite
1995 1125 2120 1176 mihi

549 1220 639 1289 qui
664 1219 826 1289 legem
848 1220 1066 1287 legistis,
1098 1219 1257 1286 legem
1298 1236 1400 1272 non
1424 1220 1649 1272 audistis
1674 1222 1698 1275 ?
1726 1218 1990 1287 Scriptum
2042 1230 2118 1273 est

548 1312 689 1366 enim
720 1312 844 1382 quia
872 1311 1137 1363 Abraham
1160 1310 1293 1361 duos
1332 1309 1472 1377 ﬁlios
1518 1311 1721 1369 habuit.
1751 1327 1910 1363 unum
1936 1312 1999 1362 de
2022 1329 2121 1363 an-

548 1406 696 1469 cilla,
714 1416 759 1458 et
782 1420 940 1457 unum
967 1406 1029 1455 de
1047 1401 1232 1455 libera.
1263 1400 1365 1455 Sed
1394 1402 1439 1455 is
1464 1402 1671 1469 quidem
1694 1403 1783 1463 qui
1811 1404 1875 1455 tle
1900 1402 2117 1464 ancilla,

548 1499 831 1551 secundum
861 1512 1068 1549 carnem
1111 1505 1266 1548 natus
1297 1503 1369 1546 est
1400 1494 1533 1563 ;qui
1564 1510 1681 1547 vero
1706 1510 1770 1547 ea:
1812 1492 1995 1555 libera,
2029 1511 2119 1558 per

549 1586 1025 1655 repromissionem,
1055 1602 1171 1653 quE
1221 1594 1340 1636 sunt
1388 1584 1689 1652 allegorica.
1749 1583 1885 1649 Quid
1935 1584 2117 1653 ergo?

548 1676 695 1730 Isaac
732 1691 837 1729 non
870 1683 954 1729 est
1003 1674 1299 1728 secundum
1339 1688 1558 1726 carnem
1610 1684 1768 1727 natus
1795 1673 1818 1725 ?
1847 1673 1961 1726 Non
1992 1689 2113 1727 eum

2225 491 2388 551 potest
2431 480 2751 550 intelligere,
2776 483 2899 550 quia
2931 480 3244 547 spiritaliter
3269 476 3594 548 dijudicatur
3630 480 3687 535 “.
3713 481 3765 537 Et

2228 583 2282 626 tit
2316 575 2515 643 ergo,si
2542 574 2707 629 habes
2734 574 2784 627 in
2816 584 2864 627 te
2885 573 3120 627 fructum
3146 572 3385 640 Spiritus
3411 571 3523 634 Dei,
3546 575 3764 639 quodest

2224 665 2496 733 gaudium,
2512 664 2773 727 Charitas,
2796 680 2920 733 pax,
2938 665 3199 734 patientia
3224 664 3288 729 ",
3311 664 3457 717 lsaac
3477 678 3597 716 esse
3614 676 3766 734 potes,

2226 773 2329 809 non
2360 758 2654 811 secundum
2693 772 2918 812 carnem
2948 766 3129 822 natus,
3162 757 3254 811 sed
3283 756 3575 811 secundum
3606 772 3766 825 repro-

2224 848 2564 913 missionem,
2587 858 2639 902 et
2670 864 2790 903 esse
2818 848 2959 903 illius
2984 848 3186 914 liberae,
3218 848 3261 901 si
3292 858 3469 901 tamen
3496 858 3643 917 potes
3660 860 3764 903 ettu

2223 941 2514 994 Secundum
2538 938 2760 993 Paulum
2788 940 2969 995 dicere
2990 941 3032 971 "
3052 956 3065 992 :
3089 938 3155 992 In
3177 956 3333 992 carne
3353 941 3488 993 enim
3512 945 3766 994 ambulan-

2222 1044 2315 1095 tes,
2347 1048 2447 1085 non
2469 1035 2750 1085 secundum
2770 1047 2978 1085 carnem
3002 1033 3309 1087 militamus.
3341 1034 3497 1085 Arma
3525 1033 3658 1085 enim
3680 1034 3763 1087 tui-

2220 1120 2348 1173 litt’a:
2397 1132 2587 1173 nostra:
2636 1138 2739 1175 non
2770 1132 2887 1175 sunt
2912 1124 3175 1184 carnalia,
3206 1125 3297 1176 sed
3321 1124 3554 1190 potentia
3587 1123 3684 1175 Deo
3709 1128 3762 1175 ad

2221 1212 2621 1264 destructionem
2654 1213 3025 1279 munitionum,
3060 1216 3404 1283 cogitationes
3438 1217 3763 1275 destruentes,

2220 1313 2267 1353 et
2291 1318 2491 1355 omnem
2528 1301 2639 1373 (56)
2663 1302 2998 1357 altitudinem
3050 1304 3381 1358 extollentem
3422 1322 3476 1358 se
3517 1307 3764 1359 ailrsrsun

2220 1395 2487 1447 scientiam
2518 1394 2631 1447 Dei.
2659 1394 2715 1448 Si
2744 1406 2897 1463 potes
2919 1394 3042 1449 talis
3063 1410 3203 1458 esse,
3235 1407 3291 1451 ut
3317 1397 3477 1466 digne
3512 1396 3607 1450 tibi
3641 1410 3764 1465 apte-

2223 1494 2310 1537 tur
2341 1484 2502 1538 etiam
2539 1484 2624 1537 illa
2657 1484 2901 1553 Apostoli
2930 1486 3223 1555 sententia,
3248 1502 3367 1556 qua:
3390 1489 3529 1541 dixit
3560 1489 3599 1519 "
3630 1505 3643 1541 :
3687 1490 3764 1543 l’os

2219 1585 2391 1629 autem
2413 1576 2467 1629 in
2488 1591 2645 1630 carne
2669 1592 2768 1630 non
2789 1578 2934 1641 estis,
2952 1577 3041 1631 sed
3062 1580 3113 1631 in
3136 1580 3343 1648 spiritu,
3369 1580 3414 1633 si
3436 1590 3609 1633 tamen
3629 1579 3766 1649 Spiri-

2218 1674 2303 1718 tus
2328 1664 2421 1719 Dei
2444 1664 2645 1719 habitat
2676 1667 2731 1719 in
2761 1667 2925 1729 vobis;
2948 1675 3001 1721 et
3033 1676 3085 1721 tu
3110 1683 3239 1739 ergo
3265 1670 3309 1723 si
3342 1668 3467 1723 talis
3488 1684 3567 1732 es,
3605 1687 3697 1723 non
3718 1688 3765 1723 es

547 1772 754 1838 peperit
790 1766 925 1822 Sara
959 1766 982 1820 ?
1026 1766 1140 1820 Non
1194 1774 1278 1821 est
1333 1766 1692 1820 circumcisus
1725 1765 1748 1818 ?
1793 1764 1902 1819 lloc
1943 1766 2115 1834 ipsum
2149 1765 2192 1821 B
2224 1760 2525 1813 secundum
2554 1774 2777 1813 Carnem
2809 1770 2997 1825 "alus.
3055 1762 3149 1815 sed
3190 1762 3487 1816 secundum
3543 1763 3765 1831 Spiritum

546 1864 688 1931 quod
714 1862 933 1917 ludebat
968 1877 1090 1915 cum
1132 1858 1379 1925 Ismaele,
1411 1874 1512 1913 non
1552 1860 1605 1912 in
1655 1875 1817 1914 carne
1853 1859 2118 1915 ludebat?

548 1953 662 2009 Hoc
687 1966 771 2008 est
794 1956 936 2009 enim
976 1952 1119 2022 quod
1154 1952 1403 2007 mirabile
1430 1961 1512 2005 est
1558 1952 1609 2005 in
1656 1950 1894 2019 Apostoli
1930 1966 2114 2017 sensu,

547 2048 690 2115 quod
719 2047 783 2101 de
812 2045 1007 2115 quibus
1041 2059 1145 2098 non
1195 2050 1372 2112 potest
1398 2043 1634 2097 dubitari
1665 2045 1794 2113 quin
1821 2045 2115 2099 secundum

544 2150 765 2191 carnem
798 2144 946 2203 gesta
980 2133 1109 2195 sint,
1159 2132 1279 2187 haec
1314 2130 1400 2185 ille
1442 2131 1573 2184 dicit
1618 2146 1738 2185 esse
1778 2130 2070 2199 allegorica
2098 2171 2113 2195 ,

545 2238 605 2282 ut
638 2242 734 2281 nos
761 2226 888 2295 quid
925 2225 1229 2279 faciendum
1258 2224 1328 2278 sit
1357 2220 1410 2278 in
1454 2224 1668 2277 caeteris
1695 2223 2029 2287 noverimus,
2064 2230 2120 2277 et

546 2320 599 2374 in
654 2318 737 2373 his
768 2317 1025 2383 maxime,
1076 2317 1127 2370 in
1159 2316 1356 2385 quibus
1392 2316 1525 2369 nihil
1546 2316 1727 2369 divina
1755 2314 1869 2385 lege
1892 2315 2113 2385 dignum

544 2410 802 2465 historica
827 2408 1037 2463 videtur
1070 2407 1312 2463 indicare
1348 2407 1608 2461 narratio.
1660 2406 1850 2461 lsmael
1876 2422 2005 2476 ergo
2032 2423 2117 2461 se-

541 2500 791 2565 cundum,
815 2512 1036 2553 carnem
1066 2496 1311 2551 nascitur
1336 2495 1545 2550 ancilla:
1585 2494 1749 2548 illius.
1787 2492 1936 2548 Isaac
1986 2510 2116 2548 vero

542 2594 635 2663 qui
668 2601 786 2647 erat
832 2590 1016 2647 liberas
1055 2591 1218 2655 ﬁlius,
1249 2605 1354 2645 non
1396 2589 1641 2645 nascitur
1667 2588 1962 2644 secundum
1994 2604 2118 2644 car-

545 2698 689 2750 nem,
713 2683 806 2738 sed
834 2681 1128 2737 secundum
1157 2680 1661 2749 repromissionetn.
1692 2681 1759 2737 Et
1791 2682 1921 2737 dicit
1943 2683 2008 2736 de
2028 2680 2115 2736 his

542 2774 852 2843 Apostolus,
881 2773 1023 2841 quod
1064 2774 1211 2833 Agar
1241 2773 1292 2825 in
1335 2773 1656 2827 servitutem
1693 2772 1947 2842 genuerit
1990 2787 2116 2826 car-

545 2867 727 2921 nalem
760 2866 1014 2935 populum
1048 2880 1063 2930 ;
1093 2863 1228 2918 Sara
1266 2878 1393 2918 vero
1435 2879 1555 2933 qua:
1586 2866 1914 2930 eratlibera,
1946 2878 2105 2932 popu-

540 2970 650 3023 lum
678 2968 923 3039 genuerit
953 2966 1045 3036 qui
1076 2982 1184 3021 non
1210 2966 1509 3021 secundum
1549 2980 1790 3029 carnem,
1818 2964 1914 3018 sed
1957 2963 2015 3017 in
2044 2963 2111 3016 li-

536 3063 749 3117 bertate
799 3069 1020 3117 vocatus
1079 3072 1194 3127 est,
1247 3080 1361 3134 qua
1406 3063 1643 3116 libertate
1694 3061 1931 3115 liberavit
1985 3076 2110 3114 cum

536 3159 769 3216 Christus
789 3162 829 3212 ’.
858 3159 977 3229 Ipse
1013 3159 1156 3213 enim
1198 3159 1348 3225 dixit,
1387 3162 1510 3229 quia
1547 3159 1591 3211 si
1617 3174 1703 3211 vos
1725 3156 1890 3210 Filius
1916 3155 2109 3209 libera—

535 3254 687 3317 verit,
722 3268 839 3306 vere
878 3252 1025 3306 liberi
1061 3253 1205 3305 eritis
1235 3252 1298 3305 ⁸ο.
1326 3252 1466 3317 Quid
1496 3265 1625 3307 vero
1650 3249 1733 3303 his
1766 3247 1915 3302 addit
1944 3261 2113 3315 expo-

535 3358 675 3397 nens
697 3341 1008 3413 Apostolus,
1038 3344 1355 3398 videamus:
1386 3342 1487 3397 Sed
1509 3344 1642 3396 sicut
1671 3354 1810 3404 tunc,
1838 3338 2013 3408 inquit
2044 3336 2107 3401 ¹¹,

542 3440 586 3493 is
619 3439 708 3505 qui
746 3439 1027 3492 secundum
1072 3452 1283 3490 carnem
1310 3445 1409 3499 est,
1453 3434 1857 3503 persequebatur
1883 3448 2001 3487 eum
2023 3433 2112 3502 qui

540 3531 823 3584 secundum
850 3530 1117 3598 spiritum,
1153 3529 1231 3581 ita
1263 3535 1312 3580 et
1354 3543 1510 3580 nunc.
1541 3524 1672 3580 Vide
1702 3524 1974 3594 quomodo
2014 3539 2112 3579 nos

538 3622 834 3692 Apostolus
873 3624 1052 3683 docet,
1078 3622 1202 3691 quia
1238 3621 1292 3674 in
1320 3620 1574 3675 omnibus
1623 3633 1752 3673 caro
1790 3618 2112 3671 adversatur

532 3715 787 3785 spiritui,
855 3715 968 3769 sive
1030 3712 1265 3782 populus
1326 3712 1416 3766 ille
1483 3710 1723 3765 carnalis
1784 3709 2112 3763 adversatur

535 3810 661 3863 huic
688 3807 884 3878 populo
912 3806 1167 3876 spiritali,
1204 3805 1322 3859 sive
1348 3805 1513 3859 etiam
1546 3804 1689 3857 inter
1726 3816 1826 3856 nos
1860 3800 2029 3869 ipsos,
2060 3799 2107 3854 si

536 3900 657 3967 quis
707 3900 885 3953 adhuc
934 3897 1173 3952 carnalis
1217 3904 1323 3961 est,
1370 3893 1710 3965 spiritalibus
1758 3893 2105 3946 adversatur.

536 3989 671 4045 Nam
712 3999 768 4045 et
801 3998 854 4043 tu
890 3990 936 4042 si
962 3988 1256 4043 secundum
1284 4001 1505 4041 carnem
1529 3985 1690 4051 vivis,
1713 3992 1769 4039 et
1805 3983 2105 4038 secundum

538 4098 760 4137 carnem
806 4082 1171 4144 conversaris,
1224 4079 1367 4133 ﬁlius
1407 4093 1468 4133 es
1502 4077 1669 4147 Agar,
1714 4085 1769 4131 et
1818 4084 2106 4144 prapterea

535 4174 847 4228 atlversaris
891 4173 977 4227 his
1005 4172 1096 4241 qui
1128 4171 1429 4226 secundum
1464 4170 1711 4239 spiritum
1747 4167 1948 4221 vivunt.
1988 4165 2109 4217 Sic-

536 4266 784 4320 utetiam
828 4264 879 4319 in
930 4264 1083 4318 nobis
1132 4262 1267 4332 ipsis
1315 4263 1358 4315 si
1403 4261 1767 4331 requirimus,
1800 4257 2106 4312 invenimus

536 4356 921 4424 concupiscere
971 4369 1189 4409 carnem
1230 4354 1488 4407 adversus
1542 4352 1810 4413 spiritum,
1842 4358 1898 4404 et
1946 4348 2105 4418 spiri-

2221 1864 2316 1916 per
2365 1850 2880 1919 repromissionem,
2925 1860 2980 1905 et
3030 1853 3140 1908 eris
3190 1852 3361 1907 haeres
3409 1856 3766 1922 repromissio-

2222 1959 2376 2008 num,
2408 1945 2704 2000 secundum
2735 1946 2877 2014 quod
2921 1948 3123 2002 dictum
3152 1957 3230 2001 est
3266 1946 3308 1978 ⁸⁸
3340 1963 3355 2001 :
3389 1946 3642 2002 Ha'rettes
3666 1952 3765 2019 qui-

2219 2037 2333 2089 dem
2366 2035 2482 2102 Dei,
2531 2038 2826 2092 cohteredes
2854 2052 3029 2094 autem
3058 2039 3278 2097 Christi.
3318 2040 3436 2097 Non
3470 2044 3585 2098 eris
3617 2042 3767 2098 cohae-

2221 2145 2308 2186 res
2333 2131 2475 2200 ejus,
2503 2132 2594 2202 qui
2622 2134 2918 2188 secundum
2950 2148 3170 2190 carnem
3190 2145 3346 2192 natus
3359 2146 3465 2201 est,
3498 2138 3591 2193 sed
3618 2139 3767 2190 colur-

2220 2236 2309 2275 t'es
2335 2222 2563 2288 Christi,
2605 2223 2734 2292 quia
2775 2225 2871 2277 etsi
2917 2226 3251 2293 cognovimus
3297 2226 3571 2282 Christum
3611 2245 3768 2282 secue-

2221 2311 2349 2365 dum
2374 2328 2607 2377 carnem,
2642 2315 2732 2368 sed
2756 2315 3025 2384 nuncjam
3049 2332 3152 2368 non
3182 2318 3418 2371 novimus
3459 2319 3526 2371 ι’.

2293 2403 2347 2458 5.
2384 2404 2451 2459 Ει
2484 2414 2664 2460 tamen
2696 2407 2996 2477 secundum
3029 2422 3091 2461 ea
3120 2422 3241 2477 quae
3271 2410 3473 2478 scripta
3510 2419 3658 2474 sunt,
3684 2426 3768 2464 non

2220 2497 2375 2551 video
2404 2498 2533 2565 quid
2560 2498 2789 2552 moverit
2813 2498 3026 2564 Saram,
3055 2508 3113 2554 ut
3144 2500 3311 2554 lilium
3337 2501 3555 2555 ancilla:
3580 2502 3768 2570 iuberet

2215 2590 2434 2659 expelli.
2464 2589 2708 2645 Ludebat
2736 2607 2861 2647 cum
2915 2592 3023 2648 lilio
3064 2607 3164 2647 suo
3191 2595 3359 2651 Isaac.
3382 2595 3525 2662 Quid
3562 2596 3766 2657 laeserat,

2217 2690 2311 2735 aut
2342 2682 2473 2752 quid
2529 2692 2814 2748 nocuerat,
2866 2684 2912 2739 si
2945 2684 3204 2741 ludebat?
3250 2684 3419 2753 Quasi
3456 2703 3565 2741 non
3614 2689 3768 2741 hocin

2216 2780 2381 2826 astate
2412 2770 2502 2825 illa
2532 2772 2697 2826 etiam
2736 2781 2951 2843 gratum
2978 2788 3098 2829 esse
3126 2776 3399 2839 debuerit,
3425 2777 3577 2845 quod
3606 2777 3770 2831 luserit

2216 2863 2360 2919 ﬁlius
2388 2862 2598 2919 ancilla:
2624 2879 2745 2919 cum
2778 2865 2889 2920 ﬁlio
2910 2867 3115 2922 liberae.
3169 2867 3306 2922 Tum
3336 2869 3537 2924 deinde
3574 2880 3628 2923 et
3653 2871 3771 2938 Apo-

2215 2956 2414 3010 stolum
2452 2958 2647 3021 miror,
2676 2958 2769 3027 qui
2798 2958 2984 3012 ludum
3021 2960 3165 3014 hunc
3203 2962 3639 3029 persecutionem
3668 2978 3770 3031 pro-

2218 3047 2506 3111 nuntiavit,
2543 3047 2732 3103 dicens
2751 3048 2795 3079 ¹⁰
2831 3067 2844 3103 :
2874 3047 2980 3103 Sed
2998 3054 3136 3105 sicut
3160 3062 3283 3105 tunc
3315 3053 3358 3106 is
3384 3054 3479 3121 qui
3508 3055 3770 3107 secundum

2221 3156 2434 3195 carnem
2472 3150 2628 3195 natus
2668 3140 2839 3209 fuerat
2874 3141 3053 3213 (57),
3097 3144 3510 3213 persequebatur
3548 3162 3661 3200 eum
3700 3148 3769 3212 qui

2220 3236 2510 3289 secundum
2548 3236 2815 3303 spiritum,
2865 3238 2941 3291 ita
2974 3246 3022 3290 et
3058 3254 3221 3301 nunc,
3269 3253 3392 3293 cum
3431 3233 3770 3309 utique’nulla

2220 3326 2530 3394 persecutio
2561 3327 2804 3384 lsmaelis
2826 3331 3114 3385 adversum
3147 3330 3290 3386 isaac
3316 3341 3464 3385 mota
3494 3333 3769 3395 referatur,

2221 3415 2323 3471 nisi
2353 3416 2443 3472 hic
2468 3415 2613 3473 solus
2637 3417 2798 3473 ludus
2831 3417 3094 3473 infantia.
3125 3420 3232 3475 Sed
3265 3422 3557 3479 videamus
3581 3424 3700 3493 quid
3727 3426 3770 3477 in

2220 3509 2325 3563 hoc
2364 3508 2493 3564 ludo
2523 3509 2854 3565 intellexerit
2888 3510 3112 3578 Paulus,
3153 3521 3208 3567 et
3248 3514 3376 3583 quid
3409 3514 3690 3586 indignata
3716 3518 3772 3571 sit

2220 3600 2376 3657 Sara.
2421 3600 2685 3673 Superius
2720 3604 2833 3671 jam
2880 3615 3216 3674 exponentes
3253 3607 3640 3676 spiritualiter,
3675 3609 3772 3663 loco

2217 3696 2436 3751 virtutis
2464 3698 2743 3764 posuimus
2767 3694 2981 3753 Saram.
3005 3696 3061 3750 Si
3098 3710 3229 3768 ergo
3264 3712 3396 3753 caro
3416 3699 3583 3766 cujus
3611 3713 3771 3767 perso-

2217 3802 2345 3842 nam
2365 3786 2756 3855 geritlsmael,
2798 3788 2890 3857 qui
2923 3788 3220 3843 secundum
3261 3804 3484 3844 carnem
3532 3792 3771 3855 nascitur,

2217 3878 2432 3947 spiritui
2463 3877 2792 3942 blandiatur,
2849 3878 2944 3949 qui
2996 3889 3080 3934 est
3128 3878 3300 3943 Isaac,
3350 3892 3407 3934 et
3456 3881 3773 3936 illecebrosis

2216 3984 2344 4026 cum
2376 3984 2442 4024 eo
2476 3970 2890 4039 deceptionibus
2923 3981 3069 4041 agat,
3118 3974 3167 4024 si
3200 3971 3659 4029 delectationibus
3686 3973 3772 4027 illi-

2215 4066 2346 4130 ciat,
2387 4063 2754 4131 voluptatibus
2807 4062 3036 4125 molliat,
3075 4062 3452 4130 hujuscemodi
3482 4065 3645 4120 ludus
3666 4080 3771 4119 car-

2216 4153 2300 4207 nis
2327 4168 2448 4207 cum
2495 4154 2713 4221 spiritu,
2761 4152 2954 4205 Saram
2995 4153 3250 4215 maxime,
3300 4167 3423 4222 qua
3469 4162 3559 4207 est
3598 4152 3772 4211 virtus.

2213 4244 2458 4309 oli'endit,
2490 4254 2545 4298 et
2574 4244 2946 4314 hujuscemodi
2975 4243 3341 4298 blandimenta
3369 4245 3771 4300 acerbissimam

2214 4336 2649 4406 persecutionem
2715 4334 2928 4404 judicat
3003 4333 3216 4388 Paulus.
3290 4335 3355 4389 Et
3410 4346 3467 4389 tu
3540 4350 3700 4400 ergo,
3748 4348 3775 4387 0

538 4456 648 4500 tum
685 4446 948 4499 adversus
988 4458 1230 4503 carnem,
1266 4452 1321 4496 et
1354 4443 1469 4497 haec
1505 4442 1607 4496 sibi
1644 4442 1876 4495 invicem
1914 4440 2108 4493 adver-
2140 4453 2185 4510 ι)
2214 4429 2428 4483 audilOI'
2478 4427 2667 4481 Ιιοτυω
2694 4469 2711 4492 ο
2768 4443 2873 4482 non
2931 4427 3075 4480 illam
3124 4427 3295 4481 δοιδιιι
3344 4430 3771 4497 ρει-εθευιὶοηεηι

535 4538 642 4590 sari
673 4538 736 4587 ".
766 4537 831 4590 Et
879 4536 1184 4589 invenimus
1219 4535 1391 4604 legem
1427 4535 1479 4587 in
1527 4534 1785 4586 membris
1837 4533 2039 4586 nostris
2064 4531 2107 4562 “

535 4630 645 4700 79
684 4639 1066 4699 repugnantem
1111 4628 1210 4696 legi
1260 4628 1455 4682 mentis
1491 4637 1712 4692 nostrae,
1762 4636 1817 4681 et
1868 4627 2112 4695 captivos

537 4736 635 4774 nos
675 4719 958 4773 ducentem
1016 4717 1069 4771 in
1111 4718 1226 4787 lege
1265 4717 1499 4787 peccati.
1528 4715 1693 4771 Vides
1733 4727 1949 4784 quantae
1982 4723 2111 4769 sunt

536 4828 727 4882 pugna:
757 4812 1007 4866 carnales
1064 4813 1318 4865 adversus
1367 4809 1655 4879 spiritum?
1711 4808 1804 4862 Est
1833 4808 2010 4861 adhuc
2048 4816 2104 4862 et

536 4904 639 4956 alia
660 4917 835 4973 pugna
863 4904 947 4957 his
975 4917 1113 4971 pene
1137 4902 1391 4957 omnibus
1416 4901 1733 4964 violentior,
1773 4900 1917 4968 quod
1954 4899 1987 4952 ii
2010 4898 2100 4967 qui

536 4996 707 5064 legem
750 4996 1045 5049 secundum
1080 5009 1302 5050 carnem
1351 4993 1698 5063 intelligunt,
1747 4993 2107 5047 adversantur

538 5089 623 5143 his
662 5088 750 5157 qui
783 5088 1077 5142 secundum
1114 5088 1367 5155 spiritum
1396 5088 1665 5152 sentiunt,
1691 5094 1745 5140 et
1770 5098 2108 5155 persequun-

535 5188 627 5235 tur
653 5193 768 5233 eos.
807 5178 1027 5245 Quare?
1071 5182 1195 5247 quia
1222 5179 1471 5233 animalis
1494 5179 1647 5231 homo
1672 5194 1773 5232 non
1800 5175 2019 5243 percipit
2047 5190 2108 5226 ea

601 5317 623 5349 ⁷
643 5316 840 5374 Cenes.
878 5332 987 5381 ut,
1018 5315 1070 5372 9.

527 5410 584 5451 ν,
616 5392 697 5443 ΓΙ.
800 5390 844 5419 ⁸³
876 5390 1033 5442 Rom.
1063 5406 1157 5451 vit,
1189 5392 1279 5444 ‘23.

535 5464 578 5495 ’⁸
604 5456 738 5515 ibid.
768 5461 851 5514 l7.

602 5564 753 5637 (36)
809 5566 1195 5632 Munitionum,
1251 5569 1587 5638 cogitationes
1646 5570 1995 5638 destruentes,
2058 5581 2107 5622 et

533 5649 757 5702 amnem,
786 5646 890 5691 etc.
924 5638 1014 5692 Sic
1060 5648 1206 5693 recte
1252 5637 1455 5692 habent
1482 5653 1612 5691 mss.
1662 5637 1798 5691 Male
1828 5654 1956 5694 vero
1991 5640 2111 5694 libri

532 5703 686 5770 editi,
724 5708 1118 5778 cogitationum,
1147 5710 1465 5763 destruentes
1492 5724 1712 5774 omnem,
1742 5719 1845 5763 etc.

1376 5390 1465 5441 ιιι
1526 5392 1649 5443 Cor.
1682 5407 1739 5453 II,
1775 5393 1859 5444 14.

1153 5317 1173 5347 ⁸
1210 5315 1385 5371 Calat.
1423 5330 1495 5380 iv,
1528 5314 1590 5367 2|
1639 5322 1691 5367 et
1746 5328 1863 5381 seq.
1936 5314 1958 5345 ⁹
1994 5311 2151 5377 ibid.,
2176 5310 2233 5364 3i

1951 5393 1992 5421 ³⁵
2024 5398 2194 5441 halat.
2230 5406 2289 5450 v,
2320 5389 2409 5439 ‘2“2.

932 5462 972 5491 "
1003 5460 1046 5515 ll
1071 5460 1196 5514 Cor.
1227 5478 1277 5525 v,
1306 5458 1392 5513 16.
1468 5460 1513 5491 ²⁰
1541 5459 1709 5513 Galat.
1742 5476 1814 5524 tv,
1845 5461 1934 5514 ἓξ).
2010 5462 2051 5490 ¹¹
2088 5458 2107 5510 ι
2134 5458 2256 5511 Cor.
2291 5474 2365 5519 vi,
2402 5457 2485 5509 18.

2215 4530 2392 4592 putes,
2432 4522 2650 4591 quando
2697 4518 2879 4574 lurore
2921 4518 3206 4589 gentilium
3260 4519 3326 4573 ad
3391 4519 3771 4574 immolandum

2212 4614 2375 4670 idolis
2399 4612 2613 4684 cogeris
2644 4627 2657 4665 :
2688 4616 2781 4666 sed
2808 4612 2852 4666 si
2891 4608 3031 4665 forte
3068 4620 3120 4665 te
3158 4610 3404 4681 voluptas
3444 4611 3637 4666 carnis
3682 4610 3771 4663 illi-

2211 4708 2339 4770 ciat,
2372 4707 2419 4762 si
2453 4706 2548 4760 tibi
2575 4704 2818 4759 libidinis
2866 4701 3073 4756 alludat
3104 4703 3380 4767 illecebra,
3430 4703 3572 4765 haec,
3606 4702 3651 4755 si
3676 4700 3773 4753 vir.

2210 4800 2341 4853 tutis
2382 4815 2443 4854 es
2487 4798 2652 4865 illius,
2703 4810 2961 4870 tanquam
3002 4797 3439 4870 persecutionem
3494 4795 3772 4853 maximam

2203 4891 2345 4961 fuge.
2403 4892 2611 4948 idcirco
2661 4893 2810 4947 enim
2855 4903 2910 4948 et
2955 4890 3251 4963 Apostolus
3289 4890 3429 4945 dicit
3456 4889 3504 4920 “
3547 4906 3561 4942 :
3601 4885 3772 4956 Fugite

2205 4982 2632 5050 fornicationem.
2662 4983 2769 5039 Sed
2804 4984 2847 5037 si
2882 4983 3144 5051 injustitia
3172 4982 3507 5045 blandiatur,
3553 4991 3613 5034 ut
3664 4996 3767 5049 per-

2206 5088 2393 5127 sonam
2422 5074 2659 5141 potentis
2684 5074 2961 5140 accipiens
2990 5074 3008 5145 (
3032 5073 3157 5143 58),
3183 5085 3235 5127 et
3251 5072 3425 5142 gratia
3444 5070 3572 5139 ejus
3595 5072 3773 5132 ﬂexus,

2210 5185 2315 5224 non
2344 5177 2553 5224 rectum
2581 5167 2848 5237 judiCium
2874 5166 3043 5231 feras,
3081 5165 3382 5237 intelligere
3412 5167 3611 5221 debes.
3661 5166 3769 5233 quia

2912 5306 2953 5337 ¹¹
2991 5304 3175 5360 Galat.
3208 5317 3294 5367 tv,
3340 5300 3429 5355 29.
3516 5300 3564 5331 “
3605 5300 3751 5353 Galat

2344 5310 2386 5341 ¹⁹
2415 5309 2697 5371 Joan.vnl,
2742 5304 2833 5362 '56.
2912 5306 2953 5337 ¹¹
2991 5304 3175 5360 Galat.
3208 5317 3294 5367 tv,
3340 5304 3429 5355 29.
3516 5304 3564 5331 “
3605 5304 3751 5353 Gala!

2344 5390 2409 5432 [‘12-
2507 5389 2547 5415 “
2580 5386 2623 5432 ll
2654 5387 2778 5432 (lor.
2809 5398 2866 5432 Χ.
2900 5383 2933 5432 5
2965 5389 3020 5432 et
3048 5394 3198 5432 seua.
3292 5378 3335 5409 ¹⁷
3372 5378 3541 5432 Rom.
3572 5390 3705 5432 vm.
3734 5368 3783 5427 9-

3422 5391 3541 5432 om.
3572 5391 3671 5431 Vill
3688 5410 3705 5438 ν

2507 5389 2547 5415 ³⁵
2579 5386 2625 5437 ll
2654 5387 2778 5438 Cor.
2809 5398 2866 5444 ι,
2900 5383 2933 5435 '5
2965 5389 3020 5434 et
3048 5394 3198 5448 seqq.

2288 5568 2442 5633 (57)
2501 5566 2669 5620 [idem
2723 5578 2879 5627 ωδε..
2934 5570 3088 5615 natus
3131 5561 3323 5629 fuerat,
3370 5558 3519 5628 quod
3562 5558 3618 5611 in
3664 5552 3785 5609 libb.

2220 5639 2377 5694 editis
2421 5636 2707 5692 omittitur.

2291 5707 2439 5777 (58)
2482 5706 2700 5775 Aliquot
2740 5720 2896 5769 mss.,
2952 5703 3203 5773 accipias.
