3902 6522
175 348 256 406 201
1339 341 1406 395 IN
1439 336 1736 398 GENESIM
1773 336 2056 393 HOMILIA
2088 337 2194 394 VII.

3281 342 3388 404 2'02

167 471 260 533 _sub
284 465 459 536 specie
481 464 591 519 ludi
617 463 867 520 blandam
893 464 1320 533 persecutionem
1354 463 1420 517 ab
1456 462 1719 532 injustitia
1750 459 1796 516 Α
1823 468 1981 526 gnata
2013 468 2095 513 est
2139 437 2299 523 Sara,
2324 459 2623 516 videmnus.
2671 459 2829 530 Ejieit
2877 461 3126 516 ancillam
3177 463 3289 534 80
3332 476 3386 520 et

175 558 377 632 pateris.
422 555 619 611 Verum
675 565 732 610 et
770 565 878 624 per
919 555 1160 622 singulas
1211 554 1430 608 malitia:
1487 555 1717 622 species,

175 649 364 708 etiamsi
399 648 582 703 molles
609 657 662 701 et
703 648 952 701 delicata:
990 647 1098 701 sint
1123 656 1176 701 et
1213 646 1339 700 ludo
1367 646 1593 709 similes,
1625 648 1720 700 has

174 738 583 812 persecutionem
616 737 838 806 spiritus
866 738 1063 802 dicito,
1111 738 1236 806 quia
1271 737 1323 790 in
1354 737 1437 792 his
1467 738 1720 792 omnibus

175 832 326 886 virtus
353 827 665 882 oll‘euditur.

231 923 278 976 4.
315 922 426 976 Duo
455 932 583 974 sunt
613 937 744 991 ergo
773 921 866 975 lilii
897 921 1168 976 Abraham
1195 963 1210 987 ,
1249 937 1386 975 unus
1421 922 1486 975 de
1521 921 1716 976 ancilla

170 1026 218 1071 et
239 1030 366 1067 unus
393 1015 458 1067 de
485 1014 652 1067 libera
685 1032 699 1068 :
737 1025 961 1083 uterque
1017 1024 1194 1069 tamen
1245 1014 1385 1070 ﬁlius
1416 1015 1713 1079 Abraham,

172 1107 282 1162 licet
308 1118 412 1158 non
444 1113 673 1171 uterque
712 1106 780 1160 de
823 1105 1010 1160 libera.
1048 1106 1336 1174 Propterea
1367 1115 1421 1161 et
1452 1107 1495 1160 is
1525 1105 1614 1175 qui
1651 1109 1716 1159 de

171 1198 346 1254 ancilla
383 1199 641 1262 nascitur,
693 1199 865 1252 haeres
914 1199 1126 1268 quidem
1173 1214 1275 1252 non
1323 1200 1381 1252 ﬁt
1427 1216 1547 1253 Cllll'l
1608 1199 1714 1253 ﬁlio

171 1291 371 1352 liberte,
404 1287 613 1357 accepit
662 1297 840 1342 tamen
876 1289 1014 1342 dona
1050 1299 1105 1342 et
1142 1304 1247 1342 non
1292 1289 1583 1342 dimittitur
1617 1305 1712 1341 va-

169 1396 304 1437 cuus.
351 1381 574 1448 Accepit
625 1389 679 1434 et
716 1381 828 1449 ipse
891 1381 1356 1448 benedictionem,
1425 1382 1518 1436 sed
1574 1381 1713 1437 ﬁlius

169 1473 337 1526 libera:
377 1472 580 1540 accepit
612 1473 1115 1540 repromissionem.
1145 1474 1232 1526 Fit
1267 1483 1321 1528 et
1357 1473 1444 1528 ille
1484 1473 1620 1546 ('59)
1659 1475 1710 1529 in

167 1573 365 1635 gentem
393 1572 662 1634 magnam,
711 1567 804 1619 sed
846 1567 947 1620 iste
994 1566 1045 1620 in
1093 1567 1348 1635 populum
1385 1569 1707 1636 adoptionis.

163 1656 480 1726 Spiritaliter
543 1672 671 1726 ergo
717 1671 908 1711 omnes
963 1659 1178 1726 quidem
1247 1659 1339 1729 qui
1402 1675 1498 1728 per
1552 1660 1708 1714 ﬁdem

163 1750 371 1802 veniunt
399 1748 462 1800 ad
500 1749 828 1817 agnitionem
884 1750 998 1815 Dei,
1056 1760 1282 1819 possunt
1334 1751 1428 1804 lilii
1478 1751 1710 1804 Abt-aha:

161 1839 278 1894 dici.
313 1836 418 1892 Sed
453 1839 502 1892 in
543 1838 626 1892 his
660 1839 967 1909 suntaliqui
1000 1857 1096 1908 pro
1127 1841 1394 1895 ebaritate
1424 1843 1708 1896 adhaeren-

163 1943 234 1987 tes
281 1933 407 1998 Deo,
456 1933 544 1986 alii
601 1949 696 2002 pro
751 1943 893 1988 metu
942 1945 994 1988 et
1045 1935 1238 1988 timore
1268 1934 1435 1988 futuri
1491 1934 1706 2003 judicii.

162 2027 298 2083 Unde
330 2035 384 2079 et
421 2026 696 2094 apostolus
726 2025 963 2080 Joannes
993 2027 1122 2080 dicit
1145 2029 1234 2079 ’τε
1270 2026 1374 2090 Qui
1401 2027 1579 2092 timet,
1608 2045 1709 2082 non

157 2125 226 2169 est
269 2115 529 2182 perfectus
580 2115 633 2168 in
667 2116 947 2169 charitate.
995 2113 1238 2183 Perfecta
1280 2125 1454 2169 autem
1498 2116 1707 2170 dilectio

153 2206 286 2271 [oras
331 2204 493 2255 mittit
547 2205 805 2257 timorem.
865 2204 974 2259 Iste
1002 2220 1133 2276 ergo
1181 2208 1270 2275 qui
1335 2206 1385 2259 in
1439 2208 1709 2262 charitale

155 2296 411 2366 perfectus
455 2304 555 2360 est,
611 2305 663 2350 et
715 2297 782 2350 de
842 2296 1119 2352 Abraham
1172 2298 1434 2366 nascitur,
1481 2310 1536 2354 et
1567 2299 1708 2355 ﬁlius

153 2388 322 2442 liberae
371 2398 479 2443 est.
537 2386 636 2453 Qui
671 2404 798 2443 vero
843 2405 947 2442 non
996 2389 1234 2459 perlecta
1288 2392 1577 2457 charitate,
1613 2393 1708 2448 sed

155 2481 338 2534 futura:
373 2494 553 2548 paenae
578 2489 724 2533 metu
755 2491 807 2534 et
836 2481 1218 2549 suppliciorum
1246 2483 1436 2537 timore
1455 2485 1706 2539 mandata

76 2573 78 2575 ’
154 2570 402 2633 custodit,
437 2582 521 2624 est
547 2572 764 2640 quidem
798 2583 851 2626 et
885 2573 999 2640 ipse
1032 2573 1174 2628 ﬁlius
1202 2574 1436 2630 Abrahae
1463 2615 1478 2640 ,
1511 2576 1707 2644 accipit

148 2672 199 2718 et
228 2663 340 2732 ipse
390 2663 561 2727 dona,
610 2665 659 2716 id
710 2673 792 2718 est
858 2667 1038 2732 operis
1080 2667 1162 2721 sui
1201 2670 1528 2734 mercedem,
1579 2670 1706 2738 quia

61 2807 69 2814 .
149 2759 298 2812 etiam
328 2758 420 2826 qui
455 2757 669 2810 calicem
713 2774 862 2828 aqua:
895 2758 1107 2828 frigida:
1150 2760 1350 2814 dederit
1398 2771 1600 2815 tantum
1651 2763 1707 2817 in

152 2850 350 2901 nomine
381 2849 653 2915 discipuli,
683 2866 784 2902 non
818 2850 1002 2918 peribit
1032 2867 1225 2905 merces
1252 2853 1364 2921 eius
1394 2853 1460 2907 ”.
1503 2853 1704 2909 Tamen

149 2938 368 2994 inferior
398 2939 495 2993 illo
516 2948 594 2994 est
619 2940 709 3007 qui
743 2955 846 2994 non
883 2941 1061 2994 servili
1095 2943 1284 2997 timore
1307 2987 1321 3010 ,
1375 2944 1469 3000 sed
1499 2945 1549 2999 in
1585 2947 1710 3001 eba-

146 3031 315 3086 ritatis
366 3032 618 3087 libertate
651 3034 923 3101 perfectus
969 3042 1069 3087 est.
1115 3035 1243 3089 'l‘ale
1288 3037 1486 3106 aliquid
1540 3040 1704 3093 etiam

1822 550 1991 605 ﬁlium
2038 552 2173 620 ejus,
2231 555 2327 606 sed
2386 562 2563 607 tamen
2607 553 2699 608 dat
2732 555 2779 609 ei
2823 565 2996 610 utrem
3041 572 3212 625 aqum.
3265 557 3400 621 Non

1820 641 1963 695 enim
2008 643 2239 697 habebat
2266 651 2439 697 mater
2470 643 2587 712 ejus
2617 654 2832 714 puteum
2862 661 3014 716 aqum
3054 649 3183 703 viva:
3209 689 3224 715 ,
3283 666 3388 705 nec

1821 741 2030 801 poterat
2066 747 2198 800 puer
2238 735 2455 789 haurire
2487 737 2552 789 de
2577 747 2743 804 puteo
2770 754 2986 806 aquam.
3034 741 3184 795 Isaac
3216 743 3384 797 habe-

1819 822 1910 876 bat
1943 832 2148 892 puteos,
2174 840 2269 892 pro
2301 825 2499 894 quibus
2536 839 2588 880 et
2620 831 2918 883 certamina
2950 834 3154 900 patitur
3193 837 3385 887 adver-

1819 931 1910 970 sus
1969 916 2320 972 Philisthinos
2370 919 2435 970 ’⁵.
2486 919 2676 973 lsmael
2712 932 2891 975 autem
2944 924 3008 976 de
3061 934 3178 978 utre
3245 928 3383 980 bibit

1819 1021 2037 1073 aquam,
2088 1007 2180 1060 sed
2211 1007 2300 1060 hic
2335 1017 2451 1061 uter
2481 1011 2634 1077 quasi
2672 1019 2789 1063 uter
2820 1011 3024 1078 deﬁcit,
3048 1023 3100 1067 et
3124 1016 3240 1068 ideo
3269 1017 3386 1069 sitit

1818 1097 1918 1171 (41
1952 1099 1970 1167 )
2003 1108 2188 1152 etnon
2233 1100 2436 1153 invenit
2468 1111 2674 1168 potum.
2711 1101 2789 1155 Tu
2835 1113 3010 1156 autent
3061 1107 3153 1173 qui
3184 1122 3384 1160 ερρυη-

1817 1191 1941 1244 dum
1988 1190 2137 1244 Isaac
2189 1194 2629 1260 repromissionis
2671 1209 2731 1247 es
2777 1195 2940 1255 ﬁlius,
2970 1196 3081 1248 bibe
3123 1214 3286 1263 aquas
3316 1199 3383 1250 de

1815 1285 1917 1338 tuis
1942 1283 2174 1352 fontibus
2210 1295 2256 1337 et
2297 1286 2359 1336 tle
2403 1286 2504 1336 tuis
2550 1286 2756 1352 puteis;
2806 1303 2956 1354 aqua:
3009 1303 3109 1339 non
3167 1290 3378 1358 efﬂuant

1814 1374 1982 1443 foras,
2012 1377 2100 1429 sed
2138 1377 2280 1428 intus
2304 1378 2356 1430 in
2389 1377 2491 1428 tuis
2526 1377 2713 1445 plateis
2743 1388 2956 1431 currant
2995 1389 3101 1432 tua:
3130 1397 3280 1447 aqua:
3309 1380 3376 1436 δί’.

1814 1469 1903 1522 llle
1944 1485 2071 1523 vero
2097 1471 2186 1539 qui
2213 1473 2505 1526 secundum
2550 1487 2767 1526 carnem
2816 1484 2974 1526 natus
3017 1482 3118 1539 est,
3161 1475 3224 1527 de
3262 1484 3381 1529 utre

1815 1573 2006 1625 aquam
2042 1561 2196 1625 bibit,
2226 1572 2278 1614 et
2312 1577 2448 1630 aqua
2497 1564 2608 1632 ipsa
2651 1564 2831 1618 deﬁcit
2859 1565 2928 1627 ei,
2983 1575 3037 1620 et
3088 1565 3140 1618 in
3200 1567 3381 1621 multis

1814 1650 2012 1707 deﬁcit.
2049 1651 2175 1706 Uter
2205 1652 2338 1722 legis
2388 1664 2470 1707 est
2523 1654 2720 1718 littera,
2762 1658 2826 1709 de
2855 1672 2957 1725 qua
3008 1656 3093 1709 ille
3144 1658 3381 1712 carnalis

1814 1743 2041 1811 populus
2069 1744 2225 1807 bibit,
2271 1756 2322 1799 et
2373 1745 2495 1799 inde
2533 1747 2860 1801 intellectum
2908 1750 3052 1815 capit
3089 1769 3102 1804 :
3141 1767 3260 1818 quae
3293 1750 3383 1805 lit-

1815 1847 1928 1890 tera
1980 1835 2289 1904 frequenter
2346 1839 2392 1891 ei
2456 1838 2676 1904 deﬁcit,
2729 1849 2783 1893 et
2840 1841 3114 1909 explicare
3165 1859 3223 1898 se
3274 1859 3379 1897 non

1811 1938 2008 1998 potest.
2040 1927 2096 1982 lu
2126 1929 2309 1984 multis
2340 1930 2482 1984 enim
2531 1930 2803 1985 defectum
2834 1935 3038 2003 patitur
3080 1936 3380 1989 historialis

1810 2021 2194 2091 intelligentia.
2267 2022 2507 2076 Ecclesia
2575 2034 2751 2077 autem
2815 2025 2882 2078 de
2941 2027 3267 2096 evangelicis
3325 2037 3381 2081 ct

1813 2113 2126 2181 aposmlicis
2176 2113 2411 2167 fontibus
2458 2113 2612 2178 bibit,
2648 2114 2738 2182 qui
2783 2130 3054 2183 nunquam
3098 2116 3375 2181 deﬁciunt,

1812 2207 1904 2260 sed
1941 2206 1991 2258 in
2035 2205 2226 2274 plateis
2277 2205 2392 2259 suis
2445 2213 2788 2273 percurrunt,
2839 2207 2963 2274 quia
3003 2207 3053 2259 in
3091 2206 3379 2261 latitudine

1811 2297 2071 2366 spiritalis
2152 2297 2614 2365 interpretationis
2684 2296 2961 2351 abundant
3039 2314 3254 2367 semper
3324 2309 3380 2353 et

1811 2387 2001 2442 ﬂuunt.
2028 2388 2172 2442 Bibit
2210 2399 2262 2443 et
2285 2389 2350 2442 de
2386 2389 2580 2456 puteis,
2615 2403 2736 2441 cum
2774 2387 3121 2455 prolundiora
3153 2405 3378 2458 qumque

1813 2479 1996 2533 haurit
2037 2488 2089 2534 et
2119 2488 2396 2534 scrutatur
2444 2495 2509 2533 ex
2561 2479 2696 2547 lege.
2753 2478 2855 2532 Per
2910 2480 3012 2534 hoc
3042 2521 3057 2546 ,
3119 2482 3374 2546 arbitror,

1812 2574 2128 2644 mysterium
2167 2574 2325 2627 etiam
2355 2572 2781 2645 Dominus(4“2)
2828 2583 2880 2628 et
2915 2574 3168 2627 Salvator
3195 2585 3380 2628 noster

1810 2667 2021 2721 dicebat
2045 2666 2110 2720 ad
2137 2663 2558 2732 Samaritanam,
2587 2665 2674 2718 ubi
2711 2665 2850 2718 velut
2873 2666 2916 2719 si
2945 2682 3066 2720 cum
3096 2665 3208 2733 ipsa
3232 2667 3378 2735 Agar

1811 2753 2150 2824 loqueretur,
2215 2754 2393 2808 aiebat
2436 2754 2476 2789 ³¹
2511 2772 2522 2806 :
2557 2753 2739 2808 Omnis
2788 2757 2878 2826 qui
2927 2756 3115 2809 biberit
3170 2773 3235 2810 ea;
3281 2755 3378 2810 hac

1809 2863 1969 2916 aqua,
1995 2848 2133 2901 sitiet
2167 2847 2352 2899 iterum
2378 2862 2398 2910 ;
2427 2846 2512 2916 qui
2544 2857 2719 2900 autent
2752 2846 2936 2901 biberit
2965 2849 3028 2901 de
3057 2866 3192 2918 aqua
3218 2865 3376 2917 quam

1808 2956 1902 3008 ego
1935 2939 2070 2990 dabo
2098 2939 2181 3003 ei,
2215 2954 2318 2996 non
2343 2937 2482 2990 sitiet
2513 2939 2564 2990 in
2595 2949 2869 2994 trternum.
2918 2938 2982 2991 Et
3024 2939 3113 2992 illa
3148 2941 3281 2994 dicit
3309 2941 3375 2993 ad

1813 3029 2152 3084 Salvatorem
2187 3029 2230 3060 ³⁸
2260 3043 2274 3081 :
2304 3027 2385 3080 Du
2418 3029 2568 3092 uti/ti,
2606 3028 2841 3094 Domine,
2881 3032 3014 3082 hanc
3046 3048 3272 3098 aquam,
3320 3043 3376 3085 ut

142 3123 424 3192 Apostolus
458 3125 736 3189 ostendit,
769 3139 890 3179 cum
933 3126 1061 3179 dicit
1101 3126 1143 3156 ’³
1177 3145 1190 3180 ;
1223 3126 1472 3191 Quandiu
1497 3131 1701 3199 quidem
1732 3140 1774 3197 α
1813 3139 1912 3176 non
1939 3123 2136 3188 sitiam,
2184 3137 2342 3190 neque
2387 3122 2589 3174 veniam
2644 3119 2742 3173 lmc
2788 3121 3023 3175 haurire.
3071 3120 3202 3175 Post
3259 3122 3374 3176 haec

142 3217 297 3268 horres
345 3215 602 3283 parvulus
658 3225 754 3278 est,
817 3216 947 3269 nihil
984 3217 1214 3284 cli/ferta
1243 3209 1429 3284 seruo,
1467 3238 1582 3274 cum
1632 3223 1700 3276 sit

143 3307 376 3360 dominus
408 3307 646 3360 amnium
669 3348 684 3371 ,
713 3308 801 3362 sed
832 3307 925 3361 sub
950 3310 1208 3363 tutoribus
1233 3320 1278 3364 et
1304 3313 1570 3366 actoribus
1603 3323 1700 3379 est,

140 3415 295 3466 usque
325 3401 394 3451 ad
413 3399 741 3466 prie/initum
770 3410 968 3467 tempus
997 3419 1027 3454 a
1049 3412 1220 3469 patre.
1270 3401 1534 3458 Parvulas
1574 3420 1704 3476 ergo

138 3497 216 3542 est
236 3489 325 3556 qui
358 3488 506 3542 lacte
534 3489 719 3552 alitur,
747 3497 799 3542 et
827 3505 1021 3558 expers
1059 3501 1144 3545 est
1170 3493 1701 3562 sermonisjustitia’,

136 3595 230 3634 nec
261 3589 441 3647 potest
483 3575 662 3634 cibum
706 3582 938 3634 solidmn
972 3584 1218 3651 accipere
1250 3585 1532 3655 sapientia:
1568 3587 1704 3640 divi-

137 3686 248 3733 nae,
303 3679 358 3723 et
414 3671 662 3726 scientia:
700 3670 857 3739 legis,
912 3673 1001 3740 qui
1051 3689 1153 3726 non
1207 3683 1385 3744 potest
1439 3676 1701 3746 spiritalia

133 3761 472 3829 spiritalibus
520 3776 885 3829 comparare,
942 3764 1031 3832 qui
1098 3764 1339 3818 nondum
1396 3775 1577 3836 potest
1623 3767 1706 3821 di-

134 3865 251 3905 cere
279 3852 328 3884 "
356 3871 369 3906 :
404 3852 539 3905 Cum
572 3861 743 3905 autem
774 3853 944 3921 [actus
977 3870 1091 3907 sum
1123 3857 1224 3920 vir,
1251 3873 1366 3926 qua:
1392 3868 1540 3911 erant
1581 3876 1705 3927 par-

132 3945 230 3999 vuli
251 3946 480 4014 deposui
507 3942 646 4016 (40)
675 3962 689 4011 ;
725 3946 824 3999 iste
846 3963 974 4016 ergo
1007 3949 1138 4001 nihil
1165 3949 1343 4004 diﬂ‘ert
1369 3966 1396 4004 a
1430 3967 1609 4009 servo.
1645 3953 1701 4007 Si

130 4053 252 4092 vero
303 4039 628 4106 relinquens
691 4038 966 4094 initiorum
1009 4043 1206 4096 Christi
1272 4060 1578 4100 sermonem
1637 4049 1704 4101 ad

128 4126 522 4196 perfectionem
554 4129 780 4195 feratur,
831 4142 886 4185 et
917 4149 1031 4202 qua:
1057 4151 1265 4187 sursum
1315 4146 1433 4189 sunt
1475 4146 1701 4206 quaerat,

128 4221 210 4273 ubi
236 4219 490 4275 Christus
515 4234 588 4277 est
613 4225 666 4277 in
697 4225 883 4278 dextra
912 4225 1009 4278 Dei
1039 4227 1241 4292 sedens,
1283 4246 1383 4281 non
1409 4247 1524 4298 ante
1550 4247 1704 4298 super

128 4319 317 4367 terram
347 4316 418 4378 ",
453 4325 509 4369 et
541 4317 932 4386 contempletur
955 4335 1056 4371 non
1085 4335 1144 4372 ea
1175 4336 1291 4388 ante
1318 4321 1577 4388 ridentur,
1613 4324 1702 4375 sed

125 4419 236 4470 quae
279 4419 386 4457 non
438 4405 685 4458 videntur
733 4407 799 4470 ",
847 4422 1020 4476 neque
1063 4409 1114 4460 in
1161 4410 1356 4463 divinis
1404 4410 1701 4480 Scripluris

1791 3215 2068 3270 Dominus
2112 3215 2177 3268 ad
2213 3228 2330 3267 eam
2375 3211 2518 3285 (45)
2553 3229 2568 3262 :
2606 3213 2709 3276 Qui
2756 3212 2940 3273 credit,
2984 3213 3158 3281 inquit
3211 3213 3276 3277 ³³,
3321 3213 3376 3267 in

1806 3323 1906 3368 me,
1937 3306 2024 3374 ﬁet
2057 3307 2108 3358 in
2135 3322 2193 3358 eo
2225 3304 2340 3373 fons
2377 3320 2526 3374 aqum
2558 3304 2791 3357 salientis
2821 3304 2872 3356 in
2913 3304 3070 3358 vitam
3102 3315 3372 3360 a'ternam.

1877 3397 1929 3452 6.
1970 3397 2202 3451 Errabat
2234 3412 2361 3465 ergo
2391 3397 2537 3464 Agar
2583 3412 2675 3464 per
2703 3396 2973 3450 desertum
3019 3412 3138 3450 eum
3184 3414 3372 3467 puero,

1807 3499 1862 3544 et
1893 3504 2023 3557 puer
2053 3487 2319 3557 plorabat,
2350 3496 2402 3540 et
2433 3488 2657 3555 projecit
2686 3503 2807 3541 eum
2842 3490 3007 3557 Agar,
3042 3489 3260 3552 dicens,
3295 3491 3374 3545 Ne

1807 3582 2026 3634 videam
2051 3588 2276 3633 mortem
2306 3579 2396 3631 ﬁlii
2425 3580 2550 3632 mei.
2601 3578 2726 3632 Post
2772 3581 2882 3633 huic
2926 3596 3045 3633 cum
3074 3581 3184 3648 jam
3215 3585 3370 3649 quasi

1809 3671 2104 3725 moriturus
2147 3669 2340 3722 fuisset
2390 3669 2652 3734 abjectus,
2707 3678 2760 3722 et
2797 3669 3056 3736 ﬂevisset,
3115 3674 3270 3726 adest
3323 3672 3373 3726 ei

1809 3762 2031 3832 angelus
2077 3760 2285 3815 Domini
2318 3799 2330 3823 ,
2365 3771 2419 3813 et
2448 3760 2662 3829 aperuit
2704 3761 2894 3814 oculos
2915 3762 3083 3832 Agar,
3144 3772 3198 3816 et
3241 3763 3378 3818 vidit

1806 3865 2028 3922 puteum
2063 3868 2214 3923 aqum
2237 3854 2390 3906 vivae.
2418 3851 2540 3906 ΙΙωο
2564 3853 2629 3906 ad
2657 3854 2938 3906 historiam
2966 3854 3156 3908 referri
3185 3870 3375 3924 quem-

1808 3945 2094 3998 admodum
2148 3945 2420 4012 possunt?
2480 3943 2582 3999 Ubi
2635 3945 2775 3997 enim
2849 3945 3158 3998 invenimus
3228 3947 3373 4015 quod

1805 4039 1950 4108 Agar
2003 4037 2217 4092 clausos
2291 4037 2544 4092 habuerit
2609 4037 2818 4102 oculos,
2879 4046 2935 4115 et
3000 4039 3172 4106 aperti
3243 4051 3376 4092 sunt

1806 4129 2196 4202 postmodum?
2239 4128 2425 4184 Nonne
2465 4129 2582 4183 luce
2611 4129 2808 4182 clarior
2839 4137 2920 4183 est
2959 4130 3012 4183 in
3053 4131 3134 4184 his
3176 4132 3376 4185 intelli-

1808 4223 1984 4293 gentia
2015 4221 2277 4291 spiritalis
2304 4232 2356 4275 et
2381 4221 2634 4292 mystica,
2668 4221 2809 4290 quod
2835 4221 3076 4290 abjectus
3103 4223 3252 4277 estis
3280 4225 3370 4291 qui

1809 4316 2104 4371 secundum
2158 4331 2378 4369 carnem
2432 4325 2515 4369 est
2557 4316 2811 4385 populus,
2847 4326 2902 4372 et
2929 4316 3109 4370 tamlitt
3147 4317 3290 4384 jacet
3320 4319 3373 4372 in

1808 4409 1949 4463 fame
1978 4419 2026 4463 et
2052 4409 2166 4474 siti,
2193 4424 2295 4462 non
2329 4409 2520 4476 famem
2553 4408 2570 4482 (
2597 4408 2688 4479 Η)
2713 4409 2864 4477 panis
2895 4409 3190 4478 perferens,
3216 4428 3377 4479 neque

127 4506 383 4563 sequatur
449 4499 786 4553 occidentem
843 4498 1115 4563 litteram,
1163 4502 1254 4556 sed
1329 4503 1696 4557 viviﬁcantem
1732 4487 1780 4546 Ῑ)
1807 4502 1948 4555 sitim
1984 4516 2160 4569 aqnw,
2195 4501 2282 4553 sed
2309 4502 2448 4554 sitim
2473 4501 2613 4555 verbi
2642 4501 2734 4554 Dei
2763 4501 2826 4564 π,
2869 4502 3040 4554 donec
3062 4503 3376 4570 aperiantur

125 4588 372 4654 Spiritum
407 4605 423 4642 :
460 4603 526 4643 ex
555 4589 657 4644 illis
681 4591 781 4644 erit
805 4591 924 4644 sine
957 4590 1138 4657 dubio,
1171 4593 1261 4660 qui
1299 4609 1401 4645 non
1431 4594 1705 4662 accipiunt

124 4681 364 4748 spiritum
415 4683 686 4737 seruitutis
728 4686 918 4738 iterum
957 4686 1010 4737 in
1049 4687 1235 4738 timore
1261 4726 1273 4746 ,
1313 4687 1402 4752 sed
1450 4689 1696 4754 spiritum

123 4775 452 4841 adoptionis,
499 4775 553 4828 in
579 4793 680 4846 quo
712 4777 946 4832 clament
980 4795 994 4830 :
1026 4777 1171 4829 Abba
1205 4777 1367 4831 Pater
1391 4779 1455 4832 ’⁸.

187 4867 239 4921 5.
285 4869 434 4934 Quid
494 4871 708 4924 interim
740 4881 866 4940 agat
916 4871 1192 4925 Abraham
1240 4883 1522 4940 postquam
1567 4874 1704 4929 indi-

188 5006 274 5060 “l
305 5008 451 5064 Joan
495 5008 678 5067 1v.18.
755 5010 800 5042 "
824 5009 1011 5066 Matth.
1039 5027 1092 5072 χ,
1118 5011 1208 5064 45.

124 5076 167 5107 ³⁸
203 5078 362 5134 Rom.
403 5094 544 5144 vm,
574 5079 662 5135 15.
769 5081 813 5111 ²⁹
841 5081 1036 5135 Grues.
1072 5097 1218 5134 xxvi.

124 5147 166 5179 ”
192 5152 364 5204 Amos
401 5165 533 5215 vui,
561 5150 644 5204 ll.
721 5149 765 5180 ⁸⁸
800 5149 953 5208 Rom.
998 5169 1073 5216 ιι,
1096 5152 1186 5206 25.

233 5290 348 5362 59)
387 5290 557 5362 Μεε.,
581 5291 641 5359 ﬁt
666 5301 714 5344 et
738 5291 863 5354 ille;
887 5292 1019 5347 libb.
1045 5293 1200 5355 editi,
1237 5294 1330 5362 ﬁat
1364 5304 1411 5347 et
1450 5294 1554 5348 ille.

229 5361 344 5430 40)
381 5361 553 5416 Libb.
587 5363 739 5424 editi,
771 5365 1012 5418 evacuavi
1034 5381 1151 5432 qua:
1175 5361 1324 5419 erant
1350 5365 1578 5434 parvuli,
1607 5365 1701 5420 sed

124 5447 247 5485 mss.
282 5445 343 5484 ut
381 5436 440 5484 in
475 5442 667 5486 nostro
700 5443 866 5486 textu.

222 5502 285 5555 H
319 5502 338 5572 )
377 5501 548 5561 Mss.,
575 5503 721 5562 sitit;
749 5502 876 5556 libb.
919 5503 1066 5568 editi,
1093 5506 1243 5572 petit.

230 5502 285 5555 Η
377 5502 548 5561 Mss.,
575 5503 721 5562 sitit;
749 5502 876 5556 libb.
919 5503 1066 5568 editi,
1093 5506 1243 5572 petit.

230 5502 532 5697 ιῖιίἰιίω).
569 5573 697 5625 editi
739 5592 752 5626 :
787 5589 878 5642 pro
913 5575 1011 5626 hoc
1042 5576 1270 5628 arbitror
1296 5576 1539 5646 mysterio
1562 5577 1699 5645 quod

230 5659 271 5697 ιη
356 5643 599 5697 ominus.
627 5643 718 5696 sed
753 5659 880 5696 mss.
909 5653 966 5697 ttt
1000 5645 1051 5697 in
1091 5657 1276 5697 nostro
1301 5657 1471 5697 textu.

123 5643 271 5697 etiam
304 5643 599 5700 Dominus.
627 5643 718 5696 sed
753 5659 880 5696 mss.
909 5653 966 5697 ttt
1000 5645 1051 5698 in
1091 5657 1276 5700 nostro
1301 5643 1471 5700 textu.

187 5716 322 5786 (45)
376 5713 518 5769 Post
561 5711 670 5766 ha’c
722 5713 973 5768 Dominus
997 5716 1066 5767 ad
1095 5733 1232 5785 earn,
1273 5727 1380 5772 etc.
1436 5715 1704 5771 Memoria:

499 5806 776 5869 Parnm.
810 5809 928 5868 Gn.
979 5806 1118 5871 ΧΠ.

1286 5012 1330 5042 ³³
1360 5011 1477 5065 Gal.
1511 5028 1584 5076 tv,
1620 5013 1670 5077 1,
1697 5013 1753 5066 2.

1324 5081 1368 5111 ιο
1405 5081 1564 5137 Prov.
1610 5098 1659 5148 ν,
1693 5083 1788 5150 15,
1822 5084 1906 5136 te.

1811 4595 1950 4647 oeuli
1979 4609 2269 4664 synagoga:
2294 4594 2316 4646 ?
2344 4593 2454 4648 lloc
2487 4604 2567 4648 est
2599 4594 2740 4664 quod
2766 4593 3057 4660 Apostolus
3084 4594 3216 4648 dicit
3255 4609 3375 4646 esse

1810 4687 2126 4756 mysterium
2179 4686 2224 4717 ³⁵
2259 4702 2273 4738 :
2303 4685 2438 4750 Quia
2486 4686 2691 4738 cwcitas
2742 4684 2954 4752 contigit
3009 4701 3072 4737 ea:
3119 4698 3267 4754 parte
3318 4686 3374 4739 in

1814 4777 2004 4840 Israel,
2034 4777 2196 4830 donec
2245 4776 2514 4846 plenitudo
2558 4777 2788 4845 gentium
2833 4776 3108 4842 introiret,
3166 4787 3212 4830 et
3252 4787 3374 4830 tunc

1811 4874 1980 4927 omnis
2015 4872 2184 4926 Israel
2220 4872 2398 4926 salvus
2427 4873 2595 4941 ﬁeret.
2635 4869 2740 4926 Ista
2778 4881 3016 4941 estergo
3051 4874 3267 4929 accitas
3318 4873 3373 4927 in

2364 5001 2794 5070 "Coloss.tn,l.
2918 5009 3156 5066 "llCor.
3189 5015 3372 5078 tv,l8.

2583 5081 2626 5111 ³²
2667 5082 2798 5137 ibid.
2844 5080 2931 5138 15.
3035 5084 3079 5114 ³³
3120 5085 3250 5142 ibid.
3283 5085 3371 5140 Us.

1829 5014 1874 5044 ⁸⁵
1898 5004 2285 5069 lCor.xu,ll°

2008 5081 2050 5112 δι
2089 5081 2248 5136 Joan.
2279 5095 2346 5145 tv,
2394 5081 2482 5134 15.

1808 5294 1990 5362 lapsus
2032 5301 2113 5348 est
2141 5292 2192 5346 in
2235 5292 2489 5362 Origene,
2519 5306 2642 5345 nam
2677 5307 2794 5361 qua:
2827 5300 3129 5361 sequuntur
3158 5290 3370 5362 Domini

1805 5361 1996 5426 verba,
2030 5379 2134 5416 non
2164 5361 2352 5429 postea
2377 5399 2393 5426 ,
2422 5362 2520 5417 sed
2545 5368 2704 5417 antea
2738 5364 2883 5418 dicta
2925 5372 3069 5427 sunt,
3102 5377 3296 5430 nempe
3337 5361 3374 5426 ’ἐι

1808 5433 1895 5496 14,
1924 5440 1976 5485 et
1999 5433 2123 5486 aliis
2159 5433 2401 5487 vocibus.

1875 5501 2028 5575 (44)
2092 5504 2220 5575 Siti,
2258 5519 2359 5556 non
2402 5502 2613 5575 fantem.
2661 5501 2754 5575 Sic
2812 5503 2980 5575 codex
3027 5500 3374 5575 Belraeeasis

1808 5570 2187 5644 ntelius'quam
2212 5574 2339 5629 libb.
2368 5570 2502 5630 editi
2523 5574 2576 5628 in
2607 5573 2806 5643 quibus
2825 5573 3026 5644 legitur
3063 5590 3076 5625 :
3105 5573 3218 5629 siti.
3247 5570 3374 5628 Non

1807 5644 1944 5698 enim
1981 5643 2194 5714 (autem.

2960 5807 2997 5864 7
