3902 6506
542 368 649 423 205

2038 336 2196 396 ORIG
2206 336 2357 393 ENIS
3681 344 3761 400 204

541 493 706 560 Agar,
753 499 872 556 qua:
913 479 1207 537 secundum
1241 490 1460 533 carnem
1499 473 1686 546 genuit
1721 491 1733 526 :
1766 484 1883 541 qum
1933 464 2118 521 tandiu
2151 467 2194 524 Α
2225 463 2364 517 citus
2398 469 2482 516 est
2526 462 2596 527 ei,
2649 461 2776 530 quia
2810 460 2862 514 in
2911 458 3022 514 filio
3069 459 3159 530 qui
3213 470 3532 516 nasceretur
3559 475 3622 516 ex
3650 463 3759 523 Sara

543 583 596 635 in
635 593 696 633 ea
724 579 1044 646 permanet,
1091 570 1266 624 donec
1319 566 1566 621 velamen
1609 564 1804 618 litterae
1843 560 2120 614 auferatur

540 688 639 742 per
661 666 1009 731 Evangelium
1039 663 1130 716 Dei
1175 661 1288 733 (ἠΰ
1311 661 1349 731 ).
1384 669 1440 714 et
1477 661 1651 712 videat
1689 670 1884 726 aquam
1916 656 2114 707 vivam.

537 763 696 816 Nunc
722 760 866 813 enim
904 756 1093 827 jacent
1139 754 1308 809 Judaei
1341 755 1484 808 circa
1525 753 1698 820 ipsum
1729 760 1947 818 puteum
1974 786 1990 812 ,
2022 745 2116 799 sed

537 853 679 907 oculi
704 866 892 906 eorum
919 850 1087 904 clausi
1117 857 1245 903 sunt
1275 864 1288 899 :
1320 857 1374 900 et
1423 860 1526 899 non
1563 851 1793 912 possunt
1837 841 2023 895 bibere
2053 838 2118 892 de

534 953 700 1014 puteo
730 943 864 1010 legis
901 950 951 995 et
986 941 1394 1008 prophetarum.
1445 935 1550 990 Sed
1583 943 1638 988 et
1667 949 1764 987 nos
1796 946 2112 994 caveamus,

537 1037 663 1107 quia
703 1035 1016 1104 frequenter
1047 1043 1100 1086 et
1134 1047 1230 1086 nos
1261 1032 1405 1084 circa
1447 1039 1664 1097 puteum
1685 1026 1932 1095 jacemus
1965 1039 2117 1092 aqua:

535 1129 695 1192 vivae,
727 1127 779 1181 id
813 1135 894 1182 est
920 1126 1065 1179 circa
1097 1124 1408 1192 Scripturas
1441 1121 1682 1184 divinas,
1705 1128 1760 1172 et
1785 1131 2032 1170 erramus
2061 1115 2113 1168 in

537 1219 690 1291 ipsis.
728 1217 1000 1273 Tenemus
1033 1217 1200 1269 libros
1242 1224 1294 1268 et
1332 1213 1561 1282 legimus
1584 1253 1599 1277 ,
1639 1212 1734 1265 sed
1776 1207 2113 1278 spiritualem

538 1327 756 1369 sensum
790 1326 892 1365 non
919 1308 1255 1374 attingimus.
1296 1307 1363 1361 Et
1401 1308 1520 1361 ideo
1563 1321 1700 1374 opus
1738 1315 1820 1360 est
1863 1303 2115 1375 lacrymis

539 1414 599 1460 et
623 1403 961 1458 orationibus
990 1401 1424 1456 indesinentibus
1445 1401 1741 1470 postulare,
1771 1409 1826 1453 nt
1860 1398 2114 1454 Dominus

540 1491 752 1561 aperiat
786 1490 973 1544 oculos
1003 1498 1257 1556 nostros;
1289 1490 1416 1559 quia
1456 1500 1511 1543 et
1543 1489 1618 1543 illi
1668 1489 1795 1543 cruci
1840 1489 1927 1557 qni
1957 1489 2112 1543 sede-

540 1584 676 1636 bant
708 1582 759 1635 in
805 1578 1023 1634 Jericho
1054 1581 1124 1646 ³⁸,
1160 1580 1262 1634 nisi
1316 1581 1644 1634 clamassent
1689 1580 1754 1633 ad
1803 1578 2111 1641 Dominum,

541 1690 647 1728 non
679 1673 910 1729 fuissent
956 1674 1130 1742 aperti
1162 1671 1303 1727 oculi
1338 1685 1548 1727 eorum.
1609 1670 1674 1725 Et
1722 1671 1850 1740 quid
1893 1670 2113 1741 dico,ut

539 1765 864 1836 aperiantur
888 1765 1029 1821 oculi
1057 1765 1274 1820 nostri?
1302 1765 1425 1832 quia
1453 1763 1564 1833 jam
1591 1763 1762 1832 aperti
1788 1771 1934 1816 sunt.
1957 1760 2112 1816 Jesus

539 1859 684 1913 enim
729 1859 877 1914 venit
911 1859 1124 1927 aperire
1172 1856 1357 1912 oculos
1408 1870 1698 1910 caecorum.
1749 1854 1932 1924 Aperti
1969 1869 2109 1923 ergo

539 1956 668 2002 sunt
696 1947 840 2002 oculi
878 1947 1072 2012 nostri,
1111 1956 1163 2001 et
1190 1947 1258 2001 de
1293 1946 1469 2000 littera
1499 1944 1630 2014 legis
1669 1944 1913 1999 velamen
1960 1943 2111 1997 abla-

538 2044 652 2090 tum
690 2047 790 2092 est.
827 2036 932 2092 Sed
965 2052 1158 2091 vereor
1203 2051 1268 2090 ne
1310 2051 1407 2090 nos
1437 2036 1533 2105 ipsi
1563 2051 1658 2090 eos
1690 2050 1881 2090 somno
1915 2035 2112 2090 iterum

538 2130 890 2202 profundiore
947 2128 1286 2194 claudamns,
1346 2129 1471 2181 dum
1540 2144 1646 2182 non
1707 2128 1994 2198 vigilanms
2059 2129 2111 2182 in

537 2221 818 2276 intellectu
841 2218 1088 2288 spiritali,
1123 2232 1298 2288 neque
1322 2217 1535 2273 solliciti
1561 2233 1749 2274 sumus
1775 2230 1830 2272 nt
1859 2234 2111 2274 somnum

536 2312 892 2368 discutiamus
945 2311 1013 2365 ab
1067 2310 1240 2366 oculis
1301 2311 1533 2375 nostris,
1579 2319 1632 2366 et
1683 2311 2113 2380 contemplemur

538 2419 657 2473 quae
685 2403 950 2472 spiritalia
979 2410 1128 2466 sunt,
1155 2403 1231 2456 uti
1255 2417 1322 2457 ne
1348 2417 1469 2456 cum
1501 2403 1697 2472 populo
1731 2403 1935 2456 carnali
1965 2405 2111 2458 circa

539 2496 710 2564 ipsam
736 2509 930 2563 aquam
961 2494 1118 2563 positi
1151 2508 1416 2556 erremus,
1450 2495 1578 2562 quin
1602 2496 1781 2563 potius
1805 2496 2108 2565 vigilemus,

540 2595 595 2640 et
640 2601 764 2639 cum
811 2585 1078 2654 PrOpheta
1122 2584 1367 2639 dicamus
1400 2584 1441 2614 ³⁷
1477 2602 1489 2637 :
1528 2583 1588 2638 Si
1639 2586 1828 2638 dedero
1871 2601 2109 2640 somnum

541 2675 708 2729 oculis
738 2677 889 2741 meis,
934 2685 983 2729 et
1030 2677 1291 2744 palpebris
1344 2677 1470 2730 meis
1519 2677 1968 2742 dormitationem,
2018 2689 2110 2731 aut

541 2769 771 2836 requiem
821 2770 1138 2837 temporibus
1193 2769 1363 2833 meis,
1409 2769 1570 2822 donec
1623 2769 1882 2822 inveniam
1939 2769 2110 2822 locum

540 2861 790 2925 Domino,
832 2862 1233 2916 tabernaculum
1283 2861 1392 2916 Deo
1444 2859 1632 2916 Jacob.
1682 2861 1788 2930 Ipsi
1844 2860 2014 2932 gloria
2059 2870 2115 2915 et

542 2953 833 3021 imperium
858 2954 910 3008 in
941 2955 1135 3008 sarcula
1173 2954 1514 3008 saeculorum.
1545 2955 1740 3008 Amen.

1100 3041 1373 3096 HOMILIA
1420 3041 1555 3099 Vlll.

2222 556 2583 626 complebitur
2610 556 2715 609 ista
2753 554 3063 623 promissio.
3100 555 3438 610 Accenderat
3487 570 3616 626 ergo
3661 561 3757 611 ani-

2223 663 2369 700 mum
2406 647 2576 715 ipsius
2603 645 2656 700 in
2681 657 2924 699 amorem
2951 644 3072 709 filii,
3107 660 3212 700 non
3249 646 3420 700 solum
3450 649 3759 716 posteritatis

2221 741 2422 811 gratia,
2455 741 2550 796 sed
2573 751 2628 796 et
2656 741 3081 811 promissionum
3116 752 3232 807 spe.
3279 737 3384 792 Sed
3425 738 3568 792 hunc
3605 738 3654 792 in
3677 755 3762 808 quo

2221 832 2270 885 ei
2295 833 2482 900 positza
2507 843 2634 886 sunt
2661 831 3052 901 promissiones
3084 843 3292 898 magnae
3340 829 3454 883 istze
3481 839 3537 884 et
3568 830 3760 884 mirabi-

2222 924 2299 978 les
2331 969 2344 991 ,
2381 926 2545 991 hunc,
2585 925 2825 993 inquam,
2860 923 3026 976 filium
3082 922 3132 974 in
3161 935 3267 989 quo
3296 930 3547 974 vocatum
3573 932 3651 976 est
3685 938 3762 976 no-

2220 1033 2342 1073 men
2374 1018 2492 1084 ejus
2533 1017 2830 1080 Abraham,
2874 1014 3248 1069 holocaustum
3295 1013 3525 1067 Domino
3565 1011 3762 1082 jubetur

2218 1110 2412 1165 ollerre
2443 1111 2495 1164 in
2533 1125 2640 1163 uno
2666 1125 2731 1163 ex
2759 1107 3053 1162 montibus.
3083 1107 3220 1174 Quid
3250 1115 3303 1159 tu
3328 1106 3392 1158 ad
3417 1107 3551 1171 hazc,
3571 1107 3764 1161 oAbra-

2217 1201 2380 1254 ham?
2405 1199 2534 1265 Qure
2558 1206 2611 1254 et
2636 1198 2825 1266 quales
2851 1195 3211 1266 cogitationes
3230 1203 3521 1248 moventur
3554 1194 3606 1247 in
3629 1196 3762 1249 corde

2221 1293 2346 1347 tuo?
2381 1290 2592 1344 Prolata
2623 1299 2706 1344 est
2735 1303 2833 1342 vox
2863 1305 2892 1342 a
2925 1288 3057 1350 Deo,
3090 1303 3208 1356 quzu
3236 1285 3495 1340 discutiat
3523 1294 3575 1338 et
3601 1287 3762 1354 probet

2220 1384 2375 1438 fidem
2407 1393 2572 1438 tuam.
2603 1382 2743 1449 Quid
2767 1381 2832 1434 ad
2859 1380 2975 1434 haec
3007 1379 3179 1434 dicis?
3209 1379 3347 1446 Quid
3376 1377 3620 1444 cogitas?
3647 1379 3760 1445 Quid

2218 1475 2517 1531 retractas?
2540 1475 2776 1529 Putasne
2799 1473 3032 1527 revolvis
3063 1473 3115 1526 in
3147 1474 3310 1527 corde
3341 1483 3454 1536 tuo,
3485 1471 3633 1540 quia,
3661 1472 3697 1524 si
3719 1472 3759 1526 in

2216 1567 2364 1624 Isaac
2386 1569 2507 1622 data
2531 1577 2613 1622 est
2650 1566 2779 1621 mihi
2814 1565 3185 1635 repromissio,
3230 1567 3373 1620 hunc
3409 1574 3591 1620 autem
3620 1565 3762 1622 offero

2222 1661 2623 1724 holocaustum,
2651 1667 2901 1728 superest
2927 1667 2984 1712 ut
3020 1672 3125 1710 non
3159 1667 3409 1729 speretur
3434 1657 3539 1711 ulla
3567 1663 3763 1726 promis-

2227 1756 2309 1809 sio
2342 1753 2499 1826 (46)?
2528 1753 2633 1807 Aut
2668 1751 2838 1821 magis
2875 1749 2961 1803 illa
3002 1749 3208 1819 cogitas
3251 1759 3306 1802 et
3339 1749 3498 1813 dicis,
3533 1748 3653 1818 quia
3683 1750 3761 1803 im-

2218 1847 2475 1918 possibile
2503 1854 2584 1901 est
2613 1843 2829 1900 mentiri
2855 1859 2978 1897 eum
3023 1843 3113 1910 qui
3155 1842 3500 1911 repromisit;
3533 1842 3762 1910 quidquid

2217 1939 2348 1993 illud
2373 1937 2554 2000 fuerit,
2578 1935 2868 2007 promissio
2893 1935 3266 2005 permanebit‘.t
3292 1935 3493 1989 Verum
3519 1950 3639 2005 ego,
3661 1936 3761 2003 quia

2218 2031 2474 2086 minimus
2524 2045 2662 2094 sum,
2708 2011 2857 2082 'tanti
2909 2029 3236 2098 patriarchae
3273 2029 3641 2097 cogitationes
3673 2045 3761 2082 non

2215 2123 2370 2178 valeo
2413 2119 2765 2193 perscrutari,
2817 2134 2919 2172 nec
2965 2118 3108 2172 scire
3147 2133 3395 2185 possum,
3423 2133 3522 2171 vox
3555 2118 3642 2170 Dei
3669 2133 3763 2187 qua:

2215 2213 2279 2267 ad
2317 2212 2628 2266 tentandum
2660 2226 2780 2265 eum
2802 2218 3164 2278 processerat,
3195 2224 3331 2278 quas
3361 2211 3410 2263 ei
3436 2209 3764 2277 cogitationes

2215 2305 2464 2369 moverit,
2515 2303 2643 2373 quid
2676 2301 2843 2356 animi
2877 2301 3144 2368 attulerit,
3191 2315 3312 2354 cum
3338 2299 3626 2368 juberetnr
3668 2303 3763 2355 nni-

2215 2411 2336 2450 cum
2383 2393 2654 2464 jugulare.
2703 2391 2811 2446 Sed
2862 2391 3118 2460 quoniam
3157 2391 3373 2460 spiritus
3416 2391 3761 2459 prophetarum

2212 2486 2474 2557 prOphetis
2506 2484 2768 2554 subjectus
2809 2494 2882 2537 est
2919 2483 2984 2549 “,
3016 2482 3217 2539 Paulus
3263 2483 3542 2554 apostolus
3572 2485 3656 2553 qui
3688 2500 3763 2554 per

2214 2577 2488 2647 Spiritum,
2521 2574 2704 2640 credo,
2731 2573 3000 2628 didicerat
3029 2574 3156 2643 quid
3196 2575 3386 2638 animi,
3413 2575 3544 2644 quid
3582 2576 3762 2630 consilii

2214 2667 2489 2722 Abraham
2516 2665 2767 2734 gesserit,
2800 2664 3064 2718 indicavit
3117 2665 3305 2719 dicens
3327 2665 3372 2696 “
3401 2681 3414 2717 :
3454 2665 3592 2720 Fide
3618 2666 3762 2719 Abra-

2213 2763 2336 2816 ham
2362 2777 2463 2814 non
2493 2760 2773 2826 hwsitavit,
2805 2776 2920 2813 cum
2963 2760 3174 2814 unicum
3208 2760 3444 2829 o/I‘erret,
3476 2760 3533 2813 iu
3561 2777 3658 2830 quo
3691 2777 3763 2814 ac-

2215 2864 2419 2925 ceperat
2469 2853 2925 2921 repromissiones,
2981 2853 3218 2922 cogitans
3267 2853 3395 2922 quia
3435 2862 3482 2906 et
3512 2871 3545 2906 a
3575 2853 3765 2906 mortuis

2215 2964 2331 3003 eum
2365 2946 2620 3015 suscitare
2646 2953 2824 3012 potens
2874 2955 2949 2997 est
2987 2943 3146 2998 Deus.
3199 2944 3445 3000 Prodidit
3472 2960 3604 3013 ergo
3641 2947 3767 2998 nobis

2217 3040 2572 3110 cogitationes
2605 3038 2704 3091 viri
2740 3036 2913 3091 fidelis
2961 3036 3271 3104 Apostolus,
3318 3038 3461 3106 quod
3523 3039 3652 3092 fides
3699 3053 3768 3091 re-

581 3133 660 3188 Dc
689 3150 748 3188 eo
778 3134 916 3204 quod
947 3133 1129 3188 obtulit
1180 3133 1449 3188 Abraham
1487 3133 1659 3203 ﬁlium
1705 3150 1856 3189 suum
1899 3130 2074 3189 Isaac.
2143 3165 2185 3222 ο
2219 3131 2577 3186 surrectionis
2616 3130 2726 3199 jam
2774 3138 2884 3183 tum
2945 3128 3133 3182 haberi
3193 3130 3426 3198 cmperit
3495 3129 3549 3184 in
3614 3130 3762 3184 Isaac.

613 3225 666 3280 ι.
686 3227 951 3282 Adhibcte
967 3227 1069 3281 huc
1087 3242 1267 3294 aures,
1284 3228 1372 3297 qni
1398 3227 1709 3282 accessistis
1727 3227 1791 3280 ad
1809 3227 2112 3292 Dominum,

540 3319 633 3388 qui
667 3317 853 3374 fideles
879 3333 999 3375 esse
1029 3334 1124 3374 vos
1156 3320 1396 3386 creditis,
1426 3331 1480 3374 et
1511 3321 1855 3376 considerate
1885 3320 2114 3391 diligen-

544 3414 650 3467 tius
698 3412 1152 3480 quemadmodum
1208 3411 1444 3468 fidelium
1480 3411 1611 3466 fides
1641 3412 1905 3482 probatur
1932 3426 1996 3466 ex
2029 3412 2114 3466 his

541 3519 662 3572 qua:
701 3504 925 3558 recitata
972 3513 1097 3558 sunt
1129 3504 1304 3560 nobis.
1365 3505 1429 3558 Et
1460 3506 1659 3575 factum
1695 3514 1794 3570 est,
1837 3504 2010 3575 inquit
2044 3505 2111 3571 ³⁸,

537 3605 652 3664 post
683 3597 792 3650 haec
824 3596 1000 3661 verba,
1041 3599 1257 3652 tentavit
1289 3596 1426 3652 Deus
1451 3597 1740 3664 Abraham,
1769 3608 1815 3651 et
1849 3597 1982 3652 dixit
2017 3598 2067 3652 ei
2092 3614 2111 3652 .'

537 3687 829 3754 Abraham,
853 3687 1140 3742 Abraham.
1173 3689 1240 3743 Et
1268 3689 1357 3744 ille
1392 3691 1557 3744 dixit:
1578 3687 1712 3744 Ecce
1729 3705 1844 3760 ego.
1870 3690 2109 3745 Observa

537 3778 748 3848 singula
779 3795 899 3848 qua:
930 3781 1135 3846 scripta
1169 3791 1314 3835 sunt.
1380 3781 1434 3834 ln
1483 3781 1712 3852 singulis
1739 3783 1882 3836 enim
1916 3783 1959 3837 si
1989 3784 2111 3852 quis

539 3873 641 3924 scit
665 3872 717 3925 in
743 3871 907 3925 altum
934 3872 1140 3936 fodere,
1168 3873 1409 3928 inveniet
1438 3874 1847 3939 tbesaurum;et
1862 3874 2112 3930 fortassis

539 3966 706 4020 etiam
759 3965 849 4020 ubi
898 3980 1003 4020 non
1064 3965 1430 4032 existimatur,
1497 3965 1669 4020 latent
1728 3971 2111 4038 mysteriorum

539 4066 779 4138 pretiosa
809 4066 1050 4124 monilia.
1081 4067 1280 4122 Abram
1307 4069 1603 4122 vocabatur
1647 4069 1730 4122 vir
1773 4069 1878 4122 iste
1926 4069 2106 4138 prius,

537 4171 596 4219 et
645 4176 914 4230 nusquam
964 4159 1194 4229 legimus
1241 4161 1386 4230 quod
1431 4160 1532 4214 hoc
1571 4161 1787 4214 homine
1832 4162 2111 4214 vocaverit

537 4268 660 4309 eum
713 4251 874 4317 Deus,
927 4261 1026 4306 aut
1071 4251 1270 4306 dixerit
1321 4253 1390 4318 ei,
1447 4253 1674 4318 Abram,
1722 4253 1942 4307 Abram.
1995 4253 2108 4309 Non

538 4347 683 4402 enim
721 4363 749 4400 a
785 4345 892 4401 Deo
931 4344 1115 4399 vocari
1175 4352 1388 4414 poterat
1426 4346 1645 4400 nomine
1681 4346 1910 4402 delendo
1935 4387 1950 4414 ,
2013 4349 2106 4403 sed

540 4448 699 4494 vocat
737 4454 860 4495 eum
896 4437 999 4493 hoc
1029 4437 1250 4493 nomine
1295 4437 1438 4507 quod
1479 4439 1594 4505 ipse
1624 4439 1880 4504 donavit,
1917 4451 1971 4496 et
2001 4458 2105 4496 non

2219 3225 2493 3279 Abraham
2541 3237 2670 3292 ergo
2718 3232 3158 3278 resurrecturum
3205 3225 3462 3294 sperabat
3517 3223 3678 3287 Isaac,
3727 3232 3768 3277 et

2217 3316 2471 3371 credebat
2511 3314 2623 3386 (l'l)
2675 3314 2950 3380 futurum,
2997 3317 3140 3386 quod
3185 3316 3361 3370 adhuc
3399 3331 3506 3370 non
3549 3326 3663 3370 erat
3700 3314 3768 3370 fa-

2218 3417 2386 3464 ctum.
2420 3406 2700 3474 Quomodo
2719 3422 2850 3477 ergo
2876 3407 2968 3461 filii
2989 3416 3116 3462 sunt
3145 3407 3448 3473 Abraham,
3471 3409 3564 3477 qui
3590 3407 3766 3463 factum

2217 3516 2323 3554 non
2358 3499 2592 3554 credunt
2623 3499 2675 3552 in
2703 3498 2948 3562 Christo,
2981 3504 3122 3569 quod
3155 3500 3241 3554 ille
3275 3500 3517 3555 futurum
3563 3503 3768 3558 credidit

2217 3593 2269 3647 in
2317 3592 2504 3646 Isaac?
2545 3591 2677 3656 lmo,
2732 3599 2790 3644 ut
2835 3593 3075 3660 apertius
3111 3593 3329 3662 loquar,
3365 3595 3575 3648 sciebat
3623 3595 3671 3650 in
3716 3610 3762 3648 se

2213 3683 2490 3739 Abraham
2537 3683 2731 3736 futura:
2779 3683 3027 3738 veritatis
3069 3683 3358 3751 imaginem
3416 3685 3766 3753 prteformari,

2215 3776 2424 3831 sciebat
2454 3775 2519 3828 de
2554 3775 2761 3829 semine
2792 3790 2892 3829 suo
2923 3777 3261 3831 nasciturum
3288 3775 3595 3840 Christum,
3625 3775 3707 3845 qui
3729 3785 3771 3826 et

2214 3867 2522 3923 otl‘ereudus
2559 3880 2703 3922 esset
2740 3869 2904 3924 totius
2941 3869 3125 3924 mundi
3169 3868 3354 3924 verior
3386 3869 3594 3934 hostia,
3621 3878 3673 3923 et
3697 3883 3769 3921 re-

2215 3971 2563 4016 surrecturus
2601 3975 2629 4014 a
2661 3961 2914 4015 mortuis.

2282 4075 2337 4128 2.
2356 4075 2460 4128 Sed
2491 4089 2634 4128 nunc
2661 4073 2875 4127 interim
2908 4072 3158 4138 tentabat,
3185 4072 3436 4142 inquit“,
3471 4072 3611 4126 Deus
3633 4071 3772 4124 Abra-

2213 4171 2336 4223 ham
2375 4180 2421 4223 et
2450 4168 2577 4221 dicit
2601 4168 2666 4221 ad
2696 4184 2810 4220 eum
2843 4184 2862 4222 :
2902 4167 3092 4235 Accipe
3119 4166 3292 4235 ﬁlium
3342 4175 3492 4218 tuum
3547 4164 3774 4218 charissi-

2214 4277 2355 4314 mum
2401 4276 2552 4331 quem
2603 4259 2800 4328 diligis.
2860 4257 2976 4312 Non
3039 4257 3182 4311 enim
3244 4256 3538 4312 suffecerat
3595 4256 3772 4310 dixisse

2214 4353 2401 4420 ﬁlium,
2440 4353 2532 4407 sed
2569 4350 2819 4419 adjicitur
2857 4357 2912 4404 et
2959 4349 3346 4403 charissimam.
3385 4349 3517 4404 Esto
3555 4359 3612 4403 et
3644 4349 3770 4402 hoc:

2215 4447 2343 4515 quid
2372 4445 2550 4500 adhuc
2581 4443 2797 4497 additur
2820 4453 2876 4498 et
2907 4458 3061 4511 quem
3116 4442 3338 4511 diligis?
3376 4440 3482 4496 Sed
3517 4441 3641 4496 vide
3669 4449 3765 4494 ten-

538 4537 715 4593 solum
757 4545 916 4593 vocat
948 4551 1069 4591 eum
1107 4538 1208 4592 hoc
1240 4537 1494 4596 nomine,
1551 4537 1646 4590 sed
1695 4545 1750 4590 et
1789 4536 2106 4606 ingeminat.
2143 4517 2189 4574 Ῑ)
2219 4537 2440 4594 talionis
2481 4538 2712 4606 pondus.
2738 4535 2934 4589 Charis
2973 4548 3028 4589 et
3059 4534 3310 4590 dulcibus
3333 4533 3773 4604 appellationibus

537 4628 782 4698 Curaque
844 4629 934 4683 ille
993 4628 1361 4695 respondisset
1405 4645 1420 4682 :
1467 4626 1604 4681 Ecce
1658 4645 1772 4698 ego,
1839 4628 1971 4683 dicit
2038 4629 2107 4682 ad

538 4737 660 4777 eum
683 4721 727 4753 ⁸⁸
747 4739 762 4777 :
785 4721 972 4791 Accipe
995 4722 1168 4790 [ilium
1193 4732 1339 4774 tuum
1366 4720 1733 4774 charissimam
1751 4737 1902 4790 quem
1925 4720 2106 4791 diligis

536 4809 717 4876 Isaac,
745 4825 793 4865 et
823 4813 1009 4881 o/feres
1040 4809 1167 4864 mihi
1193 4827 1332 4864 eum.
1382 4809 1558 4878 Vade,
1593 4811 1791 4879 inquit,
1824 4812 1880 4864 in
1912 4820 2108 4864 terram

535 4907 822 4972 excelsam,
862 4914 912 4960 et
946 4906 1017 4958 ibi
1069 4904 1254 4974 oﬂcres
1305 4921 1422 4958 eum
1480 4904 1846 4958 holocaustum
1886 4904 1943 4958 in
1998 4919 2107 4958 uno

537 5015 604 5054 ea:
651 4999 932 5064 montibus,
980 5013 1132 5067 quem
1175 4997 1448 5051 ostendero
1483 4997 1598 5050 tibi.
1639 4994 1845 5050 Nomen
1888 4996 2107 5065 quidem

537 5107 637 5146 cur
672 5091 722 5144 ei
763 5090 1045 5146 donaverit
1077 5091 1240 5156 Deus,
1268 5101 1322 5146 et
1347 5091 1626 5145 vocaverit
1656 5104 1778 5143 eum
1803 5088 2107 5155 Abraham,

536 5181 656 5252 ipse
680 5180 1068 5249 interpretatus
1097 5189 1202 5248 est,
1232 5181 1355 5252 quia
1390 5191 1625 5247 patrem,
1657 5181 1834 5249 inquit
1858 5179 1929 5244 ⁸ο,
1970 5179 2112 5233 mul-

536 5284 713 5327 tarunt
743 5271 976 5342 gentium
997 5274 1149 5341 posui
1173 5283 1242 5326 te.
1275 5271 1425 5326 Hanc
1450 5271 1925 5341 repromissionem
1961 5270 2112 5325 dedit

529 5364 639 5438 81
675 5365 722 5419 ei
754 5364 914 5431 Deus,
952 5379 1077 5419 cum
1115 5363 1338 5420 haberet
1379 5365 1544 5418 filium
1579 5364 1794 5431 lsmael,
1825 5365 1920 5420 sed
1951 5365 2115 5436 polli-

605 5487 651 5519 ³⁸
689 5485 876 5541 Matth.
915 5501 1011 5550 xx,
1051 5485 1140 5540 50.
1242 5483 1286 5515 ³⁷
1328 5482 1472 5538 Psal.
1509 5498 1699 5546 cxxxl,
1738 5483 1795 5549 4,
1820 5481 1877 5538 5.

534 5573 648 5623 xw,
676 5557 766 5613 3‘2.
867 5556 913 5588 “
951 5557 1117 5611 Hebr.
1153 5571 1232 5622 xl,
1266 5555 1350 5608 Π.
1448 5553 1494 5584 ⁵³
1519 5555 1715 5608 Cenes.
1745 5569 1882 5619 xxii,
1921 5555 1972 5620 Ι,
2005 5555 2062 5608 2.

608 5701 759 5773 (δῦ)
818 5701 921 5757 Per
980 5699 1328 5773 Evangelium
1373 5697 1492 5754 Dei.
1540 5697 1676 5754 Tres
1742 5713 1875 5754 mss.
1928 5696 2104 5755 Turo-

537 5771 753 5839 nenses,
778 5790 866 5841 per
900 5772 1142 5844 angelum
1178 5771 1292 5826 Dei.

611 5844 723 5915 (46)
764 5839 840 5900 ita
871 5839 999 5902 mss.
1031 5843 1176 5901 Alias
1205 5857 1369 5910 vero,
1398 5839 1490 5897 illa
1519 5840 1824 5912 promissio.

1956 5483 2000 5515 ³⁸
2037 5483 2233 5541 Cenes.
2279 5499 2414 5553 χιιι,
2448 5484 2500 5538 1.

2217 4632 2412 4686 iterum
2448 4644 2513 4684 ac
2544 4642 2686 4697 saepe
2732 4627 3003 4695 repetitis,
3041 4627 3253 4696 paterni
3292 4626 3632 4682 suscitantur
3663 4622 3772 4678 affe-

2215 4733 2357 4789 ctus,
2386 4732 2444 4778 ut
2467 4721 2671 4776 amoris
2693 4719 2985 4790 evigilante
3017 4721 3273 4774 memoria
3301 4719 3367 4773 ad
3402 4717 3772 4774 imniolandum

2215 4815 2384 4869 filium
2428 4823 2649 4884 paterna
2689 4811 2916 4866 dextera
2957 4810 3332 4864 retardaretur
3359 4850 3374 4876 ,
3423 4821 3478 4864 et
3530 4811 3774 4864 adversus

2214 4906 2373 4960 fidem
2404 4904 2570 4958 animi
2607 4912 2714 4958 tota
2746 4902 2934 4958 carnis
2958 4901 3147 4956 militia
3196 4911 3547 4972 repugnaret,
3574 4899 3774 4956 additur

2213 4995 2532 5053 teutationis
2589 5003 2836 5064 tempore
2877 5012 2890 5048 :
2928 4993 3138 5057 Accipe,
3198 4993 3394 5063 inquit,
3445 5007 3578 5062 ergo
3621 4992 3774 5060 ﬁlium

2213 5097 2360 5142 tuum
2401 5085 2789 5150 charissimam,
2815 5097 2963 5153 quem
2999 5082 3382 5152 dili‘gistaac.
3420 5081 3576 5148 Esto,
3608 5080 3774 5136 Domi-

2211 5193 2300 5245 ne,
2325 5179 2451 5248 quia
2480 5190 2878 5232 commemoras
2905 5175 2970 5229 de
2999 5175 3108 5227 tilio
3137 5187 3366 5242 patrem,
3397 5174 3557 5230 addis
3586 5185 3645 5228 et
3664 5173 3775 5226 cha-

2213 5273 2502 5333 rissimum,
2533 5285 2694 5339 quem
2738 5267 2989 5339 prmcipis
3013 5267 3272 5338 jugulari.
3299 5265 3544 5322 Sufﬁciat
3586 5267 3688 5321 hoc
3716 5265 3774 5319 ad

2213 5365 2542 5436 supplicium
2573 5363 2770 5433 patris.
2822 5343 2996 5420 Addis
3027 5377 3268 5427 rursum,
3304 5371 3359 5416 et
3395 5379 3550 5434 quem
3582 5362 3774 5432 diligis.

2578 5481 2622 5514 ⁸⁸
2643 5481 2776 5537 ibid.
2809 5481 2866 5535 2.
2940 5480 2986 5512 ⁸ο
3005 5479 3201 5536 Cenes.
3223 5494 3355 5542 xvn,
3376 5478 3431 5533 5.
3533 5479 3580 5511 “
3604 5477 3628 5536 Ι
3656 5475 3774 5536 Cor.

2287 5696 2398 5769 (47)
2438 5696 2605 5769 Alias,
2655 5697 2896 5769 credidit.
2935 5693 3202 5769 Etpanlo
3261 5693 3395 5748 infra
3421 5732 3459 5769 ,_
3484 5692 3681 5769 sciebat
3733 5708 3780 5746 se

2217 5762 2483 5824 Abraham
2511 5767 2712 5837 futura:
2741 5768 2975 5824 veritatis
3007 5762 3286 5837 imaginem
3316 5762 3680 5835 prteformari.
