3902 6502
165 340 265 401 205

1352 358 1419 415 ΙΝ
1454 358 1751 418 GENESIM
1787 361 2069 421 IIOMILIA
2104 366 2236 424 Vill.

3290 373 3400 428 206

165 462 282 517 Sint
312 472 366 518 et
399 464 450 518 in
479 465 578 520 hoc
600 468 812 535 parenti
838 470 1100 541 triplicata
1125 475 1563 547 supplicia.Qnid
1587 498 1721 552 opus
1746 489 1794 546 Α
1822 484 1909 539 die
1947 484 2105 541 olli-rt
2137 488 2463 543 sacriﬁcium
2514 489 2640 554 Deo,
2672 500 2725 547 et
2754 494 2806 548 in
2833 493 2921 549 die
2958 494 3113 551 tertia
3142 495 3399 565 puriﬁca~

161 561 246 608 est
275 555 450 608 adhuc
469 566 532 611 ut
562 573 954 618 commemores
972 575 1031 619 et
1051 565 1204 620 Isaac
1220 568 1497 640 ?Nunqnid
1519 577 1724 631 nescie-

160 643 253 697 bat
286 645 560 701 Abraham
593 651 719 719 quia
751 652 892 707 ﬁlius
922 671 1051 711 suus
1090 657 1180 714 ille
1206 660 1595 729 charissimus,
1634 666 1724 721 iile

161 747 317 803 quem
348 736 621 805 diligebat,
664 740 815 796 Isaac
832 748 1285 805 vocaretur?.Sed
1317 766 1412 806 cur
1441 755 1544 810 hoc
1573 757 1724 811 addi-

162 833 246 878 tur
281 824 333 879 in
393 832 670 896 tempore?
712 832 778 888 Ut
828 838 1208 893 recordaretur
1265 843 1538 900 Abraham
1594 849 1722 917 quia

162 915 376 972 dixeras
393 922 457 973 ad
475 936 595 974 eum
617 925 830 991 quodin
861 925 1019 981 Isaac
1036 932 1307 985 vocabitur
1337 937 1434 989 tibi
1462 915 1635 993 semen
1653 940 1719 1005 “,

159 1009 375 1076 etquod
406 1010 457 1063 in
494 1010 639 1067 lsaac
667 1026 828 1069 erunt
868 1019 959 1072 libi
1015 1023 1485 1089 repromissiones.
1536 1029 1621 1084 Fit
1667 1040 1723 1086 et

158 1104 600 1158 commemoratio
645 1108 906 1176 nominis,
946 1122 1003 1167 ut
1048 1123 1103 1169 et
1144 1119 1567 1185 promissionum
1600 1141 1719 1194 quae

159 1190 256 1244 sub
287 1191 389 1246 hoc
426 1196 641 1251 nomine
672 1197 829 1255 facta:
860 1213 1007 1269 sunt,
1044 1206 1351 1277 desperatio
1377 1217 1588 1269 subeat.
1610 1190 1718 1272 Sed

159 1280 272 1334 haec
294 1284 491 1347 omnia,
523 1287 645 1353 quia
682 1293 921 1346 tentabat
955 1295 1093 1351 Deus
1119 1297 1416 1355 Abraham.

220 1370 277 1425 ὃ.
312 1373 447 1439 Quid
480 1388 599 1445 post
623 1381 771 1436 hinc?
816 1383 982 1463 Vade,
1008 1388 1183 1457 inquit
1207 1392 1272 1456 ⁵³,
1301 1394 1355 1447 in
1387 1403 1579 1449 terram
1626 1416 1717 1453 ea:-

154 1466 344 1519 celsam
372 1470 422 1522 in
448 1486 608 1525 unum
635 1490 699 1528 ea:
728 1479 1011 1547 montibus,
1038 1499 1189 1552 quem
1223 1487 1318 1539 tibi
1345 1490 1633 1554 ostendero,
1668 1502 1717 1547 et

152 1557 224 1610 ibi
251 1576 367 1612 eum
399 1563 584 1629 o/feres
625 1567 1011 1628 holocaustum.
1060 1575 1342 1631 intuemini
1379 1594 1473 1648 per
1503 1582 1715 1654 singula

151 1654 420 1718 quomodo
445 1657 579 1711 ﬁunt
603 1663 919 1720 tentationis
937 1680 1250 1738 augmenta.
1281 1671 1421 1727 Vade
1439 1676 1491 1729 in
1521 1686 1713 1733 terram

148 1744 431 1801 excelsam.
459 1745 707 1819 Nunquid
730 1768 831 1807 non
852 1765 1097 1824 potuerat
1122 1760 1242 1815 duci
1267 1764 1416 1831 prius
1445 1766 1712 1822 Abraham

148 1847 273 1887 cum
309 1851 477 1903 puero
523 1842 591 1895 ad
639 1843 781 1897 illam
830 1854 1030 1903 terram
1084 1854 1374 1921 excelsam,
1410 1865 1463 1911 et
1511 1859 1713 1929 imponi

150 1925 302 1991 prius
350 1928 403 1981 in
431 1941 667 1986 montem
704 1950 1081 2008 quemcunque
1122 1941 1400 2013 delegerat
1434 1925 1713 2016 Dominus,

148 2024 198 2068 et
229 2016 304 2071 ibi
340 2020 407 2073 ad
437 2037 558 2076 eum
594 2025 697 2079 dici
738 2036 795 2081 ut
835 2028 1056 2085 olierret
1092 2032 1298 2089 ﬁlium?
1336 2036 1439 2092 Sed
1490 2042 1638 2110 prius
1660 2041 1713 2097 ei

148 2107 347 2164 dicitur
377 2114 501 2182 quia
533 2116 730 2174 offerre
756 2122 946 2177 debeat
978 2124 1143 2179 ﬁlium
1178 2142 1357 2195 suum,
1389 2142 1443 2185 et
1474 2107 1714 2201 tiuncju-

147 2198 305 2255 betur
335 2204 415 2258 ire
446 2206 497 2259 in
528 2217 725 2263 terram
750 2214 1049 2280 excelsam,
1075 2225 1129 2271 et
1160 2221 1455 2276 ascendere
1479 2223 1530 2276 in
1558 2241 1715 2278 mon~

148 2302 275 2351 tem.
306 2295 423 2362 Quo
453 2300 555 2355 hoc
598 2307 841 2373 spectat?
875 2306 942 2362 Ut
989 2308 1114 2363 dum
1160 2311 1423 2380 ambulat,
1458 2315 1583 2369 dum
1612 2318 1714 2373 iter

144 2386 276 2455 agit,
311 2405 406 2457 per
442 2400 606 2447 totam
632 2398 774 2450 viam
809 2400 1230 2468 cogitationibus
1260 2404 1619 2475 discerpatur,
1657 2418 1715 2464 ut

146 2479 276 2533 hinc
315 2495 636 2554 perurgente
670 2500 958 2559 prmeepto,
1009 2493 1137 2549 hinc
1187 2511 1314 2550 vero
1346 2499 1489 2553 unici
1517 2499 1713 2557 aﬁ‘cctu

142 2569 455 2628 obluctante
479 2578 770 2633 crucietur.
788 2579 1078 2650 Propterea
1097 2600 1227 2653 ergo
1246 2588 1404 2641 ctiam
1426 2591 1508 2643 via
1530 2591 1712 2661 injun-

142 2660 308 2730 gitur,
336 2665 497 2719 etiam
524 2671 721 2724 montis
740 2675 1003 2741 ascensio,
1026 2686 1084 2730 ut
1114 2678 1166 2731 in
1194 2678 1276 2734 his
1306 2682 1560 2735 omnibus
1592 2698 1712 2751 spa-

145 2751 277 2806 tium
299 2759 613 2814 certaminis
630 2763 859 2832 accipiat
874 2764 1099 2823 aliectus
1128 2779 1181 2823 et
1200 2770 1351 2837 ﬁdes,
1370 2789 1523 2828 amor
1544 2774 1633 2830 Dei
1658 2786 1714 2833 et

140 2856 293 2897 amor
306 2850 512 2914 carnis,
534 2856 878 2920 praesentium
900 2862 1071 2928 gratia
1089 2871 1141 2915 et
1155 2866 1486 2933 exspectatio
1502 2866 1713 2923 futuro~

142 2950 278 2990 rum.
302 2938 538 2997 Mittitur
561 2960 689 3015 ergo
722 2951 772 3001 in
795 2958 991 3005 terram
1014 2953 1310 3022 excelsam,
1326 2965 1501 3011 etnon
1517 2960 1712 3015 sufﬁcit

139 3030 468 3095 patriarcha:
514 3046 719 3092 tantum
752 3056 886 3110 opus
936 3045 1163 3101 Domino
1211 3060 1504 3115 peracturo
1560 3061 1707 3108 terra

139 3120 377 3189 excelsa,
413 3128 508 3180 sed
540 3136 593 3181 et
620 3144 854 3186 montem
887 3134 1107 3201 jubetur
1137 3141 1431 3195 ascendere
1454 3182 1468 3207 ,
1496 3144 1706 3201 scilicet

138 3220 194 3262 ut
216 3210 324 3265 ﬁde
345 3214 521 3272 elatus
549 3226 761 3276 terrena
791 3224 1131 3297 derelinquat
1155 3239 1210 3285 et
1237 3230 1302 3286 ad
1327 3247 1561 3302 superna
1584 3251 1708 3291 con-

133 3306 380 3361 scendat.

199 3396 256 3454 4.
302 3398 554 3457 Surrexit
573 3424 692 3477 ergo
715 3409 980 3467 Abraham
1010 3430 1185 3482 mane,
1211 3429 1259 3471 et
1292 3424 1474 3475 stravit
1504 3423 1709 3479 asinam

134 3504 306 3555 suam,
347 3503 397 3545 et
431 3497 656 3551 concidit
688 3498 829 3570 ligna
855 3504 924 3556 ad
957 3506 1347 3565 holocaustum.
1395 3513 1461 3566 Et
1513 3518 1709 3585 accepit

129 3580 477 3647 ﬁliumsuum
506 3588 686 3657 Isaac,
719 3602 768 3647 et
799 3596 930 3649 duos
956 3614 1168 3666 pueros,
1202 3612 1249 3656 et
1274 3608 1503 3672 pervenit
1531 3612 1597 3660 ad
1630 3580 1711 3661 lo-

131 3869 273 3914 tasse
307 3863 504 3930 voluit,
531 3869 655 3935 quia
688 3870 900 3927 initium
933 3875 1068 3931 lucis
1101 3879 1408 3947 splenderet
1452 3883 1503 3935 in
1541 3885 1705 3937 corde

128 3952 264 4021 ejus.
324 3957 536 4013 Stravit
609 3962 818 4019 asinam
869 3981 1063 4036 suam,
1136 3969 1277 4040 ligna
1343 3973 1700 4041 praeparavit,

126 4051 431 4119 assumpsit
453 4052 640 4108 ﬁlium.
674 4056 788 4111 Non
819 4058 1101 4126 deliberat,
1134 4078 1239 4117 non
1272 4064 1558 4129 detractat,
1594 4083 1701 4121 non

124 4145 498 4199 communicat
528 4160 647 4200 cum
680 4148 786 4203 ullo
812 4150 1031 4207 homine
1065 4154 1376 4221 consilium,
1402 4161 1494 4211 sed
1518 4160 1701 4212 statim

126 4243 363 4302 occupat
416 4236 541 4291 iter.
574 4235 642 4291 Et
689 4243 939 4309 pervenit,
975 4243 1169 4313 inquit,
1219 4248 1286 4299 ad
1328 4248 1519 4313 locum,
1550 4265 1701 4318 quem

122 4328 334 4383 dixerat
358 4332 408 4385 ei
434 4331 691 4387 Dominus
719 4336 804 4389 die
826 4336 1003 4391 tertia.
1037 4339 1239 4394 Omitto
1275 4357 1418 4396 ntmc
1451 4343 1573 4411 quid
1609 4357 1699 4396 sa-

120 4423 393 4477 cramenti
441 4426 716 4480 contineat
744 4428 863 4483 dies
894 4431 1075 4495 tertia,
1115 4433 1437 4501 sapientiam
1484 4442 1538 4487 et
1568 4449 1699 4489 con-

1829 584 1932 630 tur.
1966 577 2031 631 Et
2058 581 2394 637 resurrectio
2425 581 2637 638 Domini
2672 585 2830 641 tertia
2858 596 2942 641 est
2969 587 3091 654 die;
3140 598 3195 645 et
3225 589 3391 645 multa

1825 665 1931 719 alia
1966 665 2107 721 intra
2137 668 2273 723 hanc
2297 668 2438 723 diem
2478 674 2734 741 mysteria
2767 678 3178 734 concluduntur.

1894 758 1946 812 5.
1975 759 2293 829 Respiciens,
2334 762 2508 832 inquit
2525 764 2594 830 ⁸⁷,
2634 766 2900 822 Abraham
2947 771 3073 824 vidit
3126 771 3298 827 locum
3325 775 3393 829 de

1824 850 1995 921 longe,
2026 863 2071 906 et
2092 853 2225 907 dixit
2254 856 2325 907 at!
2350 872 2540 920 pueros
2570 873 2691 911 suos
2716 874 2734 912 :
2762 857 2945 915 Sedete
2964 863 3045 915 hic
3070 881 3186 918 cum
3215 867 3390 933 asina,

1823 959 1914 1013 ego
1954 955 2127 999 autem
2158 955 2205 999 et
2226 964 2354 1015 puer
2376 948 2564 1002 ibimus
2604 967 2763 1024 usque
2793 952 2941 1020 illuc,
2975 965 3024 1008 et
3059 974 3173 1010 cum
3196 959 3393 1012 adora-

1820 1039 2065 1100 verimus,
2102 1049 2416 1093 revertemur
2458 1042 2525 1095 ad
2568 1058 2679 1097 vos.
2733 1045 2944 1100 Pueros
2994 1049 3235 1107 dimittit.
3270 1052 3388 1107 Non

1820 1125 1963 1180 enim
2014 1137 2263 1195 poterant
2310 1132 2607 1187 ascendere
2635 1134 2789 1200 pueri
2844 1151 2966 1189 cum
3013 1138 3289 1194 Abraham
3320 1140 3389 1196 ad

1822 1216 2124 1274 holocausti
2166 1218 2342 1274 locum
2372 1235 2531 1289 quem
2560 1225 2873 1277 ostenderat
2904 1227 3065 1283 Deus.
3100 1227 3205 1283 Vos
3232 1246 3390 1298 ergo,

1820 1309 2015 1379 inquit,
2049 1312 2256 1378 sedete;
2281 1329 2373 1382 ego
2400 1323 2573 1367 autem
2597 1324 2642 1369 et
2679 1317 2857 1386 infans
2897 1318 3111 1385 ibimus,
3163 1333 3211 1376 et
3264 1340 3386 1377 cum

1818 1402 2230 1469 adoraverimus,
2250 1415 2564 1460 revertemur
2580 1408 2648 1459 ad
2662 1424 2774 1462 vos.
2802 1409 2895 1464 Dic
2914 1412 3067 1477 mihi,
3086 1414 3387 1480 Abraham,

1819 1510 2005 1549 verum
2038 1497 2173 1551 dicis
2203 1497 2267 1551 ad
2297 1511 2515 1566 pueros,
2542 1501 2684 1568 quod
2713 1501 2928 1568 adores,
2961 1514 3016 1558 et
3046 1506 3232 1560 redeas
3264 1522 3386 1561 cum

1818 1585 2046 1652 infante,
2080 1603 2147 1641 an
2181 1588 2367 1643 fallis?
2402 1587 2459 1643 Si
2491 1604 2678 1644 verum
2716 1592 2871 1659 dicis,
2917 1609 3047 1664 ergo
3080 1611 3186 1650 non
3222 1596 3388 1653 facies

1817 1693 1939 1733 eum
1959 1678 2355 1735 holocaustum.
2384 1679 2439 1735 Si
2465 1680 2627 1746 fallis,
2655 1690 2861 1738 tantum
2889 1688 3253 1756 patriarcham
3279 1705 3385 1745 non

1821 1766 1972 1821 decet
2001 1768 2211 1826 fallere.
2243 1770 2383 1837 Quid
2417 1770 2559 1825 enim
2590 1774 2757 1829 animi
2798 1776 2850 1829 in
2883 1786 2935 1831 te
2976 1778 3181 1835 indicat
3207 1796 3387 1837 sermo

1748 1833 1789 1888 Β
1819 1861 1950 1915 hic?
1996 1861 2220 1929 Verum,
2269 1865 2467 1934 inquit,
2514 1867 2657 1932 dico,
2701 1877 2756 1922 et
2803 1869 3170 1926 holocaustum
3217 1872 3385 1929 οπετο

1816 1967 2064 2021 puerum.
2122 1955 2323 2010 Idcirco
2353 1958 2494 2011 enim
2530 1957 2671 2026 ligna
2718 1975 2926 2015 mecum
2973 1973 3149 2030 porto,
3183 1974 3382 2020 etcum

1817 2042 1932 2113 ipso
1967 2047 2124 2100 redeo
2158 2048 2223 2101 ad
2264 2062 2382 2101 vos.
2429 2048 2603 2104 Credo
2656 2049 2797 2104 enim
2840 2061 2892 2106 et
2932 2054 3066 2108 ﬁdes
3101 2070 3220 2110 mea
3270 2055 3386 2111 haec
3424 2126 3433 2133 ο

1815 2146 1916 2202 est,
1964 2138 2103 2208 quod
2158 2149 2204 2193 et
2253 2157 2284 2194 a
2329 2142 2549 2196 mortuis
2600 2145 2856 2200 suscitare
2907 2162 3021 2201 eum
3069 2158 3254 2217 potens
3306 2160 3385 2205 est

1816 2228 1956 2283 Deus
1983 2230 2049 2283 ‘3.

1887 2322 1938 2374 6.
1978 2320 2104 2376 Post
2131 2324 2242 2378 haec
2288 2327 2507 2396 accepit,
2535 2327 2710 2396 inquit
2741 2328 2809 2395 ⁸ο,
2838 2329 3106 2385 Abraham
3142 2332 3283 2404 ligna
3310 2335 3381 2389 ad

1816 2414 2203 2481 holocaustum,
2239 2427 2288 2472 et
2337 2421 2677 2489 superposuit
2714 2438 2774 2475 ea
2817 2419 2975 2477 Isaac
3018 2426 3127 2493 filio
3166 2443 3287 2491 suo,
3332 2437 3382 2480 et

1816 2508 2014 2577 accepit
2044 2509 2211 2578 ignem
2236 2509 2289 2564 in
2317 2512 2560 2565 manibus
2583 2514 2716 2577 suis,
2754 2523 2800 2568 et
2840 2514 3099 2584 gladium,
3144 2527 3191 2571 et
3236 2518 3385 2572 abie-

1817 2609 1934 2651 runt
1968 2599 2147 2655 simul.
2198 2600 2350 2667 Quod
2402 2603 2515 2672 ipse
2567 2603 2669 2657 sibi
2723 2603 2865 2673 ligna
2897 2605 2963 2659 ad
3002 2606 3379 2663 holocaustum

1816 2699 1997 2757 portat
2026 2690 2196 2756 Isaac,
2238 2692 2324 2745 illa
2370 2694 2539 2764 ﬁgura
2569 2705 2671 2758 est,
2712 2695 2855 2763 quod
2887 2704 2939 2750 et
2967 2697 3216 2753 Christus
3266 2700 3384 2768 ipse

1814 2781 1915 2835 sibi
1964 2782 2224 2852 bajulavit
2269 2800 2511 2848 crucem,
2554 2795 2608 2839 ct
2646 2796 2821 2841 tamen
2872 2797 3094 2856 portare
3140 2789 3282 2860 ligna
3311 2792 3381 2846 ad

1814 2872 2189 2927 holoc:tustum
2218 2876 2525 2939 sacerdotis
2554 2877 2786 2932 cilicium
2825 2888 2928 2934 est.
2980 2879 3067 2933 Fit
3105 2895 3234 2948 ergo
3265 2882 3381 2950 ipse

1814 2965 2011 3028 hostia,
2044 2974 2097 3021 et
2125 2967 2402 3022 sacerdos.
2434 2968 2537 3023 Sed
2562 2978 2616 3023 et
2647 2970 2789 3038 quod
2806 2970 3047 3038 additur,
3063 2981 3110 3026 et
3140 2973 3382 3027 abierunt

1812 3057 1964 3111 ambo
1992 3058 2169 3121 sintut,
2213 3058 2276 3111 ad
2310 3060 2413 3115 hoe
2462 3060 2715 3115 refertur.
2749 3061 2883 3116 Cum
2924 3063 3066 3115 enim
3102 3064 3381 3120 Abraham

1812 3148 1956 3200 velut
1975 3147 2376 3204 sacriﬁcaturus
2404 3151 2578 3220 ignem
2599 3161 2840 3220 portaret
2869 3162 2922 3208 el
2947 3153 3203 3221 cultrum,
3234 3155 3382 3210 Isaae

1814 3255 1923 3294 non
1959 3240 2106 3294 vadit
2131 3250 2251 3310 post
2288 3241 2485 3310 ipsum,
2534 3245 2627 3297 sed
2664 3259 2784 3298 cum
2812 3244 2950 3314 ipso,
2982 3247 3380 3301 utosteudatur

1812 3347 1933 3384 cum
1962 3331 2079 3401 ipso
2104 3332 2311 3400 pariter
2341 3333 2489 3403 fungi
2520 3333 2851 3388 sacerdotio.
2884 3333 3022 3400 Quid
3072 3344 3193 3405 post
3223 3335 3379 3390 hazc?

1810 3420 1977 3486 Dixit,
2032 3422 2206 3490 inquit
2237 3422 2305 3486 5°,
2344 3421 2501 3476 Isaac
2549 3423 2617 3475 ad
2646 3423 2913 3477 Abraham
2947 3433 3149 3491 patrem
3179 3441 3333 3479 suum
3357 3440 3378 3479 :

1810 3510 1991 3566 Pater.
2018 3511 2083 3566 Et
2106 3514 2216 3566 haec
2247 3528 2343 3581 pro
2375 3522 2614 3582 tempore
2643 3528 2672 3566 a
2701 3513 2812 3568 ﬁlio
2830 3514 3034 3581 prolata
3062 3516 3377 3571 tentationis

1809 3611 1892 3657 est
1923 3618 2042 3656 vox.
2068 3604 2347 3670 Quomodo
2378 3604 2521 3657 enim
2558 3615 2714 3673 putas
2738 3605 3097 3660 immolandas
3121 3605 3263 3660 ﬁlius
3282 3622 3379 3676 per

1808 3694 1950 3750 hanc
1972 3711 2156 3751 vocem
2186 3697 2394 3751 viscera
2428 3704 2651 3765 paterna
2681 3697 3000 3752 concussit?
3031 3699 3097 3753 Et
3125 3700 3375 3767 quamvis

1807 3790 2081 3844 Abraham
2108 3790 2327 3859 rigidior
2351 3798 2493 3845 esset
2516 3805 2613 3860 pro
2640 3789 2762 3855 ﬁde,
2798 3790 2972 3844 reddit
3001 3801 3178 3845 tamen
3208 3791 3376 3847 etiam

1807 3883 1921 3951 ipse
1945 3882 2250 3937 alfcctionis
2282 3897 2496 3947 vocem,
2530 3891 2585 3936 et
2619 3881 2896 3952 respondit
2922 3897 2933 3930 :
2963 3880 3103 3946 Quid
3129 3891 3227 3948 est,
3254 3884 3377 3951 fili?

1806 3975 1871 4027 At
1901 3974 1987 4027 ille
2017 3989 2033 4026 :
2065 3978 2221 4040 Ecce,
2278 3976 2457 4045 inquit
2482 3976 2551 4040 ⁵¹,
2592 3977 2726 4044 ignis
2750 3986 2796 4030 et
2823 3976 2987 4046 ligna,
3019 3977 3107 4030 ubi
3140 3977 3249 4032 ovis
3297 3986 3376 4031 est

1805 4068 1873 4121 ad
1908 4067 2315 4121 holocaustum?
2352 4068 2433 4121 Ad
2458 4069 2569 4121 ha'c
2593 4069 2859 4134 respondit
2884 4068 3149 4123 Abraham
3175 4084 3195 4123 :
3236 4068 3373 4122 Deus

1802 4162 2087 4230 providebit
2120 4162 2221 4214 sibi
2251 4178 2391 4215 orem
2424 4162 2491 4214 ad
2522 4160 2908 4228 holocaustum,
2941 4162 3042 4231 ﬁli.
3078 4162 3257 4217 Movet
3288 4176 3374 4215 me

1803 4252 2039 4307 Abrahae
2091 4255 2226 4307 satis
2264 4252 2490 4323 diligens
2521 4263 2575 4308 et
2603 4261 2759 4307 cauta
2816 4254 3120 4323 responsio.
3174 4251 3373 4309 Nescio

1802 4345 1928 4416 quid
1960 4345 2173 4399 videbat
2210 4346 2259 4409 in
2302 4345 2517 4413 spiritu,
2549 4345 2678 4413 quia
2703 4360 2808 4399 non
2844 4346 2908 4398 de
2950 4345 3224 4415 prmsenti,
3278 4346 3374 4400 sed

1802 4437 1868 4491 de
1892 4436 2072 4490 futuro
2107 4436 2276 4490 dicit:
2310 4434 2449 4488 Deus
2475 4435 2758 4501 providebit
2786 4435 2894 4502 ipse
2936 4435 3037 4488 sibi
3067 4450 3252 4508 ovem;
3289 4434 3375 4488 fu-

119 4511 301 4566 silium
339 4517 601 4571 teutantis
634 4518 866 4573 intueor.
902 4520 992 4575 Sic
1023 4522 1074 4574 in
1129 4524 1379 4592 proximo
1422 4541 1528 4581 non
1578 4538 1699 4583 erat
1729 4522 1773 4577 D
1806 4541 1929 4584 tura
1968 4528 2245 4597 respondit
2278 4528 2388 4581 ﬁlio
2418 4528 2484 4582 de
2517 4527 2873 4596 praesentibus
2908 4527 3223 4597 requirenti.
3252 4527 3373 4598 Ipso

119 4620 273 4662 mons
289 4609 508 4677 aliquis,
524 4626 647 4665 cum
664 4622 829 4683 totum
846 4624 1099 4682 ageretur
1115 4616 1166 4668 in
1184 4617 1474 4683 montibus,
1493 4622 1585 4675 sed
1603 4637 1700 4689 per

118 4698 359 4753 triduum
383 4702 854 4771 iterprotenditur,
872 4721 929 4762 ut
951 4724 1043 4778 per
1066 4717 1235 4762 totum
1258 4711 1489 4765 triduum
1517 4728 1701 4768 recur-

114 4793 373 4848 santibus
419 4795 589 4859 curis,
624 4806 848 4865 paterna
878 4801 1080 4855 viscera
1106 4804 1438 4868 crucientur,
1466 4815 1520 4858 et
1550 4806 1695 4859 omni

114 4885 213 4940 hoc
246 4888 434 4957 spatio
463 4888 576 4958 (48)
611 4900 718 4944 tam
773 4892 986 4960 prolixo
1022 4894 1335 4950 intueretur
1382 4896 1550 4949 ﬁlium
1584 4898 1693 4967 82

111 4988 293 5045 pater,
324 4981 509 5036 cibum
545 4997 667 5035 cum
702 4998 766 5036 eo
820 4996 1083 5049 sumeret,
1139 4996 1214 5040 tot
1262 4988 1513 5042 noctibus
1559 5004 1694 5057 puer

110 5071 387 5137 penderet
424 5073 478 5125 in
525 5074 865 5142 amplexibus
898 5079 1091 5146 patris,
1132 5079 1428 5133 iuhmrerct
1464 5080 1690 5149 pectori,

109 5162 391 5219 cubitaret
437 5164 489 5218 in
509 5168 716 5235 gremio
737 5168 759 5220 ?
778 5166 911 5222 Vide
930 5170 1246 5237 inquantum
1267 5172 1493 5224 tentatio
1507 5187 1694 5225 cumu-

108 5253 273 5312 latur.
309 5258 502 5313 Tertia
539 5270 717 5314 tamen
761 5263 875 5315 dies
908 5277 1122 5331 semper
1151 5272 1271 5331 apta
1295 5263 1353 5316 lit
1384 5279 1694 5318 sacramen-

109 5346 200 5405 tis.
236 5349 386 5403 Nam
411 5360 465 5404 et
509 5353 735 5421 populus
767 5369 892 5407 cum
922 5355 1123 5408 exisset
1157 5355 1222 5408 de
1245 5354 1500 5425 Egypto,
1531 5356 1691 5409 tertia

210 5445 259 5476 “
293 5445 759 5511 Genes.xxr,12;
789 5448 1044 5510 Rom.1x,
1076 5448 1140 5511 7;
1167 5444 1331 5499 Hebr.
1371 5463 1446 5506 χι.
1482 5448 1579 5511 18ς
1637 5445 1707 5500 Ga

210 5515 369 5570 icbr.
434 5532 514 5572 ιι.
570 5518 657 5570 19.
751 5517 794 5549 ⁸³
816 5519 1013 5572 Genes.
1050 5534 1184 5572 xxn.
1222 5514 1274 5570 6.
1422 5518 1466 5549 '°
1497 5518 1625 5572 ibid.
1658 5519 1707 5570 6.

1815 5461 1868 5503 lt.
1894 5444 1979 5497 16.

1822 5516 1864 5546 ⁵¹
1897 5515 1979 5569 ὶιιὶι

104 5512 146 5544 ⁸³
184 5515 369 5570 Hebr.
434 5532 514 5581 ιι,
570 5518 657 5570 19.
751 5517 794 5549 ⁸³
816 5519 1013 5572 Genes.
1050 5534 1184 5581 χχιι,
1222 5514 1274 5570 6.

103 5582 148 5614 ⁵⁸
174 5586 388 5642 Genes.
415 5603 556 5653 uti,
591 5588 645 5641 9.
723 5588 767 5619 ³⁵
799 5588 968 5642 Exod.
1000 5605 1080 5654 ut,
1112 5588 1165 5641 5.

170 5679 288 5749 (48)
337 5676 433 5759 Sie
458 5694 589 5733 mss.
622 5677 793 5744 Alias,
831 5690 883 5759 et
920 5696 1009 5747 per
1032 5679 1460 5759 totuntntriduum
1493 5677 1684 5759 ...κυὶ-

102 5765 251 5801 scera
269 5747 598 5803 cruciantur
618 5760 672 5801 ut
704 5750 842 5803 onmi
863 5749 960 5803 hoc
975 5750 1161 5818 spatio.
1190 5749 1356 5805 Paulo
1390 5757 1507 5816 post
1528 5747 1686 5801 iidem

111 5835 269 5885 mss.,
302 5830 381 5873 tot
406 5822 647 5874 noctibus
672 5837 803 5890 puer
825 5822 1092 5889 fenderet.
1134 5819 1282 5875 Alias
1321 5834 1447 5890 puer
1474 5819 1684 5884 deerat,

1808 4636 2042 4690 namque
2062 4621 2163 4674 sibi
2199 4618 2463 4673 Dominus
2492 4633 2647 4673 ovem
2690 4618 3008 4688 providebat
3043 4618 3097 4674 in
3124 4619 3368 4687 Christo,

1806 4712 1930 4782 quia
1952 4719 2006 4765 et
2024 4711 2282 4779 sapientia
2304 4710 2414 4777 ipsa
2435 4709 2533 4762 sibi
2556 4710 2771 4762 domum
2790 4709 3071 4777 aediﬁcavit
3089 4711 3159 4775 ⁵⁸,
3182 4720 3237 4766 et
3256 4712 3372 4781 ipso

1801 4822 1855 4859 se
1872 4804 2160 4859 humiliavit
2186 4819 2345 4873 usque
2361 4803 2430 4855 ad
2449 4802 2742 4855 mortem”:
2762 4811 2816 4855 et
2836 4803 3017 4857 omnia
3036 4817 3371 4873 quaecunque
3440 4860 3447 4869 ,

1803 4898 2001 4967 legeris
2059 4900 2125 4950 de
2171 4896 2411 4962 Christo,
2470 4910 2577 4949 non
2630 4895 2978 4963 necessitate,
3028 4897 3122 4952 sed
3174 4906 3369 4968 sponte

1800 4991 1944 5043 facta
1972 4989 2235 5057 reperies.

1867 5081 1922 5132 7.
1960 5079 2310 5132 Perrexerunt
2341 5095 2462 5148 ergo
2500 5078 2676 5141 ambo,
2721 5088 2768 5132 et
2807 5087 3056 5132 venerunt
3086 5080 3155 5132 ad
3193 5079 3364 5134 locum

1796 5188 1949 5242 quem
2001 5172 2208 5224 dixerat
2256 5172 2301 5223 ei
2356 5169 2492 5224 Deus
2531 5171 2603 5223 ³⁸.
2638 5169 2849 5240 Moyses
2882 5186 3002 5224 cum
3031 5170 3269 5226 venisset
3298 5175 3366 5225 ad

1798 5261 1975 5315 locum
2028 5274 2186 5328 quem
2238 5261 2475 5313 ostendit
2526 5260 2576 5314 ei
2644 5260 2815 5323 Deus,
2873 5272 2979 5312 non
3033 5259 3366 5327 permittitur

1799 5354 2119 5412 aseendcre,
2159 5353 2250 5404 sed
2282 5361 2407 5404 ante
2450 5350 2498 5404 ei
2558 5350 2758 5404 dicitur
2784 5349 2829 5381 ”
2862 5365 2876 5402 :
2907 5348 3059 5403 Solve
3081 5348 3363 5418 corrigiam

2058 5445 2103 5475 ⁸⁸
2131 5442 2325 5498 Genes.
2358 5458 2497 5505 χχιι,
2528 5442 2585 5495 2.
2662 5441 2705 5473 ⁸⁵
2726 5441 2855 5495 ibid.
2880 5440 2933 5493 5.
3007 5439 3054 5475 δ’
3078 5442 3207 5495 ibid.
3229 5441 3283 5503 4,
3306 5440 3362 5493 5.

1822 5516 1864 5546 ιι
1897 5515 2027 5569 una.
2058 5514 2111 5583 7,
2147 5518 2199 5568 δ.
2311 5514 2355 5544 αι
2389 5512 2549 5569 Prov.
2580 5527 2659 5579 Ix,
2718 5512 2770 5565 t.
2883 5512 2928 5543 ιε
2962 5508 3157 5580 Philip.
3203 5525 3264 5577 ιι,
3304 5510 3358 5565 8.

1791 5682 1846 5729 et
1877 5674 2189 5726 adverbium
2224 5672 2594 5742 semper,qnod
2629 5688 2693 5728 ex
2726 5688 2852 5727 mss.
2908 5671 3246 5729 reslituimus
3304 5675 3357 5728 in

1797 5745 1978 5817 phrasi
2011 5760 2130 5811 quae
2162 5744 2297 5796 infra
2325 5745 2578 5817 habetur,
2626 5745 2777 5799 tertia
2810 5754 2981 5797 tamen
3013 5745 3121 5799 dies
3158 5761 3360 5817 semper

1794 5826 1915 5885 apta
1940 5815 1997 5883 [it
2020 5814 2384 5868 sacramentis.
