3902 6534
132 437 214 494 909
1299 429 1366 484 ΙΝ
1405 426 1678 486 GENESH

1783 425 2025 482 ‘OMILIA
2060 428 2150 483 IX.

3237 423 3343 480 2l0

129 569 195 616 est
214 567 448 611 noscere.
480 551 728 607 Christus
753 551 988 606 Verbum
1031 550 1120 604 Dei
1173 559 1278 615 est,
1318 551 1412 607 sed
1458 549 1678 604 Verbum
1707 555 1751 611 Α
1781 550 1871 604 scd
1923 551 2078 604 nobis
2120 565 2237 618 qua:
2277 547 2557 604 oﬂ'erimus
2611 553 2959 605 redonantur.
3010 547 3147 602 Deus
3195 547 3340 600 enim

129 665 228 705 caro
254 648 450 714 factum
474 653 550 698 est
587 643 652 698 ".
691 642 864 696 Unum
892 643 1056 712 igitur
1094 645 1144 697 in
1173 643 1394 699 Christo
1421 643 1486 698 de
1511 657 1672 710 supe-

128 739 334 799 rioribus
356 747 460 804 est,
490 737 720 792 alterum
763 753 828 789 ex
861 737 1094 789 humana
1127 746 1316 789 natura
1347 745 1399 791 et
1428 736 1671 806 virginali

127 845 254 890 utero
305 839 640 898 susceptum.
704 828 912 882 Patitur
959 846 1088 899 ergo
1136 830 1408 891 Christus,
1467 829 1560 882 sed
1620 829 1672 881 in

127 939 294 987 carne;
328 932 382 975 et
414 922 632 990 pertulit
660 932 910 985 mortem,
939 924 1032 976 sed
1059 937 1207 986 caro,
1237 922 1392 989 cujus
1416 922 1502 976 hic
1533 921 1676 975 aries

128 1021 272 1072 forma
303 1026 382 1069 cst
421 1034 434 1070 :
463 1015 604 1069 sicut
639 1025 693 1068 et
717 1013 953 1069 Joannes
985 1014 1262 1069 dicebat“
1293 1035 1304 1070 :
1337 1014 1473 1067 Ecce
1509 1031 1675 1084 agnus

126 1113 226 1172 Dei,
247 1126 360 1163 ecce
391 1110 480 1179 qui
506 1109 646 1162 tollit
676 1122 892 1178 peccata
939 1110 1148 1164 mundi.
1193 1108 1421 1163 Verbum
1455 1123 1587 1162 vero
1619 1109 1672 1161 in

129 1203 506 1270 incorruptione
538 1203 857 1271 permansit,
893 1203 1036 1272 quod
1063 1211 1146 1257 est
1185 1202 1482 1255 secundum
1511 1200 1674 1269 spiri-

128 1307 223 1349 tum
255 1294 519 1358 Christus,
564 1294 717 1361 cujus
760 1294 938 1364 imago
983 1304 1065 1349 est
1115 1296 1284 1348 Isaac.
1323 1291 1449 1347 Ideo
1486 1294 1598 1362 ipse
1623 1302 1677 1346 et

125 1384 277 1438 hostia
309 1397 411 1448 εει,
439 1395 490 1436 et
520 1381 757 1452 pontifex
786 1383 1084 1436 secundum
1121 1381 1391 1450 spiritum.
1420 1379 1552 1432 Nam
1585 1379 1674 1447 qui

122 1473 257 1528 oll'ert
288 1474 518 1528 hostiam
549 1474 692 1528 Patri
725 1474 1025 1528 secundum
1070 1487 1311 1539 carnem,
1350 1473 1465 1542 ipse
1507 1472 1559 1525 in
1599 1471 1677 1524 al-

127 1568 219 1620 tari
246 1567 426 1620 crucis
458 1566 706 1631 offertur,
737 1567 859 1635 quia
912 1567 1051 1620 sicut
1093 1565 1291 1619 dictum
1341 1575 1422 1618 est
1457 1565 1520 1617 de
1561 1579 1626 1616 co
1658 1582 1672 1618 :

127 1660 244 1713 Ecce
267 1675 432 1727 agnus
463 1658 583 1723 Dei,
627 1675 742 1711 ecce
769 1659 858 1727 qui
892 1658 1025 1710 tollit
1067 1667 1331 1724 peccatum
1355 1656 1576 1719 mundi;
1605 1655 1678 1709 ita

123 1753 176 1804 de
205 1765 264 1804 eo
287 1749 495 1803 dictum
535 1759 615 1804 est
641 1750 685 1780 ⁶⁹
720 1767 733 1803 :
771 1749 847 1801 Tu
884 1766 936 1802 es
966 1749 1209 1802 sacerdos
1239 1748 1292 1800 in
1321 1756 1570 1800 atternum
1593 1762 1675 1798 se-

121 1843 333 1896 cundum
363 1843 594 1895 ordinent
631 1841 1028 1895 Melchisedech.
1065 1840 1301 1895 Tenetur
1324 1855 1452 1907 ergo
1489 1839 1676 1893 corni-

122 1935 210 1989 bus
239 1936 380 1989 aries
413 1935 464 1987 in
491 1934 727 2000 virgulto
765 1933 1000 1987 Sahech.

186 2027 264 2080 10.
307 2025 374 2078 Et
405 2027 625 2094 accepit,
662 2026 840 2095 it-qttit
875 2025 941 2090 ⁷ο,
983 2026 1217 2087 arietem,
1250 2031 1298 2076 et
1344 2021 1530 2075 obtulit
1559 2037 1675 2074 eum

119 2119 470 2173 holocaustum
510 2135 605 2184 pro
637 2117 792 2170 Isaac
825 2117 936 2185 [ilio
977 2133 1090 2182 suo,
1116 2125 1162 2169 et
1189 2115 1382 2170 vocavit
1411 2114 1678 2168 Abraham

119 2227 286 2264 nomen
343 2209 447 2261 loci
495 2209 659 2272 illius,
727 2208 984 2262 Dominus
1017 2209 1174 2262 videt.
1221 2207 1527 2263 Scientihus
1564 2209 1678 2262 haec

117 2302 313 2362 audire,
351 2301 724 2366 intelligentia:
753 2300 1018 2368 Spiritalis
1046 2299 1267 2354 evidens
1289 2301 1539 2369 panditur
1570 2301 1675 2353 via.

117 2392 292 2448 Omnia
332 2392 479 2445 enim
519 2408 640 2462 qua:
673 2405 822 2463 gesta
866 2403 1012 2458 sunt,
1055 2393 1119 2446 ad
1169 2393 1438 2446 visionem
1487 2406 1678 2461 perve-

116 2485 283 2536 niunt.
321 2483 530 2536 Dicitur
559 2499 792 2552 namque
831 2484 957 2552 quia
1007 2483 1264 2537 Dominus
1316 2483 1478 2536 videt.
1528 2481 1687 2535 Visio.

116 2585 278 2627 autem
305 2589 470 2642 quam
501 2575 759 2628 Dom‘inus
796 2576 954 2636 vidit,
994 2576 1043 2626 in
1077 2574 1272 2642 spiritu
1310 2584 1411 2638 est,
1443 2583 1502 2626 ut
1539 2584 1592 2626 et
1623 2582 1676 2627 tu

115 2666 220 2718 haec
261 2680 384 2732 qua:
413 2667 614 2735 scripta
657 2675 804 2730 sunt,
851 2666 901 2719 in
946 2666 1140 2734 spiritu
1180 2667 1395 2732 videas;
1447 2677 1499 2719 ct
1542 2667 1682 2721 sicut

113 2760 160 2813 in
183 2759 411 2813 Domino
435 2775 756 2827 corporeum
789 2761 920 2814 nihil
961 2769 1062 2824 est,
1105 2761 1180 2813 ita
1221 2760 1382 2814 etiam
1415 2767 1467 2812 tu
1499 2759 1551 2812 in
1597 2759 1681 2813 his

109 2853 355 2906 omnibus
390 2867 710 2920 corporeum
737 2852 867 2905 nihil
898 2853 1136 2917 sentias;
1167 2852 1261 2904 sed
1287 2850 1341 2903 in
1376 2849 1566 2918 spiritu
1591 2865 1681 2919 ge-

111 2957 257 2995 ucres
301 2944 473 2996 etiam
511 2951 564 2994 tu
617 2942 782 2995 ﬁlimn
829 2943 999 3008 Isaac,
1048 2957 1168 2997 cmn
1219 2940 1418 2994 habere
1445 2942 1680 3009 coeperis

108 3031 336 3086 fructum
377 3032 618 3101 spiritus,
649 3035 928 3103 gaudium,
965 3049 1170 3104 pacem.
1201 3035 1367 3098 Quem
1408 3039 1585 3090 tamen
1620 3035 1680 3088 ﬁ-

111 3125 228 3177 lium
258 3126 328 3179 ita
373 3127 586 3180 demum
620 3128 932 3195 generabis,
965 3129 1031 3191 si,
1061 3137 1118 3180 ιιι
1150 3129 1215 3183 de
1244 3129 1380 3184 Sara
1414 3131 1678 3198 scriptum

105 3225 181 3269 est
208 3217 274 3281 ",
304 3218 439 3285 quia
475 3219 792 3273 defecerunt
825 3219 975 3274 Sarae
1009 3222 1316 3288 muliebria,
1349 3232 1400 3277 et
1430 3233 1557 3276 tunc
1587 3237 1679 3292 ge-

106 3312 217 3364 nttit
248 3311 428 3377 Isaac,
469 3313 538 3365 ita
573 3313 827 3367 deﬁciant
865 3324 918 3368 et
945 3315 996 3368 in
1027 3317 1204 3368 anima
1247 3327 1335 3370 tua
1370 3317 1678 3382 muliebria,

111 3411 165 3454 ut
209 3402 348 3456 nihil
402 3401 515 3469 jam
560 3405 826 3460 muliebre
872 3415 925 3460 et
983 3405 1348 3462 cﬂ'eminatum
1393 3409 1594 3462 habeas
1627 3409 1680 3462 in

107 3495 282 3547 anima
319 3505 435 3558 tua,
475 3497 570 3550 sed
597 3498 827 3552 viriliter
857 3513 1010 3564 agas,
1044 3509 1098 3555 et
1125 3501 1356 3555 viriliter
1383 3502 1684 3571 praecingas

106 3587 317 3642 lumbos
370 3599 528 3650 tuos:
573 3591 616 3643 si
666 3591 736 3644 sit
783 3601 974 3660 pectus
1003 3602 1152 3647 tuum
1192 3595 1414 3648 thorace
1460 3595 1685 3664 justitiaa

103 3677 396 3740 munitum,
437 3678 482 3732 si
517 3679 668 3747 galea
708 3682 904 3736 salutis
936 3693 988 3736 et
1024 3682 1206 3752 gladio
1238 3685 1462 3752 spiritus
1495 3683 1680 3738 accin-

101 3769 262 3833 garis.
300 3767 360 3823 Si
395 3786 533 3840 ergo
575 3771 828 3826 deﬁciant
891 3775 1173 3828 muliebria
1229 3775 1342 3828 ﬁeri
1391 3776 1443 3828 in
1500 3775 1680 3828 anima

102 3868 205 3923 tua,
237 3877 482 3930 gem-ras
518 3863 682 3916 ﬁlium
717 3865 784 3918 de
809 3865 1040 3936 conjuge
1065 3877 1150 3918 tua
1177 3867 1372 3920 virtute
1395 3875 1448 3920 et
1473 3867 1684 3935 sapien-

100 3952 190 4017 tia,
223 3955 496 4021 gaudium
528 3970 590 4008 ac
628 3955 890 4013 Iaztitiain.
923 3956 1165 4012 cheras
1197 3967 1376 4012 autem
1404 3958 1680 4025 gaudium,

97 4047 137 4099 si
177 4063 346 4100 omne
373 4049 636 4116 gaudium
661 4049 1086 4116 existimaveris,
1120 4065 1240 4103 cum
1267 4053 1320 4104 in
1355 4050 1684 4105 tentationes

97 4142 274 4196 varias
300 4144 570 4197 incideris
604 4144 668 4206 ⁷²,
704 4154 755 4198 et
786 4145 928 4198 istud
979 4145 1234 4216 gaudium
1262 4145 1459 4198 olI'eras
1505 4145 1557 4196 in
1597 4159 1682 4197 sa-

96 4233 367 4288 criﬁcium
445 4236 574 4288 Deo.
629 4237 761 4288 Cum
821 4238 966 4290 cnim
1045 4236 1196 4291 latus
1258 4237 1551 4290 accesseris
1617 4237 1683 4290 ad

83 4322 285 4394 =Deum,
325 4325 539 4380 iterum
597 4327 690 4379 tibi
739 4328 917 4380 reddit
961 4327 1106 4396 quod
1149 4328 1436 4392 obtuleris,
1469 4337 1521 4383 et
1553 4329 1681 4384 dicit

95 4416 185 4468 tibi
210 4416 280 4481 ⁷⁸,
313 4417 452 4485 quia
489 4419 678 4470 iterum
712 4419 946 4472 videbitis
973 4435 1072 4482 me,
1112 4430 1156 4472 et
1191 4421 1434 4489 gaudebit
1477 4437 1568 4474 cor
1598 4437 1682 4474 ve-

91 4519 280 4570 strum,
331 4519 387 4561 et
431 4511 685 4578 gaudium
721 4522 944 4563 vestrum
1001 4528 1151 4564 nemo
1206 4513 1404 4578 auferet
1445 4530 1475 4565 a
1518 4513 1678 4567 vobis.

1776 642 1974 695 nullius
2009 643 2232 712 indiget,
2265 642 2358 696 sed
2392 657 2490 695 uos
2523 642 2638 696 vult
2687 642 2883 696 divites
2922 655 3060 703 esse,
3097 648 3342 694 nostrum

1774 735 2044 788 desiderat
2080 750 2174 802 per
2205 733 2413 802 singula
2459 750 2686 803 qumque
2732 735 3051 802 profectum.
3093 732 3215 788 lIatc
3247 747 3342 785 no-

1774 828 1857 881 bis
1890 827 2060 895 ﬁgura
2094 828 2401 881 ostenditur
2430 829 2594 881 etiam
2631 829 2680 879 in
2721 827 2803 880 his
2853 842 2972 896 qua:
3023 833 3172 894 gesta
3214 830 3344 877 sunt

1775 937 1899 989 erga
1918 919 2039 974 Job.
2068 922 2130 974 Et
2160 920 2251 974 ille
2273 922 2414 973 enim
2443 929 2662 989 propter
2696 920 2860 973 Dcmn
2901 918 3132 987 perdidit
3161 915 3342 970 omnia

1774 1027 1894 1066 cum
1929 1013 2080 1068 dives
2108 1023 2273 1067 esset.
2301 1013 2404 1065 Sed
2434 1014 2558 1080 quia
2597 1011 2818 1079 pertulit
2850 1011 2985 1065 bene
3019 1024 3218 1079 agones
3245 1024 3342 1076 pa-

1777 1106 2001 1167 tientiae,
2032 1115 2082 1159 et
2121 1107 2173 1158 iu
2203 1107 2455 1159 omnibus
2497 1119 2616 1174 quae
2665 1119 2856 1174 passus
2902 1111 3006 1168 est,
3064 1102 3345 1171 magnani-

1778 1211 1896 1248 tnus
1923 1195 2042 1261 fuit,
2077 1206 2129 1249 et
2165 1196 2368 1248 dixit”
2401 1214 2413 1247 :
2449 1195 2704 1248 Dominus
2734 1194 2897 1257 dedit,
2934 1193 3190 1246 Dominus
3227 1191 3345 1245 abs-

1776 1286 1892 1338 tulit
1927 1301 1946 1337 :
2008 1296 2062 1339 ut
2093 1286 2312 1339 Domino
2338 1285 2558 1355 placuit,
2586 1287 2660 1339 ita
2701 1285 2901 1351 factum
2932 1293 3028 1346 est,
3061 1283 3127 1335 sit
3161 1297 3344 1335 nomen

1780 1377 1988 1431 Domini
2017 1379 2338 1432 benedictum
2371 1394 2387 1431 :
2421 1379 2541 1432 vide
2588 1379 2652 1430 ad
2708 1377 2953 1429 ultiumm
2985 1374 3114 1444 quid
3170 1375 3234 1428 de
3283 1387 3347 1426 eo

1776 1469 2032 1525 scribitur
2061 1489 2072 1525 :
2104 1470 2335 1538 Recepit,
2366 1471 2542 1540 inquit
2570 1471 2636 1535 7",
2668 1469 2844 1522 omnia
2884 1467 3055 1536 dupla
3075 1483 3191 1533 quae
3215 1467 3347 1517 ami-

1775 1571 1936 1615 serat.
1977 1560 2136 1616 Vides
2166 1561 2293 1630 quid
2322 1572 2402 1615 est
2430 1561 2682 1614 amittere
2714 1560 2917 1628 aliquid
2956 1575 3052 1628 pro
3086 1557 3214 1620 Deo,
3245 1556 3346 1610 hoc

1778 1663 1860 1707 est
1901 1654 2252 1724 multiplicata
2296 1655 2535 1722 recipere
2575 1654 2693 1708 tibi.
2747 1653 2808 1708 Et
2861 1650 3062 1720 aliquid
3115 1649 3346 1716 amplius

1780 1747 2068 1818 Evangelia
2123 1749 2444 1818 promittunt
2482 1748 2552 1812 ⁷⁸,
2599 1747 2909 1816 centuplum
2950 1745 3043 1800 tibi
3096 1745 3348 1814 pollicen-

1781 1848 1885 1901 tur,
1915 1838 2137 1906 insuper
2167 1848 2222 1893 et
2247 1839 2410 1892 vitam
2445 1848 2727 1899 mteruam,
2754 1839 2807 1892 in
2845 1837 3060 1892 Christo
3087 1834 3211 1890 .Iesu
3248 1835 3347 1888 Duo

1708 1921 1750 1975 Β
1782 1933 1928 1988 mino
1960 1943 2170 1997 nostro,
2203 1935 2288 1987 cui
2340 1944 2421 1988 est
2454 1933 2624 2002 gloria
2657 1941 2712 1988 et
2746 1931 3030 2001 imperium
3072 1931 3123 1984 in
3149 1930 3344 1984 saecula

1777 2025 2119 2082 saculorum.
2146 2027 2339 2080 Amen.

2361 2115 2638 2172 IIOMIUA
2681 2115 2771 2169 IX.

1830 2211 1906 2266 De
1934 2211 2424 2281 repromissionibus
2449 2212 2690 2264 secundis
2715 2211 2782 2262 ad
2816 2210 3080 2263 Abraham
3112 2209 3285 2279 factis.

1850 2305 1902 2357 I.
1945 2302 2216 2369 Quantum
2256 2303 2493 2371 legentes
2525 2302 2921 2371 progredimur,
2957 2309 3160 2354 tantum
3193 2301 3351 2356 nobis

1779 2373 2238 2447 sacramentorum
2267 2391 2513 2444 ClllllltIllS
2549 2400 2793 2456 augetur.
2823 2391 2886 2444 Et
2923 2400 2980 2444 ut
3004 2391 3046 2443 si
3082 2391 3203 2458 quis
3233 2389 3352 2443 exi-

1781 2499 1884 2554 guo
1925 2491 2111 2538 vectus
2169 2484 2383 2554 navigio
2424 2481 2757 2552 ingrediatur
2790 2497 2959 2545 mare,
2992 2482 3162 2534 donec
3193 2492 3352 2535 terra:

1765 2572 1990 2632 'vicinus
2019 2589 2119 2644 est,
2147 2577 2325 2631 minus
2353 2575 2546 2630 metuit
2585 2591 2598 2628 :
2641 2588 2762 2627 cum
2808 2588 2936 2626 vero
2980 2573 3236 2642 paulatim
3296 2573 3352 2626 in

1782 2672 1950 2725 altmn
1986 2670 2150 2724 fuerit
2182 2685 2518 2740 progressus,
2568 2678 2622 2724 et
2652 2667 2810 2722 undis
2848 2667 3350 2727 intumescentibus,

1781 2762 1864 2816 vel
1903 2763 1955 2816 in
2005 2763 2280 2817 excelsum
2336 2761 2506 2816 attolli
2559 2764 2805 2832 coeperit,
2845 2760 2927 2815 vel
2965 2760 3167 2814 eisdem
3197 2759 3351 2812 dehi«

1783 2858 2060 2913 sccntibns
2092 2858 2144 2912 in
2182 2859 2287 2912 ima
2321 2857 2553 2919 deduci;
2613 2858 2684 2912 ibi
2736 2872 2864 2912 vero
2910 2864 3142 2910 mentem
3187 2869 3355 2923 pavor

1783 2951 1971 3019 ingens
2013 2958 2066 3004 et
2121 2949 2351 3003 formido
2394 2948 2646 3018 percutit,
2689 2949 2830 3018 quod
2878 2948 3128 3016 exiguam
3183 2953 3352 2999 ratem

1785 3052 1893 3096 tam
1919 3042 2194 3096 immensis
2227 3040 2479 3095 [luctibus
2506 3041 2737 3095 credidit
2767 3059 2780 3095 :
2815 3023 2884 3094 ita
2910 3044 3074 3095 etiam
3113 3055 3211 3093 nos
3241 3038 3350 3106 pati

1784 3134 2048 3198 videmur,
2083 3135 2172 3203 qui
2196 3133 2376 3200 exigui
2410 3133 2618 3187 meritis
2650 3143 2700 3186 et
2732 3133 2950 3203 ingenio
2983 3143 3189 3194 tenues,
3215 3130 3354 3184 inire

1788 3236 1892 3280 tam
1927 3235 2138 3280 vastum
2171 3226 2550 3296 mysteriorum
2582 3225 2801 3294 pelagus
2831 3226 3110 3278 audemus.
3152 3222 3254 3277 Sed
3283 3222 3350 3286 si,

1784 3321 2064 3374 orantibus
2130 3318 2304 3383 vobis,
2369 3318 2629 3372 Dominus
2677 3318 2928 3388 dignetur
2986 3315 3220 3385 Spiritus
3269 3314 3354 3368 sui

1784 3413 1958 3465 sancti
1989 3426 2177 3464 auram
2217 3410 2373 3464 nobis
2411 3424 2724 3479 prosperam
2755 3411 2904 3473 dare,
2936 3410 3174 3462 secundo
3205 3407 3352 3461 verbi

1785 3518 1944 3557 cursu
1994 3513 2205 3572 portum
2251 3502 2440 3557 salutis
2496 3503 2838 3556 intrabimus.
2892 3499 3178 3554 Videamus
3224 3513 3356 3566 ergo

1787 3612 1930 3650 nunc
1964 3612 2084 3666 qua:
2113 3603 2255 3660 sunt,
2288 3612 2410 3664 quae
2447 3595 2601 3650 nobis
2646 3595 2870 3650 recitata
2911 3603 3056 3648 sunt.
3097 3592 3164 3645 Et
3205 3609 3356 3644 voca-

1785 3688 1882 3752 vit,
1909 3689 2172 3756 inquit",
2200 3687 2416 3756 angelus
2458 3686 2673 3740 Domini
2721 3685 2983 3740 Abraham
3024 3685 3251 3739 secundo
3291 3684 3356 3737 de

1785 3781 1936 3844 cado,
1961 3783 2137 3836 dicens
2167 3797 2186 3836 .'
2220 3779 2328 3834 Per
2369 3781 2725 3848 memetipsum
2754 3779 2954 3848 juravi,
3006 3779 3131 3831 dicit
3173 3778 3355 3831 Domi-

1785 3889 1927 3926 nus:
1966 3871 2252 3940 Propterea
2287 3865 2426 3942 quod
2466 3873 2637 3941 fecisti
2668 3872 2875 3925 verbum
2908 3873 3024 3936 hoc,
3059 3883 3104 3924 et
3138 3887 3239 3924 non
3267 3885 3359 3938 pe-

1782 3965 1992 4034 percisti
2021 3966 2135 4034 ﬁlio
2160 3974 2252 4017 tuo
2281 3964 2472 4017 dilecto
2494 3974 2707 4032 propter
2740 3979 2841 4028 me,
2874 3964 3175 4016 benedicens
3204 3962 3358 4015 bene-

1784 4057 1953 4110 dicam
1985 4068 2056 4120 te,
2087 4067 2134 4110 et
2161 4056 2518 4125 multiplicans
2551 4039 2908 4124 multiplicabo
2952 4064 3022 4118 te,
3053 4069 3099 4108 et
3135 4055 3232 4107 erit
3276 4071 3356 4108 se-

1786 4167 1902 4203 men
1937 4160 2085 4203 tuum
2136 4150 2266 4204 sicut
2317 4149 2486 4203 stella:
2526 4149 2640 4201 τωίὶ
2667 4148 2718 4201 in
2760 4149 3122 4211 multitudine,
3153 4156 3202 4200 et
3225 4148 3357 4200 sicut

1787 4259 1947 4296 arena
1982 4245 2169 4308 maris,
2200 4259 2317 4314 qua:
2342 4259 2445 4295 non
2471 4251 2639 4311 potest
2678 4241 3025 4303 dinumerari,
3058 4251 3164 4296 etc.
3198 4240 3358 4295 801Ιί-

1784 4337 1952 4390 citum
1990 4337 2103 4390 haec
2133 4347 2185 4390 et
2235 4337 2496 4390 intentum
2547 4336 2846 4389 auditorem
2892 4335 3192 4404 requirunt.
3247 4332 3357 4388 No-

1785 4444 1908 4481 vum
1930 4439 2011 4484 est
2042 4429 2183 4482 enim
2209 4429 2350 4496 quod
2383 4410 2516 4482 dicit
2551 4443 2566 4482 :
2607 4427 2670 4480 Et
2703 4427 2924 4493 vocavit,
2965 4426 3157 4494 inquit,
3195 4441 3356 4495 ange-

1787 4521 1867 4574 lus
1900 4519 2110 4574 Domini
2142 4521 2410 4575 Abraham
2451 4522 2678 4576 secundo
2705 4523 2770 4574 de
2810 4521 2953 4574 caelo.
2991 4518 3142 4584 Quod
3177 4530 3362 4572 tamen.

92 4597 182 4654 Sic
225 4617 368 4671 ergo
415 4619 539 4670 qua:
577 4603 839 4657 olituleris
873 4603 1004 4664 Deo,
1042 4604 1393 4673 multiplicata
1429 4605 1678 4673 recipies.

1791 4613 1935 4666 addit
1967 4611 2101 4678 (5i),
2129 4629 2230 4666 non
2269 4621 2351 4666 est
2382 4628 2598 4666 novum.
2640 4609 2774 4664 Nam
2817 4609 3117 4661 benedicens
3143 4607 3357 4660 benedi-

93 4689 226 4744 Tale
259 4694 508 4761 aliquid,
564 4695 707 4749 licet.
736 4711 831 4764 per
861 4695 1017 4747 aliam
1062 4697 1312 4763 ﬁguram,
1353 4695 1584 4749 refertur
1625 4697 1678 4749 in

88 4785 414 4856 Evangeliis
447 4787 516 4847 ⁷³,
550 4803 672 4841 cum
703 4803 798 4856 per
827 4786 1137 4856 paraholam
1172 4788 1371 4841 dicitur
1407 4791 1681 4856 accepisse

89 4879 210 4946 quis
230 4894 432 4931 mnam
461 4888 518 4931 ut
543 4879 913 4949 negotiaretur
932 4889 984 4932 et
1006 4878 1379 4947 patrifamilias
1398 4881 1679 4947 pecuniam

83 4981 388 5034 quaereret.
446 4971 552 5024 Sed
589 4971 632 5025 si
671 4971 916 5024 attuleris
952 4971 1189 5039 quinque
1221 4970 1572 5038 multiplicata
1627 4971 1677 5025 in

79 5062 300 5128 decem,
346 5062 455 5116 tibi
501 5063 600 5130 ipsi
649 5064 937 5123 donantur,
972 5063 1066 5116 tibi
1102 5064 1494 5117 cunceduntur.
1542 5065 1680 5119 Audi

78 5153 222 5206 enim
259 5156 405 5221 quid
435 5153 552 5224 84
581 5154 776 5208 dicit"
804 5173 816 5208 ε
848 5153 1054 5218 Tollite,
1078 5156 1682 5223 inquit,huicmnam,et

81 5245 200 5298 date
239 5246 331 5297 illi
368 5248 472 5316 qui
515 5246 670 5299 habet
712 5249 888 5300 decem
933 5263 1102 5300 muas.
1137 5246 1228 5299 Sic
1263 5261 1391 5316 ergo
1439 5247 1686 5300 videmur

82 5340 300 5406 quidem
354 5339 599 5392 Dmniuo
644 5340 926 5408 negotiari,
978 5341 1072 5393 sed
1113 5339 1265 5392 nobis
1295 5341 1490 5392 cedunt
1519 5354 1684 5408 uego-

84 5433 333 5488 tiationis
379 5433 540 5484 lucra
569 5449 583 5485 :
616 5440 668 5485 et
696 5413 941 5486 videmur
977 5431 1172 5485 offerre
1200 5429 1424 5482 Domino
1455 5430 1681 5496 hostias,

179 5589 227 5622 ⁸⁷
265 5590 458 5651 Joan,
486 5605 522 5653 ι,
544 5590 632 5643 Ib.
709 5591 753 5622 5“
784 5591 910 5645 ibid.
939 5590 1029 5645 29.

77 5657 120 5688 ⁷⁸
156 5658 326 5714 Joan.
383 5676 505 5716 xvi.
543 5661 611 5713 17
650 5672 704 5715 et
756 5662 844 5714 ‘22.
917 5661 1096 5715 7"Luc.
1143 5661 1364 5715 utxJB.

73 5728 162 5784 29.
239 5732 290 5764 ⁷⁸
331 5732 551 5786 Cenes.
591 5748 721 5798 uti,
750 5731 886 5787 15οι
914 5747 1066 5800 seqq.

142 5871 264 5941 (5|)
307 5871 505 5934 Alias,
543 5871 771 5924 addidit.
804 5870 953 5935 Mss.,
987 5871 1155 5929 addit.

1133 5590 1176 5622 ”
1217 5590 1354 5644 Psal.
1381 5605 1470 5649 cx,
1497 5591 1548 5648 4.

1647 5593 1692 5624 ⁷ο
1730 5590 1865 5646 Gen.
1906 5611 2038 5656 χχιι.
2084 5597 2168 5652 15.

1439 5663 1481 5692 ⁷⁵
1535 5661 1662 5718 ibid.
1714 5665 1806 5718 24.

1789 4721 1900 4757 cam
1926 4713 1994 4768 te,
2023 4715 2076 4758 et
2108 4712 2231 4758 ante
2249 4703 2356 4772 jam
2394 4707 2594 4759 dictum
2627 4715 2732 4767 est;
2763 4712 2816 4756 et
2845 4701 3200 4769 multiplicans
3223 4698 3359 4752 mul-

1790 4799 2035 4867 tiplicabo
2097 4809 2166 4864 te,
2222 4807 2347 4852 ante
2394 4798 2718 4868 promissum
2768 4807 2882 4861 est;
2929 4803 2983 4850 et
3039 4795 3139 4847 erit
3184 4807 3359 4846 semen

1789 4900 1936 4944 tuum
1959 4893 2092 4944 sicut
2124 4890 2290 4945 stellte
2312 4891 2446 4954 cmt‘i,
2472 4902 2517 4944 et
2549 4891 2678 4944 sicut
2710 4904 2870 4941 arena
2908 4886 3092 4950 maris,
3120 4896 3172 4938 et
3207 4883 3359 4953 prius

1788 4984 1964 5038 fuerat
1997 4984 2420 5052 pronuntiatum.
2462 4983 2600 5050 Quid
2638 4999 2769 5052 ergo
2811 4995 2892 5039 est
2940 4995 3084 5035 nunc
3120 4977 3353 5046 amplius

1786 5077 1925 5143 quod
1955 5079 2192 5130 secundo
2221 5077 2485 5130 clamatur
2517 5091 2546 5130 e
2580 5077 2750 5132 coelo?
2795 5077 2933 5143 Quid
2989 5074 3110 5128 novi
3154 5070 3349 5126 veteri-

1787 5165 1888 5220 bus
1934 5167 2448 5226 repromissionibus
2483 5171 2732 5225 additur?
2781 5169 2916 5237 Quid
2975 5168 3092 5237 plus
3143 5163 3348 5235 praemii

1787 5251 2022 5305 daturin
2055 5266 2118 5305 eo
2143 5256 2286 5322 quod
2317 5256 2483 5311 dicit:
2537 5256 2820 5328 Propterea
2855 5258 2994 5327 quod
3038 5255 3207 5324 feciin
3247 5267 3357 5307 ver-

1790 5341 1910 5394 bum
1948 5343 2063 5407 hoc,
2117 5345 2168 5399 id
2223 5357 2306 5400 cst
2356 5362 2639 5418 propterea
2697 5354 2838 5420 quod
2885 5351 3049 5403 lilium
3088 5345 3358 5408 obtulisti,

1793 5444 2078 5502 propterea
2107 5440 2249 5507 quod
2280 5456 2384 5494 non
2415 5443 2703 5511 pepercisti
2742 5443 2899 5496 unico
2936 5440 3043 5494 lilio
3078 5436 3204 5491 tuo?
3224 5433 3357 5490 nihil

2901 5599 2946 5629 ⁷³
2993 5597 3178 5651 Jacob.
3219 5610 3259 5656 1,
3302 5597 3358 5651 9.

2923 5668 2965 5697 ⁷⁸
3011 5667 3200 5722 Matth.
3246 5683 3359 5735 xix,

2283 5600 2323 5630 ⁷¹
2359 5599 2491 5655 Gen.
2522 5617 2669 5658 ιινιιι.
2712 5601 2797 5655 ll.

1899 5667 1942 5697 ⁷⁸
1977 5665 2076 5724 Job
2102 5685 2136 5734 ι,
2181 5669 2270 5723 21.
2368 5673 2409 5701 ττ
2437 5671 2534 5725 Μ)
2569 5688 2696 5735 λιιι,
2739 5672 2816 5722 ιι).
