3902 6524
519 428 616 484 2H

1954 422 2272 481 ORIGENIS

3651 430 3748 484 212

519 544 665 600 aliud
695 544 938 598 additum
965 542 1142 610 video,
1179 543 1366 598 eadem
1401 552 1739 614 repetuntur,
1780 559 1900 613 qua:
1936 543 2086 613 prius
2117 545 2160 602 A
2190 541 2306 610 ﬁlia
2336 553 2446 596 tua.
2475 541 2725 599 Ostendit
2752 557 2880 614 ergo
2907 545 3048 614 quod
3081 552 3302 615 propter
3325 543 3648 600 oblationem
3667 548 3744 600 vel

519 635 738 690 fuerant
775 635 1120 703 repromissa.
1154 634 1294 703 Ergo
1325 635 1654 705 superﬂuum
1691 635 1961 690 videbitur
1991 650 2083 688 ea—

518 727 638 781 dem
664 725 858 795 saepius
890 726 1221 780 retractari?
1266 727 1373 780 imo
1430 728 1794 782 necessarium
1842 725 1976 798 (δὲ).
2025 725 2082 779 in

517 816 874 870 sacramentis
901 815 1044 869 enim
1085 815 1215 869 ﬁunt
1258 825 1449 868 cuncta
1478 830 1595 884 quae
1626 816 1776 870 ﬁunt.
1811 817 2083 870 Abraham

515 912 558 965 si
594 918 800 964 tantum
829 911 1124 965 secundum
1151 926 1367 966 carnem
1406 911 1650 975 vixisset,
1697 919 1751 964 et
1790 909 1952 963 unius
1991 924 2089 976 po-

517 1002 624 1072 puli
661 1017 821 1071 quem
858 1004 1156 1058 secundum
1193 1019 1413 1058 carnem
1453 1003 1662 1073 genuit,
1693 1011 1846 1072 pater
1872 1001 2084 1068 fuisset,

519 1109 625 1148 una
658 1092 929 1149 sufﬁceret
951 1095 1319 1163 repromissiq.
1351 1093 1502 1148 Nunc
1524 1108 1652 1149 vero
1687 1101 1744 1146 ut
1777 1094 2088 1148 ostenderet

516 1199 642 1240 eum
672 1186 852 1256 primo
879 1196 1086 1256 patrem
1114 1187 1348 1240 futurum
1398 1201 1608 1248 eorum,
1658 1187 1749 1254 qui
1791 1184 2086 1240 secundum

517 1287 737 1328 carnem
778 1275 1084 1329 circumcisi
1136 1285 1282 1340 sunt,
1323 1275 1754 1330 circumcisionis
1799 1289 1910 1330 suae
1953 1284 2089 1328 tem-

517 1380 651 1434 pore
712 1365 871 1421 datur
915 1368 969 1421 ei
1021 1367 1395 1435 repromissio,
1437 1382 1554 1436 quae
1597 1368 1662 1422 ad
1702 1366 1956 1438 populum
1985 1367 2091 1421 cir-

515 1455 872 1511 cumcisionis
915 1457 1190 1525 pertinere
1219 1457 1460 1511 deberet.
1495 1455 1748 1510 Secundo
1786 1456 1910 1524 quia
1938 1463 2092 1524 pater

516 1556 662 1601 esset
685 1546 897 1602 futurus
925 1549 1088 1602 etiam
1127 1562 1312 1603 eorum
1362 1548 1452 1618 qui
1485 1561 1549 1602 ex
1603 1546 1707 1601 ﬁde
1741 1556 1887 1612 sunt,
1923 1556 1976 1601 et
1999 1545 2090 1614 qui

519 1654 615 1707 per
637 1640 939 1709 passionem
966 1639 1165 1695 Christi
1197 1639 1504 1693 veniuntad
1535 1638 1932 1703 hacreditatcm,
1967 1647 2088 1691 tem-

516 1747 646 1801 pore
690 1733 1034 1788 nihilominus
1073 1735 1338 1805 passionis
1379 1735 1549 1797 Isaac,
1595 1732 1887 1803 promissio
1931 1747 2094 1787 reno-

518 1834 694 1890 vatur,
731 1839 848 1893 quae
882 1826 1153 1894 pertinere
1197 1826 1387 1880 debeat
1419 1825 1484 1879 ad
1521 1840 1643 1879 eum
1680 1823 1958 1894 populum,
1995 1825 2086 1892 qui

2185 637 2488 704 passionem
2524 635 2638 702 ﬁlii,
2670 637 2962 705 promissio
3011 635 3164 689 ﬁrma
3209 636 3278 690 sit
3311 653 3326 690 :
3359 637 3633 690 evidenter
3660 637 3748 692 de-

2185 726 2406 795 signans
2437 726 2584 795 quod
2624 734 2848 795 propter
2895 725 3204 794 passionem
3237 725 3439 780 Christi
3468 714 3743 795 populoea

2187 819 2453 887 gentibus,
2478 819 2568 887 qui
2597 833 2660 872 ex
2689 817 2791 871 ﬁde
2813 825 2896 871 est
2925 818 3178 880 Abrahae,
3208 825 3424 870 maneat
3455 819 3605 869 lirma
3635 832 3746 885 pro-

2186 909 2393 963 missio.
2448 909 2510 962 E-t
2556 909 2796 978 nunquid
2845 909 2897 962 in
2953 908 3055 962 hoc
3092 907 3205 962 solo
3243 906 3483 962 secunda
3514 908 3745 962 ﬁrmiora

2188 1005 2312 1074 sunt
2339 1000 2558 1069 primis?
2588 1000 2642 1053 lu
2695 998 2875 1052 multis
2902 997 3268 1067 hujuscemodi
3320 998 3637 1052 adumbrata
3671 998 3746 1049 in-

2186 1091 2370 1146 venies
2396 1101 2756 1145 sacramenta.
2785 1087 2994 1142 Primas
3034 1088 3243 1143 tabulas
3298 1088 3431 1158 legis
3480 1090 3534 1143 in
3575 1087 3749 1142 littera

2190 1183 2456 1252 confregit
2517 1182 2725 1253 Moyses
2770 1192 2824 1237 et
2877 1182 3106 1252 abjecit;
3163 1183 3453 1236 secundam
3497 1181 3664 1251 legem
3699 1183 3747 1236 in

2192 1272 2379 1339 spiritu
2421 1273 2676 1341 suscepit,
2733 1281 2783 1326 et
2831 1281 2959 1326 sunt
3023 1271 3262 1325 lirmiora
3314 1270 3552 1326 secunda
3595 1287 3749 1340 quam

2191 1364 2384 1432 prima.
2418 1364 2627 1419 Rursus
2655 1364 2794 1418 idem
2824 1365 2936 1433 ipse
2959 1382 3082 1421 cum
3104 1380 3316 1421 omnem
3337 1364 3508 1434 legem
3540 1365 3593 1418 in
3624 1380 3751 1433 qua-

2195 1464 2317 1508 tuor
2419 1455 2570 1511 libris
2668 1459 3212 1527 comprehendisset,
3287 1455 3748 1510 Deuteronomium

2193 1548 2412 1617 scripsit
2441 1547 2576 1617 (54),
2608 1550 2749 1614 quod
2779 1552 3013 1605 secunda
3043 1550 3124 1604 lex
3167 1551 3385 1605 dicitur.
3413 1548 3602 1603 lsmael
3637 1547 3749 1616 pri-

2194 1655 2313 1693 mus
2342 1650 2444 1705 est,
2478 1641 2746 1695 secundus
2777 1639 2950 1706 Isaac,
2976 1652 3028 1695 et
3051 1641 3245 1695 similis
3275 1640 3328 1694 in
3353 1640 3592 1694 secundo
3619 1653 3749 1705 prae-

2197 1730 2417 1786 latiouis
2444 1731 2616 1786 forma
2647 1741 2913 1787 servatur.
2941 1733 3052 1788 Hoc
3073 1745 3128 1787 et
3154 1733 3206 1787 in
3244 1732 3384 1786 Esau
3408 1741 3462 1785 et
3490 1731 3543 1784 in
3569 1729 3748 1793 Jacob,

2198 1824 2249 1877 in
2277 1823 2510 1893 Ephrem
2551 1834 2604 1879 et
2640 1824 2903 1890 Manasse,
2952 1826 3002 1879 in
3051 1825 3192 1880 mille
3237 1825 3358 1880 aliis
3390 1823 3638 1878 similiter
3676 1823 3748 1876 in.

514 1918 764 1987 passione
793 1917 991 1974 Christi
1045 1935 1108 1974 ac
1151 1919 1545 1974 resurrectione
1592 1918 1854 1972 salvatur.
1889 1917 1956 1972 Et
1991 1933 2084 1971 ea-
2121 1893 2158 1945 Β
2191 1916 2376 1970 venies
2403 1916 2800 1970 adumbratum.

514 2009 636 2063 dem
697 2009 912 2080 quidem
957 2011 1124 2078 repeti
1181 2011 1454 2076 videntur,
1511 2009 1604 2064 sed
1663 2009 1820 2079 longe
1870 2009 2083 2063 diversa

513 2107 658 2155 sunt.
690 2100 780 2154 llla
817 2100 962 2156 enim
989 2116 1106 2169 quae
1134 2102 1281 2171 prius
1309 2101 1452 2155 dicta
1483 2110 1629 2164 sunt,
1669 2111 1722 2154 ct
1751 2100 1814 2152 ad
1851 2099 2083 2168 priorem

511 2191 764 2258 populum
815 2194 1105 2262 pertinent,
1164 2195 1216 2248 in
1260 2196 1422 2250 terris
1466 2194 1610 2249 dicta
1644 2202 1788 2247 sunt.
1825 2190 1915 2246 Sic
1941 2193 2082 2246 enim

512 2281 643 2336 dicit
668 2283 949 2354 Scriptura
969 2286 1014 2317 ⁸ο
1051 2308 1062 2340 :
1100 2285 1166 2339 Et
1195 2286 1373 2341 eduxit
1414 2302 1531 2361 eum
1579 2285 1747 2354 foras,
1796 2284 1862 2338 de
1907 2285 2088 2338 taber-

511 2377 710 2434 naculo
744 2379 973 2446 scilicet,
997 2389 1043 2432 et
1072 2378 1204 2432 dixit
1234 2381 1280 2432 ei
1305 2394 1323 2432 :
1353 2377 1571 2447 Respice
1614 2377 1796 2431 stellas
1849 2376 1987 2441 caeli,
2041 2379 2086 2430 si

511 2471 835 2524 dinumerari
859 2479 1082 2539 possunt
1112 2489 1141 2524 a
1177 2470 1536 2524 multitudine.
1583 2470 1645 2524 Et
1679 2470 1884 2524 addidit
1937 2486 1951 2522 :
1995 2467 2086 2524 Sic

512 2563 608 2614 erit
643 2577 816 2616 semen
849 2572 1017 2616 tuum.
1060 2561 1162 2617 Ubi
1201 2572 1382 2617 autem
1433 2562 1672 2616 secundo
1707 2562 1970 2631 repetitur
1999 2577 2086 2615 rc-

513 2654 826 2724 promissio,
858 2654 1100 2725 designat
1131 2656 1255 2725 quia
1291 2656 1500 2710 Iocutus
1539 2663 1622 2708 est
1667 2655 1715 2710 ei
1753 2656 1819 2710 de
1858 2654 2087 2724 cmlo,et

512 2745 676 2799 datur
721 2746 1007 2814 promissio
1051 2747 1115 2801 de
1145 2756 1288 2800 terra
1318 2749 1510 2817 priraa,
1545 2748 1784 2804 secunda
1825 2748 1892 2803 de
1924 2745 2082 2802 coelo.

513 2836 706 2892 Nonne
766 2847 952 2907 aperte
1005 2838 1092 2892 hic
1141 2839 1269 2893 illud
1324 2840 1606 2912 designare
1657 2840 1888 2908 videtur,
1941 2840 2086 2910 quod

512 2930 802 2999 Apostolus
833 2932 964 2986 dicit
986 2931 1031 2963 ⁸¹
1063 2949 1077 2986 :
1115 2931 1328 2986 Primus
1359 2933 1514 2988 Itonia
1551 2935 1615 2988 de
1645 2943 1789 2988 terra
1822 2945 2081 3002 terrenus,

514 3025 772 3077 secunlus
805 3023 958 3078 homo
983 3024 1046 3078 de
1072 3024 1196 3078 caelo
1239 3025 1497 3080 caelestis?
1539 3025 1644 3080 Ista
1680 3041 1808 3096 ergo
1853 3027 2086 3094 promis-

515 3114 618 3180 sio,
661 3130 780 3184 qua:
809 3115 875 3169 ad
908 3116 1114 3172 ﬁdelem
1147 3117 1394 3188 pupulum
1427 3119 1680 3187 pertinet,
1718 3119 1785 3172 de
1815 3119 1954 3173 coelo
1982 3128 2082 3186 est,

2256 2007 2311 2060 2.
2354 2006 2459 2062 Sed
2492 2009 2774 2065 redeamus
2811 2025 2956 2064 nunc
2987 2011 3052 2063 ad
3086 2009 3478 2078 nosmetipsos,
3503 2017 3556 2063 et
3583 2023 3749 2062 mora-

2189 2097 2292 2153 lem
2315 2098 2490 2154 locum
2523 2115 2620 2169 per
2637 2101 2881 2170 singulos
2903 2115 3146 2171 quosque
3179 2109 3494 2155 tractemus.
3525 2101 3748 2168 Aposto-

2188 2190 2271 2244 lus
2289 2191 2436 2253 dicit,
2456 2191 2594 2246 sicut
2613 2190 2723 2260 iatn
2749 2193 3000 2261 superius
3022 2193 3442 2247 memoravimus
3457 2192 3503 2224 ⁸⁵
3523 2191 3748 2245 :Primus

2188 2285 2338 2337 homo
2363 2287 2425 2337 de
2450 2294 2590 2339 terra
2623 2300 2881 2346 terrenus,
2913 2285 3171 2338 secundus
3193 2285 3346 2338 homo
3378 2285 3441 2337 de
3467 2285 3595 2338 caelo
3611 2285 3749 2337 caie-

2188 2376 2301 2430 stis.
2340 2375 2525 2440 Qualis
2556 2388 2813 2442 terrenus,
2845 2374 2974 2429 tales
3002 2385 3050 2429 et
3079 2377 3310 2442 terreni;
3340 2385 3388 2428 et
3412 2376 3584 2438 qualis
3607 2377 3747 2430 cale-

2188 2469 2304 2534 stis,
2336 2469 2464 2522 tales
2490 2479 2536 2522 et
2557 2469 2802 2524 crelestcs.
2826 2468 2972 2523 Sicut
2996 2469 3316 2538 portavimus
3341 2468 3620 2537 imaginem
3653 2477 3751 2522 ter-

2187 2560 2320 2624 reni,
2339 2569 2600 2629 portemus
2627 2570 2676 2615 et
2696 2561 2971 2630 imaginem
2995 2559 3230 2614 catastis.
3250 2561 3412 2616 Vides
3427 2562 3555 2630 quid
3579 2571 3751 2615 estea-

2189 2652 2284 2718 dit,
2303 2653 2450 2721 quia,
2477 2654 2520 2708 si
2541 2655 2908 2723 permanseris
2927 2655 2977 2709 in
2997 2670 3060 2709 eo
3076 2656 3217 2725 quod
3241 2658 3470 2724 primum
3486 2664 3590 2720 est,
3614 2657 3748 2723 quod

2188 2742 2254 2797 de
2294 2752 2436 2797 terra
2467 2753 2572 2809 est,
2610 2744 3008 2813 reprobaberis,
3042 2748 3146 2802 nisi
3206 2757 3258 2800 te
3290 2756 3612 2811 commutes,
3651 2748 3748 2802 nisi

2189 2848 2480 2890 conversus
2505 2834 2694 2902 fueris,
2715 2837 2813 2891 nisi
2834 2837 3070 2893 caelestis
3087 2838 3308 2894 ell‘cctus
3324 2841 3610 2910 imaginem
3639 2855 3720 2893 cui
3735 2869 3749 2880 -

2191 2923 2346 2980 lestis
2375 2928 2670 2997 acceperis.
2705 2928 2819 2985 Hoc
2848 2931 2989 2984 idem
3040 2940 3143 2996 est,
3177 2932 3319 3001 quod
3353 2932 3480 2986 alibi
3511 2917 3637 2987 dicit
3659 2933 3706 2963 ⁸³
3737 2955 3746 2986 :

2189 3013 2458 3071 Exuentes
2485 3017 2594 3091 (55)
2618 3035 2708 3074 vos
2735 3031 2948 3076 veterem
2974 3022 3234 3075 hominem
3253 3040 3368 3076 cum
3398 3025 3599 3078 actibus
3621 3026 3748 3084 suis.

2191 3117 2237 3162 et
2272 3109 2545 3164 induentes
2576 3127 2786 3178 navum,
2812 3115 2900 3183 qui
2923 3115 3207 3168 secundum
3232 3115 3399 3169 Deum
3426 3127 3632 3170 creatus
3658 3127 3747 3169 est.

514 3204 608 3260 illa
636 3206 700 3260 de
729 3216 894 3262 terra.
921 3208 974 3262 In
1005 3207 1093 3261 illa
1123 3223 1304 3263 sermo
1331 3210 1702 3264 tantummodo
1735 3207 1857 3274 fuit,
1887 3209 1974 3263 hic
1999 3209 2084 3262 in-
2114 3229 2156 3286 ο
2188 3197 2422 3268 ldipsum
2445 3209 2499 3253 et
2528 3200 2636 3254 alio
2662 3201 2779 3256 loco
2809 3203 2997 3256 scribit
3018 3206 3065 3238 ⁸⁸
3093 3221 3106 3257 :
3149 3202 3282 3256 Ecce
3319 3214 3493 3256 vetera
3537 3205 3753 3256 transie-

518 3299 822 3367 terponitur
845 3301 1242 3368 jusjurandum,
1272 3303 1413 3370 quod
1447 3301 1836 3372 interpretatur
1868 3301 1934 3355 ad
1980 3301 2089 3355 lle-

515 3395 695 3451 brteos
739 3395 989 3451 scribens
1037 3404 1256 3450 sanctus
1297 3394 1582 3463 Apostolus
1634 3395 1735 3450 hoc
1792 3396 1949 3449 modo
2007 3395 2090 3450 di-

515 3501 695 3544 cens:
746 3486 957 3553 Valens,
1012 3488 1188 3558 inquit
1218 3488 1284 3552 ⁸³,
1339 3487 1477 3543 Deus
1519 3489 1790 3542 ostendere
1828 3486 2094 3550 pollicita-

517 3579 676 3634 tionis
706 3579 1000 3634 hmredibus
1043 3579 1462 3633 immobilitatem
1497 3579 1608 3651 (53i
1640 3577 1850 3631 consilii
1873 3578 1976 3641 sui,
2011 3579 2093 3629 in-

515 3673 766 3742 terposuit
795 3671 1197 3742 jusjurandum.
1234 3671 1512 3725 Etitertttn
1546 3691 1559 3725 :
1594 3670 1867 3736 Homines,
1897 3669 2090 3738 inquit,

513 3783 609 3836 per
636 3767 892 3836 majorem
921 3765 1227 3834 suijurant,
1257 3764 1395 3819 Deus
1427 3777 1601 3819 autent
1637 3765 1890 3834 quoniam
1931 3764 2096 3817 nemi-

517 3873 636 3910 nem
685 3858 864 3910 habuit
915 3873 1006 3924 per
1033 3873 1184 3926 quem
1211 3856 1421 3925 juraret
1449 3849 1724 3924 majorem,
1759 3871 1848 3923 per
1880 3865 2093 3908 memet-

520 3951 686 4016 ipsuut
716 3949 865 4018 jura,
896 3949 1020 4001 dicit
1054 3947 1330 4002 Dominus.
1383 3948 1500 4003 Non
1547 3949 1686 4018 quod
1725 3948 1888 4002 Deum
1931 3947 2094 4016 juris-

515 4041 730 4111 J'urandi
761 4039 1060 4094 necessitas
1099 4047 1346 4110 urgeret.
1381 4039 1514 4106 Quis
1544 4040 1686 4094 enim
1719 4039 1785 4093 ab
1814 4053 1877 4095 eo
1905 4039 2091 4111 exige-

523 4139 606 4184 ret
638 4131 1078 4184 sacramentum?
1117 4129 1223 4184 Sed
1257 4131 1395 4184 sicut
1429 4131 1813 4201 interpretatus
1847 4140 1928 4187 est
1963 4147 2094 4201 apo-

521 4215 708 4276 stolus?
733 4223 954 4288 Paulus,
988 4237 1094 4290 quo
1142 4238 1239 4293 per
1276 4223 1376 4278 hoc
1408 4223 1837 4279 immobilitatem
1878 4225 2091 4281 consilii

521 4315 606 4371 sui
631 4314 937 4370 cultoribus
973 4315 1302 4384 designaret.
1335 4315 1424 4370 Sic
1469 4325 1523 4370 et
1555 4316 1678 4371 alibi
1720 4333 1816 4386 per
1855 4318 2094 4388 Prophe-

519 4419 630 4464 tam
665 4409 860 4464 dicitur
878 4408 924 4440 ³³
951 4427 964 4462 :
991 4408 1203 4462 Juravit
1236 4407 1514 4477 Dominus,
1543 4427 1634 4464 nec
1657 4412 1921 4479 paenitebit
1951 4427 2090 4478 eum,

520 4510 576 4560 at
601 4496 654 4556 es
683 4503 928 4557 sacerdos
968 4503 1021 4556 in
1075 4513 1326 4558 retentum
1363 4507 1643 4559 secundum
1688 4507 1923 4560 ordinem
1959 4505 2093 4560 Mel-

2196 3299 2340 3356 runt,
2385 3290 2529 3358 facta
2569 3301 2692 3345 sunt
2722 3294 2897 3346 omnia
2935 3309 3088 3349 nova.
3129 3293 3332 3349 Idcirco
3363 3311 3492 3364 ergo
3539 3294 3757 3364 prornis-

2196 3382 2376 3437 siones
2413 3397 2540 3438 suas
2570 3395 2793 3438 renovat
2825 3385 2984 3451 Deus,
3016 3397 3073 3441 ut
3097 3387 3349 3441 ostendat
3379 3387 3474 3440 tibi
3508 3387 3635 3455 quia
3663 3386 3755 3440 de-

2195 3475 2290 3529 bes
2316 3483 2370 3528 et
2396 3485 2451 3528 tu
2483 3477 2752 3530 renovari.
2790 3475 2904 3529 Non
2951 3487 3235 3544 permanet
3265 3477 3354 3533 iile
3378 3477 3432 3531 in
3461 3477 3754 3537 veteribus,

2196 3580 2263 3620 ne
2292 3574 2346 3620 et
2372 3573 2426 3619 tu
2452 3577 2607 3620 vetus
2631 3568 2793 3622 homo
2823 3584 3164 3639 permaneas.
3189 3571 3262 3624 De
3287 3568 3426 3625 caelo
3452 3569 3563 3623 lucc
3589 3569 3756 3637 loqui-

2198 3669 2302 3724 tur,
2337 3669 2396 3714 ut
2434 3670 2488 3714 et
2526 3670 2578 3714 tu
2614 3660 2901 3731 imaginem
2927 3663 3162 3718 caelestis
3183 3663 3435 3732 accipias.
3468 3661 3599 3715 Nam
3632 3663 3757 3731 quid

2199 3751 2292 3804 tibi
2323 3753 2539 3819 prodest
2571 3753 2682 3823 (56)
2713 3755 2756 3807 si
2779 3755 2918 3810 Deus
2941 3755 3155 3809 innovet
3189 3755 3598 3825 promissiones,
3625 3763 3684 3809 et
3705 3763 3758 3808 tu

2197 3857 2303 3896 non
2346 3843 2659 3899 innoveris?
2695 3847 2739 3901 si
2789 3847 2876 3900 ille
2909 3848 2976 3901 'de
3030 3847 3170 3902 caelo
3209 3847 3484 3917 loquatur,
3511 3857 3566 3902 et
3604 3858 3663 3900 tn
3693 3847 3756 3901 de

2195 3943 2342 3989 terra
2383 3935 2758 4002 audias?Quid
2791 3937 2885 3991 tibi
2911 3937 3129 4007 prodest
3153 3939 3194 3992 si
3223 3938 3365 3994 Deus
3390 3939 3765 4007 sejuramento

2197 4026 2542 4096 constringit,
2586 4037 2642 4081 et
2687 4038 2740 4082 tu
2785 4029 2898 4085 hazc
2939 4033 3092 4100 quasi
3153 4047 3490 4087 communem
3535 4034 3762 4088 audiens

2198 4117 2434 4172 fabulam
2463 4121 2744 4176 transeas?
2775 4121 2955 4188 Quare
2984 4140 3087 4179 non
3115 4125 3431 4181 consideras
3461 4126 3606 4197 quod
3638 4142 3765 4196 pro-

2195 4219 2313 4279 pter
2339 4220 2390 4265 te
2422 4210 2560 4265 Deus
2587 4211 2750 4265 etiam
2776 4227 2837 4266 ea
2866 4228 2987 4282 qua:
3007 4223 3214 4270 natura:
3244 4229 3355 4269 sua:
3389 4224 3510 4285 apta
3545 4215 3768 4269 ιιιίιιὶωε

2194 4304 2472 4368 videntur,
2517 4303 2902 4373 amplectitur?
2936 4303 3129 4360 Jurare
3169 4306 3369 4360 dicitur
3409 4306 3570 4370 Deus,
3604 4317 3669 4360 ut
3711 4316 3767 4360 tu

2198 4396 2424 4450 audiens
2455 4409 2651 4464 paveas
2681 4405 2734 4450 et
2775 4394 3140 4462 intretniscas,
3167 4405 3221 4452 et
3254 4407 3401 4452 metu
3444 4409 3766 4453 consterna-

2197 4495 2286 4540 tus
2323 4487 2591 4556 inquiras,
2628 4486 2756 4555 quid
2797 4487 2924 4541 illud
2973 4495 3182 4541 tantum
3232 4497 3316 4542 est
3355 4503 3452 4557 pro
3484 4503 3589 4558 quo
3627 4490 3770 4543 Dens

518 4592 808 4648 chisedecb.
845 4593 954 4664 85
989 4593 1140 4650 'l‘unc
1165 4595 1358 4648 deinde
1382 4597 1432 4650 in
1462 4597 1634 4664 prima
1673 4597 2092 4667 repromissione
2123 4570 2172 4629 θ
2195 4582 2384 4650 iurare
2412 4581 2615 4634 diem"
2648 4579 2783 4650 (57l-
2815 4579 2976 4635 Fiu'“
3006 4596 3136 4651 θτεο
3176 4581 3311 4645 hic»
3343 4592 3402 4635 ιιι
3437 4592 3486 4635 lu
3528 4593 3770 4636 alleﬂlus

521 4700 628 4740 non
655 4686 817 4742 habet
843 4687 1069 4754 positam
1102 4703 1324 4743 causam
1354 4705 1452 4744 cur
1502 4690 1628 4744 data
1687 4691 1758 4744 sit
1803 4692 2095 4760 repromis-

521 4777 626 4841 sio,
658 4777 765 4832 nisi
793 4788 996 4832 tantntn
1032 4780 1170 4848 quod
1200 4781 1387 4836 eduxit-
1413 4795 1536 4836 eum
1569 4781 1736 4844 foras,
1766 4793 1813 4835 et
1845 4781 2091 4848 ostendit,

523 4871 720 4939 inquit,
756 4871 806 4925 ei
837 4872 1013 4925 stellas
1044 4873 1182 4938 caeli,
1212 4884 1258 4928 et
1295 4875 1451 4939 dixit,
1474 4874 1566 4930 Sic
1594 4876 1694 4928 erit
1719 4890 1891 4928 semen
1919 4887 2089 4928 tuum.

520 4962 679 5017 Nunc
728 4979 857 5019 vero
906 4964 1054 5018 addit
1097 4981 1314 5021 causam
1344 4975 1749 5036 propterquam
1785 4965 2093 5034 juramento

521 5055 813 5110 conﬁrmat
865 5059 1279 5127 promissionem
1337 5057 1559 5114 ﬁrmam
1631 5059 1889 5112 futuram.
1957 5058 2094 5112 Dicit

521 5148 706 5204 enim:
750 5148 890 5214 Quia
941 5151 1113 5220 fecisti
1161 5153 1370 5208 verbum
1409 5154 1528 5218 hoc,
1572 5162 1619 5206 et
1677 5167 1780 5204 non
1823 5147 2101 5219 pepercisti

619 5292 663 5322 "°
697 5290 892 5347 Cenes.
929 5309 1018 5358 xv,
1050 5291 1099 5346 5.
1190 5294 1232 5324 ⁸¹
1271 5294 1285 5347 I
1337 5293 1458 5347 Cor.
1495 5307 1582 5353 xv,
1619 5292 1707 5345 47.

518 5361 567 5397 ⁸⁵
593 5361 806 5419 Coloss.
835 5378 918 5430 ιιι,
946 5364 1000 5418 9.
1075 5364 1120 5395 ⁸⁸
1142 5362 1181 5416 1-1
1212 5364 1334 5418 Cor.
1373 5379 1424 5430 v,
1464 5365 1548 5417 l7.

592 5533 703 5606 (5‘2)
745 5533 916 5598 Alias,
951 5541 1236 5606 retractare
1269 5543 1315 5606 et
1349 5535 1522 5606 minus
1564 5530 1940 5606 necessarium,
1969 5542 2098 5582 mss.

521 5613 583 5657 ιιι
604 5601 886 5658 in'nostro
937 5612 1108 5657 textu.
1160 5601 1325 5656 Paulo
1381 5603 1520 5656 infra
1564 5601 1723 5653 iidem
1778 5615 1932 5663 mss.,
1997 5615 2102 5651 una

516 5675 774 5756 sufficeret
814 5675 1173 5745 repromissio.
1215 5674 1388 5740 Alias,
1437 5690 1542 5726 uua
1594 5670 1869 5740 stt/fecerat
1927 5685 2104 5738 repro-

525 5759 727 5796 ntimo.

597 5814 708 5882 (55)
747 5813 912 5878 Alias,
937 5814 1340 5882 pollicitationes
1371 5812 1665 5867 Itwretlibus
1706 5826 1797 5879 per
1826 5808 2104 5882 ititntobili-

526 5881 707 5951 tatem,
735 5895 785 5940 et
810 5881 969 5955 paulo
990 5885 1070 5942 ini
1074 5903 1154 5952 ra,
1181 5902 1271 5956 per
1298 5886 1549 5956 majorem
1578 5900 1729 5940 suum
1751 5881 1963 5953 jurant.
1997 5881 2102 5936 Sed

1833 5291 1876 5322 ⁸²
1912 5290 2071 5344 llehr.
2101 5305 2175 5353 vr,

1622 5363 1665 5392 ⁸⁷
1701 5361 1876 5415 Galat.
1913 5377 1992 5427 ιιι,
2029 5359 2116 5415 10.

2201 4684 2257 4728 ει
2293 4672 2563 4727 sollicitus
2615 4673 2734 4737 lias,
2772 4682 2826 4726 et
2874 4673 3096 4727 audiens
3141 4673 3232 4727 tibi
3287 4674 3769 4743 repromissionem

2201 4767 2381 4838 parari
2424 4766 2477 4820 in
2521 4764 2693 4830 caelis,
2726 4765 2918 4835 vigiles
2957 4774 3012 4819 ct
3061 4767 3306 4834 requiras
3333 4774 3596 4835 quatenus
3625 4767 3774 4819 divi-

2203 4859 2286 4914 nis
2332 4857 2784 4928 promissionibus
2834 4857 3028 4927 dignus
3081 4858 3337 4910 exsistas.
3383 4855 3779 4911 Verumtamen

2203 4954 2349 5007 hunc
2383 4953 2560 5008 locum
2606 4961 2657 5006 et
2705 4951 2996 5020 Apostolus
3046 4953 3454 5021 interpretatur,
3487 4954 3680 5006 dicens
3703 4949 3778 5015 ⁸⁷,

2205 5046 2329 5115 quia
2350 5044 2578 5098 Abrahae
2600 5044 2840 5112 promisit
2865 5042 3029 5108 Deus,
3053 5054 3100 5097 et
3123 5044 3310 5097 semini
3333 5044 3484 5113 ejus:
3506 5061 3608 5097 non
3639 5043 3781 5096 dixit

2207 5150 2253 5193 et
2289 5139 2571 5193 seminibus
2599 5139 2753 5207 quasi
2786 5138 2838 5190 in
2871 5135 3071 5202 multis,
3101 5137 3191 5190 sed
3211 5148 3462 5206 tanquam
3486 5138 3543 5190 in
3568 5154 3705 5204 uno,
3728 5147 3781 5190 et

2207 5287 2294 5352 15,
2325 5286 2409 5340 l7.
2519 5285 2564 5316 ⁸³
2594 5281 2736 5336 Psal.
2769 5295 2857 5344 cx,
2882 5281 2934 5334 lt.
3043 5277 3090 5310 ³⁸⁵
3123 5277 3138 5331 Ι
3172 5279 3294 5334 Cor.
3325 5277 3526 5343 ",47,
3559 5277 3660 5342 48,
3691 5275 3783 5330 69.

2202 5539 2331 5579 mss.
2356 5532 2414 5578 ut
2445 5523 2497 5576 in
2538 5529 2723 5576 nostra
2749 5527 2918 5573 textu.
2953 5515 3096 5570 lnlra
3129 5515 3289 5569 iidem
3326 5527 3480 5577 mss.,
3511 5513 3618 5566 nisi
3661 5524 3797 5565 tm:-

2204 5611 2309 5648 tum
2338 5594 2476 5664 quod
2501 5592 2680 5646 eduxit
2713 5606 2828 5664 eum
2853 5588 3022 5664 [ai-as.
3053 5586 3107 5639 ln
3137 5585 3300 5664 editis
3328 5585 3480 5640 deest
3507 5599 3618 5639 vox
3659 5586 3798 5641 nisi.

2273 5657 2384 5735 (5i)
2416 5663 2587 5735 Alias,
2621 5663 2821 5714 scribit.
2856 5658 3010 5735 Mss_.,
3045 5657 3270 5735 scripsit.

2274 5728 2388 5805 (55)
2426 5733 2552 5805 Mss.
2587 5741 2867 5805 ιλιςιιριιιειι.Δ
2890 5730 3060 5805 Alias,
3085 5728 3277 5805 equile.

2273 5799 2388 5873 (56)
2422 5803 2592 5867 Alias,
2633 5801 2867 5869 nunquid
2899 5799 2991 5853 tibi
3020 5801 3252 5868 prodest.

2273 5877 2389 5949 (57),
2422 5875 2593 5940 Alias,
2626 5875 2851 5927 dicatur.
