3902 6502
151 397 248 454 213
1327 389 1390 443 IN
1418 382 1713 444 GENESIM
1751 375 2036 435 HOMILIA
2071 376 2160 432 IX.
3267 372 3374 429 2M

153 516 324 572 semini
362 523 472 580 tuo,
503 517 592 583 qui
629 521 704 568 est
742 510 1008 566 Christus-
1055 510 1130 565 De
1180 507 1396 564 Christo
1425 521 1554 575 ergo
1581 502 1715 560 dici-
1742 504 1792 564 Α
1821 515 1913 552 nos
1944 507 2133 562 terrw;
2166 492 2439 564 depellens
2471 493 2616 562 ipsos
2657 489 2879 583 angelos
2913 494 3176 583 potestate
3204 493 3260 540 et
3285 486 3382 538 do-

157 607 292 662 tur“
344 623 359 661 :
407 579 772 672 Multiplicaus
825 603 1182 672 multiplicabo
1231 617 1404 655 semen
1450 608 1619 661 tuum,
1661 605 1712 649 et
1821 589 2140 654 tninatione,
2172 582 2331 657 quam
2363 583 2638 667 habebant
2679 583 2731 636 in
2770 579 3097 644 nationibus,
3123 591 3383 649 provoca-

154 699 246 754 m’;
276 697 392 766 (58)
421 670 760 751 sicurueuw
809 695 923 750 mli
980 670 1038 749 in
1085 692 1446 758 multitudine,
1477 699 1525 744 et
1578 690 1712 743 sicut
1817 680 1891 734 vit
1920 695 2014 734 eos
2036 681 2101 733 ad
2127 676 2487 733 iracundiam.
2523 675 2588 729 Et
2618 673 2820 728 idcirco
2861 673 3070 736 dicit",
3102 673 3226 741 quia
3255 670 3386 724 asti-

155 806 306 843 arena
327 805 445 860 qua:
470 798 546 842 est
575 788 644 841 ad
669 805 818 844 oram
845 789 1028 842 maris.
1069 788 1202 854 Quis
1229 785 1339 854 jam
1376 784 1696 853 expositiont

1840 781 1987 823 erunt
2012 786 2152 839 reges
2180 779 2352 835 terrae,
2379 778 2426 822 et
2449 768 2706 837 principes
2741 771 3087 819 convenerunt
3118 767 3172 816 in
3196 775 3381 824 unum,

155 853 372 952 indigel,
407 889 465 935 ut
492 881 622 936 sciat
653 895 835 935 semen
867 880 1068 934 Christi
1090 853 1358 948 quomodo
1393 876 1717 946 multiplice-
1817 863 2069 916 adversus
2094 861 2400 926 Dominum,
2425 861 2733 914 etadrersus
2751 857 3014 910 Christum
3030 856 3165 923 ejus.
3186 853 3245 906 Et
3264 853 3384 905 ideo

157 983 254 1040 iur,
279 971 369 1042 qui
401 972 544 1026 vide;
587 986 616 1023 ει
668 971 868 1024 quibus
898 979 1056 1024 ιρι-τω
1092 983 1263 1039 usque
1289 968 1355 1023 ad
1392 968 1526 1022 ﬁnes
1555 977 1714 1020 terra
1817 954 2176 1008 adversantur
2203 954 2367 1008 etiam
2401 952 2578 1016 nobis,
2613 962 2776 1020 atque
2793 963 2992 1019 agones
3011 955 3192 1042 contra
3218 959 3313 1042 nos
3330 953 3385 996 et

153 1035 498 1135 pm'pggalam
545 1063 984 1133 praedicationem
1049 1035 1349 1131 Evaﬁgelii.
1399 1069 1454 1114 ει
1511 1057 1712 1113 “unum
1816 1049 2116 1100 certamina
2141 1045 2436 1100 concitant.
2464 1043 2599 1097 [line
2616 1041 2979 1112 ctApostolus
3001 1038 3200 1093 Christi
3233 1054 3246 1089 :
3274 1035 3383 1088 Lu-

155 1169 285 1224 pene
310 1168 431 1208 esse
452 1152 566 1222 jam
603 1152 778 1208 locum
813 1154 903 1222 qui
935 1168 1044 1208 non
1071 1168 1254 1207 semen
1285 1151 1432 1206 verbi
1463 1163 1696 1218 suscepe

1841 1145 2019 1190 tamen
2050 1146 2145 1201 est,
2173 1136 2405 1205 iuquil‘,
2438 1133 2583 1188 nobis
2636 1149 2739 1186 non
2795 1130 3069 1184 adrersum
3103 1143 3309 1181 carnem
3332 1134 3382 1178 et

157 1245 252 1299 rit?
286 1244 399 1299 Hoc
430 1258 660 1312 namque
706 1253 760 1298 et
801 1244 853 1297 in
897 1243 1070 1298 initiis
1110 1242 1296 1297 mundi
1332 1241 1698 1311 pricﬁguraba‘

1844 1228 2148 1296 anguincm,
2174 1228 2264 1280 sed
2288 1227 2565 1279 adversum
2596 1225 2922 1294 principatus
2950 1233 2993 1274 et
3013 1227 3312 1289 potestates,
3335 1226 3383 1272 et

155 1344 256 1399 ιιιιι,
295 1347 418 1388 cum
461 1333 745 1388 dicererm-
790 1333 918 1386 Αιιω
940 1332 984 1364 89
1014 1349 1028 1387 ε
1055 1331 1280 1386 ενοεείιε
1320 1339 1366 1384 ει
1400 1329 1712 1395 multiplica.
1818 1317 2002 1370 mundi
2026 1316 2182 1386 hujus
2209 1327 2452 1370 rectores.
2473 1315 2767 1386 Propterea
2790 1330 2918 1383 ergo
2939 1312 3260 1383 vigilandum
3285 1325 3386 1364 no-

153 1426 296 1478 mini.
326 1425 478 1492 Quod
519 1434 570 1478 et
614 1425 787 1492 ipsum
823 1425 954 1478 dicit
994 1423 1282 1492 Apostolus
1304 1425 1370 1490 9°,
1409 1424 1462 1476 in
1495 1421 1714 1478 Christo
1819 1411 1899 1464 bis
1919 1421 2020 1476 eSI,
2056 1411 2663 1481 etsolliciteagendum,
2689 1411 2812 1480 quia
2831 1406 3165 1460 aduersarius
3189 1415 3383 1470 noster,

151 1514 249 1568 dici
279 1523 335 1569 et
363 1515 418 1567 in
453 1514 714 1568 Ecclesia.
746 1514 898 1582 Quod
938 1526 1124 1569 autem
1159 1516 1334 1569 dixit:
1367 1511 1516 1569 Sicut
1548 1514 1715 1567 stella:
1816 1504 1950 1558 sicut
1989 1505 2068 1558 leo
2096 1505 2322 1572 rugiens,
2354 1504 2564 1566 circuit,
2591 1519 2828 1573 qua'rens
2858 1518 3006 1572 quem
3037 1498 3383 1553 transvorct’.

149 1605 260 1659 caeli
294 1607 348 1658 in
381 1607 740 1671 multitudine,
775 1618 828 1661 et
862 1608 1080 1676 adjecit,
1128 1609 1262 1661 sicut
1304 1624 1463 1660 arena
1495 1622 1609 1676 (μίαν
1640 1615 1715 1660 εει
1817 1595 1916 1651 Cui
1937 1595 2418 1650 nislrestiterimus
2447 1594 2608 1663 fortes
2638 1596 2690 1647 in
2716 1592 2838 1661 ﬁde,
2871 1608 3080 1647 rursum
3101 1604 3198 1642 nos
3222 1588 3274 1642 i-u
3300 1602 3387 1641 ca-

149 1697 214 1748 ad
241 1712 392 1750 orant
445 1700 604 1751 maris
642 1699 1075 1765 innumerabilis,
1117 1699 1348 1754 fortasse
1379 1700 1595 1768 quidem
1629 1698 1716 1752 di-
1819 1691 2118 1760 plivitalem
2156 1690 2453 1744 revocabit.
2502 1689 2652 1756 Quod
2686 1689 2730 1742 si
2773 1686 3175 1750 nobiseveniat.
3208 1683 3386 1753 ingra-

149 1796 230 1840 cat
255 1787 454 1856 aliquis
494 1789 734 1846 caelestis
779 1789 986 1845 numeri
1017 1789 1244 1860 ﬁguram
1276 1790 1714 1846 Christianorum
1747 1845 1788 1860 _
1822 1792 1931 1836 tum
1965 1782 2228 1837 faciemus
2256 1798 2390 1852 opus
2409 1781 2549 1850 ejus,
2579 1782 2670 1850 qui
2696 1781 2840 1836 cruci
2871 1795 2980 1835 sua:
2996 1777 3161 1832 aﬂixit
3182 1777 3384 1848 princi-

150 1877 367 1946 populo,
402 1895 584 1934 arenae
614 1882 778 1936 maris
807 1881 1032 1937 Judaico
1056 1845 1374 1937 convenire.
1395 1883 1501 1953 Ego
1533 1892 1713 1937 tamen
1747 1845 1790 1901 Β
1819 1885 1977 1945 putus
2005 1885 2057 1930 et
2086 1885 2380 1945 potestates
2399 1875 2442 1939 ³,
2475 1890 2595 1928 cum
2629 1874 2818 1928 ﬁducia
2853 1873 3187 1943 triumphans
3211 1886 3306 1927 eos
3331 1872 3384 1924 in

150 1968 246 2022 hoc
277 1971 452 2040 magis
501 1982 631 2040 pulo
669 1974 812 2042 quod
854 1983 1145 2044 utrumque
1169 1975 1475 2044 exemplum
1504 1975 1719 2044 utrique
1818 1968 2194 2036 semetipsum,
2227 1977 2280 2021 et
2311 1968 2400 2035 qui
2435 1966 2579 2020 venit
2622 1968 2864 2036 captivos
2907 1966 3183 2019 dimittere
3214 1965 3265 2018 iu
3299 1978 3386 2018 re-

148 2060 341 2128 populo
372 2063 541 2130 possit
569 2065 766 2133 aptari.
801 2065 936 2120 Nam
965 2077 1021 2122 et
1064 2067 1114 2120 in
1152 2067 1240 2118 illo
1274 2066 1469 2136 populo
1502 2066 1722 2121 fuerunt
1820 2059 2183 2114 missionem".
2235 2058 2376 2126 Quin
2407 2060 2590 2128 potius
2623 2059 2779 2113 ﬁdem
2830 2059 3031 2114 Christi
3073 2066 3384 2126 sequentes,

149 2152 295 2206 tuulti
333 2153 464 2222 justi
497 2164 552 2210 et
581 2158 876 2224 prophetae,
905 2159 1104 2228 quibus
1137 2159 1419 2213 stellarum
1450 2159 1573 2214 εωιὶ
1603 2173 1716 2213 me-
1820 2153 1911 2222 qui
1943 2152 2296 2222 triumphavit
2333 2167 2452 2218 eos,
2483 2154 2886 2222 disrumpamus
2933 2152 3141 2206 vincula
3176 2167 3385 2214 eorum,

147 2245 248 2299 rito
301 2231 653 2322 comparatur
691 2251 1000 2320 exemplum
1047 2269 1060 2306 ;
1093 2262 1147 2307 et
1179 2253 1230 2305 in
1289 2260 1477 2308 nostro
1520 2253 1719 2321 populo
1821 2243 2016 2312 quibus
2050 2258 2147 2297 nos
2177 2241 2540 2298 deviuxerunt
2567 2245 2823 2314 potestati
2853 2259 2982 2298 suae.
3013 2243 3227 2298 Vincula
3257 2258 3386 2296 vero

148 2345 266 2390 sunt
299 2339 453 2393 multi
481 2341 573 2409 qui
609 2349 824 2396 terrena
851 2343 1093 2413 sapiunt,
1126 2353 1184 2398 et
1210 2359 1442 2414 quorum
1489 2344 1718 2399 stultitia
1821 2335 2022 2407 quibus
2055 2349 2155 2390 "08
2195 2336 2598 2407 constringunt.
2641 2337 2921 2405 ρπιδεῑοιιθε
2955 2345 3008 2389 ει
3035 2336 3166 2388 Vilia
3204 2345 3386 2390 "051m

149 2431 367 2498 gravior
395 2441 480 2487 est
505 2448 672 2487 arena
699 2434 894 2502 maris;
926 2437 978 2488 in
1007 2435 1206 2504 quibus
1242 2437 1513 2505 principue
1547 2437 1720 2490 ltzel‘e-
1819 2435 1965 2492 Sunt,
2001 2426 2199 2495 quibus
2225 2426 2408 2481 tandiu
2448 2427 2792 2488 iunectimur.
2832 2427 3004 2481 donec
3032 2441 3250 2481 carnem
3290 2440 3388 2479 no-

145 2523 378 2578 ticorum
429 2528 616 2582 turbas
662 2527 902 2583 arbitror
958 2528 1314 2595 deputandas,
1365 2529 1470 2584 sed
1511 2545 1576 2584 ne
1621 2543 1720 2585 nos
1819 2529 1986 2574 stram
2011 2519 2394 2588 erueiﬁgamus
2424 2533 2548 2574 cum
2577 2519 2718 2573 vitiis
2745 2529 2797 2572 et
2831 2518 3386 2586 concupiscentiis,et

143 2615 360 2682 quidem
405 2617 584 2671 securi
630 2618 834 2684 simus;
902 2620 1074 2675 donec
1129 2623 1273 2676 enim
1309 2625 1430 2692 quis
1472 2632 1718 2678 nostrum
1821 2611 1894 2664 ita
1925 2612 2138 2665 demum
2167 2611 2556 2680 disrumpamus
2595 2610 2798 2666 vincula
2827 2626 3029 2678 eorum,
3058 2619 3105 2663 et
3136 2608 3388 2678 proiicia-

145 2721 249 2760 non
277 2707 498 2776 deponit
534 2710 817 2780 imaginem
866 2715 1094 2777 terreni,
1123 2723 1176 2768 et.
1208 2715 1382 2769 induit
1419 2717 1710 2784 imaginem
1819 2720 1932 2758 mm
1963 2721 1994 2756 α
2028 2703 2172 2756 "om
2211 2703 2402 2773 iugum
2461 2705 2758 2773 51’80"“""-
2794 2702 2962 2775 Ῐῧῖιιη·
2989 2702 3272 2772 οοευιιενῖι
3304 2715 3391 2756 εθ-

143 2798 409 2864 caelestis,
463 2803 695 2857 terrenis
731 2819 1082 2873 comparari"
1129 2808 1413 2877 exemplis,
1468 2808 1622 2864 unde
1666 2822 1720 2865 ει
1822 2808 1943 2847 men
1989 2793 2218 2846 Abrahae
2247 2791 2494 2846 civitates
2520 2791 3060 2855 adversariorum,id
3095 2799 3178 2844 est
3200 2803 3386 2843 semen

144 2892 434 2960 Apostolus
459 2909 521 2947 ex
543 2895 648 2962 his,
684 2905 742 2949 ut
777 2899 991 2965 opinor,
1027 2909 1206 2954 motus
1239 2900 1291 2954 in
1311 2899 1631 2956 coelestibus
1664 2917 1685 2957 ε

1845 2886 1995 2948 'erbi,
2027 2884 2173 2954 quod
2221 2893 2303 2939 est
2334 2886 2646 2953 praedicatio
2675 2885 2958 2954 Evangelii
2985 2893 3038 2938 et
3065 2883 3194 2937 ﬁdes
3225 2881 3386 2937 Chri-

146 2984 509 3040 terrestribus
541 2973 862 3058 corporibus
898 2993 1316 3047 resurrectionis
1350 2992 1550 3048 format
1583 2994 1687 3048 ima

1844 2982 1913 3036 .ti.
1949 2980 2054 3035 Sed
2089 2979 2210 3034 dico
2241 2995 2254 3031 :
2291 2977 2543 3048 Nunquid
2580 2979 2866 3047 iniquitate
2911 2992 3040 3032 usus
3081 2987 3166 3032 est
3203 2976 3385 3029 Domi-

143 3074 350 3143 ginem,
406 3077 651 3132 dicens“
684 3080 846 3133 :Atia
905 3083 1113 3151 quidem
1162 3083 1451 3137 εωιεειξαιη
1514 3085 1711 3154 gloria,
1820 3085 1943 3136 nus,
1973 3079 2029 3124 ut
2053 3071 2285 3138 eriperet
2313 3079 2498 3138 gentes
2528 3069 2592 3123 de
2623 3077 2892 3136 potestate
2917 3067 3383 3130 adversariorum,

144 3166 247 3218 alia
277 3177 458 3219 autem
502 3170 846 3224 terrestrium.
873 3170 939 3224 Et
965 3173 1117 3226 stella
1156 3174 1221 3226 ab
1263 3175 1414 3228 stella
1460 3175 1678 3244 cli/ferti

1844 3172 1875 3216 ει
1907 3163 1974 3216 ad
2003 3161 2160 3216 ﬁdem
2194 3175 2350 3214 suam
2391 3159 2755 3228 ditionemque
2790 3171 3070 3214 revocaret
3095 3157 3244 3230 (60)?
3281 3157 3385 3210 Nc-

145 3257 408 3323 claritate,
443 3260 518 3312 ita
563 3261 661 3314 erit
703 3272 748 3314 et
793 3265 1108 3317 resurrectio
1152 3275 1502 3319 mortuorum,
1533 3267 1638 3321 sed
1665 3277 1721 3322 et
1755 3252 1788 3258 ⁷
1823 3272 2117 3327 quaquam.
2150 3257 2280 3310 Erat
2303 3256 2447 3310 enim
2477 3254 2766 3323 aliquando
2800 3270 2925 3323 pars
2961 3253 3168 3306 Domini
3200 3252 3388 3314 Israel,

146 3349 409 3406 Dominus
442 3366 566 3406 cum
600 3353 796 3407 dicit"
826 3372 840 3408 :
869 3354 960 3408 Ita
1005 3355 1176 3411 luceat
1218 3357 1311 3410 tua.
1341 3368 1509 3412 vestra
1541 3374 1719 3412 corum
1821 3352 1914 3403 sed
1946 3349 2022 3401 illi
2053 3363 2279 3418 peccare
2319 3346 2564 3400 fecerunt
2607 3345 2771 3398 Israel
2812 3360 2840 3396 a
2884 3344 2992 3398 Deo
3024 3359 3144 3410 suo,
3179 3352 3232 3397 et
3257 3359 3388 3411 pro-

145 3443 470 3507 nominibus,
501 3455 555 3498 ut
604 3447 833 3501 videntes
881 3447 1116 3502 homines
1163 3467 1320 3518 opera
1369 3459 1536 3503 vestra
1583 3452 1719 3504 bona
1821 3449 1940 3510 pler
1969 3449 2187 3509 Decentii
2220 3455 2314 3492 Slla
2347 3437 2478 3492 dixit
2506 3437 2585 3491 eis
2619 3436 2796 3491 Deus“
2831 3453 2845 3491 :
2877 3435 3012 3489 Ecce
3043 3435 3272 3506 peccatis
3298 3452 3386 3490 ve:-

142 3531 446 3602 gloriﬁcent
504 3533 718 3590 Putrem
771 3553 999 3592 vestrum
1050 3541 1140 3609 qui
1204 3541 1257 3593 in
1307 3541 1450 3595 cretis
1497 3543 1683 3606 est,ho

1851 3532 1944 3585 tris
1998 3532 2245 3584 distracti
2300 3532 2444 3593 estis,
2483 3540 2527 3581 et
2581 3537 2793 3594 propter
2835 3537 3048 3596 peccata
3102 3538 3271 3581 vestra
3308 3527 3389 3580 di-

143 3622 283 3678 idem
316 3637 630 3682 commonet
650 3643 774 3682 eum
801 3631 892 3700 qui
926 3633 1072 3685 novit
1098 3633 1305 3688 audire,
1821 3623 1984 3693 spersi
2027 3623 2150 3676 estis
2178 3623 2270 3674 sub
2308 3622 2547 3674 universo
2596 3620 2744 3672 caelo.
2782 3619 2887 3671 Sed
2935 3619 3128 3671 iterum
3156 3617 3286 3670 dicit
3320 3616 3388 3668 ad

212 3719 266 3772 5.
299 3717 460 3784 Quod
494 3730 671 3774 autem
706 3721 954 3778 Christus
999 3740 1184 3780 semen
1225 3726 1459 3783 Abrahm
1488 3739 1541 3784 et
1576 3730 1719 3786 ﬁlius

1853 3717 1946 3771 os"
1980 3715 2072 3769 :Si
2099 3715 2254 3783 fuerit
2292 3713 2548 3782 dispersio
2585 3723 2751 3766 vestra
2793 3712 2857 3764 ab
2907 3721 3135 3764 extremo
3159 3708 3274 3762 eteli
3304 3725 3393 3760 us-

141 3807 378 3863 Abrahar.
403 3809 496 3874 sit,
527 3811 573 3863 si
620 3811 700 3864 vis
738 3813 1046 3867 evidentius
1093 3815 1391 3884 Scriptura:
1425 3820 1605 3875 verbis
1632 3822 1682 3875 di

1850 3825 1917 3861 ‘tle
1947 3807 2013 3861 ad
2038 3817 2324 3861 extremum
2347 3803 2479 3873 ejus,
2510 3803 2628 3855 inde
2653 3801 2972 3870 congregabo
2997 3815 3104 3865 vos,
3127 3799 3252 3851 dicit
3279 3796 3391 3850 Do-

143 3915 316 3967 scere,
354 3901 482 3955 audi
528 3901 796 3970 quomodo
839 3903 888 3957 in
953 3906 1244 3974 Evangelio
1285 3909 1546 3977 scripium
1591 3921 1715 3966 est;
1819 3897 2010 3950 minus.
2043 3895 2178 3962 Quia
2214 3909 2343 3964 ergo
2369 3893 2639 3962 principes
2679 3890 2836 3959 hujus
2866 3890 3048 3943 mundi
3080 3890 3392 3942 invaserant

141 3988 317 4055 Liber,
355 3991 610 4061 inquit”,
641 3996 990 4064 generationis
1009 3997 1136 4051 Jesu
1163 3999 1362 4054 Christi
1391 4001 1491 4069 ﬁlii
1525 4003 1713 4070 David,
1820 4002 2027 4061 Panem
2056 3988 2293 4054 Domini,
2326 4000 2548 4041 necesse
2587 3984 2774 4038 habuit
2812 3993 2997 4053 Paslor
3044 3981 3221 4034 1’0"“5
3259 3978 3391 4033 τεη-

139 4079 239 4145 ﬁlii
268 4081 566 4136 Abraham.
602 4083 655 4138 lu
691 4085 796 4140 hoc
831 4102 962 4156 ergo
991 4089 1298 4158 completur
1333 4102 1384 4145 et
1419 4093 1505 4147 ille
1539 4109 1718 4149 sermo
1819 4084 1922 4138 etis
1950 4083 2001 4136 in
2038 4080 2286 4150 supernis
2319 4079 2611 4146 nonaginta
2652 4086 2705 4130 et
2732 4090 2922 4130 novem
2957 4073 3292 4128 descendere
3323 4071 3390 4126 ad

140 4187 301 4240 quem
337 4175 472 4228 dicit
499 4175 543 4207 "
570 4194 584 4229 :
615 4175 941 4232 Ha'reditate
979 4181 1145 4248 capiet
1167 4200 1340 4238 semen
1365 4194 1511 4239 tuum
1535 4187 1681 4240 civim

1846 4189 2018 4239 erras,
2045 4183 2099 4228 et
2123 4188 2284 4225 unam
2309 4186 2462 4226 ovem
2498 4185 2616 4238 quae
2643 4171 2880 4238 perierat
2903 4181 3168 4236 quaerere,
3198 4164 3387 4219 inven-

140 4271 212 4314 tes
232 4264 689 4320 adversariorum.
721 4268 1003 4333 Quomodo
1038 4273 1353 4329 haereditate
1393 4277 1535 4346 cepit
1561 4277 1718 4333 Citl‘iu
1822 4276 2040 4336 tamque
2068 4274 2122 4320 et
2153 4264 2397 4318 humeris
2437 4271 2731 4326 revectam,
2778 4262 2841 4315 ad
2887 4273 3182 4328 supernum
3212 4255 3391 4326 perfe-

139 4365 258 4409 διυε
311 4357 571 4412 εῖνίιέὶιθε
615 4359 1089 4417 adversariorum?
1124 4364 1228 4418 Per
1274 4367 1374 4421 hoc
1408 4369 1524 4422 sine
1555 4371 1716 4426 dubio
1821 4359 2015 4416 ctionis
2053 4357 2192 4414 ovile
2243 4354 2560 4410 revocare“.
2593 4354 2698 4408 Sed
2751 4352 2876 4421 quitl
2918 4351 3048 4404 mihi
3095 4351 3314 4419 prodest
3343 4348 3389 4401 si

138 4449 279 4515 quod
310 4450 366 4502 in
391 4466 594 4504 omnem
613 4463 805 4506 terram
845 4456 972 4508 exiit
1009 4473 1168 4511 sonus
1196 4461 1558 4528 apostolorum
1574 4463 1640 4528 ³⁸,
1669 4484 1679 4516 t

1853 4466 2008 4506 emen
2058 4451 2288 4504 Abrahae
2321 4448 2412 4518 qui
2447 4456 2531 4502 est
2563 4447 2830 4509 Christus,
2865 4443 3183 4498 ltmreditate
3220 4440 3391 4511 possi-

136 4541 190 4594 in
218 4543 402 4596 orbem
449 4553 602 4598 terrw
644 4547 797 4600 verba
823 4565 1004 4602 eorum
1026 4550 1093 4604 ³⁸.
1125 4550 1279 4606 Unde
1309 4561 1362 4606 et
1390 4555 1454 4608 ad
1493 4554 1712 4611 ίηιευη-
1745 4536 1794 4595 1)
1822 4544 1948 4598 deat
1989 4542 2238 4596 civitates
2284 4537 2746 4601 adversariorum,
2788 4543 2839 4589 et
2885 4549 3056 4589 meam
3108 4533 3384 4587 civitatem

137 4633 280 4687 diam
311 4636 543 4690 excilali
573 4647 699 4691 sunt
725 4640 902 4709 angeli
939 4642 1036 4708 illi,
1077 4645 1166 4712 qui
1203 4646 1442 4717 singulas
1469 4663 1715 4716 quasque
1823 4653 1929 4692 non
1962 4634 2275 4704 possideat?
2300 4633 2414 4687 siin
2448 4647 2564 4686 mea
2597 4631 2838 4694 civitate,
2874 4629 2974 4683 hoc
3001 4635 3082 4682 est
3119 4627 3171 4682 in
3210 4627 3390 4680 anima

137 4729 392 4783 nationes
441 4730 540 4784 sub
574 4739 840 4798 potestate
886 4736 1195 4790 retinebant
1249 4739 1379 4809 (59).
1424 4741 1535 4810 86
1583 4741 1714 4795 Cant
1823 4747 1961 4796 mea,
1991 4745 2110 4798 qua:
2138 4727 2434 4782 eSlCiVimS
2463 4721 2852 4794 Regismagnis
2884 4734 3055 4789 neque
3081 4717 3383 4788 103359-103.

132 4820 270 4874 enim
311 4822 569 4876 divideret
612 4823 864 4879 Eacelsus
889 4839 1067 4896 gentes
1104 4833 1388 4884 sccttndum
1441 4850 1673 4888 numerat

1846 4839 1996 4892 teque
2032 4822 2277 4875 instituta
2306 4817 2627 4872 serventur?
2662 4816 2795 4881 Quid
2831 4813 2958 4868 tnihi
2993 4814 3209 4882 prodest
3243 4813 3387 4881 quod

132 4913 453 4981 angelorum
485 4913 600 4979 Dei,
637 4927 760 4969 tunc
784 4935 907 4985 pars
931 4919 1045 4988 ejus
1068 4920 1209 4987 facta
1239 4933 1309 4976 est
1338 4923 1526 4989 Jacob,
1557 4938 1603 4979 ει
1628 4927 1714 4995 [η-
1823 4917 2133 4970 universum
2179 4913 2431 4967 mundum
2456 4911 2707 4980 subjecit,
2743 4917 2798 4960 et
2843 4907 3280 4961 adversariorum
3317 4905 3392 4959 ci-

133 5006 344 5058 niculus
383 5007 711 5061 hiereditatis
753 5009 870 5077 ejus
896 5009 1068 5064 Israel
1086 5012 1151 5066 9".
1181 5012 1434 5069 Christus
1461 5019 1607 5070 enim
1644 5020 1709 5074 ad
1822 5011 2017 5065 vitates
2047 5007 2306 5078 possidet,
2356 5008 2400 5062 si
2442 5021 2546 5062 non
2590 5015 2642 5060 et
2685 5007 2740 5058 in
2775 5019 2857 5058 me
2884 5003 3228 5058 adversarios
3261 5015 3389 5056 suos

131 5113 294 5165 quem
352 5098 570 5152 dixerat
601 5099 760 5154 Pater
782 5101 827 5132 ³³⁸
854 5120 866 5155 :
897 5101 1023 5156 Pete
1050 5123 1080 5156 α
1109 5120 1210 5169 me,
1235 5116 1280 5157 et
1301 5107 1435 5159 dabo
1468 5111 1560 5161 tibi
1584 5126 1710 5178 gen-
1819 5104 2022 5168 vincat,
2059 5100 2102 5154 si
2137 5115 2244 5153 non
2278 5103 2521 5154 destruat
2563 5098 2759 5167 legem,
2790 5114 2908 5167 qua:
2938 5107 3021 5152 est
3047 5098 3098 5151 in
3131 5097 3390 5153 membris

133 5197 206 5240 tcs
233 5189 610 5242 [nereditatem
657 5202 828 5254 tuam,
863 5201 910 5245 et
940 5195 1318 5260 possessionem
1348 5205 1491 5250 luant
1529 5202 1674 5254 lermt'

1846 5194 1955 5249 ueis
2002 5207 2304 5263 repugnans
2347 5191 2446 5259 legi
2480 5190 2678 5244 mentis
2720 5205 2869 5251 mea).
2903 5199 2957 5244 et
2991 5191 3263 5260 captivqu
3300 5204 3387 5242 me

199 5307 470 5383 '_"Genes.
496 5308 782 5383 Χιιιεέᾍη
802 5311 846 5383 af
865 5310 1062 5383 Genes.
1085 5330 1119 5377 ι,
1143 5314 1230 5368 28.
1274 5315 1319 5345 9°
1351 5316 1542 5382 Ephes.
1569 5333 1619 5382 v,
1646 5320 1734 5375 '52.

1853 5321 1870 5373 l
1902 5321 2024 5373 Cor.
2048 5333 2138 5378 xv,
2162 5316 2231 5370 40
2255 5322 2306 5368 et
2331 5329 2443 5383 seq.
2486 5315 2530 5345 ⁸³
2557 5313 2741 5366 Matth.
2767 5327 2818 5383 γ,
2857 5311 2944 5366 16.
2985 5313 3030 5343 9³
3053 5313 3310 5383 Mattlt._l,
3331 5311 3380 5383 i.

129 5375 171 5408 “
193 5377 575 5456 Cenes-2x5",
612 5379 699 5432 l7.
721 5382 784 5456 _9'
811 5381 1010 5456 Psaltn.
1048 5375 1194 5448 svnt,
1224 5385 1282 5456 5.
1315 5387 1360 5416 9°
1391 5375 1544 5442 Rom.
1573 5375 1625 5452 χ’,
1655 5391 1670 5443 l

1842 5393 1846 5404 '
1876 5391 2028 5443 Deut.
2056 5375 2225 5452 xxsttt,
2247 5386 2378 5456 8.79.
2407 5375 2425 5383 ’
2448 5384 2491 5416 ⁸⁸
2525 5383 2749 5456 Ρειιμιι,
2855 5385 2934 5456 ff
2957 5383 3083 5456 ibid.
3112 5383 3164 5436 2.
3206 5382 3218 5412 ¹
3245 5380 3383 5456 Eph.

129 5461 201 5515 vt,
232 5449 323 5504 16.
367 5451 389 5480 ³
417 5449 436 5502 1
464 5449 608 5504 Petr.
634 5467 687 5516 v,
715 5451 770 5506 8.
847 5452 867 5483 ³
891 5453 1094 5509 Coloss.
1133 5470 1190 5519 tt,
1226 5455 1310 5509 14.
1355 5458 1376 5485 ⁴
1403 5456 1538 5513 Luc.
1566 5449 1670 5527 xiv,

1841 5461 1861 5492 ⁵
1890 5459 2031 5515 Psal.
2066 5475 2121 5523 tt,
2152 5449 2221 5512 ὅ(
2250 5455 2512 5510 ‘Nehetn.
2533 5471 2572 5508 ι.
2626 5455 2646 5484 ⁴¹
2682 5454 2815 5508 ibid.
2852 5453 3080 5509 I'h’latth.
3111 5451 3381 5516 xvttt,12.

197 5593 316 5670 (ἕξ)
350 5589 598 5670 91
624 5603 796 5670 erunt.
823 5595 980 5670 Mss”
1006 5606 1055 5670 et
1083 5598 1204 5654 erit.
1816 5601 1984 5656 Paulo
2010 5609 2124 5669 post
2155 5601 2292 5654 infra
2321 5615 2475 5663 mss.,
2503 5600 2593 5653 sed
2619 5598 2698 5652 illi
2719 5613 2931 5670 peccare
2956 5597 3186 5670 fecerunt
3210 5595 3383 5670 Israel

197 5660 314 5735 (59)
355 5660 491 5740 Vi‘d‘e
518 5662 768 5740 l_lpetiu_u_t
805 5669 1246 5736 Origenianorum
1279 5668 1369 5723 lib.
1413 5685 1473 5734 tl,
1503 5673 1704 5740 quaest.
1817 5691 1847 5726 a
1873 5673 1978 5726 Deo
2005 5660 2099 5726 iuo
2120 5681 2166 5726 et
2189 5683 2400 5739 propter
2430 5660 2663 5739 peccata.
2691 5660 2861 5731 Alias,
2892 5660 2980 5720 sed
3003 5668 3122 5738 quia
3153 5668 3380 5738 peccatis

127 5734 182 5798 δ’
205 5729 496 5810 ί¹1¹1ί¹¹ιξδν
525 5735 594 5790 ³ο
617 5743 672 5788 ει
697 5735 792 5810 ,δῗο
902 5729 946 5810 ⁷,
1003 5806 1032 5810 __
1068 5807 1078 5810 _
1461 5729 1470 5734 ⁷
1530 5729 1542 5740 ’
1818 5751 2133 5798 recesserant
2163 5729 2199 5796 ά
2236 5729 2342 5796 Deo
2374 5729 2488 5807 suo,
2527 5749 2738 5810 propter
2775 5729 3005 5808 peccata.

198 5805 319 5876 (60)
356 5804 452 5861 Sic
490 5820 623 5862 mss.
683 5807 850 5872 Alias,
913 5806 1328 5881 deditionemque
1387 5814 1694 5867 revocaret?
