3902 6496
161 439 256 497 2H

1362 423 1427 480 IN
1452 420 1751 480 GENESIM
1784 418 2067 475 HOMILIA
2100 416 2169 472 X.

3288 409 3394 465 218

161 568 346 624 carent,
403 555 578 626 inquit
607 553 671 618 ³⁸,
705 529 953 607 bibentes.
1023 548 1274 620 Mysteria
1337 557 1464 602 sunt
1521 554 1717 601 cuncta
1748 551 1792 606 Α
1824 557 1961 596 mus.
1988 539 2251 594 Habetote
2273 536 2618 607 patientiam,
2665 533 2791 605 quia
2817 533 2884 589 de
2921 533 3168 588 Rebecca
3213 507 3391 596 nobis,

163 666 272 722 qua:
303 649 502 716 scripta
534 655 693 700 sunt:
725 643 836 696 vult
868 653 919 696 te
941 640 1188 695 Chrisms
1216 638 1318 693 sibi
1347 639 1714 705 desponsare:

161 744 220 798 ad
259 752 309 796 te
332 741 474 792 enim
506 736 745 806 loquitur
775 750 872 804 per
915 733 1259 802 prophetam,
1288 729 1472 783 dicens
1499 729 1544 760 ’⁵
1572 745 1586 783 :
1613 727 1720 781 De-

162 835 412 892 soonsabo
440 842 487 884 te
513 830 642 882 mihi
671 829 724 880 in
746 837 1018 887 rrternunt,
1047 833 1093 877 et
1139 824 1461 893 desponsabo
1494 830 1541 874 te
1596 822 1721 874 mihi

163 929 210 980 in
237 925 341 994 [ide
370 933 417 976 et
449 921 833 981 misericordia,
859 929 904 971 et
931 933 1207 985 cognosces
1239 914 1545 967 Dominum.
1586 911 1721 977 Quia

165 1033 285 1083 ergo
317 1014 429 1066 vult
462 1022 516 1068 et
547 1023 596 1065 te
627 1012 728 1065 sibi
763 1010 1010 1064 Christus
1038 1007 1371 1076 despondere
1396 1005 1530 1071 (65),
1561 1003 1610 1056 id
1644 1013 1726 1058 est

166 1109 508 1175 desponsare,
546 1102 826 1172 praemittit
881 1101 948 1154 ad
994 1110 1044 1154 te
1077 1100 1238 1153 istum
1291 1113 1539 1165 puerum.
1583 1095 1726 1149 Puer

167 1199 261 1252 iste
288 1210 465 1250 sermo
496 1196 847 1260 propheticus
895 1201 996 1254 est,
1029 1208 1189 1260 quem
1221 1190 1325 1244 nisi
1357 1189 1510 1257 prius
1537 1203 1724 1242 susce-

166 1287 328 1359 peris,
357 1287 561 1339 nubere
582 1284 798 1339 Christo
823 1298 924 1335 non
958 1281 1180 1350 poteris.
1211 1279 1361 1333 Scito
1389 1290 1563 1333 tamen
1599 1279 1723 1346 quia

158 1395 318 1433 nemo
357 1377 742 1431 inexercitatus
767 1374 1122 1441 etimperitus
1157 1385 1459 1427 sermonem
1495 1371 1729 1440 prophe-

165 1472 326 1524 ticum
350 1469 593 1537 suscipit,
618 1468 710 1520 sed
740 1465 830 1535 qui
867 1466 971 1518 scit
1000 1464 1217 1518 haurire
1248 1478 1442 1532 aquam
1495 1463 1559 1516 de
1599 1478 1728 1531 ιιι-ο⁴

168 1561 328 1613 fundo
351 1559 519 1628 putei,
550 1567 603 1612 ct
633 1557 721 1625 qui
749 1557 798 1608 in
834 1564 1041 1608 tanttnu
1070 1555 1174 1608 scit
1205 1553 1449 1616 haurire,
1480 1561 1535 1604 ut
1560 1553 1725 1605 etiam

165 1654 246 1706 his
277 1650 500 1705 sulliciat
526 1650 614 1717 qui
641 1646 1042 1701 irrationabiles
1093 1654 1147 1699 et
1176 1644 1419 1714 perversi
1453 1644 1726 1707 videntur,

164 1759 392 1812 quorum
443 1744 666 1807 figurant
707 1747 889 1794 tenent
946 1735 1173 1791 cameli:
1223 1744 1283 1790 ut
1327 1744 1381 1789 ct
1413 1736 1527 1804 ipse
1556 1736 1728 1804 possit

164 1834 382 1897 dicere,
439 1832 563 1901 quia
630 1829 952 1899 sapientibus
1003 1835 1050 1881 et
1109 1826 1474 1895 insipientibus
1526 1826 1731 1878 debitor

1825 632 1874 686 id
1899 643 1983 684 est
2010 632 2078 685 de
2113 628 2394 699 patientia,
2423 642 2602 681 sermo
2629 635 2733 681 est.
2780 627 2846 680 Et
2893 639 3115 680 necesse
3150 631 3231 677 est
3287 638 3388 676 nos

1823 739 1916 777 eos
1951 723 2042 791 qui
2085 721 2370 776 collectam
2432 717 2744 787 negligunt,
2801 725 2855 770 et
2908 716 3096 770 audire
3121 714 3394 768 declinant

1823 816 2047 868 verbum
2102 812 2219 876 Dei,
2265 810 2538 880 paululum
2597 823 2696 878 per
2751 807 3070 876 patientiam
3101 806 3392 876 castigare,

1825 905 1915 975 qui
1961 921 2063 958 non
2097 903 2400 958 desiderant
2439 916 2627 970 panem
2659 901 2802 964 vitce,
2839 914 2937 952 nec
2967 915 3160 967 aquam
3197 898 3395 959 vivam,

1827 997 1914 1064 qui
1951 1012 2054 1050 non
2085 1006 2283 1050 exeunt
2310 995 2376 1048 de
2409 994 2621 1058 castris,
2655 1006 2753 1046 nec
2784 992 3084 1060 procedunt
3118 993 3180 1044 de
3219 988 3393 1043 domi-

1827 1087 1929 1142 bus
1953 1088 2134 1150 luteis,
2168 1097 2222 1140 ιιι
2248 1085 2502 1154 colligant
2525 1086 2623 1139 sibi
2657 1100 2878 1146 manna,
2909 1085 2998 1150 qui
3033 1099 3136 1135 non
3171 1083 3398 1136 veniunt

1829 1181 1895 1234 ad
1935 1188 2162 1248 petram,
2197 1189 2252 1232 ut
2291 1179 2562 1232 hibantde
2592 1177 2823 1246 spiritali
2850 1186 3018 1244 petra.
3061 1173 3216 1226 Petra
3251 1174 3394 1226 enim

1829 1281 1912 1327 est
1941 1271 2214 1334 Christus,
2245 1281 2301 1323 ut
2329 1269 2618 1336 Apostolus
2652 1270 2723 1322 ait
2747 1269 2812 1322 ³⁸.
2850 1269 3129 1328 llabetotc,
3157 1266 3396 1333 inquam,

1831 1379 1926 1418 vos
1961 1362 2237 1433 paululum
2273 1363 2612 1431 patientiam.
2649 1357 3006 1414 Scrmucnim
3039 1357 3193 1408 nobis
3218 1364 3300 1408 est
3333 1354 3398 1406 ad

1830 1456 2184 1526 negligentes,
2219 1464 2273 1509 ct
2303 1470 2397 1509 eos
2428 1455 2515 1523 qui
2552 1453 2692 1506 male
2719 1454 2935 1505 habent.
2972 1448 3100 1501 Sani
3127 1448 3268 1500 enim
3296 1461 3403 1498 non

1831 1549 2062 1618 indigent
2092 1549 2315 1613 medico,
2341 1549 2431 1600 sed
2479 1547 2614 1599 male
2642 1545 2888 1597 habentes
2922 1544 2985 1596 ³³.
3045 1540 3220 1596 Dicite
3273 1539 3402 1593 mihi

1832 1659 1927 1697 vos
1957 1644 2067 1711 (68)
2100 1643 2188 1713 qui
2218 1640 2590 1695 tantummodo
2621 1638 2774 1692 festis
2809 1638 2998 1690 dielius
3029 1636 3092 1688 ad
3121 1633 3403 1688 ecclesiam

1833 1735 2156 1798 convenitis,
2191 1733 2370 1788 cmteri
2403 1732 2516 1786 dies
2545 1745 2648 1784 non
2676 1739 2800 1782 sunt
2827 1726 2979 1782 festi?
3007 1741 3110 1779 non
3144 1733 3264 1777 sunt
3293 1723 3407 1777 dies
3451 1715 3458 1719 ’

1837 1827 2093 1882 Domini?
2123 1825 2433 1880 .ludreorum
2465 1833 2568 1888 est,
2598 1823 2714 1877 dies
2743 1831 2918 1876 certos
2947 1832 2998 1874 et
3027 1833 3178 1872 raros
3207 1816 3406 1869 obser-

163 1941 273 1978 sum
301 1924 367 1974 ’⁵.
399 1921 637 1991 Denique
660 1922 737 1974 sic
772 1921 986 1973 dixerat
1030 1919 1081 1972 in
1114 1919 1277 1973 corde
1311 1934 1406 1972 suo
1439 1934 1572 1988 puer
1606 1918 1730 1972 iste:
1766 1908 1806 1962 Β
1843 1937 1966 1975 vare
2002 1919 2294 1974 solemnes.
2346 1917 2408 1969 Et
2461 1916 2580 1968 ideo
2620 1915 2686 1967 ad
2724 1929 2816 1967 eos
2844 1913 2974 1966 dicit
3018 1911 3156 1964 Deus
3181 1908 3246 1974 ³³,
3279 1907 3403 1976 quia

167 2015 245 2068 Ex
267 2015 374 2077 his,
412 2015 583 2084 inquit
607 2014 671 2078 ³⁷,
698 2013 1009 2080 virginibus,
1035 2027 1151 2075 quat
1182 2012 1390 2063 veniunt
1412 2011 1481 2063 ad
1515 2027 1731 2080 aquam,

162 2122 482 2176 qua'cnngue
513 2105 700 2157 dixerit
732 2103 855 2156 mihi
887 2118 904 2156 :
936 2101 1064 2155 Bibe
1119 2113 1199 2165 tu,
1251 2112 1297 2156 et
1346 2101 1571 2155 camelos
1617 2112 1733 2154 tuos

163 2198 460 2264 adaquabo,
500 2199 614 2262 ipsa
669 2199 767 2254 erit
798 2211 986 2264 sponsa
1040 2193 1242 2247 domini
1298 2195 1419 2247 mei.
1467 2194 1556 2248 Sic
1608 2208 1736 2262 ergo

165 2292 433 2357 Rebecca,
464 2310 580 2362 qu;e
610 2295 1000 2362 interpretatur
1037 2291 1294 2357 patientia
1351 2287 1483 2359 (66),
1517 2297 1570 2341 ut
1600 2289 1736 2341 vidit

169 2395 499 2454 puernm,et
536 2385 768 2453 inSpexit
794 2385 1167 2455 propheticum
1221 2381 1465 2445 vei-hum,
1517 2381 1737 2448 deponit

165 2478 227 2528 de
263 2475 496 2527 humero
525 2474 792 2544 hydriam.
841 2472 1069 2540 Deponit
1110 2471 1257 2525 enim
1308 2471 1498 2524 elatam
1535 2469 1737 2524 Grecae

166 2564 432 2619 facundiae
462 2565 852 2635 arrogantiam,
885 2572 937 2615 et
963 2561 1026 2613 ad
1056 2570 1160 2612 tam
1210 2559 1468 2613 humilem
1525 2576 1588 2613 ac
1625 2568 1734 2611 tam

164 2657 464 2724 simplicem
499 2671 557 2711 se
598 2655 864 2709 inclinans
893 2652 1268 2722 propheticum
1311 2666 1610 2705 sermonem
1656 2651 1735 2704 di-

164 2751 235 2804 cit
264 2767 278 2802 :
316 2749 444 2803 Bibe
466 2760 545 2813 tu,
575 2758 620 2802 et
650 2747 871 2801 camelos
903 2757 1019 2798 tuos
1051 2745 1347 2814 adaguabo.

227 2843 282 2897 3.
319 2841 424 2896 Sed
455 2841 589 2895 dicis
617 2840 862 2902 fortasse,
885 2837 941 2892 Si
969 2853 1101 2906 puer
1132 2835 1432 2906 prophetici
1465 2831 1738 2888 sermonis

164 2946 311 2988 tenet
346 2934 595 3003 ﬁguram,
636 2932 910 3002 quomodo
939 2937 1154 2998 potatur
1181 2944 1209 2982 a
1235 2927 1510 2990 Rebecca,
1568 2941 1732 2994 quam

159 3033 270 3100 ipse
308 3027 481 3095 magis
507 3035 698 3094 potare
728 3022 986 3077 deberet?
1029 3021 1162 3075 Vide
1186 3034 1312 3090 ergo
1343 3035 1408 3072 ne
1435 3019 1572 3072 forte
1598 3017 1738 3071 sicut

161 3129 214 3173 et
252 3119 523 3172 Dominus
567 3118 742 3181 Jesus,
769 3131 888 3168 cum
917 3115 1035 3185 ipse
1069 3115 1138 3168 sit
1167 3113 1320 3182 panis
1374 3112 1522 3172 vita).
1546 3120 1598 3162 et
1624 3109 1738 3177 ipse

160 3222 356 3285 pascat
405 3213 618 3266 animas
647 3210 970 3273 esurientes,
1025 3209 1139 3278 ipse
1191 3221 1406 3260 rursum
1435 3205 1648 3258 esurire
1679 3218 1737 3256 se
1766 3247 1809 3306 C

160 3309 371 3365 fatetur
401 3325 523 3364 cum
549 3308 681 3361 dicit
715 3307 759 3337 ’⁸
786 3325 798 3360 :
831 3303 1062 3366 Esurivi,
1089 3312 1135 3356 et
1169 3303 1388 3356 dedistis
1417 3301 1546 3354 mihi
1581 3315 1734 3352 man-

162 3402 383 3461 ducare,
417 3409 471 3452 et
509 3401 700 3453 iterum
727 3411 847 3449 cum
876 3395 990 3463 ipse
1019 3393 1087 3447 sit
1123 3407 1258 3461 aqua
1309 3393 1430 3442 viva
1466 3398 1521 3444 et
1555 3374 1736 3458 potum

164 3495 250 3547 det
271 3493 531 3547 omnibus
564 3489 893 3552 sitientibus,
934 3501 1146 3539 rursum
1179 3485 1292 3552 ipse
1307 3483 1436 3538 dicit
1457 3483 1522 3536 ad
1551 3482 1730 3536 Sama-

165 3587 403 3639 ritanam
436 3586 482 3616 ”
509 3601 523 3636 :
555 3584 630 3636 Da
663 3584 786 3636 mihi
817 3585 1024 3648 bibere;
1050 3583 1129 3636 sic
1161 3588 1213 3633 et
1251 3577 1602 3646 propheticus
1627 3591 1741 3629 sero

166 3694 273 3736 mo,
307 3693 435 3730 cum
463 3677 578 3743 ipse
631 3687 814 3744 potum
855 3677 945 3730 det
1008 3672 1342 3735 sitientibus,
1386 3667 1740 3723 nihilominus

163 3773 278 3839 ipse
313 3773 385 3825 ab
419 3772 503 3825 his
530 3772 704 3840 potari
741 3771 971 3831 dicatur,
1028 3783 1150 3822 cum
1183 3765 1548 3821 studiosorum
1578 3779 1738 3818 exer—

164 3865 294 3919 citia
323 3873 380 3918 et
411 3863 750 3932 vigilantiam
776 3861 1026 3930 suscipit.
1068 3860 1170 3914 Ista
1209 3873 1339 3927 ergo
1381 3857 1505 3910 talis
1536 3857 1738 3918 anima,

161 3972 282 4026 qum
312 3957 434 4026 agit
465 3966 659 4008 cuncta
693 3959 980 4024 patienter,
1033 3968 1150 4019 qua:
1211 3961 1316 4004 tam
1370 3959 1619 4018 prompta
1657 3958 1742 4002 est

163 4059 214 4102 et
238 4056 400 4101 tanta
435 4046 736 4099 eruditione
767 4045 1018 4106 subnixa,
1051 4058 1170 4109 qua:
1197 4042 1264 4095 de
1293 4039 1574 4110 profundis
1603 4040 1741 4092 hau-

165 4142 272 4194 rire
301 4138 552 4194 scientia:
594 4136 793 4204 fluenta
830 4135 1128 4196 consuevit,
1155 4135 1264 4202 ipsa
1299 4143 1476 4201 potest
1501 4131 1739 4200 copulari

164 4233 371 4300 nuptiis
429 4229 650 4283 Christi.
684 4228 798 4281 Nisi
831 4242 960 4296 ergo
1018 4224 1262 4294 quotidie
1310 4225 1497 4278 venias
1546 4225 1611 4276 ad
1646 4239 1745 4292 pu-

163 4334 304 4387 tcos,
363 4322 468 4376 nisi
501 4321 740 4390 quotidie
765 4321 987 4374 haurias
1017 4334 1205 4387 aquas,
1258 4334 1362 4371 non
1408 4315 1579 4370 solum
1610 4314 1744 4368 alios

162 4425 358 4483 potare
399 4430 505 4466 non
537 4413 762 4481 poteris,
791 4412 884 4465 sed
924 4419 976 4465 ct
1025 4412 1137 4480 ipse
1161 4424 1376 4480 quoque
1410 4407 1557 4462 sitim
1593 4405 1742 4460 verbi

163 4507 258 4560 Dei
294 4505 552 4576 patieris.
586 4504 800 4556 Audiet
835 4503 1118 4556 Dominum
1152 4503 1422 4556 dicentem
1475 4500 1528 4553 in
1570 4499 1744 4552 Evan-

1840 2014 2141 2066 neontenias
2179 2021 2396 2073 vestras,
2421 2020 2466 2062 et
2500 2008 2742 2070 sabbata,
2769 2015 2815 2058 et
2839 2007 2974 2057 diem
3012 2018 3259 2070 magnum
3301 2016 3404 2052 non

1838 2104 2095 2155 sustineo.
2126 2100 2426 2168 Jejunium,
2459 2109 2504 2151 et
2541 2097 2720 2164 ferias,
2762 2108 2806 2149 et
2856 2097 2964 2148 dies
2997 2093 3155 2162 festos
3214 2097 3407 2144 cesti-os

1838 2194 1949 2248 odit
1981 2195 2157 2245 anima
2188 2208 2322 2245 mea.
2356 2190 2626 2256 Oditcrgo
2660 2189 2798 2241 Dens
2821 2203 2913 2241 cos
2945 2187 3033 2255 qui
3067 2202 3231 2239 unum
3267 2183 3407 2238 diem

1838 2295 2036 2357 putant
2067 2284 2259 2338 festum
2287 2283 2426 2335 diem
2459 2295 2576 2334 esse
2627 2279 2866 2333 Domini.
2933 2275 3224 2330 Christiani
3261 2271 3406 2325 omni

1842 2381 1929 2432 die
1953 2392 2147 2441 carnes
2180 2376 2302 2444 agni
2343 2374 2658 2436 comedunt,
2697 2371 2746 2423 id
2771 2380 2852 2423 cst
2899 2382 3092 2421 carnes
3126 2365 3272 2419 verbi
3316 2363 3410 2415 Dei

1841 2471 2082 2540 quotidie
2119 2475 2358 2521 sumunt.
2407 2463 2614 2517 Pascha
2663 2463 2798 2515 enim
2837 2471 3071 2513 nostrum
3107 2455 3412 2510 immolatus

1838 2575 1910 2619 est
1936 2561 2175 2616 Christus
2205 2560 2271 2612 ³⁸.
2305 2559 2367 2611 Et
2394 2557 2519 2626 quia
2554 2555 2636 2608 lex
2687 2554 2909 2607 Pascha:
2968 2551 3090 2603 talis
3118 2558 3224 2614 est,
3263 2557 3322 2600 ut
3356 2548 3409 2602 in

1840 2669 2070 2723 vespera
2099 2651 2439 2713 comedatur,
2491 2661 2772 2718 propterea
2841 2645 2892 2697 in
2946 2657 3171 2712 vespera
3227 2639 3412 2693 nmndi

1840 2764 2034 2818 passus
2081 2755 2165 2799 est
2217 2741 2498 2803 Dominus,
2546 2749 2603 2793 ut
2657 2751 2710 2791 tu
2763 2749 2976 2803 semper
3025 2733 3319 2787 manduccs
3348 2731 3414 2784 de

1840 2839 2103 2895 carnibus
2127 2835 2324 2898 Verbi,
2349 2836 2473 2904 quia
2503 2845 2718 2898 semper
2757 2829 2808 2880 in
2850 2840 3073 2894 vespera
3106 2839 3186 2887 es,
3213 2838 3413 2890 usque-

1839 2945 1947 2996 quo
1973 2927 2158 2981 veniat
2179 2939 2359 2978 mane.
2393 2924 2457 2977 Et
2489 2922 2530 2975 si
2563 2922 2613 2974 in
2644 2922 2742 2974 hac
2766 2931 2987 2985 vespera
3013 2915 3276 2970 sollicitus
3298 2914 3416 2966 fuc-

1841 3021 1938 3084 ris,
1968 3032 2020 3072 et
2049 3019 2101 3071 in
2135 3015 2258 3071 ﬂetu
2297 3032 2359 3069 ac
2388 3014 2635 3084 jcjuniis,
2665 3023 2829 3079 atque
2860 3009 3004 3062 omni
3050 3007 3234 3062 labore
3262 3005 3418 3076 justi-

1845 3113 1930 3164 tiae
1960 3111 2122 3162 vitam
2157 3107 2400 3170 duxeris,
2439 3106 2640 3176 poteris
2675 3115 2727 3158 et
2776 3113 2830 3156 tu
2872 3103 3055 3156 dicere
3100 3100 3145 3132 ³⁸
3175 3117 3189 3152 :
3221 3098 3304 3150 Ad
3331 3113 3415 3151 ve-

1841 3220 2046 3274 speram
2070 3201 2431 3255 demorabitur
2459 3201 2636 3268 ﬂetus,
2669 3207 2716 3251 et
2751 3198 2818 3249 ad
2847 3195 3166 3249 matutinum
3203 3192 3408 3248 la'titia.

1841 3298 2137 3355 Lmtaberis
2159 3295 2304 3350 enim
2337 3310 2516 3357 mane,
2543 3294 2594 3346 id
2626 3302 2709 3346 est
2740 3293 2790 3345 in
2824 3290 3018 3343 sazculo
3047 3288 3250 3351 futuro,
3280 3286 3322 3340 si
3362 3285 3414 3338 in

1843 3396 1947 3448 hoc
1976 3392 2174 3446 sa-cnlo
2199 3390 2431 3444 fructum
2456 3385 2679 3453 justitia:
2716 3385 2767 3437 in
2803 3382 2925 3437 fletu
2955 3390 3006 3436 et
3041 3381 3224 3433 labore
3251 3377 3417 3432 colle--

1843 3488 2007 3557 geris.
2042 3486 2229 3540 Venite
2257 3500 2387 3554 ergo
2423 3495 2476 3536 et
2500 3497 2595 3534 vos
2621 3481 2744 3532 dum
2791 3487 3000 3546 tempus
3030 3484 3133 3539 est,
3168 3473 3418 3527 bibamus

1843 3582 1908 3636 de
1959 3587 2121 3648 puteo
2171 3576 2398 3630 visionis
2461 3574 2547 3626 ubi
2589 3573 2738 3625 Isaac
2767 3566 3174 3626 deambulabat,
3236 3572 3290 3615 ct
3323 3560 3414 3612 ubi

1844 3671 2088 3741 procedit
2121 3669 2187 3722 ad
2223 3666 2564 3721 exercitium.
2624 3662 2864 3717 Observa
2903 3665 3104 3728 quanta
3152 3662 3415 3724 geruntur

1843 3764 1910 3816 ad
1932 3776 2116 3832 aquas.
2149 3760 2214 3814 Et
2245 3769 2298 3812 tu
2338 3755 2585 3810 invitaris
2639 3753 2878 3824 quotidie
2936 3748 3118 3802 venire
3145 3745 3208 3798 ad
3246 3757 3415 3811 aquas

1844 3856 1996 3909 verbi
2043 3853 2158 3918 Dei,
2221 3859 2274 3906 et
2304 3849 2564 3904 assistere
2602 3845 2778 3915 puteis
2825 3842 2960 3911 ejus,
3011 3840 3152 3893 sicut
3186 3834 3420 3889 faciebat

1845 3950 2111 4012 Rebecca,
2141 3946 2204 3999 de
2229 3960 2333 4012 qua
2374 3941 2566 3995 dicitur
2601 3938 2644 3968 ³⁷
2674 3955 2688 3990 :
2741 3933 2899 4002 Virgo
2938 3941 3048 3986 erat
3080 3931 3270 3983 decora
3305 3925 3417 3980 val-

1845 4042 1908 4093 de
1937 4053 1981 4093 et
2008 4044 2083 4092 vir
2107 4054 2208 4089 non
2236 4041 2545 4104 cognoverat
2597 4045 2731 4083 eam.
2772 4025 2837 4079 Et
2865 4025 2998 4087 lucc,
3059 4022 3261 4091 inquit,
3291 4018 3420 4072 exiit

1846 4148 1961 4186 sero
1989 4127 2202 4180 haurire
2234 4140 2447 4195 aquam.

1916 4220 1972 4274 4.
2004 4219 2113 4272 Νεε
2147 4218 2249 4269 1ιοε
2281 4216 2480 4267 frustra
2509 4209 2766 4276 scriptum
2803 4211 2884 4257 est
2921 4202 2987 4255 de
3014 4217 3097 4254 ea.
3133 4200 3421 4253 Verumta-
3455 4230 3458 4234 -

1848 4326 1970 4365 tuen
2003 4317 2183 4362 movet
2209 4321 2316 4366 tne,
2341 4304 2470 4372 quid
2497 4310 2581 4355 est
2609 4299 2752 4368 quod
2786 4294 2984 4348 dicitur
3022 4308 3036 4348 :
3071 4290 3227 4361 Virgo
3281 4299 3417 4354 erat,

1849 4406 1926 4457 t-ir
1956 4419 2055 4455 non
2081 4407 2386 4470 cognoverat
2438 4410 2591 4458 eam;
2623 4390 2772 4458 quasi
2829 4402 2959 4440 vero
2992 4385 3134 4438 aliud
3164 4385 3235 4436 sit
3267 4384 3420 4450 virgo

1850 4497 1949 4551 nisi
1977 4509 2136 4562 quam
2171 4491 2252 4542 vir
2275 4503 2380 4541 non
2406 4482 2638 4553 conligit.
2665 4480 2794 4549 (69).
2823 4479 2886 4530 Et
2927 4475 3054 4545 quid
3081 4474 3178 4527 sibi
3211 4472 3422 4526 videtur

162 4599 318 4667 geliis
354 4599 401 4629 ³ο
433 4614 444 4648 :
493 4597 595 4661 Qui
622 4598 759 4660 sitit,
792 4596 988 4657 veniat,
1050 4607 1098 4648 et
1145 4595 1307 4647 bibat.
1335 4593 1440 4645 Sed
1467 4602 1544 4655 tu,
1577 4599 1633 4642 ut
1662 4589 1730 4640 vi-
1757 4587 1822 4640 .D
1853 4588 2280 4642 additamentum
2308 4580 2358 4632 in
2394 4577 2682 4644 virginem,
2719 4580 2776 4624 ut
2800 4572 3012 4623 dicatur
3038 4565 3161 4634 quia
3207 4562 3290 4615 vir
3314 4577 3417 4614 non

162 4695 286 4753 deo.
315 4707 430 4746 nec
460 4690 658 4750 esui-is,
689 4705 786 4742 nec
817 4689 934 4742 sitis
958 4687 1247 4753 justitiam,
1273 4694 1325 4737 et
1348 4681 1746 4752 quomodoss

162 4781 584 4871 poti-nis'di‘cerc
610 4783 651 4814 “
681 4802 694 4836 :
745 4781 896 4835 Sicut
923 4797 1101 4834 cervus
1152 4779 1414 4832 desiderat
1447 4777 1516 4829 ad
1580 4776 1745 4844 fontes

161 4866 454 4949 aquarum,
483 4878 557 4929 ita
585 4876 847 4928 desiderat
874 4874 1049 4926 anima
1077 4889 1190 4924 mea
1229 4872 1296 4923 ad
1326 4881 1393 4932 te,
1433 4869 1592 4925 Dens.
1622 4866 1748 4922 8ἰεί-
1779 4867 1781 4869 ’

161 4970 232 5019 vit
257 4969 449 5018 anima
489 4981 601 5017 mea
629 4965 696 5017 ad
723 4964 884 5017 Deum
909 4964 1074 5015 vivum
1110 4961 1223 5030 (67)
1254 4975 1264 5008 :
1301 4963 1511 5029 quando
1542 4960 1746 5012 veniam

160 5070 207 5112 et
231 5060 440 5128 parebo
477 5069 596 5110 ante
661 5069 990 5126 conspectum
1027 5055 1183 5122 ejus?
1236 5051 1475 5109 Obsecro
1520 5065 1615 5104 vos
1658 5050 1747 5117 qui

163 5153 453 5206 auditorio
482 5151 630 5204 verbi
657 5163 874 5215 semper
899 5146 1176 5204 assistitis.
1201 5147 1466 5215 patienter
1496 5142 1745 5210 accipite,

164 5247 347 5298 donec
388 5244 663 5313 paululum
698 5245 1032 5317 negligentes
1071 5251 1122 5296 et
1155 5240 1367 5295 desides
1407 5248 1750 5291 commonea-

232 5335 283 5368 ”
323 5336 472 5390 Gen.
510 5353 657 5400 xxw,
687 5336 769 5391 i9.
869 5338 912 5368 ’⁵
941 5336 1067 5390 Osc.
1106 5349 1168 5400 tl,
1202 5333 1288 5392 19,
1316 5330 1402 5384 20.

162 5421 238 5471 tv,
270 5406 329 5458 Ἰ.
415 5407 460 5436 ²⁰
497 5399 653 5461 Joan.
683 5423 777 5472 \‘Il,
811 5408 898 5461 57.
978 5409 1018 5438 ³¹
1050 5399 1190 5458 l’sal.
1231 5419 1359 5460 XLII.
1386 5402 1438 5461 1.
1464 5399 1513 5452 2-

162 5493 216 5532 v.
257 5477 314 5534 7.
401 5476 611 5532 1"l’sal.
641 5494 789 5540 xxix,
824 5479 875 5532 5.
953 5479 995 5516 ³⁷
1034 5478 1169 5532 Gen.
1216 5490 1342 5537 xxv,
1371 5472 1456 5525 ‘lb’.

235 5564 358 5633 (65')
393 5564 485 5616 Sic
523 5582 648 5619 mss.
690 5567 855 5628 Alias,
881 5567 990 5619 vult
1022 5577 1070 5618 te
1099 5564 1197 5618 sibi
1225 5565 1559 5628 desponsa"-

234 5629 360 5700 (66)
403 5634 627 5689 Rebecca
646 5654 761 5708 qua:
785 5636 1157 5705 interpretatur
1178 5633 1459 5702 patientia,
1479 5648 1507 5682 η
1525 5643 1600 5691 2‘1
1618 5629 1754 5682 mul-

161 5713 276 5756 tum
305 5717 356 5757 εἰ
391 5715 493 5767 ΠὉ
519 5709 850 5773 exspectavit.

236 5774 358 5843 {67)
392 5776 560 5840 Alias,
614 5772 693 5829 'ad
753 5778 914 5831 Deum
966 5775 1159 5845 fontem
1188 5777 1379 5827 vivunt.
1407 5773 1511 5828 Sed
1541 5772 1592 5824 in
1617 5785 1748 5824 mss.

164 5842 322 5900 dceSt
341 5842 462 5898 vox
499 5847 713 5916 fontem.

1497 5330 1540 5360 ’⁸
1581 5327 1734 5380 Ilotn.
1765 5343 1802 5390 t,
1824 5326 1906 5380 14.

1595 5399 1638 5430 ³³
1663 5398 1823 5453 lCor.
1866 5393 2037 5460 tv,10.

1855 4683 2186 4747 cognoverat
2223 4669 2381 4725 eam?
2410 4667 2502 4720 Est
2523 4663 2664 4717 enim
2702 4660 2878 4726 aliqua
2909 4658 3062 4725 virgo
3095 4669 3254 4724 quam
3286 4667 3419 4706 con—

1861 4745 2042 4839 tigerit
2073 4763 2190 4818 vir?
2224 4762 2374 4830 Sa-pc
2399 4758 2510 4826 jam
2538 4755 2646 4810 dixi
2680 4752 2824 4821 quod
2853 4749 2906 4802 in
2937 4750 3021 4803 his
3045 4762 3150 4800 non
3178 4745 3423 4798 historiae

1855 4835 2172 4920 narrantur,
2209 4856 2302 4910 sed
2335 4852 2593 4920 mySteria
2629 4851 3015 4900 centexuntur.
3049 4838 3181 4892 Tale
3206 4851 3336 4905 ergo
3369 4835 3420 4886 in

1858 4955 1960 5008 hoc
2012 4949 2212 5018 aliquid
2273 4943 2496 4999 indicari
2536 4949 2684 5009 puto.
2721 4936 2873 4989 Sicut
2928 4932 3176 4987 Christus
3229 4926 3423 4979 aninnc

1857 5049 1942 5099 vir
1968 5045 2183 5103 dicitur,
2238 5039 2324 5095 cui
2361 5037 2515 5090 nubit
2546 5035 2722 5087 anima
2754 5046 2875 5085 cum
2928 5026 3077 5080 venit
3119 5021 3183 5074 ad
3221 5019 3374 5073 fidem
3405 5033 3442 5100 :-

1857 5138 1927 5191 ita
1961 5145 2013 5189 et
2045 5135 2171 5189 huic
2220 5129 2529 5185 contrarius
2565 5126 2644 5178 vir
2682 5123 2772 5176 illc
2806 5130 2910 5184 est,
2945 5119 3027 5172 cui
3061 5113 3212 5169 nubit
3242 5111 3420 5164 anima

1857 5246 1979 5285 cum
2007 5227 2242 5282 declinat
2265 5225 2328 5275 ad
2354 5221 2654 5290 pcrlidiam.
2686 5217 2802 5285 Ipse
2827 5215 2914 5266 ille
2940 5211 3030 5280 qui
3072 5218 3126 5264 et
3173 5205 3423 5261 inimicus

1984 5323 2027 5354 ³⁷
2057 5322 2191 5376 Gen.
2223 5334 2371 5374 xxiv.
2400 5314 2484 5367 14.
2563 5313 2608 5344 ’⁸
2641 5289 2825 5364 Matth:
2865 5322 2990 5370 xxv,
3035 5303 3123 5376 55.
3164 5296 3424 5376 Δθ’](λειιι.

2116 5367 2513 5454 ἒέιιῖιὲζκῑ,ῖ›ι.
2590 5384 2633 5414 ιι
2671 5383 2771 5435 lsa.
2807 5367 3086 5446 i,15,'it.
3161 5367 3425 5423 “lCor.

1931 5553 2040 5626 (68)
2075 5552 2245 5626 Dicite
2278 5548 2402 5626 mihi
2433 5563 2542 5626 vos.
2573 5541 2862 5626 ειειρίιξιι
2891 5539 3036 5593 hunc
3059 5535 3232 5626 [equm
3263 5528 3427 5584 Jonas

1859 5605 2270 5681 AtireIianensis
2311 5621 2402 5673 lib.
2442 5635 2457 5672 ι
2491 5617 2564 5670 De
2594 5615 2762 5668 instit.
2792 5611 2939 5670 laic.,
2968 5623 3086 5685 cap.
3115 5605 3201 5659 fi.
3237 5673 3266 5685 __
3371 5669 3380 5679 .

1933 5696 2042 5766 (69)
2072 5694 2236 5755 Alias,
2281 5691 2478 5766 aliqua
2530 5690 2596 5740 sit
2632 5685 2774 5752 virgo
2824 5695 2980 5751 quam
3024 5679 3102 5732 vir
3127 5678 3428 5743 contigerit.

1863 5764 1987 5824 Sed.
2022 5764 2150 5821 mss.
2185 5774 2243 5818 ut
2279 5764 2330 5816 in
2367 5769 2552 5815 nostro
2588 5766 2753 5810 textu.
