  <div class='ocr_page' id='page_1' title='image "/cluster/home/n/w/nwhite01/storage/ocr_20150623/12/hvd.32044019207638/113.png"; bbox 0 0 3902 6506; ppageno 0'>
   <div class='ocr_carea' id='block_1_1' title="bbox 491 377 599 434">
    <p class='ocr_par' dir='ltr' id='par_1_1' title="bbox 491 377 599 434">
     <span class='ocr_line' id='line_1_1' title="bbox 491 377 599 434; baseline 0.019 -2"><span class='ocrx_word' id='word_1_1' title='bbox 491 377 599 434; x_wconf 70' lang='lat'><strong>219</strong></span> 
     </span>
    </p>
   </div>
   <div class='ocr_carea' id='block_1_2' title="bbox 1979 367 3708 431">
    <p class='ocr_par' dir='ltr' id='par_1_2' title="bbox 1979 367 3708 431">
     <span class='ocr_line' id='line_1_2' title="bbox 1979 367 3708 431; baseline 0.002 -6"><span class='ocrx_word' id='word_1_2' title='bbox 1979 367 2300 428; x_wconf 81' lang='lat' dir='ltr'><strong>ORIGENIS</strong></span> <span class='ocrx_word' id='word_1_3' title='bbox 3623 375 3708 431; x_wconf 69' lang='lat'><strong>220</strong></span> 
     </span>
    </p>
   </div>
   <div class='ocr_carea' id='block_1_3' title="bbox 495 483 3706 566">
    <p class='ocr_par' dir='ltr' id='par_1_3' title="bbox 495 483 3706 566">
     <span class='ocr_line' id='line_1_3' title="bbox 495 483 3706 566; baseline -0.003 -16"><span class='ocrx_word' id='word_1_4' title='bbox 495 497 660 552; x_wconf 87' lang='lat' dir='ltr'><strong>homo</strong></span> <span class='ocrx_word' id='word_1_5' title='bbox 689 494 906 557; x_wconf 90' lang='lat' dir='ltr'><strong>dicitur,</strong></span> <span class='ocrx_word' id='word_1_6' title='bbox 943 506 1060 546; x_wconf 84' lang='lat' dir='ltr'><strong>eum</strong></span> <span class='ocrx_word' id='word_1_7' title='bbox 1091 488 1276 544; x_wconf 80' lang='lat' dir='ltr'><strong>lolium</strong></span> <span class='ocrx_word' id='word_1_8' title='bbox 1302 485 1605 557; x_wconf 88' lang='lat' dir='ltr'><strong>superscrit</strong></span> <span class='ocrx_word' id='word_1_9' title='bbox 1631 485 1813 566; x_wconf 81' lang='lat' dir='ltr'><strong>tritico</strong></span> <span class='ocrx_word' id='word_1_10' title='bbox 1852 485 1919 538; x_wconf 69' lang='grc'><strong>³⁸.</strong></span> <span class='ocrx_word' id='word_1_11' title='bbox 1953 483 2068 539; x_wconf 84' lang='grc' dir='ltr'>Νοιι</span> <span class='ocrx_word' id='word_1_12' title='bbox 2101 488 2143 544; x_wconf 81' lang='grc' dir='ltr'>Α</span> <span class='ocrx_word' id='word_1_13' title='bbox 2175 485 2380 558; x_wconf 84' lang='lat' dir='ltr'><strong>Raguel</strong></span> <span class='ocrx_word' id='word_1_14' title='bbox 2434 487 2501 544; x_wconf 74' lang='lat'><strong>“.</strong></span> <span class='ocrx_word' id='word_1_15' title='bbox 2550 484 2797 540; x_wconf 82' lang='lat' dir='ltr'><strong>Nondum</strong></span> <span class='ocrx_word' id='word_1_16' title='bbox 2857 483 3094 540; x_wconf 86' lang='lat' dir='ltr'><strong>moveris</strong></span> <span class='ocrx_word' id='word_1_17' title='bbox 3119 523 3134 550; x_wconf 92' lang='lat'><strong>,</strong></span> <span class='ocrx_word' id='word_1_18' title='bbox 3189 492 3249 537; x_wconf 91' lang='lat' dir='ltr'><strong>ut</strong></span> <span class='ocrx_word' id='word_1_19' title='bbox 3311 483 3426 538; x_wconf 74' lang='lat' dir='ltr'><strong>iure</strong></span> <span class='ocrx_word' id='word_1_20' title='bbox 3475 483 3706 556; x_wconf 70' lang='lat' dir='ltr'><strong>intelligas</strong></span> 
     </span>
    </p>
   </div>
   <div class='ocr_carea' id='block_1_4' title="bbox 499 578 2070 658">
    <p class='ocr_par' dir='ltr' id='par_1_4' title="bbox 499 578 2070 658">
     <span class='ocr_line' id='line_1_4' title="bbox 499 578 2070 658; baseline -0.009 -16"><span class='ocrx_word' id='word_1_21' title='bbox 499 600 632 658; x_wconf 87' lang='lat' dir='ltr'><strong>ergo</strong></span> <span class='ocrx_word' id='word_1_22' title='bbox 662 583 1072 638; x_wconf 78' lang='lat' dir='ltr'><strong>suﬁicitanima:</strong></span> <span class='ocrx_word' id='word_1_23' title='bbox 1119 589 1179 634; x_wconf 91' lang='lat' dir='ltr'><strong>ut</strong></span> <span class='ocrx_word' id='word_1_24' title='bbox 1231 588 1384 633; x_wconf 89' lang='lat' dir='ltr'><strong>casta</strong></span> <span class='ocrx_word' id='word_1_25' title='bbox 1425 578 1498 632; x_wconf 88' lang='lat' dir='ltr'><strong>sit</strong></span> <span class='ocrx_word' id='word_1_26' title='bbox 1534 592 1787 646; x_wconf 90' lang='lat' dir='ltr'><strong>corpore,</strong></span> <span class='ocrx_word' id='word_1_27' title='bbox 1819 590 1954 646; x_wconf 90' lang='lat' dir='ltr'><strong>opus</strong></span> <span class='ocrx_word' id='word_1_28' title='bbox 1985 584 2070 629; x_wconf 87' lang='lat' dir='ltr'><strong>est</strong></span> 
     </span>
    </p>
   </div>
   <div class='ocr_carea' id='block_1_5' title="bbox 501 669 2072 746">
    <p class='ocr_par' dir='ltr' id='par_1_5' title="bbox 501 669 2072 746">
     <span class='ocr_line' id='line_1_5' title="bbox 501 669 2072 746; baseline -0.008 -11"><span class='ocrx_word' id='word_1_29' title='bbox 501 689 560 735; x_wconf 89' lang='grc' dir='ltr'><strong>ιιι</strong></span> <span class='ocrx_word' id='word_1_30' title='bbox 589 688 644 734; x_wconf 92' lang='lat' dir='ltr'><strong>et</strong></span> <span class='ocrx_word' id='word_1_31' title='bbox 673 678 758 731; x_wconf 86' lang='lat' dir='ltr'><strong>vir</strong></span> <span class='ocrx_word' id='word_1_32' title='bbox 793 677 880 732; x_wconf 92' lang='lat' dir='ltr'><strong>hic</strong></span> <span class='ocrx_word' id='word_1_33' title='bbox 911 675 1182 746; x_wconf 82' lang='lat' dir='ltr'><strong>pessimus</strong></span> <span class='ocrx_word' id='word_1_34' title='bbox 1215 689 1321 728; x_wconf 92' lang='lat' dir='ltr'><strong>non</strong></span> <span class='ocrx_word' id='word_1_35' title='bbox 1359 673 1676 744; x_wconf 93' lang='lat' dir='ltr'><strong>cognoverit</strong></span> <span class='ocrx_word' id='word_1_36' title='bbox 1708 686 1849 726; x_wconf 88' lang='lat' dir='ltr'><strong>eam.</strong></span> <span class='ocrx_word' id='word_1_37' title='bbox 1887 669 2072 724; x_wconf 90' lang='lat' dir='ltr'><strong>Potest</strong></span> 
     </span>
    </p>
   </div>
   <div class='ocr_carea' id='block_1_6' title="bbox 499 763 2068 834">
    <p class='ocr_par' dir='ltr' id='par_1_6' title="bbox 499 763 2068 834">
     <span class='ocr_line' id='line_1_6' title="bbox 499 763 2068 834; baseline -0.008 -8"><span class='ocrx_word' id='word_1_38' title='bbox 499 771 642 827; x_wconf 90' lang='lat' dir='ltr'><strong>enim</strong></span> <span class='ocrx_word' id='word_1_39' title='bbox 678 768 793 823; x_wconf 89' lang='lat' dir='ltr'><strong>ﬁeri</strong></span> <span class='ocrx_word' id='word_1_40' title='bbox 823 778 879 823; x_wconf 91' lang='lat' dir='ltr'><strong>ut</strong></span> <span class='ocrx_word' id='word_1_41' title='bbox 932 769 1131 823; x_wconf 89' lang='lat' dir='ltr'><strong>habeat</strong></span> <span class='ocrx_word' id='word_1_42' title='bbox 1171 767 1293 834; x_wconf 82' lang='lat' dir='ltr'><strong>quis</strong></span> <span class='ocrx_word' id='word_1_43' title='bbox 1322 767 1375 819; x_wconf 93' lang='lat' dir='ltr'><strong>in</strong></span> <span class='ocrx_word' id='word_1_44' title='bbox 1416 779 1648 833; x_wconf 88' lang='lat' dir='ltr'><strong>corpore</strong></span> <span class='ocrx_word' id='word_1_45' title='bbox 1676 763 2068 833; x_wconf 77' lang='lat' dir='ltr'><strong>virginitatem,</strong></span> 
     </span>
    </p>
   </div>
   <div class='ocr_carea' id='block_1_7' title="bbox 497 854 2070 932">
    <p class='ocr_par' dir='ltr' id='par_1_7' title="bbox 497 854 2070 932">
     <span class='ocr_line' id='line_1_7' title="bbox 497 854 2070 932; baseline -0.007 -15"><span class='ocrx_word' id='word_1_46' title='bbox 497 872 552 918; x_wconf 89' lang='lat' dir='ltr'><strong>et</strong></span> <span class='ocrx_word' id='word_1_47' title='bbox 601 875 940 932; x_wconf 87' lang='lat' dir='ltr'><strong>cognoscens</strong></span> <span class='ocrx_word' id='word_1_48' title='bbox 1003 859 1164 914; x_wconf 90' lang='lat' dir='ltr'><strong>istum</strong></span> <span class='ocrx_word' id='word_1_49' title='bbox 1213 859 1386 913; x_wconf 89' lang='lat' dir='ltr'><strong>virum</strong></span> <span class='ocrx_word' id='word_1_50' title='bbox 1451 857 1743 926; x_wconf 87' lang='lat' dir='ltr'><strong>pessimum</strong></span> <span class='ocrx_word' id='word_1_51' title='bbox 1795 854 2070 909; x_wconf 89' lang='lat' dir='ltr'><strong>diabolum</strong></span> 
     </span>
    </p>
   </div>
   <div class='ocr_carea' id='block_1_8' title="bbox 497 946 2073 1024">
    <p class='ocr_par' dir='ltr' id='par_1_8' title="bbox 497 946 2073 1024">
     <span class='ocr_line' id='line_1_8' title="bbox 497 946 2073 1024; baseline -0.006 -16"><span class='ocrx_word' id='word_1_52' title='bbox 497 962 658 1024; x_wconf 85' lang='lat' dir='ltr'><strong>atque</strong></span> <span class='ocrx_word' id='word_1_53' title='bbox 685 953 753 1008; x_wconf 88' lang='lat' dir='ltr'><strong>ab</strong></span> <span class='ocrx_word' id='word_1_54' title='bbox 793 967 858 1006; x_wconf 92' lang='lat' dir='ltr'><strong>eo</strong></span> <span class='ocrx_word' id='word_1_55' title='bbox 887 951 1346 1021; x_wconf 65' lang='lat' dir='ltr'><strong>concupiscentia:</strong></span> <span class='ocrx_word' id='word_1_56' title='bbox 1389 949 1564 1020; x_wconf 89' lang='lat' dir='ltr'><strong>iacnla</strong></span> <span class='ocrx_word' id='word_1_57' title='bbox 1623 948 1674 1001; x_wconf 91' lang='lat' dir='ltr'><strong>in</strong></span> <span class='ocrx_word' id='word_1_58' title='bbox 1703 948 1866 1002; x_wconf 90' lang='lat' dir='ltr'><strong>corde</strong></span> <span class='ocrx_word' id='word_1_59' title='bbox 1897 946 2073 1000; x_wconf 88' lang='lat' dir='ltr'><strong>susei-</strong></span> 
     </span>
    </p>
   </div>
   <div class='ocr_carea' id='block_1_9' title="bbox 496 1039 2069 1115">
    <p class='ocr_par' dir='ltr' id='par_1_9' title="bbox 496 1039 2069 1115">
     <span class='ocr_line' id='line_1_9' title="bbox 496 1039 2069 1115; baseline -0.004 -17"><span class='ocrx_word' id='word_1_60' title='bbox 496 1045 672 1115; x_wconf 90' lang='lat' dir='ltr'><strong>piens,</strong></span> <span class='ocrx_word' id='word_1_61' title='bbox 715 1044 910 1097; x_wconf 63' lang='lat' dir='ltr'><strong>animae</strong></span> <span class='ocrx_word' id='word_1_62' title='bbox 943 1043 1238 1114; x_wconf 82' lang='lat' dir='ltr'><strong>perdiderit</strong></span> <span class='ocrx_word' id='word_1_63' title='bbox 1271 1041 1602 1096; x_wconf 82' lang='lat' dir='ltr'><strong>castitatem.</strong></span> <span class='ocrx_word' id='word_1_64' title='bbox 1643 1041 1775 1107; x_wconf 85' lang='lat' dir='ltr'><strong>Quia</strong></span> <span class='ocrx_word' id='word_1_65' title='bbox 1801 1054 1931 1108; x_wconf 89' lang='lat' dir='ltr'><strong>ergo</strong></span> <span class='ocrx_word' id='word_1_66' title='bbox 1965 1039 2069 1092; x_wconf 91' lang='lat' dir='ltr'><strong>Re-</strong></span> 
     </span>
    </p>
   </div>
   <div class='ocr_carea' id='block_1_10' title="bbox 497 1130 2073 1205">
    <p class='ocr_par' dir='ltr' id='par_1_10' title="bbox 497 1130 2073 1205">
     <span class='ocr_line' id='line_1_10' title="bbox 497 1130 2073 1205; baseline -0.005 -14"><span class='ocrx_word' id='word_1_67' title='bbox 497 1137 660 1192; x_wconf 88' lang='lat' dir='ltr'><strong>becca</strong></span> <span class='ocrx_word' id='word_1_68' title='bbox 694 1137 849 1205; x_wconf 86' lang='lat' dir='ltr'><strong>virgo</strong></span> <span class='ocrx_word' id='word_1_69' title='bbox 875 1147 992 1190; x_wconf 90' lang='lat' dir='ltr'><strong>erat</strong></span> <span class='ocrx_word' id='word_1_70' title='bbox 1023 1143 1213 1190; x_wconf 89' lang='lat' dir='ltr'><strong>sancta</strong></span> <span class='ocrx_word' id='word_1_71' title='bbox 1236 1149 1466 1203; x_wconf 90' lang='lat' dir='ltr'><strong>corpore</strong></span> <span class='ocrx_word' id='word_1_72' title='bbox 1499 1142 1552 1187; x_wconf 86' lang='lat' dir='ltr'><strong>et</strong></span> <span class='ocrx_word' id='word_1_73' title='bbox 1604 1133 1820 1202; x_wconf 77' lang='lat' dir='ltr'><strong>Spiritu,</strong></span> <span class='ocrx_word' id='word_1_74' title='bbox 1871 1130 2073 1186; x_wconf 89' lang='lat' dir='ltr'><strong>idcirco</strong></span> 
     </span>
    </p>
   </div>
   <div class='ocr_carea' id='block_1_11' title="bbox 497 1224 2073 1298">
    <p class='ocr_par' dir='ltr' id='par_1_11' title="bbox 497 1224 2073 1298">
     <span class='ocr_line' id='line_1_11' title="bbox 497 1224 2073 1298; baseline -0.004 -15"><span class='ocrx_word' id='word_1_75' title='bbox 497 1227 616 1298; x_wconf 84' lang='lat' dir='ltr'><strong>ejus</strong></span> <span class='ocrx_word' id='word_1_76' title='bbox 641 1227 876 1296; x_wconf 82' lang='lat' dir='ltr'><strong>duplicat</strong></span> <span class='ocrx_word' id='word_1_77' title='bbox 916 1227 1124 1280; x_wconf 90' lang='lat' dir='ltr'><strong>laudem</strong></span> <span class='ocrx_word' id='word_1_78' title='bbox 1157 1236 1209 1281; x_wconf 92' lang='lat' dir='ltr'><strong>et</strong></span> <span class='ocrx_word' id='word_1_79' title='bbox 1234 1227 1363 1280; x_wconf 90' lang='lat' dir='ltr'><strong>dicit</strong></span> <span class='ocrx_word' id='word_1_80' title='bbox 1392 1244 1404 1279; x_wconf 89' lang='lat'><strong>:</strong></span> <span class='ocrx_word' id='word_1_81' title='bbox 1441 1225 1596 1295; x_wconf 84' lang='lat' dir='ltr'><strong>Virgo</strong></span> <span class='ocrx_word' id='word_1_82' title='bbox 1625 1236 1758 1290; x_wconf 87' lang='lat' dir='ltr'><strong>erat,</strong></span> <span class='ocrx_word' id='word_1_83' title='bbox 1789 1234 1836 1277; x_wconf 88' lang='lat' dir='ltr'><strong>et</strong></span> <span class='ocrx_word' id='word_1_84' title='bbox 1869 1224 1948 1276; x_wconf 75' lang='lat' dir='ltr'><strong>vir</strong></span> <span class='ocrx_word' id='word_1_85' title='bbox 1973 1239 2073 1276; x_wconf 88' lang='lat' dir='ltr'><strong>non</strong></span> 
     </span>
    </p>
   </div>
   <div class='ocr_carea' id='block_1_12' title="bbox 498 1313 2076 1387">
    <p class='ocr_par' dir='ltr' id='par_1_12' title="bbox 498 1313 2076 1387">
     <span class='ocr_line' id='line_1_12' title="bbox 498 1313 2076 1387; baseline -0.004 -15"><span class='ocrx_word' id='word_1_86' title='bbox 498 1327 810 1387; x_wconf 78' lang='lat' dir='ltr'><strong>cognoverat</strong></span> <span class='ocrx_word' id='word_1_87' title='bbox 863 1335 1000 1373; x_wconf 80' lang='lat' dir='ltr'><strong>eam.</strong></span> <span class='ocrx_word' id='word_1_88' title='bbox 1057 1317 1291 1386; x_wconf 91' lang='lat' dir='ltr'><strong>Vespere</strong></span> <span class='ocrx_word' id='word_1_89' title='bbox 1338 1333 1466 1386; x_wconf 86' lang='lat' dir='ltr'><strong>ergo</strong></span> <span class='ocrx_word' id='word_1_90' title='bbox 1497 1318 1642 1371; x_wconf 89' lang='lat' dir='ltr'><strong>venit</strong></span> <span class='ocrx_word' id='word_1_91' title='bbox 1673 1317 1738 1370; x_wconf 87' lang='lat' dir='ltr'><strong>ad</strong></span> <span class='ocrx_word' id='word_1_92' title='bbox 1787 1331 1973 1384; x_wconf 84' lang='lat' dir='ltr'><strong>aquas.</strong></span> <span class='ocrx_word' id='word_1_93' title='bbox 2004 1313 2076 1366; x_wconf 91' lang='lat' dir='ltr'><strong>De</strong></span> 
     </span>
    </p>
   </div>
   <div class='ocr_carea' id='block_1_13' title="bbox 498 1408 2072 1479">
    <p class='ocr_par' dir='ltr' id='par_1_13' title="bbox 498 1408 2072 1479">
     <span class='ocr_line' id='line_1_13' title="bbox 498 1408 2072 1479; baseline -0.002 -16"><span class='ocrx_word' id='word_1_94' title='bbox 498 1425 725 1478; x_wconf 80' lang='lat' dir='ltr'><strong>vespera</strong></span> <span class='ocrx_word' id='word_1_95' title='bbox 750 1409 860 1479; x_wconf 85' lang='lat' dir='ltr'><strong>iam</strong></span> <span class='ocrx_word' id='word_1_96' title='bbox 887 1425 1048 1479; x_wconf 84' lang='lat' dir='ltr'><strong>supra</strong></span> <span class='ocrx_word' id='word_1_97' title='bbox 1074 1410 1334 1464; x_wconf 79' lang='lat' dir='ltr'><strong>diximus.</strong></span> <span class='ocrx_word' id='word_1_98' title='bbox 1365 1409 1498 1464; x_wconf 87' lang='lat' dir='ltr'><strong>Vide</strong></span> <span class='ocrx_word' id='word_1_99' title='bbox 1524 1418 1700 1462; x_wconf 88' lang='lat' dir='ltr'><strong>autem</strong></span> <span class='ocrx_word' id='word_1_100' title='bbox 1731 1408 2072 1476; x_wconf 86' lang='lat' dir='ltr'><strong>prudentiam</strong></span> 
     </span>
    </p>
   </div>
   <div class='ocr_carea' id='block_1_14' title="bbox 500 1500 2075 1570">
    <p class='ocr_par' dir='ltr' id='par_1_14' title="bbox 500 1500 2075 1570">
     <span class='ocr_line' id='line_1_14' title="bbox 500 1500 2075 1570; baseline -0.001 -16"><span class='ocrx_word' id='word_1_101' title='bbox 500 1501 674 1570; x_wconf 90' lang='lat' dir='ltr'><strong>pueri.</strong></span> <span class='ocrx_word' id='word_1_102' title='bbox 725 1516 829 1555; x_wconf 92' lang='lat' dir='ltr'><strong>non</strong></span> <span class='ocrx_word' id='word_1_103' title='bbox 888 1502 1003 1554; x_wconf 92' lang='lat' dir='ltr'><strong>vult</strong></span> <span class='ocrx_word' id='word_1_104' title='bbox 1055 1517 1335 1557; x_wconf 81' lang='lat' dir='ltr'><strong>assumere</strong></span> <span class='ocrx_word' id='word_1_105' title='bbox 1398 1517 1649 1570; x_wconf 84' lang='lat' dir='ltr'><strong>sponsam</strong></span> <span class='ocrx_word' id='word_1_106' title='bbox 1703 1500 1922 1555; x_wconf 92' lang='lat' dir='ltr'><strong>domino</strong></span> <span class='ocrx_word' id='word_1_107' title='bbox 1976 1513 2075 1552; x_wconf 89' lang='lat' dir='ltr'><strong>suo</strong></span> 
     </span>
    </p>
   </div>
   <div class='ocr_carea' id='block_1_15' title="bbox 504 1590 2062 1661">
    <p class='ocr_par' dir='ltr' id='par_1_15' title="bbox 504 1590 2062 1661">
     <span class='ocr_line' id='line_1_15' title="bbox 504 1590 2062 1661; baseline -0.002 -16"><span class='ocrx_word' id='word_1_108' title='bbox 504 1591 675 1658; x_wconf 89' lang='lat' dir='ltr'><strong>Isaae,</strong></span> <span class='ocrx_word' id='word_1_109' title='bbox 708 1593 811 1646; x_wconf 86' lang='lat' dir='ltr'><strong>nisi</strong></span> <span class='ocrx_word' id='word_1_110' title='bbox 833 1608 996 1661; x_wconf 90' lang='lat' dir='ltr'><strong>quam</strong></span> <span class='ocrx_word' id='word_1_111' title='bbox 1022 1593 1290 1648; x_wconf 81' lang='lat' dir='ltr'><strong>invenerit</strong></span> <span class='ocrx_word' id='word_1_112' title='bbox 1321 1594 1569 1648; x_wconf 90' lang='lat' dir='ltr'><strong>decoram</strong></span> <span class='ocrx_word' id='word_1_113' title='bbox 1605 1604 1657 1646; x_wconf 94' lang='lat' dir='ltr'><strong>et</strong></span> <span class='ocrx_word' id='word_1_114' title='bbox 1685 1591 1962 1661; x_wconf 82' lang='lat' dir='ltr'><strong>pulchram</strong></span> <span class='ocrx_word' id='word_1_115' title='bbox 1991 1590 2062 1643; x_wconf 82' lang='lat' dir='ltr'><strong>fa-</strong></span> 
     </span>
    </p>
   </div>
   <div class='ocr_carea' id='block_1_16' title="bbox 504 1682 2073 1752">
    <p class='ocr_par' dir='ltr' id='par_1_16' title="bbox 504 1682 2073 1752">
     <span class='ocr_line' id='line_1_16' title="bbox 504 1682 2073 1752; baseline -0.001 -16"><span class='ocrx_word' id='word_1_116' title='bbox 504 1682 588 1738; x_wconf 92' lang='lat' dir='ltr'><strong>cie</strong></span> <span class='ocrx_word' id='word_1_117' title='bbox 633 1684 922 1752; x_wconf 88' lang='lat' dir='ltr'><strong>virginem,</strong></span> <span class='ocrx_word' id='word_1_118' title='bbox 976 1692 1030 1738; x_wconf 92' lang='lat' dir='ltr'><strong>et</strong></span> <span class='ocrx_word' id='word_1_119' title='bbox 1067 1699 1170 1739; x_wconf 94' lang='lat' dir='ltr'><strong>non</strong></span> <span class='ocrx_word' id='word_1_120' title='bbox 1229 1683 1404 1739; x_wconf 88' lang='lat' dir='ltr'><strong>solum</strong></span> <span class='ocrx_word' id='word_1_121' title='bbox 1449 1683 1734 1752; x_wconf 79' lang='lat' dir='ltr'><strong>virginem,</strong></span> <span class='ocrx_word' id='word_1_122' title='bbox 1771 1684 1866 1736; x_wconf 88' lang='lat' dir='ltr'><strong>sed</strong></span> <span class='ocrx_word' id='word_1_123' title='bbox 1910 1696 2073 1750; x_wconf 88' lang='lat' dir='ltr'><strong>quam</strong></span> 
     </span>
    </p>
   </div>
   <div class='ocr_carea' id='block_1_17' title="bbox 503 1775 2075 1846">
    <p class='ocr_par' dir='ltr' id='par_1_17' title="bbox 503 1775 2075 1846">
     <span class='ocr_line' id='line_1_17' title="bbox 503 1775 2075 1846; baseline -0.001 -16"><span class='ocrx_word' id='word_1_124' title='bbox 503 1791 610 1830; x_wconf 91' lang='lat' dir='ltr'><strong>non</strong></span> <span class='ocrx_word' id='word_1_125' title='bbox 655 1777 942 1846; x_wconf 83' lang='lat' dir='ltr'><strong>contigerit</strong></span> <span class='ocrx_word' id='word_1_126' title='bbox 992 1777 1096 1841; x_wconf 86' lang='lat' dir='ltr'><strong>vir,</strong></span> <span class='ocrx_word' id='word_1_127' title='bbox 1163 1785 1217 1831; x_wconf 90' lang='lat' dir='ltr'><strong>et</strong></span> <span class='ocrx_word' id='word_1_128' title='bbox 1267 1777 1369 1831; x_wconf 90' lang='lat' dir='ltr'><strong>nisi</strong></span> <span class='ocrx_word' id='word_1_129' title='bbox 1397 1791 1557 1844; x_wconf 92' lang='lat' dir='ltr'><strong>quam</strong></span> <span class='ocrx_word' id='word_1_130' title='bbox 1611 1775 1876 1845; x_wconf 88' lang='lat' dir='ltr'><strong>repererit</strong></span> <span class='ocrx_word' id='word_1_131' title='bbox 1909 1789 2075 1843; x_wconf 84' lang='lat' dir='ltr'><strong>aquas</strong></span> 
     </span>
    </p>
   </div>
   <div class='ocr_carea' id='block_1_18' title="bbox 2173 574 3708 647">
    <p class='ocr_par' dir='ltr' id='par_1_18' title="bbox 2173 574 3708 647">
     <span class='ocr_line' id='line_1_18' title="bbox 2173 574 3708 647; baseline 0.001 -15"><span class='ocrx_word' id='word_1_132' title='bbox 2173 577 2494 647; x_wconf 81' lang='lat' dir='ltr'><strong>spiritaliter</strong></span> <span class='ocrx_word' id='word_1_133' title='bbox 2517 577 2662 632; x_wconf 83' lang='lat' dir='ltr'><strong>dici?</strong></span> <span class='ocrx_word' id='word_1_134' title='bbox 2689 576 2795 629; x_wconf 84' lang='lat' dir='ltr'><strong>Aut</strong></span> <span class='ocrx_word' id='word_1_135' title='bbox 2826 583 2984 645; x_wconf 91' lang='lat' dir='ltr'><strong>putas</strong></span> <span class='ocrx_word' id='word_1_136' title='bbox 3014 589 3228 644; x_wconf 88' lang='lat' dir='ltr'><strong>semper</strong></span> <span class='ocrx_word' id='word_1_137' title='bbox 3246 587 3374 628; x_wconf 88' lang='lat' dir='ltr'><strong>casu</strong></span> <span class='ocrx_word' id='word_1_138' title='bbox 3408 574 3708 646; x_wconf 84' lang='lat' dir='ltr'><strong>contingere,</strong></span> 
     </span>
    </p>
   </div>
   <div class='ocr_carea' id='block_1_19' title="bbox 2175 666 3708 736">
    <p class='ocr_par' dir='ltr' id='par_1_19' title="bbox 2175 666 3708 736">
     <span class='ocr_line' id='line_1_19' title="bbox 2175 666 3708 736; baseline 0.002 -15"><span class='ocrx_word' id='word_1_139' title='bbox 2175 677 2234 722; x_wconf 94' lang='lat' dir='ltr'><strong>ut</strong></span> <span class='ocrx_word' id='word_1_140' title='bbox 2287 667 2615 736; x_wconf 65' lang='lat' dir='ltr'><strong>patriarchae</strong></span> <span class='ocrx_word' id='word_1_141' title='bbox 2658 667 2725 720; x_wconf 88' lang='lat' dir='ltr'><strong>ad</strong></span> <span class='ocrx_word' id='word_1_142' title='bbox 2758 675 2948 736; x_wconf 90' lang='lat' dir='ltr'><strong>puteos</strong></span> <span class='ocrx_word' id='word_1_143' title='bbox 2983 666 3207 720; x_wconf 85' lang='lat' dir='ltr'><strong>veniant</strong></span> <span class='ocrx_word' id='word_1_144' title='bbox 3245 675 3298 721; x_wconf 92' lang='lat' dir='ltr'><strong>et</strong></span> <span class='ocrx_word' id='word_1_145' title='bbox 3330 666 3395 719; x_wconf 92' lang='lat' dir='ltr'><strong>ad</strong></span> <span class='ocrx_word' id='word_1_146' title='bbox 3424 679 3582 734; x_wconf 87' lang='lat' dir='ltr'><strong>aquas</strong></span> <span class='ocrx_word' id='word_1_147' title='bbox 3605 684 3708 724; x_wconf 82' lang='lat' dir='ltr'><strong>con-</strong></span> 
     </span>
    </p>
   </div>
   <div class='ocr_carea' id='block_1_20' title="bbox 2169 756 3708 828">
    <p class='ocr_par' dir='ltr' id='par_1_20' title="bbox 2169 756 3708 828">
     <span class='ocr_line' id='line_1_20' title="bbox 2169 756 3708 828; baseline 0.003 -19"><span class='ocrx_word' id='word_1_148' title='bbox 2169 758 2315 828; x_wconf 84' lang='lat' dir='ltr'><strong>iugia</strong></span> <span class='ocrx_word' id='word_1_149' title='bbox 2337 758 2673 813; x_wconf 87' lang='lat' dir='ltr'><strong>sortiantur?</strong></span> <span class='ocrx_word' id='word_1_150' title='bbox 2706 757 2808 824; x_wconf 85' lang='lat' dir='ltr'><strong>Qui</strong></span> <span class='ocrx_word' id='word_1_151' title='bbox 2837 762 2949 813; x_wconf 73' lang='lat' dir='ltr'><strong>htee</strong></span> <span class='ocrx_word' id='word_1_152' title='bbox 2982 759 3054 812; x_wconf 93' lang='lat' dir='ltr'><strong>ita</strong></span> <span class='ocrx_word' id='word_1_153' title='bbox 3089 765 3277 826; x_wconf 90' lang='lat' dir='ltr'><strong>putat,</strong></span> <span class='ocrx_word' id='word_1_154' title='bbox 3309 756 3554 809; x_wconf 72' lang='lat' dir='ltr'><strong>animalis</strong></span> <span class='ocrx_word' id='word_1_155' title='bbox 3581 757 3708 815; x_wconf 81' lang='lat' dir='ltr'><strong>homo</strong></span> 
     </span>
    </p>
   </div>
   <div class='ocr_carea' id='block_1_21' title="bbox 2173 846 3710 922">
    <p class='ocr_par' dir='ltr' id='par_1_21' title="bbox 2173 846 3710 922">
     <span class='ocr_line' id='line_1_21' title="bbox 2173 846 3710 922; baseline -0.001 -17"><span class='ocrx_word' id='word_1_156' title='bbox 2173 860 2274 912; x_wconf 87' lang='lat' dir='ltr'><strong>est,</strong></span> <span class='ocrx_word' id='word_1_157' title='bbox 2309 861 2362 905; x_wconf 89' lang='lat' dir='ltr'><strong>et</strong></span> <span class='ocrx_word' id='word_1_158' title='bbox 2402 867 2505 904; x_wconf 87' lang='lat' dir='ltr'><strong>non</strong></span> <span class='ocrx_word' id='word_1_159' title='bbox 2527 851 2745 919; x_wconf 78' lang='lat' dir='ltr'><strong>percipit</strong></span> <span class='ocrx_word' id='word_1_160' title='bbox 2776 867 2892 922; x_wconf 82' lang='lat' dir='ltr'><strong>qua:</strong></span> <span class='ocrx_word' id='word_1_161' title='bbox 2922 850 3024 903; x_wconf 78' lang='lat' dir='ltr'><strong>sint</strong></span> <span class='ocrx_word' id='word_1_162' title='bbox 3057 849 3269 918; x_wconf 74' lang='lat' dir='ltr'><strong>spiritus</strong></span> <span class='ocrx_word' id='word_1_163' title='bbox 3303 847 3396 901; x_wconf 83' lang='lat' dir='ltr'><strong>Dei</strong></span> <span class='ocrx_word' id='word_1_164' title='bbox 3426 847 3492 900; x_wconf 80' lang='grc'><strong>⁸¹.</strong></span> <span class='ocrx_word' id='word_1_165' title='bbox 3525 846 3618 901; x_wconf 86' lang='lat' dir='ltr'><strong>Sed</strong></span> <span class='ocrx_word' id='word_1_166' title='bbox 3638 853 3710 918; x_wconf 85' lang='lat' dir='ltr'><strong>qui</strong></span> 
     </span>
    </p>
   </div>
   <div class='ocr_carea' id='block_1_22' title="bbox 2175 939 3712 1011">
    <p class='ocr_par' dir='ltr' id='par_1_22' title="bbox 2175 939 3712 1011">
     <span class='ocr_line' id='line_1_22' title="bbox 2175 939 3712 1011; baseline -0.001 -15"><span class='ocrx_word' id='word_1_167' title='bbox 2175 943 2287 996; x_wconf 92' lang='lat' dir='ltr'><strong>vult</strong></span> <span class='ocrx_word' id='word_1_168' title='bbox 2319 951 2534 996; x_wconf 90' lang='lat' dir='ltr'><strong>maneat</strong></span> <span class='ocrx_word' id='word_1_169' title='bbox 2563 943 2615 997; x_wconf 92' lang='lat' dir='ltr'><strong>in</strong></span> <span class='ocrx_word' id='word_1_170' title='bbox 2644 943 2748 1009; x_wconf 92' lang='lat' dir='ltr'><strong>his,</strong></span> <span class='ocrx_word' id='word_1_171' title='bbox 2783 951 2997 996; x_wconf 91' lang='lat' dir='ltr'><strong>maneat</strong></span> <span class='ocrx_word' id='word_1_172' title='bbox 3025 941 3278 996; x_wconf 89' lang='lat' dir='ltr'><strong>animalis</strong></span> <span class='ocrx_word' id='word_1_173' title='bbox 3313 940 3454 1011; x_wconf 76' lang='lat' dir='ltr'><strong>(7i):</strong></span> <span class='ocrx_word' id='word_1_174' title='bbox 3485 954 3580 1008; x_wconf 85' lang='lat' dir='ltr'><strong>ego</strong></span> <span class='ocrx_word' id='word_1_175' title='bbox 3604 939 3712 995; x_wconf 79' lang='lat' dir='ltr'><strong>Pau-</strong></span> 
     </span>
    </p>
   </div>
   <div class='ocr_carea' id='block_1_23' title="bbox 2176 1031 3710 1104">
    <p class='ocr_par' dir='ltr' id='par_1_23' title="bbox 2176 1031 3710 1104">
     <span class='ocr_line' id='line_1_23' title="bbox 2176 1031 3710 1104; baseline 0.001 -18"><span class='ocrx_word' id='word_1_176' title='bbox 2176 1034 2283 1087; x_wconf 91' lang='lat' dir='ltr'><strong>lum</strong></span> <span class='ocrx_word' id='word_1_177' title='bbox 2321 1033 2622 1102; x_wconf 86' lang='lat' dir='ltr'><strong>apostolum</strong></span> <span class='ocrx_word' id='word_1_178' title='bbox 2661 1049 2892 1104; x_wconf 88' lang='lat' dir='ltr'><strong>sequens</strong></span> <span class='ocrx_word' id='word_1_179' title='bbox 2918 1073 2932 1098; x_wconf 95' lang='lat'><strong>,</strong></span> <span class='ocrx_word' id='word_1_180' title='bbox 2969 1033 3090 1086; x_wconf 88' lang='lat' dir='ltr'><strong>dico</strong></span> <span class='ocrx_word' id='word_1_181' title='bbox 3125 1031 3239 1086; x_wconf 68' lang='lat' dir='ltr'><strong>haec</strong></span> <span class='ocrx_word' id='word_1_182' title='bbox 3269 1045 3390 1086; x_wconf 90' lang='lat' dir='ltr'><strong>esse</strong></span> <span class='ocrx_word' id='word_1_183' title='bbox 3419 1031 3710 1100; x_wconf 78' lang='lat' dir='ltr'><strong>allegorica,</strong></span> 
     </span>
    </p>
   </div>
   <div class='ocr_carea' id='block_1_24' title="bbox 2174 1125 3715 1195">
    <p class='ocr_par' dir='ltr' id='par_1_24' title="bbox 2174 1125 3715 1195">
     <span class='ocr_line' id='line_1_24' title="bbox 2174 1125 3715 1195; baseline 0 -13"><span class='ocrx_word' id='word_1_184' title='bbox 2174 1137 2229 1182; x_wconf 89' lang='lat' dir='ltr'><strong>et</strong></span> <span class='ocrx_word' id='word_1_185' title='bbox 2265 1137 2580 1181; x_wconf 89' lang='lat' dir='ltr'><strong>sanctorum</strong></span> <span class='ocrx_word' id='word_1_186' title='bbox 2621 1129 2835 1195; x_wconf 89' lang='lat' dir='ltr'><strong>nuptias</strong></span> <span class='ocrx_word' id='word_1_187' title='bbox 2867 1125 3304 1195; x_wconf 89' lang='lat' dir='ltr'><strong>coniunctionem</strong></span> <span class='ocrx_word' id='word_1_188' title='bbox 3331 1126 3454 1180; x_wconf 89' lang='lat' dir='ltr'><strong>dico</strong></span> <span class='ocrx_word' id='word_1_189' title='bbox 3490 1141 3599 1181; x_wconf 90' lang='lat' dir='ltr'><strong>esse</strong></span> <span class='ocrx_word' id='word_1_190' title='bbox 3621 1127 3715 1182; x_wconf 89' lang='lat' dir='ltr'><strong>ani-</strong></span> 
     </span>
    </p>
   </div>
   <div class='ocr_carea' id='block_1_25' title="bbox 2176 1217 3713 1289">
    <p class='ocr_par' dir='ltr' id='par_1_25' title="bbox 2176 1217 3713 1289">
     <span class='ocr_line' id='line_1_25' title="bbox 2176 1217 3713 1289; baseline -0.001 -15"><span class='ocrx_word' id='word_1_191' title='bbox 2176 1234 2276 1274; x_wconf 67' lang='lat' dir='ltr'><strong>mae</strong></span> <span class='ocrx_word' id='word_1_192' title='bbox 2319 1236 2438 1274; x_wconf 87' lang='lat' dir='ltr'><strong>cum</strong></span> <span class='ocrx_word' id='word_1_193' title='bbox 2471 1220 2636 1274; x_wconf 89' lang='lat' dir='ltr'><strong>verbo</strong></span> <span class='ocrx_word' id='word_1_194' title='bbox 2681 1219 2797 1276; x_wconf 92' lang='lat' dir='ltr'><strong>Dei.</strong></span> <span class='ocrx_word' id='word_1_195' title='bbox 2851 1219 2956 1285; x_wconf 84' lang='lat' dir='ltr'><strong>Qui</strong></span> <span class='ocrx_word' id='word_1_196' title='bbox 2995 1219 3140 1273; x_wconf 89' lang='lat' dir='ltr'><strong>enim</strong></span> <span class='ocrx_word' id='word_1_197' title='bbox 3185 1219 3364 1289; x_wconf 83' lang='lat' dir='ltr'><strong>jungit</strong></span> <span class='ocrx_word' id='word_1_198' title='bbox 3401 1235 3454 1272; x_wconf 75' lang='lat' dir='ltr'><strong>se</strong></span> <span class='ocrx_word' id='word_1_199' title='bbox 3485 1217 3713 1284; x_wconf 79' lang='lat' dir='ltr'><strong>Domino,</strong></span> 
     </span>
    </p>
   </div>
   <div class='ocr_carea' id='block_1_26' title="bbox 2177 1311 3714 1382">
    <p class='ocr_par' dir='ltr' id='par_1_26' title="bbox 2177 1311 3714 1382">
     <span class='ocr_line' id='line_1_26' title="bbox 2177 1311 3714 1382; baseline 0 -16"><span class='ocrx_word' id='word_1_200' title='bbox 2177 1329 2313 1366; x_wconf 76' lang='lat' dir='ltr'><strong>unus</strong></span> <span class='ocrx_word' id='word_1_201' title='bbox 2355 1314 2572 1382; x_wconf 71' lang='lat' dir='ltr'><strong>spiritus</strong></span> <span class='ocrx_word' id='word_1_202' title='bbox 2627 1323 2702 1368; x_wconf 76' lang='lat' dir='ltr'><strong>est</strong></span> <span class='ocrx_word' id='word_1_203' title='bbox 2755 1313 2820 1366; x_wconf 84' lang='grc'>⁸³.</span> <span class='ocrx_word' id='word_1_204' title='bbox 2882 1312 3031 1367; x_wconf 84' lang='lat' dir='ltr'><strong>lianc</strong></span> <span class='ocrx_word' id='word_1_205' title='bbox 3082 1323 3262 1366; x_wconf 90' lang='lat' dir='ltr'><strong>autem</strong></span> <span class='ocrx_word' id='word_1_206' title='bbox 3313 1311 3714 1377; x_wconf 88' lang='lat' dir='ltr'><strong>coniunctionem</strong></span> 
     </span>
    </p>
   </div>
   <div class='ocr_carea' id='block_1_27' title="bbox 2178 1403 3716 1474">
    <p class='ocr_par' dir='ltr' id='par_1_27' title="bbox 2178 1403 3716 1474">
     <span class='ocr_line' id='line_1_27' title="bbox 2178 1403 3716 1474; baseline 0.003 -18"><span class='ocrx_word' id='word_1_207' title='bbox 2178 1404 2371 1457; x_wconf 74' lang='lat' dir='ltr'><strong>animm</strong></span> <span class='ocrx_word' id='word_1_208' title='bbox 2399 1421 2519 1458; x_wconf 88' lang='lat' dir='ltr'><strong>eum</strong></span> <span class='ocrx_word' id='word_1_209' title='bbox 2552 1407 2738 1468; x_wconf 87' lang='lat' dir='ltr'><strong>verbo.</strong></span> <span class='ocrx_word' id='word_1_210' title='bbox 2762 1415 2966 1459; x_wconf 91' lang='lat' dir='ltr'><strong>certum</strong></span> <span class='ocrx_word' id='word_1_211' title='bbox 2995 1416 3078 1458; x_wconf 91' lang='lat' dir='ltr'><strong>est</strong></span> <span class='ocrx_word' id='word_1_212' title='bbox 3101 1421 3204 1458; x_wconf 91' lang='lat' dir='ltr'><strong>non</strong></span> <span class='ocrx_word' id='word_1_213' title='bbox 3233 1405 3390 1458; x_wconf 87' lang='lat' dir='ltr'><strong>aliter</strong></span> <span class='ocrx_word' id='word_1_214' title='bbox 3425 1403 3542 1459; x_wconf 90' lang='lat' dir='ltr'><strong>ﬁeri</strong></span> <span class='ocrx_word' id='word_1_215' title='bbox 3567 1421 3716 1474; x_wconf 91' lang='lat' dir='ltr'><strong>posse,</strong></span> 
     </span>
    </p>
   </div>
   <div class='ocr_carea' id='block_1_28' title="bbox 2178 1496 3715 1568">
    <p class='ocr_par' dir='ltr' id='par_1_28' title="bbox 2178 1496 3715 1568">
     <span class='ocr_line' id='line_1_28' title="bbox 2178 1496 3715 1568; baseline 0.002 -19"><span class='ocrx_word' id='word_1_216' title='bbox 2178 1496 2278 1550; x_wconf 91' lang='lat' dir='ltr'><strong>nisi</strong></span> <span class='ocrx_word' id='word_1_217' title='bbox 2343 1511 2440 1566; x_wconf 90' lang='lat' dir='ltr'><strong>per</strong></span> <span class='ocrx_word' id='word_1_218' title='bbox 2491 1497 2906 1552; x_wconf 88' lang='lat' dir='ltr'><strong>instructionem</strong></span> <span class='ocrx_word' id='word_1_219' title='bbox 2963 1499 3270 1553; x_wconf 88' lang='lat' dir='ltr'><strong>divinorum</strong></span> <span class='ocrx_word' id='word_1_220' title='bbox 3317 1499 3608 1560; x_wconf 90' lang='lat' dir='ltr'><strong>librorum,</strong></span> <span class='ocrx_word' id='word_1_221' title='bbox 3643 1503 3715 1568; x_wconf 92' lang='lat' dir='ltr'><strong>qui</strong></span> 
     </span>
    </p>
   </div>
   <div class='ocr_carea' id='block_1_29' title="bbox 2181 1587 3717 1658">
    <p class='ocr_par' dir='ltr' id='par_1_29' title="bbox 2181 1587 3717 1658">
     <span class='ocr_line' id='line_1_29' title="bbox 2181 1587 3717 1658; baseline 0.001 -17"><span class='ocrx_word' id='word_1_222' title='bbox 2181 1587 2477 1658; x_wconf 84' lang='lat' dir='ltr'><strong>ﬁguraliter</strong></span> <span class='ocrx_word' id='word_1_223' title='bbox 2522 1589 2663 1657; x_wconf 89' lang='lat' dir='ltr'><strong>putei</strong></span> <span class='ocrx_word' id='word_1_224' title='bbox 2714 1589 3071 1658; x_wconf 87' lang='lat' dir='ltr'><strong>appellantur.</strong></span> <span class='ocrx_word' id='word_1_225' title='bbox 3114 1590 3194 1644; x_wconf 82' lang='lat' dir='ltr'><strong>Ad</strong></span> <span class='ocrx_word' id='word_1_226' title='bbox 3240 1605 3378 1658; x_wconf 83' lang='lat' dir='ltr'><strong>quos</strong></span> <span class='ocrx_word' id='word_1_227' title='bbox 3429 1588 3473 1643; x_wconf 89' lang='lat' dir='ltr'><strong>si</strong></span> <span class='ocrx_word' id='word_1_228' title='bbox 3507 1589 3615 1657; x_wconf 92' lang='lat' dir='ltr'><strong>quis</strong></span> <span class='ocrx_word' id='word_1_229' title='bbox 3648 1606 3717 1642; x_wconf 82' lang='lat' dir='ltr'><strong>ve-</strong></span> 
     </span>
    </p>
   </div>
   <div class='ocr_carea' id='block_1_30' title="bbox 2179 1680 3718 1752">
    <p class='ocr_par' dir='ltr' id='par_1_30' title="bbox 2179 1680 3718 1752">
     <span class='ocr_line' id='line_1_30' title="bbox 2179 1680 3718 1752; baseline 0 -18"><span class='ocrx_word' id='word_1_230' title='bbox 2179 1680 2313 1746; x_wconf 86' lang='lat' dir='ltr'><strong>niat,</strong></span> <span class='ocrx_word' id='word_1_231' title='bbox 2343 1691 2396 1734; x_wconf 91' lang='lat' dir='ltr'><strong>et</strong></span> <span class='ocrx_word' id='word_1_232' title='bbox 2433 1681 2648 1734; x_wconf 85' lang='lat' dir='ltr'><strong>hauriat</strong></span> <span class='ocrx_word' id='word_1_233' title='bbox 2687 1697 2750 1736; x_wconf 83' lang='lat' dir='ltr'><strong>ex</strong></span> <span class='ocrx_word' id='word_1_234' title='bbox 2784 1682 2868 1735; x_wconf 92' lang='lat' dir='ltr'><strong>his</strong></span> <span class='ocrx_word' id='word_1_235' title='bbox 2916 1697 3105 1752; x_wconf 89' lang='lat' dir='ltr'><strong>aquas,</strong></span> <span class='ocrx_word' id='word_1_236' title='bbox 3140 1681 3193 1735; x_wconf 90' lang='lat' dir='ltr'><strong>id</strong></span> <span class='ocrx_word' id='word_1_237' title='bbox 3232 1691 3318 1735; x_wconf 89' lang='lat' dir='ltr'><strong>est</strong></span> <span class='ocrx_word' id='word_1_238' title='bbox 3352 1681 3647 1734; x_wconf 87' lang='lat' dir='ltr'><strong>meditando</strong></span> <span class='ocrx_word' id='word_1_239' title='bbox 3679 1683 3718 1734; x_wconf 88' lang='lat' dir='ltr'><strong>in</strong></span> 
     </span>
    </p>
   </div>
   <div class='ocr_carea' id='block_1_31' title="bbox 2181 1773 3720 1843">
    <p class='ocr_par' dir='ltr' id='par_1_31' title="bbox 2181 1773 3720 1843">
     <span class='ocr_line' id='line_1_31' title="bbox 2181 1773 3720 1843; baseline -0.001 -17"><span class='ocrx_word' id='word_1_240' title='bbox 2181 1773 2295 1838; x_wconf 88' lang='lat' dir='ltr'><strong>his,</strong></span> <span class='ocrx_word' id='word_1_241' title='bbox 2331 1787 2548 1827; x_wconf 89' lang='lat' dir='ltr'><strong>sensum</strong></span> <span class='ocrx_word' id='word_1_242' title='bbox 2587 1782 2642 1826; x_wconf 90' lang='lat' dir='ltr'><strong>et</strong></span> <span class='ocrx_word' id='word_1_243' title='bbox 2679 1773 3010 1828; x_wconf 91' lang='lat' dir='ltr'><strong>intellectum</strong></span> <span class='ocrx_word' id='word_1_244' title='bbox 3041 1774 3304 1843; x_wconf 85' lang='lat' dir='ltr'><strong>percipiat</strong></span> <span class='ocrx_word' id='word_1_245' title='bbox 3336 1773 3618 1837; x_wconf 87' lang='lat' dir='ltr'><strong>altiorem,</strong></span> <span class='ocrx_word' id='word_1_246' title='bbox 3655 1773 3720 1825; x_wconf 88' lang='lat' dir='ltr'><strong>in-</strong></span> 
     </span>
    </p>
   </div>
   <div class='ocr_carea' id='block_1_32' title="bbox 502 1843 3722 1935">
    <p class='ocr_par' dir='ltr' id='par_1_32' title="bbox 502 1843 3722 1935">
     <span class='ocr_line' id='line_1_32' title="bbox 502 1843 3722 1935; baseline -0.002 -13"><span class='ocrx_word' id='word_1_247' title='bbox 502 1867 862 1932; x_wconf 83' lang='lat' dir='ltr'><strong>hauricntem,</strong></span> <span class='ocrx_word' id='word_1_248' title='bbox 889 1884 994 1921; x_wconf 93' lang='lat' dir='ltr'><strong>non</strong></span> <span class='ocrx_word' id='word_1_249' title='bbox 1026 1867 1139 1922; x_wconf 88' lang='lat' dir='ltr'><strong>vult</strong></span> <span class='ocrx_word' id='word_1_250' title='bbox 1161 1867 1322 1920; x_wconf 91' lang='lat' dir='ltr'><strong>aliam</strong></span> <span class='ocrx_word' id='word_1_251' title='bbox 1350 1867 1688 1934; x_wconf 87' lang='lat' dir='ltr'><strong>despondere</strong></span> <span class='ocrx_word' id='word_1_252' title='bbox 1706 1867 1926 1923; x_wconf 92' lang='lat' dir='ltr'><strong>domino</strong></span> <span class='ocrx_word' id='word_1_253' title='bbox 1954 1883 2071 1934; x_wconf 90' lang='lat' dir='ltr'><strong>suo,</strong></span> <span class='ocrx_word' id='word_1_254' title='bbox 2107 1843 2148 1898; x_wconf 76' lang='grc' dir='ltr'>Β</span> <span class='ocrx_word' id='word_1_255' title='bbox 2181 1867 2355 1920; x_wconf 84' lang='lat' dir='ltr'><strong>veniet</strong></span> <span class='ocrx_word' id='word_1_256' title='bbox 2383 1866 2600 1935; x_wconf 87' lang='lat' dir='ltr'><strong>nuptias</strong></span> <span class='ocrx_word' id='word_1_257' title='bbox 2631 1865 2740 1918; x_wconf 85' lang='lat' dir='ltr'><strong>Deo</strong></span> <span class='ocrx_word' id='word_1_258' title='bbox 2763 1866 2976 1934; x_wconf 88' lang='lat' dir='ltr'><strong>dignas.</strong></span> <span class='ocrx_word' id='word_1_259' title='bbox 3011 1865 3373 1934; x_wconf 90' lang='lat' dir='ltr'><strong>Coniungitnr</strong></span> <span class='ocrx_word' id='word_1_260' title='bbox 3405 1865 3551 1919; x_wconf 91' lang='lat' dir='ltr'><strong>enim</strong></span> <span class='ocrx_word' id='word_1_261' title='bbox 3575 1865 3722 1918; x_wconf 88' lang='lat' dir='ltr'><strong>anima</strong></span> 
     </span>
    </p>
   </div>
   <div class='ocr_carea' id='block_1_33' title="bbox 500 1958 2077 2027">
    <p class='ocr_par' dir='ltr' id='par_1_33' title="bbox 500 1958 2077 2027">
     <span class='ocr_line' id='line_1_33' title="bbox 500 1958 2077 2027; baseline -0.001 -13"><span class='ocrx_word' id='word_1_262' title='bbox 500 1976 610 2016; x_wconf 90' lang='lat' dir='ltr'><strong>non</strong></span> <span class='ocrx_word' id='word_1_263' title='bbox 638 1962 686 2015; x_wconf 90' lang='lat' dir='ltr'><strong>ei</strong></span> <span class='ocrx_word' id='word_1_264' title='bbox 719 1962 810 2014; x_wconf 84' lang='lat' dir='ltr'><strong>dat</strong></span> <span class='ocrx_word' id='word_1_265' title='bbox 837 1969 1174 2027; x_wconf 89' lang='lat' dir='ltr'><strong>ornamenta,</strong></span> <span class='ocrx_word' id='word_1_266' title='bbox 1205 1960 1303 2013; x_wconf 91' lang='lat' dir='ltr'><strong>nisi</strong></span> <span class='ocrx_word' id='word_1_267' title='bbox 1335 1961 1452 2014; x_wconf 89' lang='lat' dir='ltr'><strong>talis</strong></span> <span class='ocrx_word' id='word_1_268' title='bbox 1492 1961 1580 2014; x_wconf 88' lang='lat' dir='ltr'><strong>sit.</strong></span> <span class='ocrx_word' id='word_1_269' title='bbox 1619 1958 1731 2013; x_wconf 78' lang='lat' dir='ltr'><strong>Non</strong></span> <span class='ocrx_word' id='word_1_270' title='bbox 1773 1959 1866 2012; x_wconf 91' lang='lat' dir='ltr'><strong>dat</strong></span> <span class='ocrx_word' id='word_1_271' title='bbox 1921 1959 2077 2013; x_wconf 84' lang='lat' dir='ltr'><strong>inau-</strong></span> 
     </span>
    </p>
   </div>
   <div class='ocr_carea' id='block_1_34' title="bbox 500 2049 2073 2120">
    <p class='ocr_par' dir='ltr' id='par_1_34' title="bbox 500 2049 2073 2120">
     <span class='ocr_line' id='line_1_34' title="bbox 500 2049 2073 2120; baseline 0 -16"><span class='ocrx_word' id='word_1_272' title='bbox 500 2065 612 2114; x_wconf 85' lang='lat' dir='ltr'><strong>res,</strong></span> <span class='ocrx_word' id='word_1_273' title='bbox 647 2067 752 2105; x_wconf 90' lang='lat' dir='ltr'><strong>non</strong></span> <span class='ocrx_word' id='word_1_274' title='bbox 783 2050 1132 2105; x_wconf 81' lang='lat' dir='ltr'><strong>bracchialia.</strong></span> <span class='ocrx_word' id='word_1_275' title='bbox 1164 2049 1343 2104; x_wconf 83' lang='lat' dir='ltr'><strong>Manet</strong></span> <span class='ocrx_word' id='word_1_276' title='bbox 1372 2051 1754 2120; x_wconf 84' lang='lat' dir='ltr'><strong>incomposita,</strong></span> <span class='ocrx_word' id='word_1_277' title='bbox 1779 2051 2073 2117; x_wconf 89' lang='lat' dir='ltr'><strong>inerudita,</strong></span> 
     </span>
    </p>
   </div>
   <div class='ocr_carea' id='block_1_35' title="bbox 499 2141 2078 2211">
    <p class='ocr_par' dir='ltr' id='par_1_35' title="bbox 499 2141 2078 2211">
     <span class='ocr_line' id='line_1_35' title="bbox 499 2141 2078 2211; baseline 0.001 -14"><span class='ocrx_word' id='word_1_278' title='bbox 499 2142 791 2210; x_wconf 86' lang='lat' dir='ltr'><strong>incompta.</strong></span> <span class='ocrx_word' id='word_1_279' title='bbox 843 2141 1102 2196; x_wconf 79' lang='lat' dir='ltr'><strong>Putamus</strong></span> <span class='ocrx_word' id='word_1_280' title='bbox 1139 2141 1268 2210; x_wconf 91' lang='lat' dir='ltr'><strong>quia</strong></span> <span class='ocrx_word' id='word_1_281' title='bbox 1317 2150 1475 2211; x_wconf 90' lang='lat' dir='ltr'><strong>pater</strong></span> <span class='ocrx_word' id='word_1_282' title='bbox 1533 2143 1791 2196; x_wconf 58' lang='lat' dir='ltr'><strong>Rebeccae</strong></span> <span class='ocrx_word' id='word_1_283' title='bbox 1816 2141 1898 2195; x_wconf 90' lang='lat' dir='ltr'><strong>vir</strong></span> <span class='ocrx_word' id='word_1_284' title='bbox 1927 2142 2078 2198; x_wconf 85' lang='lat' dir='ltr'><strong>dives</strong></span> 
     </span>
    </p>
   </div>
   <div class='ocr_carea' id='block_1_36' title="bbox 497 2233 2075 2304">
    <p class='ocr_par' dir='ltr' id='par_1_36' title="bbox 497 2233 2075 2304">
     <span class='ocr_line' id='line_1_36' title="bbox 497 2233 2075 2304; baseline 0.001 -16"><span class='ocrx_word' id='word_1_285' title='bbox 497 2247 605 2290; x_wconf 90' lang='lat' dir='ltr'><strong>non</strong></span> <span class='ocrx_word' id='word_1_286' title='bbox 633 2233 867 2288; x_wconf 85' lang='lat' dir='ltr'><strong>habebat</strong></span> <span class='ocrx_word' id='word_1_287' title='bbox 913 2233 1241 2287; x_wconf 89' lang='lat' dir='ltr'><strong>bracchialia</strong></span> <span class='ocrx_word' id='word_1_288' title='bbox 1289 2244 1343 2288; x_wconf 93' lang='lat' dir='ltr'><strong>et</strong></span> <span class='ocrx_word' id='word_1_289' title='bbox 1401 2235 1640 2301; x_wconf 88' lang='lat' dir='ltr'><strong>inaures,</strong></span> <span class='ocrx_word' id='word_1_290' title='bbox 1672 2249 1806 2304; x_wconf 92' lang='lat' dir='ltr'><strong>quas</strong></span> <span class='ocrx_word' id='word_1_291' title='bbox 1831 2236 2075 2304; x_wconf 86' lang='lat' dir='ltr'><strong>impone-</strong></span> 
     </span>
    </p>
   </div>
   <div class='ocr_carea' id='block_1_37' title="bbox 496 2328 2076 2400">
    <p class='ocr_par' dir='ltr' id='par_1_37' title="bbox 496 2328 2076 2400">
     <span class='ocr_line' id='line_1_37' title="bbox 496 2328 2076 2400; baseline -0.001 -16"><span class='ocrx_word' id='word_1_292' title='bbox 496 2339 580 2384; x_wconf 88' lang='lat' dir='ltr'><strong>ret</strong></span> <span class='ocrx_word' id='word_1_293' title='bbox 608 2329 732 2384; x_wconf 69' lang='lat' dir='ltr'><strong>tilias</strong></span> <span class='ocrx_word' id='word_1_294' title='bbox 753 2328 899 2384; x_wconf 78' lang='lat' dir='ltr'><strong>suae?</strong></span> <span class='ocrx_word' id='word_1_295' title='bbox 925 2328 1095 2382; x_wconf 88' lang='lat' dir='ltr'><strong>Tanta</strong></span> <span class='ocrx_word' id='word_1_296' title='bbox 1132 2328 1249 2397; x_wconf 82' lang='lat' dir='ltr'><strong>ejus</strong></span> <span class='ocrx_word' id='word_1_297' title='bbox 1274 2329 1604 2400; x_wconf 80' lang='lat' dir='ltr'><strong>negligentia</strong></span> <span class='ocrx_word' id='word_1_298' title='bbox 1629 2339 1773 2393; x_wconf 90' lang='lat' dir='ltr'><strong>erat,</strong></span> <span class='ocrx_word' id='word_1_299' title='bbox 1807 2338 1902 2384; x_wconf 87' lang='lat' dir='ltr'><strong>aut</strong></span> <span class='ocrx_word' id='word_1_300' title='bbox 1944 2345 2076 2383; x_wconf 89' lang='lat' dir='ltr'><strong>ava-</strong></span> 
     </span>
    </p>
   </div>
   <div class='ocr_carea' id='block_1_38' title="bbox 497 2417 2074 2484">
    <p class='ocr_par' dir='ltr' id='par_1_38' title="bbox 497 2417 2074 2484">
     <span class='ocr_line' id='line_1_38' title="bbox 497 2417 2074 2484; baseline 0.001 -10"><span class='ocrx_word' id='word_1_301' title='bbox 497 2419 641 2484; x_wconf 86' lang='lat' dir='ltr'><strong>ritia,</strong></span> <span class='ocrx_word' id='word_1_302' title='bbox 671 2430 728 2484; x_wconf 74' lang='lat' dir='ltr'><strong>ut</strong></span> <span class='ocrx_word' id='word_1_303' title='bbox 761 2419 885 2473; x_wconf 77' lang='lat' dir='ltr'><strong>lilia:</strong></span> <span class='ocrx_word' id='word_1_304' title='bbox 934 2429 1254 2472; x_wconf 86' lang='lat' dir='ltr'><strong>ornamenta</strong></span> <span class='ocrx_word' id='word_1_305' title='bbox 1289 2435 1394 2473; x_wconf 88' lang='lat' dir='ltr'><strong>non</strong></span> <span class='ocrx_word' id='word_1_306' title='bbox 1449 2420 1643 2474; x_wconf 87' lang='lat' dir='ltr'><strong>daret?</strong></span> <span class='ocrx_word' id='word_1_307' title='bbox 1690 2417 1796 2475; x_wconf 88' lang='lat' dir='ltr'><strong>Sed</strong></span> <span class='ocrx_word' id='word_1_308' title='bbox 1829 2420 2074 2475; x_wconf 84' lang='lat' dir='ltr'><strong>Rebecca</strong></span> 
     </span>
    </p>
   </div>
   <div class='ocr_carea' id='block_1_39' title="bbox 497 2511 2074 2567">
    <p class='ocr_par' dir='ltr' id='par_1_39' title="bbox 497 2511 2074 2567">
     <span class='ocr_line' id='line_1_39' title="bbox 497 2511 2074 2567; baseline 0.002 -3"><span class='ocrx_word' id='word_1_309' title='bbox 497 2526 604 2566; x_wconf 93' lang='lat' dir='ltr'><strong>non</strong></span> <span class='ocrx_word' id='word_1_310' title='bbox 637 2512 750 2564; x_wconf 87' lang='lat' dir='ltr'><strong>vult</strong></span> <span class='ocrx_word' id='word_1_311' title='bbox 778 2513 845 2567; x_wconf 89' lang='lat' dir='ltr'><strong>de</strong></span> <span class='ocrx_word' id='word_1_312' title='bbox 872 2527 1004 2566; x_wconf 90' lang='lat' dir='ltr'><strong>auro</strong></span> <span class='ocrx_word' id='word_1_313' title='bbox 1037 2511 1315 2566; x_wconf 85' lang='lat' dir='ltr'><strong>Bathuclis</strong></span> <span class='ocrx_word' id='word_1_314' title='bbox 1341 2512 1550 2566; x_wconf 89' lang='lat' dir='ltr'><strong>ornari.</strong></span> <span class='ocrx_word' id='word_1_315' title='bbox 1579 2511 1692 2567; x_wconf 83' lang='lat' dir='ltr'><strong>Non</strong></span> <span class='ocrx_word' id='word_1_316' title='bbox 1717 2523 1840 2567; x_wconf 91' lang='lat' dir='ltr'><strong>sunt</strong></span> <span class='ocrx_word' id='word_1_317' title='bbox 1874 2513 1921 2566; x_wconf 89' lang='lat' dir='ltr'><strong>ei</strong></span> <span class='ocrx_word' id='word_1_318' title='bbox 1949 2529 2074 2567; x_wconf 83' lang='lat' dir='ltr'><strong>con-</strong></span> 
     </span>
    </p>
   </div>
   <div class='ocr_carea' id='block_1_40' title="bbox 496 2603 2078 2675">
    <p class='ocr_par' dir='ltr' id='par_1_40' title="bbox 496 2603 2078 2675">
     <span class='ocr_line' id='line_1_40' title="bbox 496 2603 2078 2675; baseline 0.002 -18"><span class='ocrx_word' id='word_1_319' title='bbox 496 2603 658 2674; x_wconf 91' lang='lat' dir='ltr'><strong>digna</strong></span> <span class='ocrx_word' id='word_1_320' title='bbox 713 2617 1033 2658; x_wconf 88' lang='lat' dir='ltr'><strong>ornamenta</strong></span> <span class='ocrx_word' id='word_1_321' title='bbox 1088 2605 1323 2658; x_wconf 90' lang='lat' dir='ltr'><strong>hominis</strong></span> <span class='ocrx_word' id='word_1_322' title='bbox 1351 2603 1569 2658; x_wconf 87' lang='lat' dir='ltr'><strong>barbari</strong></span> <span class='ocrx_word' id='word_1_323' title='bbox 1602 2616 1656 2658; x_wconf 86' lang='lat' dir='ltr'><strong>et</strong></span> <span class='ocrx_word' id='word_1_324' title='bbox 1707 2605 1963 2675; x_wconf 88' lang='lat' dir='ltr'><strong>imperiti.</strong></span> <span class='ocrx_word' id='word_1_325' title='bbox 2005 2607 2078 2660; x_wconf 90' lang='lat' dir='ltr'><strong>De</strong></span> 
     </span>
    </p>
   </div>
   <div class='ocr_carea' id='block_1_41' title="bbox 497 2693 2078 2772">
    <p class='ocr_par' dir='ltr' id='par_1_41' title="bbox 497 2693 2078 2772">
     <span class='ocr_line' id='line_1_41' title="bbox 497 2693 2078 2772; baseline 0.004 -24"><span class='ocrx_word' id='word_1_326' title='bbox 497 2693 660 2748; x_wconf 87' lang='lat' dir='ltr'><strong>domo</strong></span> <span class='ocrx_word' id='word_1_327' title='bbox 708 2695 939 2750; x_wconf 62' lang='lat' dir='ltr'><strong>Abrahae</strong></span> <span class='ocrx_word' id='word_1_328' title='bbox 969 2697 1199 2767; x_wconf 85' lang='lat' dir='ltr'><strong>requirit</strong></span> <span class='ocrx_word' id='word_1_329' title='bbox 1255 2697 1494 2764; x_wconf 89' lang='lat' dir='ltr'><strong>monilia,</strong></span> <span class='ocrx_word' id='word_1_330' title='bbox 1550 2697 1675 2764; x_wconf 84' lang='lat' dir='ltr'><strong>quia</strong></span> <span class='ocrx_word' id='word_1_331' title='bbox 1715 2698 1974 2772; x_wconf 84' lang='lat' dir='ltr'><strong>patientia</strong></span> <span class='ocrx_word' id='word_1_332' title='bbox 2010 2699 2078 2754; x_wconf 90' lang='lat' dir='ltr'><strong>de</strong></span> 
     </span>
    </p>
   </div>
   <div class='ocr_carea' id='block_1_42' title="bbox 498 2783 2076 2858">
    <p class='ocr_par' dir='ltr' id='par_1_42' title="bbox 498 2783 2076 2858">
     <span class='ocr_line' id='line_1_42' title="bbox 498 2783 2076 2858; baseline 0.004 -21"><span class='ocrx_word' id='word_1_333' title='bbox 498 2783 658 2838; x_wconf 91' lang='lat' dir='ltr'><strong>domo</strong></span> <span class='ocrx_word' id='word_1_334' title='bbox 683 2786 945 2852; x_wconf 89' lang='lat' dir='ltr'><strong>sapientis</strong></span> <span class='ocrx_word' id='word_1_335' title='bbox 973 2799 1218 2842; x_wconf 90' lang='lat' dir='ltr'><strong>ornatur.</strong></span> <span class='ocrx_word' id='word_1_336' title='bbox 1272 2787 1385 2841; x_wconf 86' lang='lat' dir='ltr'><strong>Non</strong></span> <span class='ocrx_word' id='word_1_337' title='bbox 1429 2797 1720 2857; x_wconf 91' lang='lat' dir='ltr'><strong>potuerunt</strong></span> <span class='ocrx_word' id='word_1_338' title='bbox 1758 2804 1888 2858; x_wconf 91' lang='lat' dir='ltr'><strong>ergo</strong></span> <span class='ocrx_word' id='word_1_339' title='bbox 1915 2805 2076 2844; x_wconf 87' lang='lat' dir='ltr'><strong>aures</strong></span> 
     </span>
    </p>
   </div>
   <div class='ocr_carea' id='block_1_43' title="bbox 498 2874 2078 2949">
    <p class='ocr_par' dir='ltr' id='par_1_43' title="bbox 498 2874 2078 2949">
     <span class='ocr_line' id='line_1_43' title="bbox 498 2874 2078 2949; baseline 0.004 -21"><span class='ocrx_word' id='word_1_340' title='bbox 498 2874 758 2929; x_wconf 61' lang='lat' dir='ltr'><strong>Rebecca:</strong></span> <span class='ocrx_word' id='word_1_341' title='bbox 784 2876 1023 2946; x_wconf 87' lang='lat' dir='ltr'><strong>recipere</strong></span> <span class='ocrx_word' id='word_1_342' title='bbox 1051 2879 1302 2934; x_wconf 86' lang='lat' dir='ltr'><strong>decorem</strong></span> <span class='ocrx_word' id='word_1_343' title='bbox 1327 2894 1488 2934; x_wconf 91' lang='lat' dir='ltr'><strong>suum</strong></span> <span class='ocrx_word' id='word_1_344' title='bbox 1510 2919 1525 2943; x_wconf 89' lang='lat'><strong>,</strong></span> <span class='ocrx_word' id='word_1_345' title='bbox 1562 2879 1664 2934; x_wconf 86' lang='lat' dir='ltr'><strong>nisi</strong></span> <span class='ocrx_word' id='word_1_346' title='bbox 1703 2881 1914 2934; x_wconf 88' lang='lat' dir='ltr'><strong>veniret</strong></span> <span class='ocrx_word' id='word_1_347' title='bbox 1941 2897 2078 2949; x_wconf 91' lang='lat' dir='ltr'><strong>puer</strong></span> 
     </span>
    </p>
   </div>
   <div class='ocr_carea' id='block_1_44' title="bbox 495 2966 2082 3040">
    <p class='ocr_par' dir='ltr' id='par_1_44' title="bbox 495 2966 2082 3040">
     <span class='ocr_line' id='line_1_44' title="bbox 495 2966 2082 3040; baseline 0.004 -22"><span class='ocrx_word' id='word_1_348' title='bbox 495 2966 754 3031; x_wconf 69' lang='lat' dir='ltr'><strong>Abrahae,</strong></span> <span class='ocrx_word' id='word_1_349' title='bbox 791 2975 840 3021; x_wconf 91' lang='lat' dir='ltr'><strong>et</strong></span> <span class='ocrx_word' id='word_1_350' title='bbox 896 2968 1012 3036; x_wconf 89' lang='lat' dir='ltr'><strong>ipse</strong></span> <span class='ocrx_word' id='word_1_351' title='bbox 1050 2983 1144 3024; x_wconf 87' lang='lat' dir='ltr'><strong>eas</strong></span> <span class='ocrx_word' id='word_1_352' title='bbox 1181 2981 1428 3024; x_wconf 90' lang='lat' dir='ltr'><strong>ornaret.</strong></span> <span class='ocrx_word' id='word_1_353' title='bbox 1469 2968 1580 3024; x_wconf 79' lang='lat' dir='ltr'><strong>Nec</strong></span> <span class='ocrx_word' id='word_1_354' title='bbox 1613 2985 1804 3024; x_wconf 88' lang='lat' dir='ltr'><strong>manus</strong></span> <span class='ocrx_word' id='word_1_355' title='bbox 1848 2973 1965 3040; x_wconf 86' lang='lat' dir='ltr'><strong>ejus</strong></span> <span class='ocrx_word' id='word_1_356' title='bbox 1996 2987 2082 3026; x_wconf 79' lang='lat' dir='ltr'><strong>or-</strong></span> 
     </span>
    </p>
   </div>
   <div class='ocr_carea' id='block_1_45' title="bbox 497 3061 2077 3133">
    <p class='ocr_par' dir='ltr' id='par_1_45' title="bbox 497 3061 2077 3133">
     <span class='ocr_line' id='line_1_45' title="bbox 497 3061 2077 3133; baseline 0.003 -20"><span class='ocrx_word' id='word_1_357' title='bbox 497 3069 753 3115; x_wconf 89' lang='lat' dir='ltr'><strong>namenta</strong></span> <span class='ocrx_word' id='word_1_358' title='bbox 809 3061 1135 3132; x_wconf 89' lang='lat' dir='ltr'><strong>suscipiunt,</strong></span> <span class='ocrx_word' id='word_1_359' title='bbox 1194 3063 1294 3116; x_wconf 90' lang='lat' dir='ltr'><strong>nisi</strong></span> <span class='ocrx_word' id='word_1_360' title='bbox 1351 3079 1471 3133; x_wconf 77' lang='lat' dir='ltr'><strong>qua:</strong></span> <span class='ocrx_word' id='word_1_361' title='bbox 1500 3065 1711 3118; x_wconf 91' lang='lat' dir='ltr'><strong>miserit</strong></span> <span class='ocrx_word' id='word_1_362' title='bbox 1745 3065 1913 3120; x_wconf 88' lang='lat' dir='ltr'><strong>Isaae.</strong></span> <span class='ocrx_word' id='word_1_363' title='bbox 1957 3064 2077 3119; x_wconf 90' lang='lat' dir='ltr'><strong>Vult</strong></span> 
     </span>
    </p>
   </div>
   <div class='ocr_carea' id='block_1_46' title="bbox 2177 1958 3720 2028">
    <p class='ocr_par' dir='ltr' id='par_1_46' title="bbox 2177 1958 3720 2028">
     <span class='ocr_line' id='line_1_46' title="bbox 2177 1958 3720 2028; baseline -0.001 -15"><span class='ocrx_word' id='word_1_364' title='bbox 2177 1959 2294 2028; x_wconf 91' lang='lat' dir='ltr'><strong>eius</strong></span> <span class='ocrx_word' id='word_1_365' title='bbox 2324 1974 2445 2014; x_wconf 92' lang='lat' dir='ltr'><strong>eum</strong></span> <span class='ocrx_word' id='word_1_366' title='bbox 2488 1960 2615 2014; x_wconf 89' lang='lat' dir='ltr'><strong>Deo.</strong></span> <span class='ocrx_word' id='word_1_367' title='bbox 2652 1958 2841 2013; x_wconf 84' lang='lat' dir='ltr'><strong>Desilit</strong></span> <span class='ocrx_word' id='word_1_368' title='bbox 2873 1961 3036 2013; x_wconf 91' lang='lat' dir='ltr'><strong>etiam</strong></span> <span class='ocrx_word' id='word_1_369' title='bbox 3069 1959 3136 2013; x_wconf 91' lang='lat' dir='ltr'><strong>de</strong></span> <span class='ocrx_word' id='word_1_370' title='bbox 3165 1959 3386 2013; x_wconf 89' lang='lat' dir='ltr'><strong>camelis</strong></span> <span class='ocrx_word' id='word_1_371' title='bbox 3408 2000 3423 2023; x_wconf 93' lang='lat'><strong>,</strong></span> <span class='ocrx_word' id='word_1_372' title='bbox 3456 1959 3511 2012; x_wconf 92' lang='lat' dir='ltr'><strong>id</strong></span> <span class='ocrx_word' id='word_1_373' title='bbox 3539 1967 3617 2012; x_wconf 89' lang='lat' dir='ltr'><strong>est</strong></span> <span class='ocrx_word' id='word_1_374' title='bbox 3635 1959 3720 2014; x_wconf 86' lang='lat' dir='ltr'><strong>dis-</strong></span> 
     </span>
    </p>
   </div>
   <div class='ocr_carea' id='block_1_47' title="bbox 2177 2050 3724 2122">
    <p class='ocr_par' dir='ltr' id='par_1_47' title="bbox 2177 2050 3724 2122">
     <span class='ocr_line' id='line_1_47' title="bbox 2177 2050 3724 2122; baseline -0.001 -16"><span class='ocrx_word' id='word_1_375' title='bbox 2177 2052 2320 2106; x_wconf 92' lang='lat' dir='ltr'><strong>eedit</strong></span> <span class='ocrx_word' id='word_1_376' title='bbox 2370 2066 2398 2104; x_wconf 91' lang='lat' dir='ltr'><strong>a</strong></span> <span class='ocrx_word' id='word_1_377' title='bbox 2447 2050 2628 2115; x_wconf 89' lang='lat' dir='ltr'><strong>vitiis,</strong></span> <span class='ocrx_word' id='word_1_378' title='bbox 2661 2051 2846 2118; x_wconf 87' lang='lat' dir='ltr'><strong>abiicit</strong></span> <span class='ocrx_word' id='word_1_379' title='bbox 2874 2051 2985 2122; x_wconf 69' lang='grc' dir='ltr'><strong>(ῖῖ)</strong></span> <span class='ocrx_word' id='word_1_380' title='bbox 3017 2050 3417 2104; x_wconf 87' lang='lat' dir='ltr'><strong>irrationabiles</strong></span> <span class='ocrx_word' id='word_1_381' title='bbox 3455 2065 3656 2114; x_wconf 87' lang='lat' dir='ltr'><strong>sensus,</strong></span> <span class='ocrx_word' id='word_1_382' title='bbox 3681 2061 3724 2105; x_wconf 88' lang='lat' dir='ltr'><strong>et</strong></span> 
     </span>
    </p>
   </div>
   <div class='ocr_carea' id='block_1_48' title="bbox 2177 2140 3723 2211">
    <p class='ocr_par' dir='ltr' id='par_1_48' title="bbox 2177 2140 3723 2211">
     <span class='ocr_line' id='line_1_48' title="bbox 2177 2140 3723 2211; baseline -0.001 -15"><span class='ocrx_word' id='word_1_383' title='bbox 2177 2141 2524 2211; x_wconf 89' lang='lat' dir='ltr'><strong>coniungitur</strong></span> <span class='ocrx_word' id='word_1_384' title='bbox 2572 2141 2741 2195; x_wconf 89' lang='lat' dir='ltr'><strong>Isaac.</strong></span> <span class='ocrx_word' id='word_1_385' title='bbox 2800 2143 3024 2211; x_wconf 89' lang='lat' dir='ltr'><strong>Dignum</strong></span> <span class='ocrx_word' id='word_1_386' title='bbox 3074 2156 3306 2209; x_wconf 91' lang='lat' dir='ltr'><strong>namque</strong></span> <span class='ocrx_word' id='word_1_387' title='bbox 3351 2149 3434 2195; x_wconf 92' lang='lat' dir='ltr'><strong>est</strong></span> <span class='ocrx_word' id='word_1_388' title='bbox 3505 2150 3557 2193; x_wconf 91' lang='lat' dir='ltr'><strong>ut</strong></span> <span class='ocrx_word' id='word_1_389' title='bbox 3605 2140 3723 2194; x_wconf 82' lang='lat' dir='ltr'><strong>Isaac</strong></span> 
     </span>
    </p>
   </div>
   <div class='ocr_carea' id='block_1_49' title="bbox 2177 2233 3726 2299">
    <p class='ocr_par' dir='ltr' id='par_1_49' title="bbox 2177 2233 3726 2299">
     <span class='ocr_line' id='line_1_49' title="bbox 2177 2233 3726 2299; baseline 0.001 -12"><span class='ocrx_word' id='word_1_390' title='bbox 2177 2243 2417 2288; x_wconf 90' lang='lat' dir='ltr'><strong>transeat</strong></span> <span class='ocrx_word' id='word_1_391' title='bbox 2469 2236 2536 2290; x_wconf 92' lang='lat' dir='ltr'><strong>de</strong></span> <span class='ocrx_word' id='word_1_392' title='bbox 2569 2235 2768 2289; x_wconf 90' lang='lat' dir='ltr'><strong>virtute</strong></span> <span class='ocrx_word' id='word_1_393' title='bbox 2807 2233 2873 2288; x_wconf 90' lang='lat' dir='ltr'><strong>ad</strong></span> <span class='ocrx_word' id='word_1_394' title='bbox 2910 2233 3188 2288; x_wconf 90' lang='lat' dir='ltr'><strong>virtutem.</strong></span> <span class='ocrx_word' id='word_1_395' title='bbox 3224 2233 3326 2299; x_wconf 86' lang='lat' dir='ltr'><strong>Qui</strong></span> <span class='ocrx_word' id='word_1_396' title='bbox 3359 2234 3580 2288; x_wconf 89' lang='lat' dir='ltr'><strong>virtutis</strong></span> <span class='ocrx_word' id='word_1_397' title='bbox 3612 2236 3726 2288; x_wconf 78' lang='lat' dir='ltr'><strong>ﬁlius</strong></span> 
     </span>
    </p>
   </div>
   <div class='ocr_carea' id='block_1_50' title="bbox 2179 2324 3724 2395">
    <p class='ocr_par' dir='ltr' id='par_1_50' title="bbox 2179 2324 3724 2395">
     <span class='ocr_line' id='line_1_50' title="bbox 2179 2324 3724 2395; baseline -0.002 -15"><span class='ocrx_word' id='word_1_398' title='bbox 2179 2340 2261 2380; x_wconf 73' lang='grc' dir='ltr'><strong>εει</strong></span> <span class='ocrx_word' id='word_1_399' title='bbox 2296 2324 2482 2390; x_wconf 68' lang='lat' dir='ltr'><strong>Sarm,</strong></span> <span class='ocrx_word' id='word_1_400' title='bbox 2518 2341 2663 2380; x_wconf 91' lang='lat' dir='ltr'><strong>nunc</strong></span> <span class='ocrx_word' id='word_1_401' title='bbox 2701 2325 3049 2394; x_wconf 87' lang='lat' dir='ltr'><strong>coniungitur</strong></span> <span class='ocrx_word' id='word_1_402' title='bbox 3077 2335 3130 2379; x_wconf 88' lang='lat' dir='ltr'><strong>et</strong></span> <span class='ocrx_word' id='word_1_403' title='bbox 3161 2326 3405 2380; x_wconf 90' lang='lat' dir='ltr'><strong>sociatur</strong></span> <span class='ocrx_word' id='word_1_404' title='bbox 3441 2325 3724 2395; x_wconf 62' lang='lat' dir='ltr'><strong>patientiae,</strong></span> 
     </span>
    </p>
   </div>
   <div class='ocr_carea' id='block_1_51' title="bbox 2178 2419 3725 2490">
    <p class='ocr_par' dir='ltr' id='par_1_51' title="bbox 2178 2419 3725 2490">
     <span class='ocr_line' id='line_1_51' title="bbox 2178 2419 3725 2490; baseline -0.001 -16"><span class='ocrx_word' id='word_1_405' title='bbox 2178 2436 2297 2490; x_wconf 64' lang='lat' dir='ltr'><strong>quae</strong></span> <span class='ocrx_word' id='word_1_406' title='bbox 2324 2431 2407 2475; x_wconf 91' lang='lat' dir='ltr'><strong>est</strong></span> <span class='ocrx_word' id='word_1_407' title='bbox 2440 2421 2704 2475; x_wconf 78' lang='lat' dir='ltr'><strong>Rebecca.</strong></span> <span class='ocrx_word' id='word_1_408' title='bbox 2751 2420 2815 2474; x_wconf 78' lang='lat' dir='ltr'><strong>Et</strong></span> <span class='ocrx_word' id='word_1_409' title='bbox 2849 2420 2950 2474; x_wconf 93' lang='lat' dir='ltr'><strong>hoc</strong></span> <span class='ocrx_word' id='word_1_410' title='bbox 2983 2430 3066 2474; x_wconf 89' lang='lat' dir='ltr'><strong>est</strong></span> <span class='ocrx_word' id='word_1_411' title='bbox 3100 2420 3333 2474; x_wconf 91' lang='lat' dir='ltr'><strong>transire</strong></span> <span class='ocrx_word' id='word_1_412' title='bbox 3363 2421 3430 2474; x_wconf 90' lang='lat' dir='ltr'><strong>de</strong></span> <span class='ocrx_word' id='word_1_413' title='bbox 3462 2419 3650 2473; x_wconf 87' lang='lat' dir='ltr'><strong>virtute</strong></span> <span class='ocrx_word' id='word_1_414' title='bbox 3674 2423 3725 2472; x_wconf 83' lang='lat' dir='ltr'><strong>ad</strong></span> 
     </span>
    </p>
   </div>
   <div class='ocr_carea' id='block_1_52' title="bbox 2180 2511 3724 2580">
    <p class='ocr_par' dir='ltr' id='par_1_52' title="bbox 2180 2511 3724 2580">
     <span class='ocr_line' id='line_1_52' title="bbox 2180 2511 3724 2580; baseline -0.001 -17"><span class='ocrx_word' id='word_1_415' title='bbox 2180 2512 2460 2576; x_wconf 90' lang='lat' dir='ltr'><strong>virtutem,</strong></span> <span class='ocrx_word' id='word_1_416' title='bbox 2489 2523 2544 2566; x_wconf 92' lang='lat' dir='ltr'><strong>et</strong></span> <span class='ocrx_word' id='word_1_417' title='bbox 2572 2527 2636 2566; x_wconf 77' lang='lat' dir='ltr'><strong>ex</strong></span> <span class='ocrx_word' id='word_1_418' title='bbox 2670 2511 2772 2564; x_wconf 89' lang='lat' dir='ltr'><strong>ﬁde</strong></span> <span class='ocrx_word' id='word_1_419' title='bbox 2807 2513 2873 2567; x_wconf 93' lang='lat' dir='ltr'><strong>ad</strong></span> <span class='ocrx_word' id='word_1_420' title='bbox 2910 2513 3094 2567; x_wconf 90' lang='lat' dir='ltr'><strong>ﬁdem.</strong></span> <span class='ocrx_word' id='word_1_421' title='bbox 3135 2511 3240 2565; x_wconf 90' lang='lat' dir='ltr'><strong>Sed</strong></span> <span class='ocrx_word' id='word_1_422' title='bbox 3270 2520 3325 2564; x_wconf 91' lang='lat' dir='ltr'><strong>et</strong></span> <span class='ocrx_word' id='word_1_423' title='bbox 3355 2511 3422 2565; x_wconf 92' lang='lat' dir='ltr'><strong>ad</strong></span> <span class='ocrx_word' id='word_1_424' title='bbox 3467 2511 3724 2580; x_wconf 77' lang='lat' dir='ltr'><strong>Evangelia</strong></span> 
     </span>
    </p>
   </div>
   <div class='ocr_carea' id='block_1_53' title="bbox 2180 2603 3727 2674">
    <p class='ocr_par' dir='ltr' id='par_1_53' title="bbox 2180 2603 3727 2674">
     <span class='ocr_line' id='line_1_53' title="bbox 2180 2603 3727 2674; baseline 0 -18"><span class='ocrx_word' id='word_1_425' title='bbox 2180 2606 2461 2659; x_wconf 85' lang='lat' dir='ltr'><strong>veniamus</strong></span> <span class='ocrx_word' id='word_1_426' title='bbox 2489 2604 2556 2659; x_wconf 90' lang='grc'>⁸⁸.</span> <span class='ocrx_word' id='word_1_427' title='bbox 2583 2606 2702 2674; x_wconf 87' lang='lat' dir='ltr'><strong>Ipse</strong></span> <span class='ocrx_word' id='word_1_428' title='bbox 2741 2605 3002 2660; x_wconf 91' lang='lat' dir='ltr'><strong>Dominus</strong></span> <span class='ocrx_word' id='word_1_429' title='bbox 3029 2620 3153 2659; x_wconf 90' lang='lat' dir='ltr'><strong>cum</strong></span> <span class='ocrx_word' id='word_1_430' title='bbox 3181 2620 3248 2658; x_wconf 80' lang='lat' dir='ltr'><strong>ex</strong></span> <span class='ocrx_word' id='word_1_431' title='bbox 3278 2605 3474 2658; x_wconf 90' lang='lat' dir='ltr'><strong>itinere</strong></span> <span class='ocrx_word' id='word_1_432' title='bbox 3505 2603 3727 2674; x_wconf 80' lang='lat' dir='ltr'><strong>fatigatus</strong></span> 
     </span>
    </p>
   </div>
   <div class='ocr_carea' id='block_1_54' title="bbox 2180 2695 3727 2768">
    <p class='ocr_par' dir='ltr' id='par_1_54' title="bbox 2180 2695 3727 2768">
     <span class='ocr_line' id='line_1_54' title="bbox 2180 2695 3727 2768; baseline 0 -18"><span class='ocrx_word' id='word_1_433' title='bbox 2180 2697 2390 2761; x_wconf 81' lang='lat' dir='ltr'><strong>luisset,</strong></span> <span class='ocrx_word' id='word_1_434' title='bbox 2415 2698 2694 2753; x_wconf 91' lang='lat' dir='ltr'><strong>videamus</strong></span> <span class='ocrx_word' id='word_1_435' title='bbox 2724 2699 2810 2751; x_wconf 89' lang='lat' dir='ltr'><strong>ubi</strong></span> <span class='ocrx_word' id='word_1_436' title='bbox 2843 2699 3079 2767; x_wconf 90' lang='lat' dir='ltr'><strong>requiem</strong></span> <span class='ocrx_word' id='word_1_437' title='bbox 3103 2698 3320 2768; x_wconf 58' lang='lat' dir='ltr'><strong>quaerit.</strong></span> <span class='ocrx_word' id='word_1_438' title='bbox 3354 2695 3539 2759; x_wconf 85' lang='lat' dir='ltr'><strong>Venit,</strong></span> <span class='ocrx_word' id='word_1_439' title='bbox 3563 2697 3727 2765; x_wconf 90' lang='lat' dir='ltr'><strong>inquit,</strong></span> 
     </span>
    </p>
   </div>
   <div class='ocr_carea' id='block_1_55' title="bbox 2179 2787 3728 2859">
    <p class='ocr_par' dir='ltr' id='par_1_55' title="bbox 2179 2787 3728 2859">
     <span class='ocr_line' id='line_1_55' title="bbox 2179 2787 3728 2859; baseline -0.001 -15"><span class='ocrx_word' id='word_1_440' title='bbox 2179 2790 2246 2844; x_wconf 87' lang='lat' dir='ltr'><strong>ad</strong></span> <span class='ocrx_word' id='word_1_441' title='bbox 2281 2799 2526 2858; x_wconf 89' lang='lat' dir='ltr'><strong>puteum,</strong></span> <span class='ocrx_word' id='word_1_442' title='bbox 2559 2800 2611 2844; x_wconf 92' lang='lat' dir='ltr'><strong>et</strong></span> <span class='ocrx_word' id='word_1_443' title='bbox 2634 2791 2859 2845; x_wconf 89' lang='lat' dir='ltr'><strong>sedebat</strong></span> <span class='ocrx_word' id='word_1_444' title='bbox 2888 2805 3050 2859; x_wconf 90' lang='lat' dir='ltr'><strong>super</strong></span> <span class='ocrx_word' id='word_1_445' title='bbox 3071 2805 3215 2844; x_wconf 92' lang='lat' dir='ltr'><strong>eum.</strong></span> <span class='ocrx_word' id='word_1_446' title='bbox 3244 2787 3406 2843; x_wconf 90' lang='lat' dir='ltr'><strong>Vides</strong></span> <span class='ocrx_word' id='word_1_447' title='bbox 3435 2788 3629 2857; x_wconf 91' lang='lat' dir='ltr'><strong>ubique</strong></span> <span class='ocrx_word' id='word_1_448' title='bbox 3648 2789 3728 2843; x_wconf 88' lang='lat' dir='ltr'><strong>sibi</strong></span> 
     </span>
    </p>
   </div>
   <div class='ocr_carea' id='block_1_56' title="bbox 2180 2877 3728 2951">
    <p class='ocr_par' dir='ltr' id='par_1_56' title="bbox 2180 2877 3728 2951">
     <span class='ocr_line' id='line_1_56' title="bbox 2180 2877 3728 2951; baseline -0.005 -14"><span class='ocrx_word' id='word_1_449' title='bbox 2180 2882 2517 2937; x_wconf 89' lang='lat' dir='ltr'><strong>concordare</strong></span> <span class='ocrx_word' id='word_1_450' title='bbox 2541 2883 2824 2951; x_wconf 87' lang='lat' dir='ltr'><strong>mysteria,</strong></span> <span class='ocrx_word' id='word_1_451' title='bbox 2854 2881 3005 2935; x_wconf 91' lang='lat' dir='ltr'><strong>vides</strong></span> <span class='ocrx_word' id='word_1_452' title='bbox 3037 2879 3170 2934; x_wconf 87' lang='lat' dir='ltr'><strong>Novi</strong></span> <span class='ocrx_word' id='word_1_453' title='bbox 3227 2890 3282 2935; x_wconf 89' lang='lat' dir='ltr'><strong>et</strong></span> <span class='ocrx_word' id='word_1_454' title='bbox 3323 2879 3537 2934; x_wconf 91' lang='lat' dir='ltr'><strong>Veteris</strong></span> <span class='ocrx_word' id='word_1_455' title='bbox 3569 2877 3728 2932; x_wconf 84' lang='lat' dir='ltr'><strong>Testa-</strong></span> 
     </span>
    </p>
   </div>
   <div class='ocr_carea' id='block_1_57' title="bbox 2181 2970 3730 3041">
    <p class='ocr_par' dir='ltr' id='par_1_57' title="bbox 2181 2970 3730 3041">
     <span class='ocr_line' id='line_1_57' title="bbox 2181 2970 3730 3041; baseline -0.005 -12"><span class='ocrx_word' id='word_1_456' title='bbox 2181 2975 2351 3030; x_wconf 91' lang='lat' dir='ltr'><strong>menti</strong></span> <span class='ocrx_word' id='word_1_457' title='bbox 2383 2989 2656 3029; x_wconf 86' lang='lat' dir='ltr'><strong>consonas</strong></span> <span class='ocrx_word' id='word_1_458' title='bbox 2692 2973 2917 3026; x_wconf 77' lang='lat' dir='ltr'><strong>fortnas.</strong></span> <span class='ocrx_word' id='word_1_459' title='bbox 2971 2973 3044 3026; x_wconf 93' lang='lat' dir='ltr'><strong>lbi</strong></span> <span class='ocrx_word' id='word_1_460' title='bbox 3071 2973 3136 3024; x_wconf 90' lang='lat' dir='ltr'><strong>ad</strong></span> <span class='ocrx_word' id='word_1_461' title='bbox 3169 2980 3364 3041; x_wconf 90' lang='lat' dir='ltr'><strong>puteos</strong></span> <span class='ocrx_word' id='word_1_462' title='bbox 3404 2981 3461 3024; x_wconf 83' lang='lat' dir='ltr'><strong>et</strong></span> <span class='ocrx_word' id='word_1_463' title='bbox 3491 2970 3556 3023; x_wconf 89' lang='lat' dir='ltr'><strong>ad</strong></span> <span class='ocrx_word' id='word_1_464' title='bbox 3592 2984 3730 3038; x_wconf 84' lang='lat' dir='ltr'><strong>aquas</strong></span> 
     </span>
    </p>
   </div>
   <div class='ocr_carea' id='block_1_58' title="bbox 2179 3060 3729 3133">
    <p class='ocr_par' dir='ltr' id='par_1_58' title="bbox 2179 3060 3729 3133">
     <span class='ocr_line' id='line_1_58' title="bbox 2179 3060 3729 3133; baseline -0.005 -14"><span class='ocrx_word' id='word_1_465' title='bbox 2179 3067 2434 3131; x_wconf 86' lang='lat' dir='ltr'><strong>venitur,</strong></span> <span class='ocrx_word' id='word_1_466' title='bbox 2486 3077 2544 3120; x_wconf 92' lang='lat' dir='ltr'><strong>ut</strong></span> <span class='ocrx_word' id='word_1_467' title='bbox 2596 3066 2944 3120; x_wconf 78' lang='lat' dir='ltr'><strong>inveniantur</strong></span> <span class='ocrx_word' id='word_1_468' title='bbox 2996 3079 3208 3133; x_wconf 64' lang='lat' dir='ltr'><strong>sponsa:</strong></span> <span class='ocrx_word' id='word_1_469' title='bbox 3249 3063 3383 3133; x_wconf 79' lang='grc'><strong>(75),</strong></span> <span class='ocrx_word' id='word_1_470' title='bbox 3417 3071 3475 3116; x_wconf 90' lang='lat' dir='ltr'><strong>et</strong></span> <span class='ocrx_word' id='word_1_471' title='bbox 3525 3060 3729 3114; x_wconf 80' lang='lat' dir='ltr'><strong>Ecclesia</strong></span> 
     </span>
    </p>
   </div>
   <div class='ocr_carea' id='block_1_59' title="bbox 497 3152 3731 3236">
    <p class='ocr_par' dir='ltr' id='par_1_59' title="bbox 497 3152 3731 3236">
     <span class='ocr_line' id='line_1_59' title="bbox 497 3152 3731 3236; baseline 0.001 -30"><span class='ocrx_word' id='word_1_472' title='bbox 497 3152 642 3206; x_wconf 92' lang='lat' dir='ltr'><strong>enim</strong></span> <span class='ocrx_word' id='word_1_473' title='bbox 674 3169 837 3208; x_wconf 88' lang='lat' dir='ltr'><strong>aurea</strong></span> <span class='ocrx_word' id='word_1_474' title='bbox 869 3155 980 3224; x_wconf 87' lang='lat'><strong>(70)</strong></span> <span class='ocrx_word' id='word_1_475' title='bbox 1020 3157 1069 3208; x_wconf 93' lang='lat' dir='ltr'><strong>in</strong></span> <span class='ocrx_word' id='word_1_476' title='bbox 1106 3157 1329 3210; x_wconf 89' lang='lat' dir='ltr'><strong>auribus</strong></span> <span class='ocrx_word' id='word_1_477' title='bbox 1359 3155 1640 3224; x_wconf 79' lang='lat' dir='ltr'><strong>suscipere</strong></span> <span class='ocrx_word' id='word_1_478' title='bbox 1670 3157 1856 3222; x_wconf 85' lang='lat' dir='ltr'><strong>verba,</strong></span> <span class='ocrx_word' id='word_1_479' title='bbox 1891 3169 1943 3212; x_wconf 91' lang='lat' dir='ltr'><strong>et</strong></span> <span class='ocrx_word' id='word_1_480' title='bbox 1977 3174 2076 3212; x_wconf 90' lang='lat' dir='ltr'><strong>an-</strong></span> <span class='ocrx_word' id='word_1_481' title='bbox 2104 3179 2147 3236; x_wconf 69' lang='grc' dir='ltr'>ο</span> <span class='ocrx_word' id='word_1_482' title='bbox 2181 3159 2399 3214; x_wconf 85' lang='lat' dir='ltr'><strong>Christo</strong></span> <span class='ocrx_word' id='word_1_483' title='bbox 2432 3161 2484 3213; x_wconf 90' lang='lat' dir='ltr'><strong>in</strong></span> <span class='ocrx_word' id='word_1_484' title='bbox 2519 3159 2743 3213; x_wconf 89' lang='lat' dir='ltr'><strong>lavacro</strong></span> <span class='ocrx_word' id='word_1_485' title='bbox 2779 3173 2934 3226; x_wconf 72' lang='lat' dir='ltr'><strong>aquae</strong></span> <span class='ocrx_word' id='word_1_486' title='bbox 2970 3156 3336 3225; x_wconf 88' lang='lat' dir='ltr'><strong>coniungitur.</strong></span> <span class='ocrx_word' id='word_1_487' title='bbox 3385 3152 3552 3208; x_wconf 85' lang='lat' dir='ltr'><strong>Vides</strong></span> <span class='ocrx_word' id='word_1_488' title='bbox 3590 3167 3731 3222; x_wconf 81' lang='lat' dir='ltr'><strong>quan-</strong></span> 
     </span>
    </p>
   </div>
   <div class='ocr_carea' id='block_1_60' title="bbox 499 3248 2074 3320">
    <p class='ocr_par' dir='ltr' id='par_1_60' title="bbox 499 3248 2074 3320">
     <span class='ocr_line' id='line_1_60' title="bbox 499 3248 2074 3320; baseline 0.003 -20"><span class='ocrx_word' id='word_1_489' title='bbox 499 3261 625 3301; x_wconf 86' lang='lat' dir='ltr'><strong>reos</strong></span> <span class='ocrx_word' id='word_1_490' title='bbox 647 3257 804 3301; x_wconf 89' lang='lat' dir='ltr'><strong>actus</strong></span> <span class='ocrx_word' id='word_1_491' title='bbox 833 3249 884 3300; x_wconf 92' lang='lat' dir='ltr'><strong>in</strong></span> <span class='ocrx_word' id='word_1_492' title='bbox 919 3248 1168 3304; x_wconf 88' lang='lat' dir='ltr'><strong>manibus</strong></span> <span class='ocrx_word' id='word_1_493' title='bbox 1207 3249 1428 3302; x_wconf 87' lang='lat' dir='ltr'><strong>habere.</strong></span> <span class='ocrx_word' id='word_1_494' title='bbox 1463 3248 1570 3303; x_wconf 88' lang='lat' dir='ltr'><strong>Sed</strong></span> <span class='ocrx_word' id='word_1_495' title='bbox 1600 3249 1715 3304; x_wconf 83' lang='lat' dir='ltr'><strong>haec</strong></span> <span class='ocrx_word' id='word_1_496' title='bbox 1747 3251 1898 3320; x_wconf 91' lang='lat' dir='ltr'><strong>prius</strong></span> <span class='ocrx_word' id='word_1_497' title='bbox 1928 3250 2074 3304; x_wconf 86' lang='lat' dir='ltr'><strong>acci-</strong></span> 
     </span>
    </p>
   </div>
   <div class='ocr_carea' id='block_1_61' title="bbox 497 3339 2079 3412">
    <p class='ocr_par' dir='ltr' id='par_1_61' title="bbox 497 3339 2079 3412">
     <span class='ocr_line' id='line_1_61' title="bbox 497 3339 2079 3412; baseline 0.002 -19"><span class='ocrx_word' id='word_1_498' title='bbox 497 3353 630 3408; x_wconf 85' lang='lat' dir='ltr'><strong>pere</strong></span> <span class='ocrx_word' id='word_1_499' title='bbox 665 3355 768 3394; x_wconf 90' lang='lat' dir='ltr'><strong>non</strong></span> <span class='ocrx_word' id='word_1_500' title='bbox 815 3339 1010 3409; x_wconf 87' lang='lat' dir='ltr'><strong>potuit,</strong></span> <span class='ocrx_word' id='word_1_501' title='bbox 1048 3354 1146 3394; x_wconf 93' lang='lat' dir='ltr'><strong>nec</strong></span> <span class='ocrx_word' id='word_1_502' title='bbox 1201 3340 1423 3404; x_wconf 87' lang='lat' dir='ltr'><strong>mereri,</strong></span> <span class='ocrx_word' id='word_1_503' title='bbox 1474 3340 1576 3394; x_wconf 87' lang='lat' dir='ltr'><strong>nisi</strong></span> <span class='ocrx_word' id='word_1_504' title='bbox 1613 3341 1850 3396; x_wconf 88' lang='lat' dir='ltr'><strong>venisset</strong></span> <span class='ocrx_word' id='word_1_505' title='bbox 1883 3342 1948 3395; x_wconf 87' lang='lat' dir='ltr'><strong>ad</strong></span> <span class='ocrx_word' id='word_1_506' title='bbox 1981 3359 2079 3412; x_wconf 90' lang='lat' dir='ltr'><strong>pu-</strong></span> 
     </span>
    </p>
   </div>
   <div class='ocr_carea' id='block_1_62' title="bbox 500 3431 2074 3504">
    <p class='ocr_par' dir='ltr' id='par_1_62' title="bbox 500 3431 2074 3504">
     <span class='ocr_line' id='line_1_62' title="bbox 500 3431 2074 3504; baseline 0.003 -20"><span class='ocrx_word' id='word_1_507' title='bbox 500 3440 616 3485; x_wconf 91' lang='lat' dir='ltr'><strong>teos</strong></span> <span class='ocrx_word' id='word_1_508' title='bbox 636 3432 850 3486; x_wconf 89' lang='lat' dir='ltr'><strong>haurire</strong></span> <span class='ocrx_word' id='word_1_509' title='bbox 878 3447 1066 3502; x_wconf 88' lang='lat' dir='ltr'><strong>aquas.</strong></span> <span class='ocrx_word' id='word_1_510' title='bbox 1099 3431 1175 3486; x_wconf 89' lang='lat' dir='ltr'><strong>Tu</strong></span> <span class='ocrx_word' id='word_1_511' title='bbox 1199 3433 1290 3502; x_wconf 92' lang='lat' dir='ltr'><strong>qui</strong></span> <span class='ocrx_word' id='word_1_512' title='bbox 1320 3449 1426 3487; x_wconf 91' lang='lat' dir='ltr'><strong>non</strong></span> <span class='ocrx_word' id='word_1_513' title='bbox 1458 3433 1539 3487; x_wconf 88' lang='lat' dir='ltr'><strong>vis</strong></span> <span class='ocrx_word' id='word_1_514' title='bbox 1570 3434 1755 3488; x_wconf 89' lang='lat' dir='ltr'><strong>venire</strong></span> <span class='ocrx_word' id='word_1_515' title='bbox 1785 3437 1851 3487; x_wconf 88' lang='lat' dir='ltr'><strong>ad</strong></span> <span class='ocrx_word' id='word_1_516' title='bbox 1886 3451 2074 3504; x_wconf 83' lang='lat' dir='ltr'><strong>aquas,</strong></span> 
     </span>
    </p>
   </div>
   <div class='ocr_carea' id='block_1_63' title="bbox 497 3522 2076 3594">
    <p class='ocr_par' dir='ltr' id='par_1_63' title="bbox 497 3522 2076 3594">
     <span class='ocr_line' id='line_1_63' title="bbox 497 3522 2076 3594; baseline 0.004 -20"><span class='ocrx_word' id='word_1_517' title='bbox 497 3523 589 3592; x_wconf 89' lang='lat' dir='ltr'><strong>qui</strong></span> <span class='ocrx_word' id='word_1_518' title='bbox 626 3539 730 3577; x_wconf 92' lang='lat' dir='ltr'><strong>non</strong></span> <span class='ocrx_word' id='word_1_519' title='bbox 763 3523 843 3576; x_wconf 92' lang='lat' dir='ltr'><strong>vis</strong></span> <span class='ocrx_word' id='word_1_520' title='bbox 869 3522 922 3576; x_wconf 91' lang='lat' dir='ltr'><strong>in</strong></span> <span class='ocrx_word' id='word_1_521' title='bbox 953 3525 1178 3579; x_wconf 89' lang='lat' dir='ltr'><strong>auribus</strong></span> <span class='ocrx_word' id='word_1_522' title='bbox 1207 3524 1310 3578; x_wconf 83' lang='lat' dir='ltr'><strong>tuis</strong></span> <span class='ocrx_word' id='word_1_523' title='bbox 1333 3539 1495 3578; x_wconf 88' lang='lat' dir='ltr'><strong>aurea</strong></span> <span class='ocrx_word' id='word_1_524' title='bbox 1535 3525 1925 3594; x_wconf 91' lang='lat' dir='ltr'><strong>prophetarum</strong></span> <span class='ocrx_word' id='word_1_525' title='bbox 1955 3542 2076 3581; x_wconf 88' lang='lat' dir='ltr'><strong>ver-</strong></span> 
     </span>
    </p>
   </div>
   <div class='ocr_carea' id='block_1_64' title="bbox 497 3615 2077 3685">
    <p class='ocr_par' dir='ltr' id='par_1_64' title="bbox 497 3615 2077 3685">
     <span class='ocr_line' id='line_1_64' title="bbox 497 3615 2077 3685; baseline 0.001 -15"><span class='ocrx_word' id='word_1_526' title='bbox 497 3615 564 3670; x_wconf 87' lang='lat' dir='ltr'><strong>ba</strong></span> <span class='ocrx_word' id='word_1_527' title='bbox 589 3615 890 3684; x_wconf 83' lang='lat' dir='ltr'><strong>suscipere,</strong></span> <span class='ocrx_word' id='word_1_528' title='bbox 937 3615 1208 3685; x_wconf 89' lang='lat' dir='ltr'><strong>quomodo</strong></span> <span class='ocrx_word' id='word_1_529' title='bbox 1239 3617 1444 3684; x_wconf 88' lang='lat' dir='ltr'><strong>poteris</strong></span> <span class='ocrx_word' id='word_1_530' title='bbox 1492 3627 1722 3671; x_wconf 78' lang='lat' dir='ltr'><strong>ornatus</strong></span> <span class='ocrx_word' id='word_1_531' title='bbox 1749 3632 1868 3671; x_wconf 87' lang='lat' dir='ltr'><strong>esse</strong></span> <span class='ocrx_word' id='word_1_532' title='bbox 1893 3619 1946 3670; x_wconf 93' lang='lat' dir='ltr'><strong>in</strong></span> <span class='ocrx_word' id='word_1_533' title='bbox 1979 3618 2077 3675; x_wconf 89' lang='lat' dir='ltr'><strong>do-</strong></span> 
     </span>
    </p>
   </div>
   <div class='ocr_carea' id='block_1_65' title="bbox 496 3708 1936 3774">
    <p class='ocr_par' dir='ltr' id='par_1_65' title="bbox 496 3708 1936 3774">
     <span class='ocr_line' id='line_1_65' title="bbox 496 3708 1936 3774; baseline 0 -12"><span class='ocrx_word' id='word_1_534' title='bbox 496 3708 694 3774; x_wconf 91' lang='lat' dir='ltr'><strong>ctrina,</strong></span> <span class='ocrx_word' id='word_1_535' title='bbox 722 3719 944 3762; x_wconf 84' lang='lat' dir='ltr'><strong>ornatus</strong></span> <span class='ocrx_word' id='word_1_536' title='bbox 975 3709 1028 3762; x_wconf 90' lang='lat' dir='ltr'><strong>in</strong></span> <span class='ocrx_word' id='word_1_537' title='bbox 1053 3709 1288 3772; x_wconf 84' lang='lat' dir='ltr'><strong>actibus,</strong></span> <span class='ocrx_word' id='word_1_538' title='bbox 1319 3719 1548 3762; x_wconf 85' lang='lat' dir='ltr'><strong>ornatus</strong></span> <span class='ocrx_word' id='word_1_539' title='bbox 1573 3709 1626 3763; x_wconf 91' lang='lat' dir='ltr'><strong>in</strong></span> <span class='ocrx_word' id='word_1_540' title='bbox 1657 3710 1936 3764; x_wconf 88' lang='lat' dir='ltr'><strong>moribus?</strong></span> 
     </span>
    </p>
   </div>
   <div class='ocr_carea' id='block_1_66' title="bbox 565 3799 2078 3870">
    <p class='ocr_par' dir='ltr' id='par_1_66' title="bbox 565 3799 2078 3870">
     <span class='ocr_line' id='line_1_66' title="bbox 565 3799 2078 3870; baseline 0 -16"><span class='ocrx_word' id='word_1_541' title='bbox 565 3799 621 3854; x_wconf 91' lang='lat'><strong>5.</strong></span> <span class='ocrx_word' id='word_1_542' title='bbox 648 3799 773 3861; x_wconf 87' lang='lat' dir='ltr'><strong>Sed,</strong></span> <span class='ocrx_word' id='word_1_543' title='bbox 810 3810 866 3853; x_wconf 91' lang='lat' dir='ltr'><strong>ut</strong></span> <span class='ocrx_word' id='word_1_544' title='bbox 897 3801 1216 3854; x_wconf 88' lang='lat' dir='ltr'><strong>omittamus</strong></span> <span class='ocrx_word' id='word_1_545' title='bbox 1259 3800 1511 3870; x_wconf 88' lang='lat' dir='ltr'><strong>plurima,</strong></span> <span class='ocrx_word' id='word_1_546' title='bbox 1546 3815 1717 3869; x_wconf 92' lang='lat' dir='ltr'><strong>neque</strong></span> <span class='ocrx_word' id='word_1_547' title='bbox 1756 3802 1898 3855; x_wconf 89' lang='lat' dir='ltr'><strong>enim</strong></span> <span class='ocrx_word' id='word_1_548' title='bbox 1931 3817 2078 3855; x_wconf 89' lang='lat' dir='ltr'><strong>com-</strong></span> 
     </span>
    </p>
   </div>
   <div class='ocr_carea' id='block_1_67' title="bbox 495 3892 2079 3960">
    <p class='ocr_par' dir='ltr' id='par_1_67' title="bbox 495 3892 2079 3960">
     <span class='ocr_line' id='line_1_67' title="bbox 495 3892 2079 3960; baseline 0.001 -15"><span class='ocrx_word' id='word_1_549' title='bbox 495 3892 773 3945; x_wconf 89' lang='lat' dir='ltr'><strong>mentandi</strong></span> <span class='ocrx_word' id='word_1_550' title='bbox 804 3906 944 3944; x_wconf 92' lang='lat' dir='ltr'><strong>nunc</strong></span> <span class='ocrx_word' id='word_1_551' title='bbox 992 3901 1204 3960; x_wconf 90' lang='lat' dir='ltr'><strong>tempus</strong></span> <span class='ocrx_word' id='word_1_552' title='bbox 1259 3901 1362 3956; x_wconf 86' lang='lat' dir='ltr'><strong>est,</strong></span> <span class='ocrx_word' id='word_1_553' title='bbox 1397 3893 1489 3947; x_wconf 92' lang='lat' dir='ltr'><strong>sed</strong></span> <span class='ocrx_word' id='word_1_554' title='bbox 1537 3892 1837 3947; x_wconf 63' lang='lat' dir='ltr'><strong>aediﬁcandi</strong></span> <span class='ocrx_word' id='word_1_555' title='bbox 1888 3892 2079 3948; x_wconf 86' lang='lat' dir='ltr'><strong>Eccle-</strong></span> 
     </span>
    </p>
   </div>
   <div class='ocr_carea' id='block_1_68' title="bbox 497 3978 2078 4050">
    <p class='ocr_par' dir='ltr' id='par_1_68' title="bbox 497 3978 2078 4050">
     <span class='ocr_line' id='line_1_68' title="bbox 497 3978 2078 4050; baseline 0.003 -16"><span class='ocrx_word' id='word_1_556' title='bbox 497 3980 635 4034; x_wconf 85' lang='lat' dir='ltr'><strong>siam</strong></span> <span class='ocrx_word' id='word_1_557' title='bbox 664 3978 782 4044; x_wconf 90' lang='lat' dir='ltr'><strong>Dei,</strong></span> <span class='ocrx_word' id='word_1_558' title='bbox 830 3989 886 4035; x_wconf 93' lang='lat' dir='ltr'><strong>et</strong></span> <span class='ocrx_word' id='word_1_559' title='bbox 917 3982 1181 4050; x_wconf 89' lang='lat' dir='ltr'><strong>pigriores</strong></span> <span class='ocrx_word' id='word_1_560' title='bbox 1233 3996 1297 4037; x_wconf 90' lang='lat' dir='ltr'><strong>ac</strong></span> <span class='ocrx_word' id='word_1_561' title='bbox 1327 3983 1537 4038; x_wconf 90' lang='lat' dir='ltr'><strong>desides</strong></span> <span class='ocrx_word' id='word_1_562' title='bbox 1583 3983 1854 4039; x_wconf 86' lang='lat' dir='ltr'><strong>auditores</strong></span> <span class='ocrx_word' id='word_1_563' title='bbox 1886 4000 2078 4039; x_wconf 43' lang='lat' dir='ltr'><strong>exem‘</strong></span> 
     </span>
    </p>
   </div>
   <div class='ocr_carea' id='block_1_69' title="bbox 495 4072 2080 4147">
    <p class='ocr_par' dir='ltr' id='par_1_69' title="bbox 495 4072 2080 4147">
     <span class='ocr_line' id='line_1_69' title="bbox 495 4072 2080 4147; baseline 0.004 -22"><span class='ocrx_word' id='word_1_564' title='bbox 495 4072 602 4142; x_wconf 87' lang='lat' dir='ltr'><strong>plis</strong></span> <span class='ocrx_word' id='word_1_565' title='bbox 631 4081 939 4126; x_wconf 91' lang='lat' dir='ltr'><strong>sanctorum</strong></span> <span class='ocrx_word' id='word_1_566' title='bbox 987 4083 1040 4128; x_wconf 92' lang='lat' dir='ltr'><strong>et</strong></span> <span class='ocrx_word' id='word_1_567' title='bbox 1081 4075 1325 4145; x_wconf 83' lang='lat' dir='ltr'><strong>mysticis</strong></span> <span class='ocrx_word' id='word_1_568' title='bbox 1357 4075 1832 4145; x_wconf 82' lang='lat' dir='ltr'><strong>explanationibus</strong></span> <span class='ocrx_word' id='word_1_569' title='bbox 1884 4093 2080 4147; x_wconf 81' lang='lat' dir='ltr'><strong>provo—</strong></span> 
     </span>
    </p>
   </div>
   <div class='ocr_carea' id='block_1_70' title="bbox 497 4166 2079 4236">
    <p class='ocr_par' dir='ltr' id='par_1_70' title="bbox 497 4166 2079 4236">
     <span class='ocr_line' id='line_1_70' title="bbox 497 4166 2079 4236; baseline 0.003 -16"><span class='ocrx_word' id='word_1_570' title='bbox 497 4166 657 4220; x_wconf 90' lang='lat' dir='ltr'><strong>eandi</strong></span> <span class='ocrx_word' id='word_1_571' title='bbox 686 4182 702 4220; x_wconf 87' lang='lat'><strong>:</strong></span> <span class='ocrx_word' id='word_1_572' title='bbox 729 4176 913 4222; x_wconf 86' lang='lat' dir='ltr'><strong>secuta</strong></span> <span class='ocrx_word' id='word_1_573' title='bbox 941 4182 1165 4236; x_wconf 90' lang='lat' dir='ltr'><strong>puerum</strong></span> <span class='ocrx_word' id='word_1_574' title='bbox 1196 4167 1464 4232; x_wconf 86' lang='lat' dir='ltr'><strong>Rebecca,</strong></span> <span class='ocrx_word' id='word_1_575' title='bbox 1490 4169 1638 4222; x_wconf 89' lang='lat' dir='ltr'><strong>venit</strong></span> <span class='ocrx_word' id='word_1_576' title='bbox 1665 4171 1730 4223; x_wconf 92' lang='lat' dir='ltr'><strong>ad</strong></span> <span class='ocrx_word' id='word_1_577' title='bbox 1760 4167 1932 4224; x_wconf 85' lang='lat' dir='ltr'><strong>Isaac.</strong></span> <span class='ocrx_word' id='word_1_578' title='bbox 1981 4169 2079 4224; x_wconf 81' lang='lat' dir='ltr'><strong>Se-</strong></span> 
     </span>
    </p>
   </div>
   <div class='ocr_carea' id='block_1_71' title="bbox 499 4256 2077 4326">
    <p class='ocr_par' dir='ltr' id='par_1_71' title="bbox 499 4256 2077 4326">
     <span class='ocr_line' id='line_1_71' title="bbox 499 4256 2077 4326; baseline 0.002 -16"><span class='ocrx_word' id='word_1_579' title='bbox 499 4265 621 4310; x_wconf 67' lang='lat' dir='ltr'><strong>cuta</strong></span> <span class='ocrx_word' id='word_1_580' title='bbox 644 4256 786 4310; x_wconf 89' lang='lat' dir='ltr'><strong>enim</strong></span> <span class='ocrx_word' id='word_1_581' title='bbox 813 4273 1114 4312; x_wconf 90' lang='lat' dir='ltr'><strong>sermonem</strong></span> <span class='ocrx_word' id='word_1_582' title='bbox 1151 4259 1524 4326; x_wconf 89' lang='lat' dir='ltr'><strong>propheticum</strong></span> <span class='ocrx_word' id='word_1_583' title='bbox 1550 4257 1796 4311; x_wconf 85' lang='lat' dir='ltr'><strong>Ecclesia</strong></span> <span class='ocrx_word' id='word_1_584' title='bbox 1828 4258 1974 4310; x_wconf 87' lang='lat' dir='ltr'><strong>venit</strong></span> <span class='ocrx_word' id='word_1_585' title='bbox 2011 4258 2077 4313; x_wconf 85' lang='lat' dir='ltr'><strong>ad</strong></span> 
     </span>
    </p>
   </div>
   <div class='ocr_carea' id='block_1_72' title="bbox 498 4344 2079 4414">
    <p class='ocr_par' dir='ltr' id='par_1_72' title="bbox 498 4344 2079 4414">
     <span class='ocr_line' id='line_1_72' title="bbox 498 4344 2079 4414; baseline 0.001 -13"><span class='ocrx_word' id='word_1_586' title='bbox 498 4344 798 4402; x_wconf 87' lang='lat' dir='ltr'><strong>Christum.</strong></span> <span class='ocrx_word' id='word_1_587' title='bbox 849 4347 916 4401; x_wconf 88' lang='lat' dir='ltr'><strong>Et</strong></span> <span class='ocrx_word' id='word_1_588' title='bbox 969 4348 1056 4402; x_wconf 91' lang='lat' dir='ltr'><strong>ubi</strong></span> <span class='ocrx_word' id='word_1_589' title='bbox 1105 4363 1230 4402; x_wconf 90' lang='lat' dir='ltr'><strong>eunt</strong></span> <span class='ocrx_word' id='word_1_590' title='bbox 1280 4348 1523 4401; x_wconf 81' lang='lat' dir='ltr'><strong>invenit?</strong></span> <span class='ocrx_word' id='word_1_591' title='bbox 1581 4349 1659 4402; x_wconf 80' lang='lat' dir='ltr'><strong>Ad</strong></span> <span class='ocrx_word' id='word_1_592' title='bbox 1703 4359 1941 4414; x_wconf 78' lang='lat' dir='ltr'><strong>puteum,</strong></span> <span class='ocrx_word' id='word_1_593' title='bbox 1997 4348 2079 4402; x_wconf 89' lang='lat' dir='ltr'><strong>iu-</strong></span> 
     </span>
    </p>
   </div>
   <div class='ocr_carea' id='block_1_73' title="bbox 499 4436 2080 4507">
    <p class='ocr_par' dir='ltr' id='par_1_73' title="bbox 499 4436 2080 4507">
     <span class='ocr_line' id='line_1_73' title="bbox 499 4436 2080 4507; baseline 0.001 -16"><span class='ocrx_word' id='word_1_594' title='bbox 499 4437 617 4507; x_wconf 89' lang='lat' dir='ltr'><strong>quit</strong></span> <span class='ocrx_word' id='word_1_595' title='bbox 658 4437 725 4502; x_wconf 80' lang='lat'><strong>”,</strong></span> <span class='ocrx_word' id='word_1_596' title='bbox 778 4437 1067 4507; x_wconf 76' lang='lat' dir='ltr'><strong>juramenti</strong></span> <span class='ocrx_word' id='word_1_597' title='bbox 1132 4437 1579 4492; x_wconf 76' lang='lat' dir='ltr'><strong>deambulantem.</strong></span> <span class='ocrx_word' id='word_1_598' title='bbox 1647 4436 1924 4505; x_wconf 90' lang='lat' dir='ltr'><strong>Nusquam</strong></span> <span class='ocrx_word' id='word_1_599' title='bbox 1995 4453 2080 4493; x_wconf 88' lang='lat' dir='ltr'><strong>re-</strong></span> 
     </span>
    </p>
   </div>
   <div class='ocr_carea' id='block_1_74' title="bbox 495 4526 2149 4598">
    <p class='ocr_par' dir='ltr' id='par_1_74' title="bbox 495 4526 2149 4598">
     <span class='ocr_line' id='line_1_74' title="bbox 495 4526 2149 4598; baseline 0.002 -16"><span class='ocrx_word' id='word_1_600' title='bbox 495 4529 705 4583; x_wconf 86' lang='lat' dir='ltr'><strong>ceditur</strong></span> <span class='ocrx_word' id='word_1_601' title='bbox 770 4546 798 4582; x_wconf 90' lang='lat' dir='ltr'><strong>a</strong></span> <span class='ocrx_word' id='word_1_602' title='bbox 858 4529 1055 4594; x_wconf 85' lang='lat' dir='ltr'><strong>puteis,</strong></span> <span class='ocrx_word' id='word_1_603' title='bbox 1122 4543 1398 4598; x_wconf 87' lang='lat' dir='ltr'><strong>nunquam</strong></span> <span class='ocrx_word' id='word_1_604' title='bbox 1452 4528 1735 4583; x_wconf 86' lang='lat' dir='ltr'><strong>desistitur</strong></span> <span class='ocrx_word' id='word_1_605' title='bbox 1781 4527 1850 4582; x_wconf 91' lang='lat' dir='ltr'><strong>ab</strong></span> <span class='ocrx_word' id='word_1_606' title='bbox 1893 4531 2068 4598; x_wconf 90' lang='lat' dir='ltr'><strong>aquis.</strong></span> <span class='ocrx_word' id='word_1_607' title='bbox 2101 4526 2149 4585; x_wconf 85' lang='grc' dir='ltr'><strong>Ι)</strong></span> 
     </span>
    </p>
   </div>
   <div class='ocr_carea' id='block_1_75' title="bbox 496 4619 2075 4690">
    <p class='ocr_par' dir='ltr' id='par_1_75' title="bbox 496 4619 2075 4690">
     <span class='ocr_line' id='line_1_75' title="bbox 496 4619 2075 4690; baseline 0.003 -16"><span class='ocrx_word' id='word_1_608' title='bbox 496 4619 744 4675; x_wconf 79' lang='lat' dir='ltr'><strong>Rebecca</strong></span> <span class='ocrx_word' id='word_1_609' title='bbox 795 4622 1066 4676; x_wconf 91' lang='lat' dir='ltr'><strong>invenitur</strong></span> <span class='ocrx_word' id='word_1_610' title='bbox 1117 4623 1186 4677; x_wconf 89' lang='lat' dir='ltr'><strong>ad</strong></span> <span class='ocrx_word' id='word_1_611' title='bbox 1245 4632 1488 4690; x_wconf 86' lang='lat' dir='ltr'><strong>puteum.</strong></span> <span class='ocrx_word' id='word_1_612' title='bbox 1553 4621 1790 4676; x_wconf 90' lang='lat' dir='ltr'><strong>Rursum</strong></span> <span class='ocrx_word' id='word_1_613' title='bbox 1861 4622 2075 4679; x_wconf 88' lang='lat' dir='ltr'><strong>Rebec-</strong></span> 
     </span>
    </p>
   </div>
   <div class='ocr_carea' id='block_1_76' title="bbox 495 4713 2076 4787">
    <p class='ocr_par' dir='ltr' id='par_1_76' title="bbox 495 4713 2076 4787">
     <span class='ocr_line' id='line_1_76' title="bbox 495 4713 2076 4787; baseline 0.003 -19"><span class='ocrx_word' id='word_1_614' title='bbox 495 4727 558 4768; x_wconf 91' lang='lat' dir='ltr'><strong>ca</strong></span> <span class='ocrx_word' id='word_1_615' title='bbox 612 4713 679 4769; x_wconf 90' lang='lat' dir='ltr'><strong>ad</strong></span> <span class='ocrx_word' id='word_1_616' title='bbox 758 4726 974 4783; x_wconf 90' lang='lat' dir='ltr'><strong>puteum</strong></span> <span class='ocrx_word' id='word_1_617' title='bbox 1024 4715 1230 4770; x_wconf 90' lang='lat' dir='ltr'><strong>invenit</strong></span> <span class='ocrx_word' id='word_1_618' title='bbox 1293 4715 1466 4771; x_wconf 83' lang='lat' dir='ltr'><strong>Isaac.</strong></span> <span class='ocrx_word' id='word_1_619' title='bbox 1519 4714 1593 4768; x_wconf 90' lang='lat' dir='ltr'><strong>lbi</strong></span> <span class='ocrx_word' id='word_1_620' title='bbox 1677 4717 1882 4784; x_wconf 88' lang='lat' dir='ltr'><strong>primos</strong></span> <span class='ocrx_word' id='word_1_621' title='bbox 1959 4718 2076 4787; x_wconf 81' lang='lat' dir='ltr'><strong>eius</strong></span> 
     </span>
    </p>
   </div>
   <div class='ocr_carea' id='block_1_77' title="bbox 495 4805 2074 4877">
    <p class='ocr_par' dir='ltr' id='par_1_77' title="bbox 495 4805 2074 4877">
     <span class='ocr_line' id='line_1_77' title="bbox 495 4805 2074 4877; baseline 0.006 -21"><span class='ocrx_word' id='word_1_622' title='bbox 495 4805 894 4875; x_wconf 89' lang='lat' dir='ltr'><strong>contemplatur</strong></span> <span class='ocrx_word' id='word_1_623' title='bbox 951 4818 1236 4877; x_wconf 88' lang='lat' dir='ltr'><strong>aspectus,</strong></span> <span class='ocrx_word' id='word_1_624' title='bbox 1317 4808 1387 4862; x_wconf 93' lang='lat' dir='ltr'><strong>ibi</strong></span> <span class='ocrx_word' id='word_1_625' title='bbox 1447 4808 1627 4862; x_wconf 89' lang='lat' dir='ltr'><strong>desilit</strong></span> <span class='ocrx_word' id='word_1_626' title='bbox 1687 4811 1753 4863; x_wconf 90' lang='lat' dir='ltr'><strong>de</strong></span> <span class='ocrx_word' id='word_1_627' title='bbox 1817 4811 2074 4876; x_wconf 84' lang='lat' dir='ltr'><strong>camelis,</strong></span> 
     </span>
    </p>
   </div>
   <div class='ocr_carea' id='block_1_78' title="bbox 495 4897 2076 4969">
    <p class='ocr_par' dir='ltr' id='par_1_78' title="bbox 495 4897 2076 4969">
     <span class='ocr_line' id='line_1_78' title="bbox 495 4897 2076 4969; baseline 0.006 -20"><span class='ocrx_word' id='word_1_628' title='bbox 495 4897 610 4969; x_wconf 78' lang='lat'><strong>89</strong></span> <span class='ocrx_word' id='word_1_629' title='bbox 643 4899 711 4954; x_wconf 91' lang='lat' dir='ltr'><strong>ibi</strong></span> <span class='ocrx_word' id='word_1_630' title='bbox 741 4914 770 4952; x_wconf 88' lang='lat' dir='ltr'><strong>a</strong></span> <span class='ocrx_word' id='word_1_631' title='bbox 812 4915 978 4968; x_wconf 87' lang='lat' dir='ltr'><strong>puero</strong></span> <span class='ocrx_word' id='word_1_632' title='bbox 1014 4901 1113 4955; x_wconf 87' lang='lat' dir='ltr'><strong>sibi</strong></span> <span class='ocrx_word' id='word_1_633' title='bbox 1143 4903 1575 4956; x_wconf 88' lang='lat' dir='ltr'><strong>demonstratum</strong></span> <span class='ocrx_word' id='word_1_634' title='bbox 1597 4903 1728 4956; x_wconf 90' lang='lat' dir='ltr'><strong>vidit</strong></span> <span class='ocrx_word' id='word_1_635' title='bbox 1752 4903 1920 4958; x_wconf 90' lang='lat' dir='ltr'><strong>Isaac.</strong></span> <span class='ocrx_word' id='word_1_636' title='bbox 1948 4903 2076 4958; x_wconf 64' lang='lat' dir='ltr'><strong>llaec</strong></span> 
     </span>
    </p>
   </div>
   <div class='ocr_carea' id='block_1_79' title="bbox 496 4991 2072 5066">
    <p class='ocr_par' dir='ltr' id='par_1_79' title="bbox 496 4991 2072 5066">
     <span class='ocr_line' id='line_1_79' title="bbox 496 4991 2072 5066; baseline 0.006 -26"><span class='ocrx_word' id='word_1_637' title='bbox 496 5001 657 5057; x_wconf 90' lang='lat' dir='ltr'><strong>putas</strong></span> <span class='ocrx_word' id='word_1_638' title='bbox 715 4991 830 5046; x_wconf 91' lang='lat' dir='ltr'><strong>sola</strong></span> <span class='ocrx_word' id='word_1_639' title='bbox 881 4993 1077 5048; x_wconf 78' lang='lat' dir='ltr'><strong>referri</strong></span> <span class='ocrx_word' id='word_1_640' title='bbox 1134 4993 1205 5048; x_wconf 87' lang='lat' dir='ltr'><strong>de</strong></span> <span class='ocrx_word' id='word_1_641' title='bbox 1248 4995 1467 5064; x_wconf 86' lang='lat' dir='ltr'><strong>puteis?</strong></span> <span class='ocrx_word' id='word_1_642' title='bbox 1519 5005 1576 5049; x_wconf 91' lang='lat' dir='ltr'><strong>et</strong></span> <span class='ocrx_word' id='word_1_643' title='bbox 1629 4995 1803 5052; x_wconf 85' lang='lat' dir='ltr'><strong>Jacob</strong></span> <span class='ocrx_word' id='word_1_644' title='bbox 1855 5000 1921 5050; x_wconf 91' lang='lat' dir='ltr'><strong>ad</strong></span> <span class='ocrx_word' id='word_1_645' title='bbox 1974 5013 2072 5066; x_wconf 85' lang='lat' dir='ltr'><strong>pu-</strong></span> 
     </span>
    </p>
   </div>
   <div class='ocr_carea' id='block_1_80' title="bbox 496 5086 2070 5154">
    <p class='ocr_par' dir='ltr' id='par_1_80' title="bbox 496 5086 2070 5154">
     <span class='ocr_line' id='line_1_80' title="bbox 496 5086 2070 5154; baseline 0.004 -17"><span class='ocrx_word' id='word_1_646' title='bbox 496 5092 641 5138; x_wconf 86' lang='lat' dir='ltr'><strong>teum</strong></span> <span class='ocrx_word' id='word_1_647' title='bbox 689 5086 879 5151; x_wconf 90' lang='lat' dir='ltr'><strong>venit,</strong></span> <span class='ocrx_word' id='word_1_648' title='bbox 928 5097 983 5141; x_wconf 89' lang='lat' dir='ltr'><strong>et</strong></span> <span class='ocrx_word' id='word_1_649' title='bbox 1052 5087 1122 5141; x_wconf 91' lang='lat' dir='ltr'><strong>ibi</strong></span> <span class='ocrx_word' id='word_1_650' title='bbox 1186 5087 1390 5142; x_wconf 91' lang='lat' dir='ltr'><strong>invenit</strong></span> <span class='ocrx_word' id='word_1_651' title='bbox 1440 5087 1681 5154; x_wconf 89' lang='lat' dir='ltr'><strong>Rachel,</strong></span> <span class='ocrx_word' id='word_1_652' title='bbox 1724 5098 1778 5143; x_wconf 92' lang='lat' dir='ltr'><strong>et</strong></span> <span class='ocrx_word' id='word_1_653' title='bbox 1833 5089 1906 5144; x_wconf 92' lang='lat' dir='ltr'><strong>ibi</strong></span> <span class='ocrx_word' id='word_1_654' title='bbox 1988 5091 2070 5144; x_wconf 88' lang='lat' dir='ltr'><strong>in-</strong></span> 
     </span>
    </p>
   </div>
   <div class='ocr_carea' id='block_1_81' title="bbox 496 5178 2071 5252">
    <p class='ocr_par' dir='ltr' id='par_1_81' title="bbox 496 5178 2071 5252">
     <span class='ocr_line' id='line_1_81' title="bbox 496 5178 2071 5252; baseline 0.006 -22"><span class='ocrx_word' id='word_1_655' title='bbox 496 5178 729 5233; x_wconf 86' lang='lat' dir='ltr'><strong>noteseit</strong></span> <span class='ocrx_word' id='word_1_656' title='bbox 761 5179 810 5233; x_wconf 91' lang='lat' dir='ltr'><strong>ei</strong></span> <span class='ocrx_word' id='word_1_657' title='bbox 846 5179 1045 5234; x_wconf 86' lang='lat' dir='ltr'><strong>Rachel</strong></span> <span class='ocrx_word' id='word_1_658' title='bbox 1069 5180 1208 5236; x_wconf 93' lang='lat' dir='ltr'><strong>bona</strong></span> <span class='ocrx_word' id='word_1_659' title='bbox 1243 5180 1414 5235; x_wconf 88' lang='lat' dir='ltr'><strong>oculis</strong></span> <span class='ocrx_word' id='word_1_660' title='bbox 1447 5188 1500 5234; x_wconf 92' lang='lat' dir='ltr'><strong>et</strong></span> <span class='ocrx_word' id='word_1_661' title='bbox 1527 5181 1722 5236; x_wconf 91' lang='lat' dir='ltr'><strong>decora</strong></span> <span class='ocrx_word' id='word_1_662' title='bbox 1751 5193 1979 5252; x_wconf 89' lang='lat' dir='ltr'><strong>aspectu</strong></span> <span class='ocrx_word' id='word_1_663' title='bbox 2005 5185 2071 5239; x_wconf 77' lang='grc' dir='ltr'><strong>⁸ο.</strong></span> 
     </span>
    </p>
   </div>
   <div class='ocr_carea' id='block_1_82' title="bbox 496 5269 2071 5342">
    <p class='ocr_par' dir='ltr' id='par_1_82' title="bbox 496 5269 2071 5342">
     <span class='ocr_line' id='line_1_82' title="bbox 496 5269 2071 5342; baseline 0.003 -17"><span class='ocrx_word' id='word_1_664' title='bbox 496 5269 602 5325; x_wconf 87' lang='lat' dir='ltr'><strong>Sed</strong></span> <span class='ocrx_word' id='word_1_665' title='bbox 640 5278 694 5326; x_wconf 90' lang='lat' dir='ltr'><strong>et</strong></span> <span class='ocrx_word' id='word_1_666' title='bbox 729 5270 940 5342; x_wconf 82' lang='lat' dir='ltr'><strong>Moyses</strong></span> <span class='ocrx_word' id='word_1_667' title='bbox 974 5272 1042 5326; x_wconf 91' lang='lat' dir='ltr'><strong>ad</strong></span> <span class='ocrx_word' id='word_1_668' title='bbox 1076 5280 1301 5342; x_wconf 91' lang='lat' dir='ltr'><strong>puteum</strong></span> <span class='ocrx_word' id='word_1_669' title='bbox 1349 5273 1554 5328; x_wconf 90' lang='lat' dir='ltr'><strong>invenit</strong></span> <span class='ocrx_word' id='word_1_670' title='bbox 1594 5273 1856 5328; x_wconf 86' lang='lat' dir='ltr'><strong>Sell&#39;oratn</strong></span> <span class='ocrx_word' id='word_1_671' title='bbox 1906 5276 2071 5330; x_wconf 84' lang='lat' dir='ltr'><strong>tiliam</strong></span> 
     </span>
    </p>
   </div>
   <div class='ocr_carea' id='block_1_83' title="bbox 601 5366 1668 5434">
    <p class='ocr_par' dir='ltr' id='par_1_83' title="bbox 601 5366 1668 5434">
     <span class='ocr_line' id='line_1_83' title="bbox 601 5366 1668 5434; baseline 0 -12"><span class='ocrx_word' id='word_1_672' title='bbox 601 5366 649 5400; x_wconf 81' lang='grc'><strong>⁸⁸</strong></span> <span class='ocrx_word' id='word_1_673' title='bbox 671 5366 862 5423; x_wconf 84' lang='lat' dir='ltr'><strong>Matth.</strong></span> <span class='ocrx_word' id='word_1_674' title='bbox 894 5383 1012 5423; x_wconf 79' lang='lat' dir='ltr'><strong>xm.</strong></span> <span class='ocrx_word' id='word_1_675' title='bbox 1091 5368 1135 5399; x_wconf 79' lang='lat'><strong>&quot;</strong></span> <span class='ocrx_word' id='word_1_676' title='bbox 1164 5367 1360 5424; x_wconf 87' lang='lat' dir='ltr'><strong>Genes.</strong></span> <span class='ocrx_word' id='word_1_677' title='bbox 1397 5383 1548 5434; x_wconf 79' lang='lat' dir='ltr'><strong>xxiv,</strong></span> <span class='ocrx_word' id='word_1_678' title='bbox 1580 5368 1668 5423; x_wconf 73' lang='lat'><strong>62.</strong></span> 
     </span>
    </p>
   </div>
   <div class='ocr_carea' id='block_1_84' title="bbox 496 5436 1463 5506">
    <p class='ocr_par' dir='ltr' id='par_1_84' title="bbox 496 5436 1463 5506">
     <span class='ocr_line' id='line_1_84' title="bbox 496 5436 1463 5506; baseline -0.002 -12"><span class='ocrx_word' id='word_1_679' title='bbox 496 5437 543 5470; x_wconf 78' lang='grc'><strong>⁸⁸</strong></span> <span class='ocrx_word' id='word_1_680' title='bbox 568 5436 725 5495; x_wconf 82' lang='lat' dir='ltr'><strong>Joan.</strong></span> <span class='ocrx_word' id='word_1_681' title='bbox 759 5454 837 5506; x_wconf 86' lang='lat' dir='ltr'><strong>tv,</strong></span> <span class='ocrx_word' id='word_1_682' title='bbox 873 5439 928 5495; x_wconf 90' lang='lat'><strong>6.</strong></span> <span class='ocrx_word' id='word_1_683' title='bbox 1002 5439 1048 5470; x_wconf 83' lang='grc'><strong>⁸⁸</strong></span> <span class='ocrx_word' id='word_1_684' title='bbox 1075 5437 1236 5493; x_wconf 89' lang='lat' dir='ltr'><strong>Rom.</strong></span> <span class='ocrx_word' id='word_1_685' title='bbox 1267 5455 1342 5504; x_wconf 90' lang='lat' dir='ltr'><strong>tv,</strong></span> <span class='ocrx_word' id='word_1_686' title='bbox 1376 5439 1463 5494; x_wconf 77' lang='lat' dir='ltr'><strong>l9.</strong></span> 
     </span>
    </p>
   </div>
   <div class='ocr_carea' id='block_1_85' title="bbox 565 5533 2072 5606">
    <p class='ocr_par' dir='ltr' id='par_1_85' title="bbox 565 5533 2072 5606">
     <span class='ocr_line' id='line_1_85' title="bbox 565 5533 2072 5606; baseline 0.004 -18"><span class='ocrx_word' id='word_1_687' title='bbox 565 5533 686 5606; x_wconf 67' lang='grc'><strong>(70)</strong></span> <span class='ocrx_word' id='word_1_688' title='bbox 710 5533 835 5587; x_wconf 86' lang='lat' dir='ltr'><strong>Vult</strong></span> <span class='ocrx_word' id='word_1_689' title='bbox 855 5535 992 5588; x_wconf 85' lang='lat' dir='ltr'><strong>enim</strong></span> <span class='ocrx_word' id='word_1_690' title='bbox 1017 5550 1201 5599; x_wconf 82' lang='lat' dir='ltr'><strong>aurea,</strong></span> <span class='ocrx_word' id='word_1_691' title='bbox 1229 5544 1336 5588; x_wconf 92' lang='lat' dir='ltr'><strong>etc.</strong></span> <span class='ocrx_word' id='word_1_692' title='bbox 1365 5533 1519 5606; x_wconf 67' lang='lat' dir='ltr'><strong>iiunc</strong></span> <span class='ocrx_word' id='word_1_693' title='bbox 1540 5535 1717 5590; x_wconf 94' lang='lat' dir='ltr'><strong>locum</strong></span> <span class='ocrx_word' id='word_1_694' title='bbox 1739 5537 1913 5606; x_wconf 88' lang='lat' dir='ltr'><strong>carpit</strong></span> <span class='ocrx_word' id='word_1_695' title='bbox 1943 5553 2072 5593; x_wconf 87' lang='lat' dir='ltr'><strong>san-</strong></span> 
     </span>
    </p>
   </div>
   <div class='ocr_carea' id='block_1_86' title="bbox 497 5604 1795 5675">
    <p class='ocr_par' dir='ltr' id='par_1_86' title="bbox 497 5604 1795 5675">
     <span class='ocr_line' id='line_1_86' title="bbox 497 5604 1795 5675; baseline 0.004 -18"><span class='ocrx_word' id='word_1_696' title='bbox 497 5615 622 5675; x_wconf 67' lang='lat' dir='ltr'><strong>ctus</strong></span> <span class='ocrx_word' id='word_1_697' title='bbox 647 5604 968 5675; x_wconf 83' lang='lat' dir='ltr'><strong>Eustathius</strong></span> <span class='ocrx_word' id='word_1_698' title='bbox 1003 5606 1055 5660; x_wconf 93' lang='lat' dir='ltr'><strong>in</strong></span> <span class='ocrx_word' id='word_1_699' title='bbox 1094 5614 1324 5659; x_wconf 89' lang='lat' dir='ltr'><strong>tractatu</strong></span> <span class='ocrx_word' id='word_1_700' title='bbox 1363 5604 1437 5658; x_wconf 87' lang='lat' dir='ltr'><strong>De</strong></span> <span class='ocrx_word' id='word_1_701' title='bbox 1469 5607 1795 5675; x_wconf 74' lang='lat' dir='ltr'><strong>pythonissa.</strong></span> 
     </span>
    </p>
   </div>
   <div class='ocr_carea' id='block_1_87' title="bbox 571 5673 2071 5742">
    <p class='ocr_par' dir='ltr' id='par_1_87' title="bbox 571 5673 2071 5742">
     <span class='ocr_line' id='line_1_87' title="bbox 571 5673 2071 5742; baseline 0.005 -16"><span class='ocrx_word' id='word_1_702' title='bbox 571 5673 685 5742; x_wconf 84' lang='lat'>(7|)</span> <span class='ocrx_word' id='word_1_703' title='bbox 714 5675 859 5730; x_wconf 84' lang='lat' dir='ltr'><strong>Alias</strong></span> <span class='ocrx_word' id='word_1_704' title='bbox 887 5675 1108 5742; x_wconf 85' lang='lat' dir='ltr'><strong>animal,</strong></span> <span class='ocrx_word' id='word_1_705' title='bbox 1141 5677 1235 5730; x_wconf 91' lang='lat' dir='ltr'><strong>sed</strong></span> <span class='ocrx_word' id='word_1_706' title='bbox 1272 5690 1400 5732; x_wconf 90' lang='lat' dir='ltr'><strong>mss.</strong></span> <span class='ocrx_word' id='word_1_707' title='bbox 1434 5673 1704 5731; x_wconf 79' lang='lat' dir='ltr'><strong>animalis.</strong></span> <span class='ocrx_word' id='word_1_708' title='bbox 1737 5677 1906 5730; x_wconf 82' lang='lat' dir='ltr'><strong>Paulo</strong></span> <span class='ocrx_word' id='word_1_709' title='bbox 1932 5679 2071 5734; x_wconf 77' lang='lat' dir='ltr'><strong>infra</strong></span> 
     </span>
    </p>
   </div>
   <div class='ocr_carea' id='block_1_88' title="bbox 500 5747 2074 5820">
    <p class='ocr_par' dir='ltr' id='par_1_88' title="bbox 500 5747 2074 5820">
     <span class='ocr_line' id='line_1_88' title="bbox 500 5747 2074 5820; baseline 0.006 -25"><span class='ocrx_word' id='word_1_710' title='bbox 500 5760 652 5810; x_wconf 84' lang='lat' dir='ltr'><strong>n:ss.,</strong></span> <span class='ocrx_word' id='word_1_711' title='bbox 685 5759 820 5800; x_wconf 69' lang='lat' dir='ltr'><strong>unus</strong></span> <span class='ocrx_word' id='word_1_712' title='bbox 852 5748 1068 5817; x_wconf 74' lang='lat' dir='ltr'><strong>spiritus</strong></span> <span class='ocrx_word' id='word_1_713' title='bbox 1096 5758 1193 5802; x_wconf 75' lang='lat' dir='ltr'><strong>est.</strong></span> <span class='ocrx_word' id='word_1_714' title='bbox 1231 5747 1396 5814; x_wconf 85' lang='lat' dir='ltr'><strong>Etliti,</strong></span> <span class='ocrx_word' id='word_1_715' title='bbox 1434 5764 1570 5802; x_wconf 75' lang='lat' dir='ltr'><strong>unus</strong></span> <span class='ocrx_word' id='word_1_716' title='bbox 1595 5757 1670 5802; x_wconf 72' lang='lat' dir='ltr'><strong>est</strong></span> <span class='ocrx_word' id='word_1_717' title='bbox 1710 5749 1924 5820; x_wconf 75' lang='lat' dir='ltr'><strong>spiritus</strong></span> <span class='ocrx_word' id='word_1_718' title='bbox 1953 5767 2074 5805; x_wconf 85' lang='lat' dir='ltr'><strong>cum</strong></span> 
     </span>
    </p>
   </div>
   <div class='ocr_carea' id='block_1_89' title="bbox 493 5829 575 5869">
    <p class='ocr_par' dir='ltr' id='par_1_89' title="bbox 493 5829 575 5869">
     <span class='ocr_line' id='line_1_89' title="bbox 493 5829 575 5869; baseline 0.012 -1"><span class='ocrx_word' id='word_1_719' title='bbox 493 5829 575 5869; x_wconf 64' lang='grc' dir='ltr'><strong>ϐυ.</strong></span> 
     </span>
    </p>
   </div>
   <div class='ocr_carea' id='block_1_90' title="bbox 1745 5368 2205 5431">
    <p class='ocr_par' dir='ltr' id='par_1_90' title="bbox 1745 5368 2205 5431">
     <span class='ocr_line' id='line_1_90' title="bbox 1745 5368 2205 5431; baseline 0.015 -7"><span class='ocrx_word' id='word_1_720' title='bbox 1745 5369 1790 5402; x_wconf 75' lang='grc' dir='ltr'>⁸ο</span> <span class='ocrx_word' id='word_1_721' title='bbox 1819 5368 2016 5428; x_wconf 86' lang='lat' dir='ltr'><strong>Genes.</strong></span> <span class='ocrx_word' id='word_1_722' title='bbox 2053 5390 2205 5431; x_wconf 72' lang='lat' dir='ltr'><strong>XXIX.</strong></span> 
     </span>
    </p>
   </div>
   <div class='ocr_carea' id='block_1_91' title="bbox 2183 3249 3731 3318">
    <p class='ocr_par' dir='ltr' id='par_1_91' title="bbox 2183 3249 3731 3318">
     <span class='ocr_line' id='line_1_91' title="bbox 2183 3249 3731 3318; baseline -0.007 -11"><span class='ocrx_word' id='word_1_723' title='bbox 2183 3262 2267 3307; x_wconf 90' lang='lat' dir='ltr'><strong>tus</strong></span> <span class='ocrx_word' id='word_1_724' title='bbox 2307 3267 2406 3306; x_wconf 92' lang='lat' dir='ltr'><strong>nos</strong></span> <span class='ocrx_word' id='word_1_725' title='bbox 2451 3260 2916 3306; x_wconf 87' lang='lat' dir='ltr'><strong>sacramentorum</strong></span> <span class='ocrx_word' id='word_1_726' title='bbox 2947 3249 3194 3304; x_wconf 92' lang='lat' dir='ltr'><strong>cumulus</strong></span> <span class='ocrx_word' id='word_1_727' title='bbox 3235 3257 3532 3318; x_wconf 88' lang='lat' dir='ltr'><strong>perurget,</strong></span> <span class='ocrx_word' id='word_1_728' title='bbox 3564 3255 3731 3315; x_wconf 84' lang='lat' dir='ltr'><strong>quanta</strong></span> 
     </span>
    </p>
   </div>
   <div class='ocr_carea' id='block_1_92' title="bbox 2179 3339 3734 3414">
    <p class='ocr_par' dir='ltr' id='par_1_92' title="bbox 2179 3339 3734 3414">
     <span class='ocr_line' id='line_1_92' title="bbox 2179 3339 3734 3414; baseline -0.006 -14"><span class='ocrx_word' id='word_1_729' title='bbox 2179 3355 2442 3414; x_wconf 68' lang='lat' dir='ltr'><strong>suntquae</strong></span> <span class='ocrx_word' id='word_1_730' title='bbox 2461 3355 2776 3409; x_wconf 89' lang='lat' dir='ltr'><strong>occurrunt,</strong></span> <span class='ocrx_word' id='word_1_731' title='bbox 2805 3343 3012 3411; x_wconf 80' lang='lat' dir='ltr'><strong>explica</strong></span> <span class='ocrx_word' id='word_1_732' title='bbox 3024 3358 3078 3396; x_wconf 90' lang='lat' dir='ltr'><strong>re</strong></span> <span class='ocrx_word' id='word_1_733' title='bbox 3101 3356 3206 3395; x_wconf 92' lang='lat' dir='ltr'><strong>non</strong></span> <span class='ocrx_word' id='word_1_734' title='bbox 3233 3355 3552 3410; x_wconf 88' lang='lat' dir='ltr'><strong>possumus,</strong></span> <span class='ocrx_word' id='word_1_735' title='bbox 3573 3339 3734 3393; x_wconf 82' lang='lat' dir='ltr'><strong>saltem</strong></span> 
     </span>
    </p>
   </div>
   <div class='ocr_carea' id='block_1_93' title="bbox 2180 3435 3732 3498">
    <p class='ocr_par' dir='ltr' id='par_1_93' title="bbox 2180 3435 3732 3498">
     <span class='ocr_line' id='line_1_93' title="bbox 2180 3435 3732 3498; baseline -0.001 -8"><span class='ocrx_word' id='word_1_736' title='bbox 2180 3437 2292 3490; x_wconf 78' lang='lat' dir='ltr'><strong>lnnc</strong></span> <span class='ocrx_word' id='word_1_737' title='bbox 2333 3435 2561 3489; x_wconf 89' lang='lat' dir='ltr'><strong>incitare</strong></span> <span class='ocrx_word' id='word_1_738' title='bbox 2593 3445 2644 3486; x_wconf 88' lang='lat' dir='ltr'><strong>te</strong></span> <span class='ocrx_word' id='word_1_739' title='bbox 2687 3435 2885 3489; x_wconf 91' lang='lat' dir='ltr'><strong>debent</strong></span> <span class='ocrx_word' id='word_1_740' title='bbox 2921 3435 2986 3487; x_wconf 92' lang='lat' dir='ltr'><strong>ad</strong></span> <span class='ocrx_word' id='word_1_741' title='bbox 3033 3435 3398 3498; x_wconf 90' lang='lat' dir='ltr'><strong>audiendum,</strong></span> <span class='ocrx_word' id='word_1_742' title='bbox 3446 3435 3520 3487; x_wconf 89' lang='lat' dir='ltr'><strong>ad</strong></span> <span class='ocrx_word' id='word_1_743' title='bbox 3566 3449 3732 3488; x_wconf 85' lang='lat' dir='ltr'><strong>conve-</strong></span> 
     </span>
    </p>
   </div>
   <div class='ocr_carea' id='block_1_94' title="bbox 2182 3525 3736 3596">
    <p class='ocr_par' dir='ltr' id='par_1_94' title="bbox 2182 3525 3736 3596">
     <span class='ocr_line' id='line_1_94' title="bbox 2182 3525 3736 3596; baseline -0.001 -15"><span class='ocrx_word' id='word_1_744' title='bbox 2182 3528 2461 3592; x_wconf 89' lang='lat' dir='ltr'><strong>niendum,</strong></span> <span class='ocrx_word' id='word_1_745' title='bbox 2496 3538 2552 3581; x_wconf 90' lang='lat' dir='ltr'><strong>ut</strong></span> <span class='ocrx_word' id='word_1_746' title='bbox 2583 3529 2742 3580; x_wconf 88' lang='lat' dir='ltr'><strong>etiam</strong></span> <span class='ocrx_word' id='word_1_747' title='bbox 2764 3528 2806 3581; x_wconf 88' lang='lat' dir='ltr'><strong>si</strong></span> <span class='ocrx_word' id='word_1_748' title='bbox 2831 3543 2928 3580; x_wconf 87' lang='lat' dir='ltr'><strong>nos</strong></span> <span class='ocrx_word' id='word_1_749' title='bbox 2957 3527 3132 3596; x_wconf 86' lang='lat' dir='ltr'><strong>aliqua</strong></span> <span class='ocrx_word' id='word_1_750' title='bbox 3163 3541 3258 3594; x_wconf 86' lang='lat' dir='ltr'><strong>pro</strong></span> <span class='ocrx_word' id='word_1_751' title='bbox 3292 3525 3560 3580; x_wconf 86' lang='lat' dir='ltr'><strong>brevitate</strong></span> <span class='ocrx_word' id='word_1_752' title='bbox 3587 3536 3736 3580; x_wconf 84' lang='lat' dir='ltr'><strong>trans-</strong></span> 
     </span>
    </p>
   </div>
   <div class='ocr_carea' id='block_1_95' title="bbox 2180 3619 3738 3688">
    <p class='ocr_par' dir='ltr' id='par_1_95' title="bbox 2180 3619 3738 3688">
     <span class='ocr_line' id='line_1_95' title="bbox 2180 3619 3738 3688; baseline -0.002 -13"><span class='ocrx_word' id='word_1_753' title='bbox 2180 3621 2487 3685; x_wconf 89' lang='lat' dir='ltr'><strong>currimus,</strong></span> <span class='ocrx_word' id='word_1_754' title='bbox 2531 3629 2584 3672; x_wconf 93' lang='lat' dir='ltr'><strong>tu</strong></span> <span class='ocrx_word' id='word_1_755' title='bbox 2629 3635 2750 3673; x_wconf 90' lang='lat' dir='ltr'><strong>cum</strong></span> <span class='ocrx_word' id='word_1_756' title='bbox 2809 3619 3000 3688; x_wconf 88' lang='lat' dir='ltr'><strong>relegis</strong></span> <span class='ocrx_word' id='word_1_757' title='bbox 3041 3628 3093 3672; x_wconf 91' lang='lat' dir='ltr'><strong>et</strong></span> <span class='ocrx_word' id='word_1_758' title='bbox 3129 3619 3402 3686; x_wconf 88' lang='lat' dir='ltr'><strong>requiris,</strong></span> <span class='ocrx_word' id='word_1_759' title='bbox 3459 3621 3622 3672; x_wconf 90' lang='lat' dir='ltr'><strong>etiam</strong></span> <span class='ocrx_word' id='word_1_760' title='bbox 3647 3620 3738 3688; x_wconf 88' lang='lat' dir='ltr'><strong>ipse</strong></span> 
     </span>
    </p>
   </div>
   <div class='ocr_carea' id='block_1_96' title="bbox 2181 3711 3738 3780">
    <p class='ocr_par' dir='ltr' id='par_1_96' title="bbox 2181 3711 3738 3780">
     <span class='ocr_line' id='line_1_96' title="bbox 2181 3711 3738 3780; baseline -0.003 -14"><span class='ocrx_word' id='word_1_761' title='bbox 2181 3711 2442 3766; x_wconf 90' lang='lat' dir='ltr'><strong>discutias</strong></span> <span class='ocrx_word' id='word_1_762' title='bbox 2483 3720 2537 3764; x_wconf 92' lang='lat' dir='ltr'><strong>ct</strong></span> <span class='ocrx_word' id='word_1_763' title='bbox 2573 3711 2852 3776; x_wconf 86' lang='lat' dir='ltr'><strong>invenias,</strong></span> <span class='ocrx_word' id='word_1_764' title='bbox 2889 3720 3038 3765; x_wconf 87' lang='lat' dir='ltr'><strong>certe</strong></span> <span class='ocrx_word' id='word_1_765' title='bbox 3085 3711 3168 3764; x_wconf 91' lang='lat' dir='ltr'><strong>vel</strong></span> <span class='ocrx_word' id='word_1_766' title='bbox 3218 3713 3268 3764; x_wconf 91' lang='lat' dir='ltr'><strong>in</strong></span> <span class='ocrx_word' id='word_1_767' title='bbox 3307 3713 3505 3764; x_wconf 89' lang='lat' dir='ltr'><strong>horum</strong></span> <span class='ocrx_word' id='word_1_768' title='bbox 3543 3712 3738 3780; x_wconf 80' lang='lat' dir='ltr'><strong>inquisi-</strong></span> 
     </span>
    </p>
   </div>
   <div class='ocr_carea' id='block_1_97' title="bbox 2184 3801 3737 3872">
    <p class='ocr_par' dir='ltr' id='par_1_97' title="bbox 2184 3801 3737 3872">
     <span class='ocr_line' id='line_1_97' title="bbox 2184 3801 3737 3872; baseline -0.003 -17"><span class='ocrx_word' id='word_1_769' title='bbox 2184 3803 2329 3857; x_wconf 89' lang='lat' dir='ltr'><strong>tione</strong></span> <span class='ocrx_word' id='word_1_770' title='bbox 2359 3817 2718 3872; x_wconf 88' lang='lat' dir='ltr'><strong>permaneas,</strong></span> <span class='ocrx_word' id='word_1_771' title='bbox 2755 3811 2813 3855; x_wconf 91' lang='lat' dir='ltr'><strong>ut</strong></span> <span class='ocrx_word' id='word_1_772' title='bbox 2845 3813 2898 3856; x_wconf 92' lang='lat' dir='ltr'><strong>et</strong></span> <span class='ocrx_word' id='word_1_773' title='bbox 2926 3811 2976 3855; x_wconf 91' lang='lat' dir='ltr'><strong>te</strong></span> <span class='ocrx_word' id='word_1_774' title='bbox 3005 3801 3226 3856; x_wconf 87' lang='lat' dir='ltr'><strong>verbum</strong></span> <span class='ocrx_word' id='word_1_775' title='bbox 3262 3801 3354 3856; x_wconf 88' lang='lat' dir='ltr'><strong>Dei</strong></span> <span class='ocrx_word' id='word_1_776' title='bbox 3385 3803 3664 3856; x_wconf 88' lang='lat' dir='ltr'><strong>inveniens</strong></span> <span class='ocrx_word' id='word_1_777' title='bbox 3686 3803 3737 3852; x_wconf 83' lang='lat' dir='ltr'><strong>ad</strong></span> 
     </span>
    </p>
   </div>
   <div class='ocr_carea' id='block_1_98' title="bbox 2181 3894 3737 3967">
    <p class='ocr_par' dir='ltr' id='par_1_98' title="bbox 2181 3894 3737 3967">
     <span class='ocr_line' id='line_1_98' title="bbox 2181 3894 3737 3967; baseline -0.004 -16"><span class='ocrx_word' id='word_1_778' title='bbox 2181 3913 2378 3967; x_wconf 91' lang='lat' dir='ltr'><strong>aquam</strong></span> <span class='ocrx_word' id='word_1_779' title='bbox 2408 3907 2676 3962; x_wconf 86' lang='lat' dir='ltr'><strong>assumat,</strong></span> <span class='ocrx_word' id='word_1_780' title='bbox 2703 3904 2755 3952; x_wconf 89' lang='lat' dir='ltr'><strong>et</strong></span> <span class='ocrx_word' id='word_1_781' title='bbox 2779 3896 3077 3966; x_wconf 89' lang='lat' dir='ltr'><strong>coniungat</strong></span> <span class='ocrx_word' id='word_1_782' title='bbox 3115 3895 3240 3959; x_wconf 90' lang='lat' dir='ltr'><strong>sibi,</strong></span> <span class='ocrx_word' id='word_1_783' title='bbox 3274 3905 3332 3948; x_wconf 93' lang='lat' dir='ltr'><strong>ut</strong></span> <span class='ocrx_word' id='word_1_784' title='bbox 3353 3894 3611 3948; x_wconf 88' lang='lat' dir='ltr'><strong>elliciaris</strong></span> <span class='ocrx_word' id='word_1_785' title='bbox 3640 3910 3737 3946; x_wconf 72' lang='lat' dir='ltr'><strong>tum</strong></span> 
     </span>
    </p>
   </div>
   <div class='ocr_carea' id='block_1_99' title="bbox 2180 3985 3739 4058">
    <p class='ocr_par' dir='ltr' id='par_1_99' title="bbox 2180 3985 3739 4058">
     <span class='ocr_line' id='line_1_99' title="bbox 2180 3985 3739 4058; baseline -0.007 -14"><span class='ocrx_word' id='word_1_786' title='bbox 2180 4005 2247 4044; x_wconf 93' lang='lat' dir='ltr'><strong>eo</strong></span> <span class='ocrx_word' id='word_1_787' title='bbox 2298 4005 2440 4044; x_wconf 92' lang='lat' dir='ltr'><strong>unus</strong></span> <span class='ocrx_word' id='word_1_788' title='bbox 2487 3989 2714 4058; x_wconf 81' lang='lat' dir='ltr'><strong>spiritus</strong></span> <span class='ocrx_word' id='word_1_789' title='bbox 2775 3989 2826 4041; x_wconf 89' lang='lat' dir='ltr'><strong>in</strong></span> <span class='ocrx_word' id='word_1_790' title='bbox 2877 3987 3097 4041; x_wconf 86' lang='lat' dir='ltr'><strong>Christo</strong></span> <span class='ocrx_word' id='word_1_791' title='bbox 3127 3985 3256 4041; x_wconf 81' lang='lat' dir='ltr'><strong>Jesu</strong></span> <span class='ocrx_word' id='word_1_792' title='bbox 3303 3985 3538 4039; x_wconf 91' lang='lat' dir='ltr'><strong>Domino</strong></span> <span class='ocrx_word' id='word_1_793' title='bbox 3581 3993 3739 4037; x_wconf 83' lang='lat' dir='ltr'><strong>nostro</strong></span> 
     </span>
    </p>
   </div>
   <div class='ocr_carea' id='block_1_100' title="bbox 2181 4077 3737 4152">
    <p class='ocr_par' dir='ltr' id='par_1_100' title="bbox 2181 4077 3737 4152">
     <span class='ocr_line' id='line_1_100' title="bbox 2181 4077 3737 4152; baseline -0.006 -16"><span class='ocrx_word' id='word_1_794' title='bbox 2181 4083 2265 4136; x_wconf 83' lang='lat' dir='ltr'><strong>cui</strong></span> <span class='ocrx_word' id='word_1_795' title='bbox 2297 4092 2383 4136; x_wconf 89' lang='lat' dir='ltr'><strong>est</strong></span> <span class='ocrx_word' id='word_1_796' title='bbox 2429 4080 2599 4152; x_wconf 92' lang='lat' dir='ltr'><strong>gloria</strong></span> <span class='ocrx_word' id='word_1_797' title='bbox 2650 4091 2706 4135; x_wconf 93' lang='lat' dir='ltr'><strong>et</strong></span> <span class='ocrx_word' id='word_1_798' title='bbox 2749 4079 3032 4148; x_wconf 89' lang='lat' dir='ltr'><strong>imperium</strong></span> <span class='ocrx_word' id='word_1_799' title='bbox 3073 4077 3126 4132; x_wconf 91' lang='lat' dir='ltr'><strong>in</strong></span> <span class='ocrx_word' id='word_1_800' title='bbox 3171 4078 3366 4134; x_wconf 65' lang='lat' dir='ltr'><strong>satcula</strong></span> <span class='ocrx_word' id='word_1_801' title='bbox 3412 4077 3737 4132; x_wconf 68' lang='lat' dir='ltr'><strong>smculorum.</strong></span> 
     </span>
    </p>
   </div>
   <div class='ocr_carea' id='block_1_101' title="bbox 2180 4176 2378 4230">
    <p class='ocr_par' dir='ltr' id='par_1_101' title="bbox 2180 4176 2378 4230">
     <span class='ocr_line' id='line_1_101' title="bbox 2180 4176 2378 4230; baseline 0 0"><span class='ocrx_word' id='word_1_802' title='bbox 2180 4176 2378 4230; x_wconf 83' lang='lat' dir='ltr'><strong>Amen.</strong></span> 
     </span>
    </p>
   </div>
   <div class='ocr_carea' id='block_1_102' title="bbox 2762 4307 3174 4364">
    <p class='ocr_par' dir='ltr' id='par_1_102' title="bbox 2762 4307 3174 4364">
     <span class='ocr_line' id='line_1_102' title="bbox 2762 4307 3174 4364; baseline 0 0"><span class='ocrx_word' id='word_1_803' title='bbox 2762 4307 3043 4364; x_wconf 75' lang='lat' dir='ltr'><strong>llOMILIA</strong></span> <span class='ocrx_word' id='word_1_804' title='bbox 3083 4307 3174 4364; x_wconf 77' lang='lat' dir='ltr'><strong>XI.</strong></span> 
     </span>
    </p>
   </div>
   <div class='ocr_carea' id='block_1_103' title="bbox 2185 4443 3739 4515">
    <p class='ocr_par' dir='ltr' id='par_1_103' title="bbox 2185 4443 3739 4515">
     <span class='ocr_line' id='line_1_103' title="bbox 2185 4443 3739 4515; baseline -0.006 -16"><span class='ocrx_word' id='word_1_805' title='bbox 2185 4445 2258 4501; x_wconf 84' lang='lat' dir='ltr'><strong>De</strong></span> <span class='ocrx_word' id='word_1_806' title='bbox 2288 4463 2346 4500; x_wconf 85' lang='lat' dir='ltr'><strong>eo</strong></span> <span class='ocrx_word' id='word_1_807' title='bbox 2381 4445 2520 4515; x_wconf 86' lang='lat' dir='ltr'><strong>quod</strong></span> <span class='ocrx_word' id='word_1_808' title='bbox 2552 4444 2820 4498; x_wconf 84' lang='lat' dir='ltr'><strong>Abraham</strong></span> <span class='ocrx_word' id='word_1_809' title='bbox 2862 4444 3145 4498; x_wconf 84' lang='lat' dir='ltr'><strong>Cet/turam</strong></span> <span class='ocrx_word' id='word_1_810' title='bbox 3181 4443 3382 4515; x_wconf 83' lang='lat' dir='ltr'><strong>accepit</strong></span> <span class='ocrx_word' id='word_1_811' title='bbox 3413 4456 3666 4515; x_wconf 72' lang='lat' dir='ltr'><strong>uxorem,</strong></span> <span class='ocrx_word' id='word_1_812' title='bbox 3700 4447 3739 4490; x_wconf 80' lang='lat' dir='ltr'><strong>et</strong></span> 
     </span>
    </p>
   </div>
   <div class='ocr_carea' id='block_1_104' title="bbox 2337 4513 3574 4586">
    <p class='ocr_par' dir='ltr' id='par_1_104' title="bbox 2337 4513 3574 4586">
     <span class='ocr_line' id='line_1_104' title="bbox 2337 4513 3574 4586; baseline -0.002 -20"><span class='ocrx_word' id='word_1_813' title='bbox 2337 4513 2477 4586; x_wconf 76' lang='lat' dir='ltr'><strong>quod</strong></span> <span class='ocrx_word' id='word_1_814' title='bbox 2509 4515 2663 4569; x_wconf 73' lang='lat' dir='ltr'><strong>Isaac</strong></span> <span class='ocrx_word' id='word_1_815' title='bbox 2693 4517 2948 4569; x_wconf 81' lang='lat' dir='ltr'><strong>habitavit</strong></span> <span class='ocrx_word' id='word_1_816' title='bbox 2986 4516 3054 4570; x_wconf 86' lang='lat' dir='ltr'><strong>ad</strong></span> <span class='ocrx_word' id='word_1_817' title='bbox 3085 4524 3298 4584; x_wconf 84' lang='lat' dir='ltr'><strong>puteum</strong></span> <span class='ocrx_word' id='word_1_818' title='bbox 3328 4513 3574 4568; x_wconf 75' lang='lat' dir='ltr'><strong>visionis.</strong></span> 
     </span>
    </p>
   </div>
   <div class='ocr_carea' id='block_1_105' title="bbox 2254 4629 3744 4701">
    <p class='ocr_par' dir='ltr' id='par_1_105' title="bbox 2254 4629 3744 4701">
     <span class='ocr_line' id='line_1_105' title="bbox 2254 4629 3744 4701; baseline -0.005 -15"><span class='ocrx_word' id='word_1_819' title='bbox 2254 4633 2307 4686; x_wconf 77' lang='grc'><strong>1.</strong></span> <span class='ocrx_word' id='word_1_820' title='bbox 2355 4632 2582 4701; x_wconf 85' lang='lat' dir='ltr'><strong>Semper</strong></span> <span class='ocrx_word' id='word_1_821' title='bbox 2614 4631 2770 4686; x_wconf 91' lang='lat' dir='ltr'><strong>nobis</strong></span> <span class='ocrx_word' id='word_1_822' title='bbox 2800 4641 3023 4685; x_wconf 89' lang='lat' dir='ltr'><strong>sanctus</strong></span> <span class='ocrx_word' id='word_1_823' title='bbox 3060 4631 3261 4685; x_wconf 83' lang='lat' dir='ltr'><strong>Paulus</strong></span> <span class='ocrx_word' id='word_1_824' title='bbox 3291 4629 3578 4700; x_wconf 87' lang='lat' dir='ltr'><strong>apostolus</strong></span> <span class='ocrx_word' id='word_1_825' title='bbox 3604 4641 3744 4682; x_wconf 83' lang='lat' dir='ltr'><strong>occa-</strong></span> 
     </span>
    </p>
   </div>
   <div class='ocr_carea' id='block_1_106' title="bbox 2180 4719 3741 4791">
    <p class='ocr_par' dir='ltr' id='par_1_106' title="bbox 2180 4719 3741 4791">
     <span class='ocr_line' id='line_1_106' title="bbox 2180 4719 3741 4791; baseline -0.005 -13"><span class='ocrx_word' id='word_1_826' title='bbox 2180 4723 2360 4778; x_wconf 87' lang='lat' dir='ltr'><strong>siones</strong></span> <span class='ocrx_word' id='word_1_827' title='bbox 2385 4723 2588 4790; x_wconf 72' lang='lat' dir='ltr'><strong>prmbet</strong></span> <span class='ocrx_word' id='word_1_828' title='bbox 2616 4721 2986 4791; x_wconf 58' lang='lat' dir='ltr'><strong>intelligentia</strong></span> <span class='ocrx_word' id='word_1_829' title='bbox 3017 4721 3298 4789; x_wconf 87' lang='lat' dir='ltr'><strong>spiritalis,</strong></span> <span class='ocrx_word' id='word_1_830' title='bbox 3331 4731 3384 4774; x_wconf 90' lang='lat' dir='ltr'><strong>et</strong></span> <span class='ocrx_word' id='word_1_831' title='bbox 3418 4735 3594 4790; x_wconf 85' lang='lat' dir='ltr'><strong>pauca</strong></span> <span class='ocrx_word' id='word_1_832' title='bbox 3619 4719 3741 4780; x_wconf 85' lang='lat' dir='ltr'><strong>licet,</strong></span> 
     </span>
    </p>
   </div>
   <div class='ocr_carea' id='block_1_107' title="bbox 2184 4813 3744 4882">
    <p class='ocr_par' dir='ltr' id='par_1_107' title="bbox 2184 4813 3744 4882">
     <span class='ocr_line' id='line_1_107' title="bbox 2184 4813 3744 4882; baseline -0.006 -12"><span class='ocrx_word' id='word_1_833' title='bbox 2184 4827 2364 4871; x_wconf 91' lang='lat' dir='ltr'><strong>tamen</strong></span> <span class='ocrx_word' id='word_1_834' title='bbox 2411 4816 2718 4870; x_wconf 86' lang='lat' dir='ltr'><strong>necessaria</strong></span> <span class='ocrx_word' id='word_1_835' title='bbox 2761 4815 3018 4869; x_wconf 86' lang='lat' dir='ltr'><strong>studiosis</strong></span> <span class='ocrx_word' id='word_1_836' title='bbox 3050 4814 3286 4868; x_wconf 92' lang='lat' dir='ltr'><strong>ostendit</strong></span> <span class='ocrx_word' id='word_1_837' title='bbox 3317 4814 3543 4878; x_wconf 89' lang='lat' dir='ltr'><strong>indicia,</strong></span> <span class='ocrx_word' id='word_1_838' title='bbox 3571 4813 3744 4882; x_wconf 87' lang='lat' dir='ltr'><strong>quibus</strong></span> 
     </span>
    </p>
   </div>
   <div class='ocr_carea' id='block_1_108' title="bbox 2179 4904 3746 4978">
    <p class='ocr_par' dir='ltr' id='par_1_108' title="bbox 2179 4904 3746 4978">
     <span class='ocr_line' id='line_1_108' title="bbox 2179 4904 3746 4978; baseline -0.003 -18"><span class='ocrx_word' id='word_1_839' title='bbox 2179 4911 2323 4978; x_wconf 90' lang='lat' dir='ltr'><strong>quod</strong></span> <span class='ocrx_word' id='word_1_840' title='bbox 2366 4909 2449 4961; x_wconf 79' lang='lat' dir='ltr'><strong>lex</strong></span> <span class='ocrx_word' id='word_1_841' title='bbox 2479 4907 2740 4976; x_wconf 88' lang='lat' dir='ltr'><strong>spiritalis</strong></span> <span class='ocrx_word' id='word_1_842' title='bbox 2770 4909 2859 4971; x_wconf 90' lang='lat' dir='ltr'><strong>sit,</strong></span> <span class='ocrx_word' id='word_1_843' title='bbox 2890 4907 2942 4959; x_wconf 93' lang='lat' dir='ltr'><strong>in</strong></span> <span class='ocrx_word' id='word_1_844' title='bbox 2977 4907 3229 4959; x_wconf 88' lang='lat' dir='ltr'><strong>omnibus</strong></span> <span class='ocrx_word' id='word_1_845' title='bbox 3261 4915 3617 4974; x_wconf 86' lang='lat' dir='ltr'><strong>agnoscatur.</strong></span> <span class='ocrx_word' id='word_1_846' title='bbox 3648 4904 3746 4971; x_wconf 90' lang='lat' dir='ltr'><strong>Ipse</strong></span> 
     </span>
    </p>
   </div>
   <div class='ocr_carea' id='block_1_109' title="bbox 2183 4995 3745 5072">
    <p class='ocr_par' dir='ltr' id='par_1_109' title="bbox 2183 4995 3745 5072">
     <span class='ocr_line' id='line_1_109' title="bbox 2183 4995 3745 5072; baseline -0.005 -19"><span class='ocrx_word' id='word_1_847' title='bbox 2183 5001 2351 5072; x_wconf 86' lang='lat' dir='ltr'><strong>igitur</strong></span> <span class='ocrx_word' id='word_1_848' title='bbox 2389 5000 2456 5052; x_wconf 92' lang='lat' dir='ltr'><strong>de</strong></span> <span class='ocrx_word' id='word_1_849' title='bbox 2479 4999 2757 5052; x_wconf 83' lang='lat' dir='ltr'><strong>Abraham</strong></span> <span class='ocrx_word' id='word_1_850' title='bbox 2797 5009 2851 5051; x_wconf 90' lang='lat' dir='ltr'><strong>et</strong></span> <span class='ocrx_word' id='word_1_851' title='bbox 2888 4995 3023 5050; x_wconf 90' lang='lat' dir='ltr'><strong>Sara</strong></span> <span class='ocrx_word' id='word_1_852' title='bbox 3054 4997 3340 5064; x_wconf 90' lang='lat' dir='ltr'><strong>disputans</strong></span> <span class='ocrx_word' id='word_1_853' title='bbox 3369 4997 3608 5064; x_wconf 87' lang='lat' dir='ltr'><strong>quodam</strong></span> <span class='ocrx_word' id='word_1_854' title='bbox 3645 4995 3745 5047; x_wconf 83' lang='lat' dir='ltr'><strong>loco</strong></span> 
     </span>
    </p>
   </div>
   <div class='ocr_carea' id='block_1_110' title="bbox 2182 5087 3746 5159">
    <p class='ocr_par' dir='ltr' id='par_1_110' title="bbox 2182 5087 3746 5159">
     <span class='ocr_line' id='line_1_110' title="bbox 2182 5087 3746 5159; baseline -0.006 -14"><span class='ocrx_word' id='word_1_855' title='bbox 2182 5093 2258 5145; x_wconf 88' lang='lat' dir='ltr'><strong>ait</strong></span> <span class='ocrx_word' id='word_1_856' title='bbox 2279 5090 2353 5146; x_wconf 72' lang='lat' dir='ltr'><strong>&quot;z</strong></span> <span class='ocrx_word' id='word_1_857' title='bbox 2387 5089 2532 5156; x_wconf 82' lang='lat' dir='ltr'><strong>Non,</strong></span> <span class='ocrx_word' id='word_1_858' title='bbox 2558 5090 2753 5159; x_wconf 90' lang='lat' dir='ltr'><strong>inquit,</strong></span> <span class='ocrx_word' id='word_1_859' title='bbox 2773 5088 3072 5156; x_wconf 77' lang='lat' dir='ltr'><strong>inﬁrmatus</strong></span> <span class='ocrx_word' id='word_1_860' title='bbox 3101 5087 3204 5156; x_wconf 80' lang='lat' dir='ltr'><strong>ﬁde</strong></span> <span class='ocrx_word' id='word_1_861' title='bbox 3231 5087 3588 5140; x_wconf 74' lang='lat' dir='ltr'><strong>consideravit</strong></span> <span class='ocrx_word' id='word_1_862' title='bbox 3611 5101 3746 5140; x_wconf 73' lang='lat' dir='ltr'><strong>suum</strong></span> 
     </span>
    </p>
   </div>
   <div class='ocr_carea' id='block_1_111' title="bbox 2179 5179 3743 5251">
    <p class='ocr_par' dir='ltr' id='par_1_111' title="bbox 2179 5179 3743 5251">
     <span class='ocr_line' id='line_1_111' title="bbox 2179 5179 3743 5251; baseline -0.008 -14"><span class='ocrx_word' id='word_1_863' title='bbox 2179 5199 2370 5251; x_wconf 75' lang='lat' dir='ltr'><strong>corpus</strong></span> <span class='ocrx_word' id='word_1_864' title='bbox 2403 5193 2711 5245; x_wconf 85' lang='lat' dir='ltr'><strong>emortuum,</strong></span> <span class='ocrx_word' id='word_1_865' title='bbox 2732 5197 2850 5234; x_wconf 81' lang='lat' dir='ltr'><strong>cum</strong></span> <span class='ocrx_word' id='word_1_866' title='bbox 2879 5179 2990 5248; x_wconf 78' lang='lat' dir='ltr'><strong>fere</strong></span> <span class='ocrx_word' id='word_1_867' title='bbox 3040 5187 3245 5232; x_wconf 82' lang='lat' dir='ltr'><strong>centum</strong></span> <span class='ocrx_word' id='word_1_868' title='bbox 3285 5193 3552 5230; x_wconf 85' lang='lat' dir='ltr'><strong>annorum</strong></span> <span class='ocrx_word' id='word_1_869' title='bbox 3591 5185 3743 5234; x_wconf 73' lang='grc' dir='ltr'><strong>εδεει,</strong></span> 
     </span>
    </p>
   </div>
   <div class='ocr_carea' id='block_1_112' title="bbox 2181 5269 3748 5341">
    <p class='ocr_par' dir='ltr' id='par_1_112' title="bbox 2181 5269 3748 5341">
     <span class='ocr_line' id='line_1_112' title="bbox 2181 5269 3748 5341; baseline -0.008 -8"><span class='ocrx_word' id='word_1_870' title='bbox 2181 5290 2228 5333; x_wconf 89' lang='lat' dir='ltr'><strong>et</strong></span> <span class='ocrx_word' id='word_1_871' title='bbox 2255 5288 2549 5332; x_wconf 85' lang='lat' dir='ltr'><strong>emortuam</strong></span> <span class='ocrx_word' id='word_1_872' title='bbox 2576 5276 2778 5329; x_wconf 82' lang='lat' dir='ltr'><strong>vulvam</strong></span> <span class='ocrx_word' id='word_1_873' title='bbox 2799 5273 2970 5328; x_wconf 75' lang='lat' dir='ltr'><strong>Sarw.</strong></span> <span class='ocrx_word' id='word_1_874' title='bbox 2990 5271 3140 5327; x_wconf 81' lang='lat' dir='ltr'><strong>Hunc</strong></span> <span class='ocrx_word' id='word_1_875' title='bbox 3157 5285 3288 5341; x_wconf 85' lang='lat' dir='ltr'><strong>ergo</strong></span> <span class='ocrx_word' id='word_1_876' title='bbox 3319 5286 3481 5340; x_wconf 86' lang='lat' dir='ltr'><strong>quem</strong></span> <span class='ocrx_word' id='word_1_877' title='bbox 3520 5270 3610 5326; x_wconf 89' lang='lat' dir='ltr'><strong>ille</strong></span> <span class='ocrx_word' id='word_1_878' title='bbox 3633 5269 3748 5323; x_wconf 88' lang='lat' dir='ltr'><strong>dicit</strong></span> 
     </span>
    </p>
   </div>
   <div class='ocr_carea' id='block_1_113' title="bbox 2283 5363 3747 5434">
    <p class='ocr_par' dir='ltr' id='par_1_113' title="bbox 2283 5363 3747 5434">
     <span class='ocr_line' id='line_1_113' title="bbox 2283 5363 3747 5434; baseline -0.008 -6"><span class='ocrx_word' id='word_1_879' title='bbox 2283 5374 2325 5406; x_wconf 73' lang='lat'>“</span> <span class='ocrx_word' id='word_1_880' title='bbox 2359 5373 2531 5428; x_wconf 82' lang='lat' dir='ltr'><strong>Exod.</strong></span> <span class='ocrx_word' id='word_1_881' title='bbox 2569 5387 2634 5425; x_wconf 90' lang='grc' dir='ltr'>ιι.</span> <span class='ocrx_word' id='word_1_882' title='bbox 2711 5366 2805 5421; x_wconf 78' lang='grc'>⁸³1</span> <span class='ocrx_word' id='word_1_883' title='bbox 2844 5370 2969 5424; x_wconf 79' lang='lat' dir='ltr'><strong>Cor.</strong></span> <span class='ocrx_word' id='word_1_884' title='bbox 3009 5384 3071 5434; x_wconf 87' lang='grc' dir='ltr'>ιι,</span> <span class='ocrx_word' id='word_1_885' title='bbox 3101 5367 3186 5421; x_wconf 77' lang='grc'><strong>14.</strong></span> <span class='ocrx_word' id='word_1_886' title='bbox 3263 5366 3310 5397; x_wconf 74' lang='grc'><strong>⁸³</strong></span> <span class='ocrx_word' id='word_1_887' title='bbox 3350 5366 3368 5420; x_wconf 91' lang='grc' dir='ltr'><strong>ι</strong></span> <span class='ocrx_word' id='word_1_888' title='bbox 3403 5366 3536 5421; x_wconf 88' lang='lat' dir='ltr'><strong>Cor.</strong></span> <span class='ocrx_word' id='word_1_889' title='bbox 3568 5363 3747 5432; x_wconf 70' lang='lat' dir='ltr'><strong>V1,“.</strong></span> 
     </span>
    </p>
   </div>
   <div class='ocr_carea' id='block_1_114' title="bbox 2253 5529 3748 5610">
    <p class='ocr_par' dir='ltr' id='par_1_114' title="bbox 2253 5529 3748 5610">
     <span class='ocr_line' id='line_1_114' title="bbox 2253 5529 3748 5610; baseline -0.007 -17"><span class='ocrx_word' id='word_1_890' title='bbox 2253 5539 2366 5610; x_wconf 73' lang='grc'><strong>(72)</strong></span> <span class='ocrx_word' id='word_1_891' title='bbox 2397 5534 2543 5610; x_wconf 78' lang='lat' dir='ltr'><strong>Alias</strong></span> <span class='ocrx_word' id='word_1_892' title='bbox 2562 5571 2578 5597; x_wconf 87' lang='lat'><strong>,</strong></span> <span class='ocrx_word' id='word_1_893' title='bbox 2611 5531 2840 5603; x_wconf 82' lang='lat' dir='ltr'><strong>objiciet.</strong></span> <span class='ocrx_word' id='word_1_894' title='bbox 2861 5571 2874 5585; x_wconf 95' lang='lat'><strong>.</strong></span> <span class='ocrx_word' id='word_1_895' title='bbox 2897 5574 2910 5586; x_wconf 95' lang='lat'><strong>.</strong></span> <span class='ocrx_word' id='word_1_896' title='bbox 2931 5569 2948 5586; x_wconf 91' lang='lat'><strong>.</strong></span> <span class='ocrx_word' id='word_1_897' title='bbox 2985 5541 3034 5586; x_wconf 85' lang='lat' dir='ltr'><strong>et</strong></span> <span class='ocrx_word' id='word_1_898' title='bbox 3069 5531 3416 5602; x_wconf 79' lang='lat' dir='ltr'><strong>conjungetur</strong></span> <span class='ocrx_word' id='word_1_899' title='bbox 3442 5529 3626 5586; x_wconf 74' lang='lat' dir='ltr'><strong>Isaac.</strong></span> <span class='ocrx_word' id='word_1_900' title='bbox 3655 5529 3748 5586; x_wconf 78' lang='lat' dir='ltr'><strong>Sed</strong></span> 
     </span>
    </p>
   </div>
   <div class='ocr_carea' id='block_1_115' title="bbox 2182 5607 2925 5666">
    <p class='ocr_par' dir='ltr' id='par_1_115' title="bbox 2182 5607 2925 5666">
     <span class='ocr_line' id='line_1_115' title="bbox 2182 5607 2925 5666; baseline -0.015 0"><span class='ocrx_word' id='word_1_901' title='bbox 2182 5607 2318 5666; x_wconf 80' lang='lat' dir='ltr'><strong>mss.</strong></span> <span class='ocrx_word' id='word_1_902' title='bbox 2350 5607 2408 5662; x_wconf 82' lang='lat' dir='ltr'><strong>ut</strong></span> <span class='ocrx_word' id='word_1_903' title='bbox 2437 5607 2488 5660; x_wconf 94' lang='lat' dir='ltr'><strong>in</strong></span> <span class='ocrx_word' id='word_1_904' title='bbox 2524 5615 2710 5658; x_wconf 86' lang='lat' dir='ltr'><strong>nostro</strong></span> <span class='ocrx_word' id='word_1_905' title='bbox 2759 5613 2925 5657; x_wconf 82' lang='lat' dir='ltr'><strong>textu.</strong></span> 
     </span>
    </p>
   </div>
   <div class='ocr_carea' id='block_1_116' title="bbox 2253 5672 3743 5751">
    <p class='ocr_par' dir='ltr' id='par_1_116' title="bbox 2253 5672 3743 5751">
     <span class='ocr_line' id='line_1_116' title="bbox 2253 5672 3743 5751; baseline -0.006 -17"><span class='ocrx_word' id='word_1_906' title='bbox 2253 5682 2366 5751; x_wconf 82' lang='lat'><strong>(7&#39;5)</strong></span> <span class='ocrx_word' id='word_1_907' title='bbox 2399 5676 2490 5751; x_wconf 88' lang='lat' dir='ltr'><strong>Sic</strong></span> <span class='ocrx_word' id='word_1_908' title='bbox 2525 5689 2680 5737; x_wconf 92' lang='lat' dir='ltr'><strong>mss.,</strong></span> <span class='ocrx_word' id='word_1_909' title='bbox 2713 5674 2843 5728; x_wconf 89' lang='lat' dir='ltr'><strong>editi</strong></span> <span class='ocrx_word' id='word_1_910' title='bbox 2872 5682 3358 5730; x_wconf 75' lang='lat' dir='ltr'><strong>verocomonantes</strong></span> <span class='ocrx_word' id='word_1_911' title='bbox 3389 5672 3658 5741; x_wconf 61' lang='grc' dir='ltr'><strong>[οἵην-ε..</strong></span> <span class='ocrx_word' id='word_1_912' title='bbox 3703 5710 3743 5727; x_wconf 85' lang='lat'><strong>..</strong></span> 
     </span>
    </p>
   </div>
   <div class='ocr_carea' id='block_1_117' title="bbox 2184 5750 2816 5814">
    <p class='ocr_par' dir='ltr' id='par_1_117' title="bbox 2184 5750 2816 5814">
     <span class='ocr_line' id='line_1_117' title="bbox 2184 5750 2816 5814; baseline -0.011 -7"><span class='ocrx_word' id='word_1_913' title='bbox 2184 5765 2236 5807; x_wconf 85' lang='lat' dir='ltr'><strong>ut</strong></span> <span class='ocrx_word' id='word_1_914' title='bbox 2265 5750 2563 5807; x_wconf 82' lang='lat' dir='ltr'><strong>inveniatur</strong></span> <span class='ocrx_word' id='word_1_915' title='bbox 2601 5761 2816 5814; x_wconf 73' lang='lat' dir='ltr'><strong>sponsa.</strong></span> 
     </span>
    </p>
   </div>
  </div>
