3902 6532
217 427 308 484 921

1424 421 1493 478 ΙΝ
1525 420 1845 477 (ΞΕΝΕΒΙΜι
1860 421 2143 479 HOMILIA
2173 421 2242 478 XI
2258 458 2273 473 .

3344 426 3452 481 22%

218 538 435 599 emortui
480 534 723 606 corporis
770 536 823 591 in
868 535 1185 593 centenario
1227 551 1495 594 annorum
1547 552 1773 594 numero
1802 538 1848 595 Δ
1877 545 2091 590 calores
2136 532 2317 605 porcis
2357 539 2770 601 comparantur,
2813 531 2903 603 qui
2942 532 2993 587 in
3037 534 3273 603 peccatis
3300 538 3449 592 velut

219 634 409 697 fuisse,
434 639 487 685 et
517 629 667 684 Isaac
716 628 890 699 magis
926 628 1283 684 virtute‘ﬁdei
1327 646 1489 701 quam
1527 631 1774 701 corporis

218 722 535 780 fecunditate
575 720 825 790 genuisse
852 760 867 785 ,
898 718 1183 790 Scriptura
1235 737 1381 778 nunc
1416 722 1585 777 refert
1616 739 1773 778 acce-

216 817 351 887 pisse
380 827 600 867 uxorem
629 811 924 866 Cethuram
959 813 1199 878 nomine,
1233 823 1289 869 et
1313 814 1451 869 ﬁlios
1474 828 1540 869 ex
1573 828 1635 869 ea
1663 814 1776 884 plu-

214 905 370 960 rimos
391 902 661 973 genuisse,
689 917 811 956 cum
837 901 951 957 fere
986 913 1206 958 centum
1235 905 1451 975 triginta
1489 912 1543 958 et
1565 914 1771 974 septem

215 997 477 1051 videretur
507 1009 797 1048 annorum.
833 994 967 1049 Nam
1005 996 1141 1051 Sara
1171 1012 1309 1051 uxor
1337 996 1453 1065 ejus
1483 997 1671 1051 decem
1706 996 1772 1051 ab

215 1103 275 1142 eo
303 1086 454 1140 annis
481 1084 668 1153 junior
706 1086 962 1140 scribitur
985 1127 1002 1151 ,
1038 1102 1159 1156 quae
1190 1089 1489 1143 centesimo
1516 1087 1772 1142 vicesimo

213 1184 263 1228 et
286 1172 510 1243 septimo
551 1186 694 1227 anno
725 1171 976 1227 defuncta
1008 1213 1022 1233 ,
1067 1174 1270 1230 indicat
1302 1174 1578 1228 Abraham
1614 1187 1774 1241 super

214 1276 417 1320 centum
444 1263 663 1334 triginta
686 1274 886 1334 septem
914 1279 1178 1319 annorum
1204 1265 1396 1331 fuisse,
1423 1281 1545 1320 cum
1569 1265 1770 1320 Cethu«

214 1370 320 1410 ram
348 1357 554 1424 accepit
581 1370 829 1410 uxorem.
874 1355 1011 1423 Quid
1043 1357 1215 1427 ergo?
1250 1370 1502 1428 putamus
1531 1358 1673 1427 quod
1717 1359 1770 1413 in

214 1457 350 1501 tanto
376 1446 682 1514 patriarcha
714 1461 809 1514 per
842 1448 979 1502 idem
1030 1456 1239 1516 tempus
1268 1450 1613 1504 incitamenta
1645 1464 1769 1502 car-

210 1539 286 1592 nis
326 1537 639 1606 viguerint?
697 1537 763 1591 Et
809 1538 901 1607 qui
952 1538 1078 1593 olim
1138 1540 1477 1595 naturalibus
1532 1542 1769 1595 motibus

208 1634 474 1682 emortuus
501 1628 723 1693 dicitur,
762 1644 900 1683 nunc
939 1629 1005 1683 ad
1041 1630 1319 1685 libidinem
1351 1629 1463 1702 (74)
1499 1630 1770 1688 redivivus

206 1717 502 1786 potabitur?
529 1716 636 1783 An,
667 1728 724 1772 ut
746 1734 887 1788 saepe
910 1720 1021 1787 jam
1042 1720 1303 1787 diximus,
1336 1725 1765 1791 patriarcharum

207 1810 435 1880 conjugia
467 1812 757 1879 mysticum
789 1812 1006 1882 aliquod
1044 1813 1292 1868 indicant
1327 1817 1769 1871 sacramentum?

208 1902 347 1957 Sicut
367 1911 418 1956 et
446 1901 563 1967 ille,
611 1904 701 1972 qui
732 1905 946 1959 dicebat
974 1907 1040 1961 de
1068 1907 1341 1977 sapientia
1374 1908 1451 1964 “z
1488 1910 1644 1963 Hanc
1672 1926 1766 1980 ego
1800 1883 1841 1938 Β

206 1995 411 2064 (agitavi
439 2010 657 2049 uxorem
685 1996 947 2051 adducere
988 1999 1139 2053 milii.
1181 1998 1452 2056 Fortassis
1487 2016 1621 2071 ergo
1653 2002 1766 2071 jam

208 2099 322 2143 tunc
349 2099 401 2145 et
424 2090 699 2145 Abraham
730 2094 908 2147 simile
938 2094 1142 2163 aliquid
1177 2096 1453 2166 cogitavit,
1487 2105 1540 2150 et
1573 2079 1766 2165 quani-

203 2183 279 2237 vis
300 2194 436 2237 esset
467 2183 708 2250 sapiens,
751 2184 855 2239 hoc
885 2185 998 2255 ipso
1030 2195 1208 2241 tamen
1239 2186 1463 2253 sciebat,
1501 2189 1646 2259 quod
1680 2204 1768 2242 sa-

203 2272 402 2344 pientia:
418 2274 598 2330 nullus
624 2285 705 2331 est
728 2276 871 2343 ﬁnis,
906 2294 1002 2333 uec
1033 2278 1272 2334 discendi
1304 2279 1592 2334 terminum
1620 2296 1769 2337 sene.

204 2372 311 2419 ctus
349 2365 596 2434 imponit.
634 2365 733 2432 Qui
782 2367 924 2421 enim
958 2370 1245 2424 consuevit
1281 2384 1345 2425 eo
1390 2369 1548 2424 modo
1583 2368 1765 2425 sortiri

202 2456 623 2521 matrimonium,
650 2472 756 2527 quo
780 2459 846 2512 de
877 2460 992 2529 ipso
1020 2461 1272 2529 superius
1303 2461 1685 2529 indicavimus,
1712 2462 1765 2517 id

208 2555 283 2600 cst
323 2547 410 2615 qui
444 2548 710 2601 virtutem
746 2549 945 2604 habere
978 2552 1031 2605 in
1064 2552 1318 2622 coujugio
1357 2554 1522 2619 solet,
1549 2555 1765 2623 quando

203 2646 363 2706 potest
388 2640 454 2694 ab
478 2638 857 2711 hujuscemodi
886 2658 1101 2699 cessare
1129 2644 1421 2715 conjugio?
1450 2647 1598 2700 Sarae
1622 2662 1767 2700 nam-

202 2742 297 2798 que
321 2730 592 2796 dormitio,
625 2733 840 2788 virtutis
866 2744 948 2789 cst
974 2736 1318 2805 intelligenda
1344 2740 1761 2793 consummatio.

202 2823 292 2887 Qui
353 2838 475 2878 vero
520 2835 912 2881 consummata:
956 2839 1010 2882 et
1067 2828 1319 2897 perfecta:
1369 2830 1589 2884 virtutis
1640 2840 1762 2899 est,

202 2929 400 2984 semper
424 2931 649 2971 necesse
679 2928 759 2972 est
787 2928 844 2971 ut
877 2919 929 2972 in
964 2920 1142 2989 aliqua
1167 2922 1469 2978 eruditione
1496 2936 1760 2981 versetur.

203 3000 358 3066 Quam
408 3004 771 3057 eruditionem
832 3004 1112 3075 conjugem
1167 3008 1287 3077 ejus
1321 3025 1503 3065 sermo
1546 3011 1763 3067 divinus

1876 628 1929 680 in
1959 634 2200 681 stercore
2252 623 2421 679 fetido
2451 623 2786 678 volutantur.
2830 624 2895 677 Et
2927 624 3090 680 David
3120 639 3183 679 ex
3219 641 3445 696 persmia

1874 718 2182 787 peccatoris
2228 716 2548 787 pmnitentis
2597 716 2725 770 dicit
2771 715 2814 747 ⁵¹
2848 733 2861 769 :
2901 714 3342 787 Computruerunt
3394 731 3442 773 et

1874 826 2041 865 exesw
2067 819 2187 863 sunt
2217 810 2486 862 cicatrices
2528 824 2676 862 mere.
2995 785 3013 804 ⁸

1944 904 1998 956 2.
2030 902 2085 956 Si
2113 902 2235 971 quis
2258 916 2389 970 ergo
2420 910 2664 953 vestrum
2701 907 2784 953 est
2807 939 2821 963 ,
2860 900 2911 954 in
2936 914 3042 970 quo
3075 902 3209 955 odor
3236 900 3444 970 peccati

1867 993 1979 1063 jam
2013 994 2192 1048 nullus
2224 1002 2341 1057 est,
2375 993 2465 1047 sed
2499 993 2633 1046 odor
2656 990 2878 1060 iustitiae
2902 1031 2915 1055 ,
2948 993 3187 1047 suavitas
3224 993 3445 1047 miseri-

1874 1085 2091 1149 cordiae,
2123 1086 2166 1139 si
2198 1084 2319 1153 quis
2345 1085 2462 1138 sine
2500 1083 2901 1138 intermissione
2933 1086 3136 1139 orando
3163 1085 3317 1139 offert
3351 1087 3447 1141 Do-

1874 1177 2022 1233 mino
2059 1190 2273 1246 semper
2304 1177 2609 1239 incensum,
2638 1180 2691 1227 et
2724 1173 2856 1228 dicit
2878 1176 2924 1205 δ’
2952 1192 2965 1228 :
3005 1174 3284 1244 Dirigatur
3309 1192 3434 1228 ora-

1874 1270 1944 1322 tio
1982 1284 2096 1321 mea
2145 1268 2277 1321 sicut
2328 1268 2593 1321 incensum
2626 1269 2680 1320 in
2732 1274 3011 1335 conspectu
3051 1277 3139 1319 tuo
3165 1307 3179 1330 ,
3229 1266 3443 1319 elet'atio

1874 1374 2125 1411 manuum
2173 1373 2407 1411 mearum
2436 1358 2759 1424 sacriﬁcium
2798 1358 3140 1426 vespertinum
3165 1397 3179 1421 ,
3224 1356 3311 1409 hic
3341 1354 3444 1409 Ce-

1874 1450 2089 1504 thuram
2122 1450 2274 1504 duxit
2305 1465 2551 1504 uxorem.
2594 1451 2686 1505 Sic
2712 1465 2842 1520 ergo
2885 1464 3072 1503 senum
3123 1447 3338 1516 nuptias
3369 1445 3447 1499 in-

1871 1543 2159 1611 terpretari
2206 1541 2419 1611 dignius
2455 1551 2582 1610 puto
2608 1583 2623 1606 ,
2664 1542 2742 1596 sic
2789 1542 3015 1610 pulchre
3049 1538 3179 1595 iuita
3216 1537 3447 1607 patriar-

1871 1636 2097 1690 charum
2132 1635 2185 1689 in
2216 1635 2403 1689 ultima
2432 1635 2537 1704 iam
2565 1644 2622 1688 et
2650 1634 2854 1688 defecta
2879 1642 3036 1688 astate
3063 1631 3332 1701 conjugia,
3365 1631 3445 1685 sic

1870 1726 2208 1780 necessarias
2240 1725 2471 1779 ﬁliorum
2514 1724 2924 1794 procreationes
2962 1723 3215 1776 existimo
3248 1735 3442 1775 nume-

1872 1819 2087 1872 randas.
2119 1818 2197 1870 Ad
2237 1817 2369 1871 tales
2396 1818 2540 1871 enim
2568 1819 2782 1887 nuptias
2808 1826 2858 1871 et
2890 1813 3260 1883 hujuscemodi
3293 1813 3445 1867 sobo-

1872 1911 2020 1978 lem,
2074 1927 2179 1965 non
2220 1911 2289 1964 ita
2327 1910 2554 1979 juvenes
2588 1920 2646 1964 ut
2685 1924 2843 1964 senes
2875 1910 2985 1979 apti
3035 1916 3182 1962 sunt.
3231 1905 3444 1971 Quanto

1871 2005 2015 2059 enim
2051 2004 2175 2073 quis
2222 2020 2389 2057 carue
2421 2002 2540 2071 plus
2580 2001 2752 2057 fessus
2799 2011 2910 2063 est,
2950 2008 3098 2053 tanto
3143 1998 3246 2053 erit
3277 1997 3442 2050 animi

1871 2100 2069 2152 virtute
2108 2095 2386 2150 robustior
2412 2136 2426 2160 ,
2456 2105 2510 2150 et
2541 2094 2816 2162 sapientiae
2844 2091 3209 2161 complexibus
3248 2091 3442 2159 aptior.

1872 2190 1964 2247 Sic
2007 2199 2059 2245 et
2083 2190 2170 2244 ille
2212 2188 2266 2243 iu
2312 2188 2610 2257 Scripturis
2642 2188 2687 2218 ⁵³
2720 2188 3000 2257 vit-justus
3043 2185 3277 2238 Elchana
3309 2184 3444 2237 duas

1870 2285 2030 2340 simul
2082 2285 2319 2339 refertur
2348 2282 2602 2337 habuisse
2650 2296 2880 2347 uxores,
2927 2294 3153 2349 quarum
3203 2293 3305 2331 una
3342 2278 3446 2330 Fe-

1871 2391 2088 2443 neuua,
2139 2375 2241 2428 alia
2310 2375 2463 2427 Anna
2531 2371 2854 2432 dicebatur,
2910 2370 2962 2423 id
3016 2377 3099 2423 est
3159 2366 3444 2422 conversio

1870 2480 1925 2525 et
1982 2468 2154 2538 gratia
2204 2465 2340 2539 (76).
2384 2465 2449 2518 Et
2492 2465 2666 2532 primo
2706 2462 2921 2531 quidem
2982 2459 3179 2513 dicitur
3228 2460 3292 2513 de
3341 2458 3445 2512 Fe-

1871 2577 2047 2616 nenua
2093 2560 2232 2613 ﬁlios
2286 2557 2613 2625 suscepisse,
2660 2555 2713 2609 id
2755 2563 2837 2608 est
2877 2554 2944 2608 dc
2982 2552 3354 2614 conversione,
3387 2558 3444 2603 et

1868 2653 2209 2727 postmodum
2273 2653 2337 2706 de
2380 2652 2569 2711 Anna,
2625 2663 2743 2718 quin
2790 2657 2872 2702 est
2922 2646 3115 2715 gratia.
3161 2642 3443 2697 Profectus

1867 2747 2065 2802 etenim
2111 2754 2425 2799 sanctorum
2472 2743 2749 2810 Scriptura
2821 2738 3118 2809 ﬁguraliter
3176 2750 3271 2806 per
3313 2749 3444 2788 con-

1861 2839 2009 2909 jugia
2056 2838 2322 2906 designat.
2367 2835 2521 2891 Unde
2564 2843 2615 2887 et
2656 2844 2708 2887 tu
2739 2841 2913 2901 potes,
2950 2832 2992 2885 si
3034 2832 3139 2895 vis,
3193 2829 3445 2898 hujusce-

1867 2931 2012 2987 modi
2044 2930 2361 2999 nuptiarum
2397 2927 2624 2980 maritus
2649 2924 2937 2988 exsistere,
2979 2930 3052 2989 et,
3080 2919 3228 2974 verbi
3256 2933 3442 2985 causa,

1865 3027 1908 3081 si
1962 3021 2382 3092 hospitalitatem
2426 3018 2657 3071 libenter
2693 3029 2936 3076 exerces,
2988 3013 3125 3066 hanc
3171 3010 3269 3064 tibi
3314 3022 3446 3062 con-

202 3093 434 3162 θρρευειιο
461 3095 772 3151 Secundum
801 3098 901 3152 hoc
930 3109 1059 3166 ρυιο
1090 3102 1231 3169 quod
1264 3112 1317 3157 et
1343 3102 1393 3156 in
1418 3102 1535 3173 lese
1567 3106 1761 3161 caelatis
1858 3116 2041 3185 jugem
2096 3111 2365 3167 videberis
2427 3107 2811 3176 assumpsisse.
2876 3102 3012 3156 lluic
3070 3101 3113 3155 si
3169 3097 3445 3153 addideris

201 3195 249 3239 ct
277 3187 466 3243 sterilis
492 3189 783 3245 maledicto
820 3190 1091 3257 subjacet.
1126 3193 1267 3247 Dicit
1299 3198 1479 3251 enim:
1536 3198 1765 3252 Maledi-
1791 3271 1824 3279 _
1858 3221 2151 3279 pauperum
2213 3218 2395 3257 curam
2444 3239 2459 3265 ,
2518 3199 2810 3254 secundam
2877 3193 3153 3249 videberis
3216 3192 3444 3245 SOI‘lilUS

202 3289 303 3333 ctus
324 3281 409 3349 qui
438 3298 540 3335 non
572 3282 837 3353 reliquerit
864 3300 1036 3339 semen
1068 3286 1121 3338 in
1158 3284 1350 3344 Israel.
1384 3288 1535 3355 Quod
1568 3292 1612 3345 si
1644 3294 1755 3347 haec
1784 3271 1827 3327 (ἶ
1862 3271 2110 3355 “um-rem,
2142 3294 2298 3361 Quod
2325 3294 2369 3347 si
2412 3301 2466 3346 et
2506 3291 2822 3360 patientiam
2853 3287 2949 3341 tibi
2973 3286 3172 3355 jungas
3208 3292 3262 3340 et
3292 3299 3443 3337 ma..-

202 3372 261 3425 de
291 3374 489 3427 carnali
535 3376 745 3430 semine
779 3375 882 3430 dici
926 3386 1223 3445 putentur,
1271 3394 1459 3435 omnes
1498 3381 1757 3437 Ecclesia:

201 3462 420 3532 virgines
452 3467 557 3520 sub
608 3468 892 3523 maledicto
930 3470 1117 3538 posita:
1149 3471 1496 3527 videbuntur.
1532 3476 1597 3529 Et
1627 3476 1756 3544 quid

202 3556 259 3609 de
281 3557 524 3613 Ecclesiae
558 3558 854 3628 virginibus
883 3563 1035 3617 dico?
1067 3562 1186 3634 Ipse
1215 3562 1470 3633 Joannes,
1501 3582 1609 3636 quo
1641 3584 1758 3621 ma-

197 3644 274 3712 jor
298 3647 431 3701 inter
467 3660 628 3705 natos
659 3652 942 3707 mulierum
975 3670 1135 3710 nemo
1169 3656 1270 3710 fuit
1299 3656 1374 3721 ‘7,
1414 3667 1469 3711 et
1499 3658 1588 3711 alii
1632 3674 1758 3712 sau-

202 3747 391 3795 rtorum
419 3742 639 3809 plurimi
664 3783 679 3806 ,
707 3759 889 3799 semen
912 3751 1206 3803 secundum
1234 3764 1452 3803 carnem
1492 3766 1594 3805 non
1628 3753 1756 3805 rcli-

203 3842 440 3899 quarunt,
466 3836 666 3904 quippe
696 3836 784 3904 qui
824 3852 924 3891 nec
954 3839 1140 3893 iniisse
1166 3840 1381 3909 quidem
1409 3842 1755 3897 matrimonia

202 3924 514 3981 referuntur.
553 3927 661 3983 Sed
697 3937 753 3983 et
787 3939 994 3984 certum
1029 3941 1112 3985 est
1150 3931 1269 3987 illos
1301 3934 1544 4000 spiritale
1573 3950 1755 3988 semen

201 4026 246 4067 et
262 4017 525 4085 Spiritalcs
556 4020 697 4075 ﬁlios
717 4020 1024 4088 reliquisse,
1042 4032 1096 4077 et
1121 4023 1375 4079 habuisse
1400 4041 1757 4094 unumquem-

196 4121 289 4175 que
340 4109 626 4181 conjugcm
679 4113 1037 4182 sapientiam,
1101 4115 1240 4172 sicut
1296 4128 1355 4172 et‘
1406 4120 1604 4179 Paulus
1661 4140 1757 4194 per

195 4197 524 4269 Evangelium
568 4204 707 4258 ﬁlios
745 4206 1037 4276 generabat
1065 4206 1127 4259 ‘3.
1167 4208 1390 4279 Accepit
1427 4229 1554 4284 ergo
1591 4231 1756 4275 senex

195 4293 406 4346 emortui
444 4295 559 4364 jam
608 4298 850 4366 corporis
879 4298 1152 4353 Abraham
1187 4299 1477 4357 Cethuram
1510 4322 1754 4367 uxorem.

202 4379 302 4450 Ego
331 4392 455 4452 puto
491 4387 789 4442 secundum
822 4388 982 4456 hanc,
1018 4406 1178 4462 quam
1209 4408 1369 4463 supra
1408 4399 1757 4464 exposuimus

204 4473 471 4541 rationem,
499 4479 646 4547 quod
676 4480 867 4535 melius
895 4491 1020 4538 tunc
1056 4500 1193 4538 uxor
1216 4486 1507 4555 accipitur,
1540 4490 1758 4556 quando

203 4575 490 4623 emortuum
559 4586 758 4640 c0rpus
814 4583 933 4641 est,
993 4577 1210 4645 quando
1258 4578 1585 4635 mortiﬁcata
1633 4591 1757 4634 sunt

204 4662 445 4717 membra.
472 4661 644 4731 Major
666 4667 809 4719 enim
832 4669 898 4720 ad
928 4668 1248 4736 sapientiam
1279 4669 1533 4725 sensibus
1560 4672 1759 4727 nostris

200 4753 454 4817 capacitas
482 4755 594 4825 9o
619 4755 779 4823 inest,
806 4760 1023 4828 quando
1045 4761 1394 4817 mortiﬁcatio
1417 4762 1619 4817 Christi
1652 4765 1759 4819 cir-

202 4842 486 4900 cumfertur
534 4848 591 4901 in
626 4864 852 4919 corpore
901 4862 1090 4907 nostro
1137 4854 1353 4908 mortali
1405 4854 1472 4910 ‘9.
1517 4856 1760 4925 Denique

200 4932 421 4993 Cetbura
450 4954 614 5008 quam
647 4956 790 4997 nunc
816 4957 979 4998 senex
1000 4945 1277 4999 Abraham
1306 4946 1531 5001 sortitur
1557 4948 1608 5001 in
1641 4965 1757 5001 rna-

202 5027 494 5084 trimonium
515 5069 533 5097 ,
565 5032 854 5102 thymiama
905 5035 1297 5104 interpretatur
1330 5036 1473 5108 (75),
1504 5039 1645 5107 quod
1676 5047 1758 5092 est

200 5115 465 5175 incensum
499 5162 516 5188 ,
549 5124 633 5178 vel
684 5124 855 5180 bonus
882 5126 1036 5180 odor.
1080 5128 1147 5181 Et
1192 5129 1306 5198 ipse
1354 5130 1497 5183 enim
1546 5129 1758 5183 dicebat

204 5211 328 5267 sicut
356 5214 555 5271 Paulus
582 5218 719 5272 dixit
745 5219 810 5284 ⁸ο,
836 5219 961 5289 quia
992 5220 1191 5275 Christi
1215 5223 1379 5276 bonus
1402 5223 1533 5276 odor
1557 5238 1760 5276 sumus.

202 5304 465 5371 Quomodo
506 5320 687 5363 autem
736 5313 857 5380 quis
900 5313 1103 5368 Christi
1132 5315 1306 5370 bonus
1349 5315 1484 5370 odor
1513 5315 1762 5380 efﬁcitur,

202 5396 482 5455 videamus.
531 5401 820 5458 Peccatum
870 5419 958 5459 res
997 5412 1080 5460 est
1128 5404 1312 5462 fetida.
1369 5407 1607 5477 Denique
1639 5423 1763 5478 pec-

259 5511 456 5587 “_Sa_p.
491 5530 613 5581 vrtt,
642 5516 694 5572 9.
774 5518 1024 5574 "Matth.
1056 5536 1135 5587 xi,
1170 5521 1253 5575 12.

197 5578 247 5635 6.
312 5584 356 5616 ⁸¹
384 5578 524 5640 Psal.
550 5578 691 5653 cht,
728 5588 780 5641 ἓ.
858 5591 904 5621 ⁸³
934 5590 954 5643 1
985 5578 1188 5660 llr-git.

261 5676 366 5756 (7i)
396 5679 473 5732 Ita
511 5697 643 5756 mss.
671 5684 826 5756 editi,
880 5702 910 5738 a
940 5685 1178 5743 libidine.
1228 5686 1396 5743 Paulo
1430 5698 1546 5756 post
1578 5689 1705 5744 editi
1738 5730 1752 5753 ,

202 5750 454 5821 mysticum
483 5752 683 5821 aliquid
712 5754 952 5809 indicant
984 5768 1031 5810 et
1072 5770 1361 5813 sacratum.
1398 5750 1503 5814 δ’θά
1540 5775 1668 5815 mss.
1698 5750 1756 5813 ut

203 5828 249 5867 111
284 5830 461 5873 11031Γο
496 5832 664 5876 textu.

262 5885 365 5960 (75)
418 5891 652 5948 Cethura
712 5895 998 5966 thymiama
1045 5899 1435 5969 interpretatur
1496 5916 1523 5955 a
1576 5901 1756 5956 radice

1331 5520 1373 5553 ’⁵³
1404 5520 1420 5573 1
1450 5522 1574 5575 Cor.
1605 5538 1675 5586 iv,
1715 5522 1800 5576 15.
1842 5522 1887 5553 δ’
1911 5520 1950 5576 ll
1980 5521 2106 5576 Cor.
2148 5535 2219 5586 tv,
2257 5518 2345 5574 10.

1264 5591 1309 5623 ⁸⁵
1339 5592 1402 5645 111
1431 5592 1665 5662 Paralip.
1696 5595 1850 5658 1,12.

1864 3390 2229 3451 suetudinem,
2276 3394 2612 3452 caeterasque
2654 3382 2903 3443 virtutes,
2948 3389 3027 3434 tot
3053 3379 3321 3433 videberis
3355 3393 3446 3432 ac-

1864 3485 2074 3552 cepisse
2120 3492 2342 3539 uxores,
2391 3482 2525 3543 quot
2566 3472 2861 3525 virtutibus
2901 3470 3123 3540 gaudes.
3152 3468 3280 3523 lude
3316 3483 3445 3537 ergo

1862 3586 1946 3631 est
2001 3574 2142 3641 quod
2194 3566 2481 3622 nonnullos
2538 3564 2973 3633 patriarcharum
3038 3560 3199 3613 simul
3260 3561 3445 3627 plures

1865 3666 2117 3721 habuisse
2160 3659 2439 3728 coniuges,
2487 3657 2622 3711 alios
2666 3654 2938 3710 defunctis
2983 3652 3257 3722 prioribus
3288 3668 3444 3707 acce-

1862 3762 2009 3831 pisse
2084 3756 2262 3820 alias,
2336 3750 2618 3820 Scriptura
2690 3757 3081 3803 commemorat
3134 3764 3149 3799 :
3202 3754 3261 3799 ut
3313 3744 3440 3799 illud

1866 3851 2163 3923 ﬁguraliter
2193 3847 2484 3908 indicetur,
2516 3841 2657 3911 quod
2683 3841 2899 3910 quidam
2938 3839 3117 3907 plures
3141 3836 3296 3892 simul
3322 3850 3445 3906 pos-

1867 3953 1994 4000 sunt
2040 3952 2299 3995 exercere
2363 3936 2636 3998 virtutes,
2690 3931 2780 3985 alii
2829 3946 2934 3984 non
2992 3930 3140 3999 prius
3195 3943 3313 3998 qua:
3355 3942 3444 3982 se-

1863 4043 2103 4107 quuntur
2156 4030 2395 4099 incipere
2430 4067 2444 4091 ,
2506 4040 2664 4096 quam
2730 4022 2912 4091 priora
2974 4020 3329 4088 perduxerint
3373 4019 3441 4072 ad

1865 4126 2190 4196 perfectum.
2222 4122 2348 4176 Inde
2378 4119 2613 4187 denique
2654 4115 2909 4172 Salomon
2953 4113 3131 4181 plures
3156 4111 3318 4166 simul
3348 4110 3444 4163 ha-

1865 4220 2046 4275 buisse
2093 4215 2328 4271 refertur
2373 4226 2569 4265 uxores
2604 4250 2619 4273 ,
2666 4209 2750 4263 cui
2794 4208 3008 4262 dixerat
3050 4204 3312 4259 Dominus
3350 4202 3438 4253 διε

1867 4304 2087 4374 Sapiens
2122 4310 2242 4355 ante
2283 4311 2329 4353 te
2373 4316 2475 4352 non
2523 4300 2620 4365 fuit
2667 4297 2826 4360 talis,
2854 4305 2899 4349 et
2943 4304 3056 4363 post
3102 4305 3149 4347 te
3192 4308 3293 4347 non
3320 4292 3437 4345 erit.

1866 4394 2002 4460 Quia
2043 4408 2173 4463 ergo
2215 4392 2439 4446 dederat
2495 4392 2541 4443 ei
2588 4390 2845 4443 Dominus
2886 4386 3278 4440 multitudinem
3315 4399 3441 4452 pru-

1866 4488 2064 4542 dentia:
2091 4528 2105 4553 ,
2145 4487 2288 4541 sicut
2334 4501 2499 4539 arena
2546 4495 2628 4538 est
2677 4483 2886 4546 maris,
2941 4490 2999 4535 ut
3037 4479 3306 4548 judicarct
3344 4492 3442 4547 po-

1868 4583 2049 4653 pulum
2092 4597 2246 4637 suum
2295 4580 2347 4634 in
2396 4579 2698 4648 sapientia,
2749 4576 2871 4631 ideo
2915 4575 3095 4645 plures
3137 4574 3301 4628 simul
3349 4587 3438 4643 po-

1865 4685 2009 4731 terat
2054 4688 2311 4730 exercere
2371 4672 2618 4726 virtutes.
2687 4670 2829 4725 Sane
2874 4679 3073 4739 praeter
3113 4667 3249 4733 hoc,
3298 4667 3439 4735 quod

1866 4785 1932 4823 ex
1969 4768 2087 4837 lege
2122 4766 2215 4820 Dei
2260 4767 2586 4828 edocemur,
2635 4765 2681 4816 si
2724 4763 2889 4818 etiam
2932 4778 2999 4818 ex
3041 4759 3126 4816 his
3174 4759 3441 4814 eruditio-

1866 4861 2058 4922 nibus,
2103 4872 2222 4925 qua:
2267 4855 2608 4909 extrinsecus
2653 4854 2907 4907 videntur
2951 4868 3071 4907 esse
3119 4852 3170 4906 in
3220 4849 3439 4913 saeculo,

1827 4938 2075 5019 Ialiquas
2116 4949 2486 5018 contigimus;
2536 4947 2685 4999 verbi
2730 4961 2917 5009 causa,
2970 4955 3029 4999 ut
3073 4953 3157 4999 est
3206 4943 3442 5013 eruditio

1866 5043 2192 5104 litterarum,
2219 5041 2299 5095 vel
2336 5040 2468 5093 artis
2487 5038 2889 5108 grammatica},
2918 5046 2976 5091 ut
2998 5046 3081 5092 est
3113 5038 3440 5104 geometrica

1866 5137 2139 5202 doctrina,
2185 5135 2269 5188 vel
2315 5133 2456 5187 ratio
2509 5147 2883 5198 numerorum,
2928 5130 3012 5185 vel
3057 5131 3220 5185 etiam
3269 5129 3440 5184 diale-

1866 5232 2004 5282 ctica
2046 5225 2373 5295 disciplina;
2426 5233 2481 5278 et
2524 5225 2635 5277 lucc
2681 5224 2862 5278 omnia
2914 5222 3255 5276 extrinsecus
3295 5234 3441 5285 quae-

1868 5318 2010 5381 sita,
2066 5316 2133 5371 ad
2194 5324 2379 5370 nostra
2439 5313 2687 5368 instituta
2737 5313 3124 5382 perducimus,
3175 5320 3340 5377 atque
3384 5309 3439 5361 in

1869 5409 2227 5465 assertionem
2278 5415 2480 5462 nostrae
2531 5405 2665 5476 legis
2715 5404 3037 5460 asciscimus
3065 5442 3080 5468 ,
3122 5412 3249 5456 tunc
3290 5400 3441 5455 vide-

2421 5520 2466 5550 ⁵⁰
2496 5518 2534 5572 ll
2562 5516 2688 5573 Cor.
2718 5533 2779 5582 ll,
2805 5516 2893 5571 15.
2992 5515 3035 5546 “
3062 5513 3203 5569 Psal.
3230 5528 3436 5579 xxxvii,

1861 5688 2293 5772 "caecam.
2323 5683 2802 5772 "deterit-91W“:

1935 5759 2045 5823 (76l
2095 5751 2345 5811 Feuc'uua
2395 5758 2594 5809 dicitur
2642 5751 2862 5822 Urigeni
2901 5751 3165 5804 conversio
3193 5765 3223 5805 a
3266 5753 3437 5807 verbo

1867 5838 1996 5890 MD.
2039 5830 2261 5893 aspexit,
2309 5826 2581 5886 convertit,
2621 5827 2776 5877 Atina
2821 5837 2949 5875 vero
2982 5824 3152 5891 gratia
3194 5840 3222 5877 a
3257 5824 3436 5879 radice

1869 5909 2005 5984 ηη,
2027 5899 2250 5969 gratiam
2279 5896 2403 5966 fecit
2424 5936 2438 5963 ,
2472 5897 2783 5954 misericors,
2812 5896 3073 5962 gratiosus
3102 5893 3224 5963 fuit.
