3902 6550
436 420 542 477 2°23

1933 418 2248 477 ORIGENlS

3564 428 3662 483 2'2!

439 541 619 595 binmr
658 537 740 591 vel
773 536 1102 606 alienigenas
1139 537 1189 590 in
1237 536 1648 592 matrimonium
1696 541 2012 608 sumpsisse,
2048 546 2086 598 Α
2123 538 2286 590 donet
2317 535 2455 589 hanc
2489 534 2945 600 benedictionem,
2996 545 3052 590 ut
3087 536 3333 593 habitare
3369 554 3573 594 merear
3609 563 3666 597 at.

439 631 523 687 vel
562 633 724 701 etiam
769 629 1129 684 concubinas.
1181 631 1246 684 Et
1287 633 1331 686 si
1371 632 1439 686 tle
1488 632 1853 700 hujuscemodi
1883 647 2010 687 con-

435 725 596 794 jugiis
636 723 992 801 disputando,
1035 723 1348 778 disserendo
1391 725 1525 793 (77),
1571 726 2011 780 contradicentes

438 814 843 883 redarguendo,
908 826 1229 870 convertere
1295 817 1506 886 aliquos
1576 819 1876 886 poterimus
1941 819 2009 872 ad

439 905 616 967 ﬁdem,
658 913 713 958 et
761 905 805 958 si
851 907 966 960 suis
1011 922 1104 961 eos
1145 907 1446 961 rationibus
1487 918 1541 961 et
1589 909 1796 961 artibus
1846 924 2010 977 supc-

438 1004 654 1062 rantes,
690 1012 871 1050 veram
909 999 1306 1067 philosophiam
1353 1000 1550 1054 (,Zhristi
1596 1012 1650 1053 et
1675 1016 1856 1055 veram
1895 1003 2010 1070 pie-

441 1095 600 1140 tatem
630 1089 720 1141 Dei
755 1091 1033 1157 suscipere
1063 1093 1425 1146 suaserimus:
1473 1105 1600 1149 tunc
1622 1111 1687 1149 ev
1723 1097 2007 1150 dialectica

435 1179 521 1231 vel
568 1181 838 1234 rhetorica
890 1183 1195 1236 videbimur
1239 1186 1390 1252 quasi
1434 1202 1498 1240 ex
1547 1188 1845 1257 alienigena
1884 1205 2010 1258 qua-

436 1270 556 1322 dam
589 1312 602 1335 ,
663 1273 748 1326 vel
791 1275 1135 1340 concubina,
1193 1276 1333 1329 ﬁlios
1387 1280 1662 1347 genuisse.
1714 1281 1884 1350 Igitur
1943 1283 2008 1334 ad

441 1364 574 1419 tales
622 1368 836 1435 nuptias
867 1409 880 1433 ,
925 1369 1006 1420 vel
1064 1369 1128 1422 ad
1175 1369 1550 1438 hujuscemodi
1605 1373 1744 1427 ﬁlios
1788 1389 2009 1442 procre-

438 1457 643 1520 andos,
684 1472 779 1526 per
825 1471 1099 1514 senectam
1157 1463 1331 1516 nullus
1381 1465 1710 1526 excluditur,
1761 1466 1866 1518 imo
1913 1482 2005 1534 po-

443 1547 546 1601 tius
589 1550 700 1602 luec
731 1565 879 1603 casta
929 1555 1211 1623 progenies
1260 1565 1486 1609 maturae
1526 1558 1669 1610 :etati
1717 1559 1835 1627 plus
1876 1573 2007 1612 con-

438 1641 604 1693 venit.
643 1642 793 1694 Sicut
836 1654 892 1698 et
935 1662 1072 1700 nunc
1110 1647 1380 1701 Abraham
1423 1649 1746 1718 grandazvus
1775 1690 1790 1713 ,
1840 1659 1916 1713 et,
1950 1660 2006 1704 ut

441 1731 720 1802 Scriptura
755 1736 887 1789 dicit
908 1738 954 1769 ³⁵
981 1778 994 1800 ,
1015 1755 1173 1792 aenea:
1193 1740 1441 1810 etplenus
1476 1743 1680 1796 dierum
1712 1743 2004 1799 Cethttram

439 1825 586 1904 ducit
623 1842 868 1881 uxorem.
905 1830 1008 1884 Sed
1062 1848 1126 1885 ne
1163 1833 1260 1887 hoc
1295 1834 1507 1902 quidem
1551 1835 1720 1891 latere
1769 1853 1868 1890 nos
1913 1836 2006 1891 de-

439 1916 530 1970 bet
574 1934 638 1971 ex
671 1919 754 1973 his
789 1935 907 1989 qtuc
940 1937 1036 1990 per
1071 1923 1352 1977 historiam
1411 1925 1725 1981 referuntur
1749 1969 1763 1991 ,
1798 1943 1916 1996 qua:
1954 1940 2007 1983 et

439 2008 627 2075 quales
657 2011 762 2063 sint
791 2015 1200 2081 generationes,
1231 2032 1351 2084 qua:
1383 2031 1443 2071 ex
1478 2019 1592 2087 ipsa
1621 2031 2004 2091 propagantur.

441 2099 497 2152 Si
530 2101 671 2154 enim
709 2103 899 2158 horum
945 2108 1352 2164 meminerimus
1377 2150 1392 2174 ,
1434 2111 1646 2166 facilius
1685 2113 1749 2166 de
1785 2115 2009 2169 diversis

439 2193 691 2260 gentibus
741 2209 859 2264 qua:
914 2197 965 2249 in
1016 2195 1315 2266 Scripturis
1363 2201 1658 2266 dicuntur,
1711 2206 2010 2272 poterimus

439 2297 732 2352 agnoscere
761 2301 775 2337 :
813 2289 961 2340 verbi
989 2304 1172 2354 causa,
1209 2302 1266 2346 ttt
1299 2307 1419 2346 eum
1456 2295 1654 2348 dicitur
1685 2300 1825 2365 quod
1867 2297 2010 2370 Moy-

435 2392 523 2432 ses
547 2379 753 2447 accepit
785 2396 1006 2434 uxorem
1040 2383 1201 2436 ﬁliam
1233 2382 1422 2438 Jethro
1450 2387 1744 2442 sacerdotis
1775 2388 2005 2457 Madian,

439 2469 527 2534 qui
561 2468 772 2522 Madian
802 2472 1075 2528 invenitur
1105 2473 1250 2527 ﬁlius
1281 2475 1448 2529 fuisse
1475 2476 1724 2531 Cethnrae
1754 2489 1809 2532 et
1839 2479 2011 2534 Abra-

437 2557 562 2610 ham
593 2558 660 2613 ⁸⁸.
693 2559 1051 2628 Agnoscimtts
1083 2579 1235 2632 ergo,
1279 2567 1421 2634 qttod
1456 2583 1594 2620 uxor
1630 2569 1798 2639 Moysi
1828 2585 1890 2624 ex
1927 2588 2011 2626 se-

445 2651 589 2702 mine
621 2650 892 2705 Abraham
926 2654 1017 2718 sit,
1047 2664 1096 2709 cl
1135 2671 1239 2709 non
1275 2657 1437 2712 fuerit
1469 2661 1788 2727 alienigena.
1821 2664 1925 2718 Sed
1957 2673 2011 2719 et

441 2755 566 2794 cum
601 2746 862 2800 scribitur
895 2750 1077 2818 regina
1119 2751 1311 2815 Cedar,
1349 2755 1627 2808 sciendum
1663 2757 2011 2813 nihilominus

445 2843 550 2896 est,
586 2838 729 2904 quod
759 2849 812 2890 et
841 2840 1016 2894 Cedar
1043 2857 1107 2896 ex
1144 2845 1256 2912 ipso
1283 2861 1479 2915 genere
1506 2848 1756 2902 Cethurre
1787 2851 2013 2904 descen-

442 2927 534 2980 dat
580 2938 635 2984 et
683 2932 978 2988 Abraham.
1014 2937 1118 2990 Sed
1152 2947 1204 2992 et
1250 2938 1302 2992 itt
1343 2942 1786 3009 generationibus
1821 2945 2011 3000 Ismael

438 3019 632 3072 similia
674 3022 939 3079 invenies.
975 3027 1121 3092 Quas
1155 3028 1198 3082 si
1238 3030 1521 3100 diligenter
1553 3033 1852 3099 intuearis,
1894 3036 2012 3104 plu-

441 3110 608 3165 rimas
646 3113 696 3168 in
734 3116 818 3169 his
857 3132 973 3183 qua:
1018 3130 1242 3174 caeteros
1289 3120 1461 3176 latent
1515 3124 1768 3179 historias
1822 3127 2013 3196 depre-

2113 633 2331 692 putemn
2381 623 2633 678 visionis!
2675 622 2806 690 Quis
2863 633 3041 693 potest
3097 627 3240 682 scire
3286 639 3340 681 et
3392 629 3667 700 intelligere

2112 732 2229 785 qum
2267 726 2349 770 est
2384 717 2538 782 visio,
2573 732 2731 785 quam
2766 718 2898 770 vidit
2926 717 3088 773 Isaias
3125 720 3266 776 ﬁlius
3300 721 3506 776 Amos?
3547 725 3668 790 Quis

2113 816 2288 877 potest
2308 809 2451 862 scire
2478 826 2596 879 qua:
2634 819 2715 863 est
2740 811 2878 863 visio
2919 809 3126 864 Naum?
3148 813 3283 880 Quis
3313 823 3486 881 potest
3517 816 3660 868 intel-

2111 901 2278 969 ligere
2313 902 2441 969 quid
2469 902 2742 954 contineat
2775 901 2861 954 illa
2904 903 3038 957 visio
3069 919 3228 972 quam
3263 905 3396 957 vidit
3423 903 3587 959 Jacob
3622 907 3667 962 in

2112 997 2322 1060 Bethel,
2348 1013 2468 1068 cum
2501 999 2675 1050 abiret
2705 999 2756 1050 in
2783 999 3250 1068 Mesopotamiam,
3297 1003 3387 1055 ubi
3418 1003 3551 1056 dixit
3587 1003 3667 1058 “:

2114 1087 2243 1140 Ha'c
2272 1099 2344 1141 est
2371 1089 2557 1142 domus
2589 1088 2704 1152 Dei,
2739 1100 2786 1143 ct
2816 1101 2965 1158 porta
2996 1092 3152 1145 cmli?
3180 1094 3242 1146 Et
3273 1095 3316 1148 si
3359 1094 3480 1163 quis
3505 1107 3669 1163 pote“

2111 1182 2346 1250 singulas
2379 1198 2624 1250 quasque
2661 1184 2919 1250 visiones,
2977 1187 3058 1239 vel
3111 1203 3229 1255 qua:
3267 1190 3320 1241 in
3373 1189 3488 1256 lege
3529 1200 3666 1254 sunt,

2112 1273 2192 1325 vel
2227 1288 2347 1341 qua:
2380 1274 2430 1325 in
2458 1275 2752 1341 prophetis.
2787 1277 2930 1330 scire
2951 1287 3002 1330 et
3041 1279 3341 1344 intelligere
3365 1321 3379 1343 ,
3416 1281 3500 1334 ille
3528 1281 3668 1334 habi-

2113 1374 2189 1417 tat
2241 1367 2306 1417 ad
2367 1377 2585 1436 puteum
2644 1368 2890 1421 visionis.
2953 1370 3158 1424 Sedet
3210 1372 3311 1426 hoc
3372 1373 3668 1438 diligentius

2111 1457 2380 1525 perspice,
2408 1457 2549 1523 quod
2581 1458 2651 1510 ita
2687 1473 2933 1527 magnam
2958 1459 3395 1516 benedictionem
3433 1465 3667 1528 accipere

2112 1563 2140 1601 a
2170 1549 2399 1601 Domino
2431 1548 2626 1602 meruit
2667 1549 2847 1614 Isaac,
2909 1559 2967 1604 ut
3022 1551 3293 1605 habitaret
3347 1554 3414 1605 ad
3462 1560 3668 1619 puteum

2111 1640 2355 1694 visionis.
2392 1639 2497 1693 Nos
2531 1655 2661 1694 vero
2709 1642 2926 1708 quando
2971 1643 3104 1696 satis
3140 1645 3336 1698 mereri
3385 1645 3667 1711 poterimus

2110 1733 2154 1786 si
2207 1731 2348 1786 forte
2399 1732 2685 1785 transitum
2753 1733 2952 1787 habere
3005 1735 3274 1802 possimus
3320 1751 3416 1805 per
3465 1745 3667 1802 puteum

2110 1825 2354 1878 visionis.
2403 1823 2494 1880 Ille
2525 1832 2703 1877 tamen
2739 1839 3058 1892 permanere
3084 1829 3277 1880 merttit
3311 1829 3361 1881 in
3391 1829 3597 1882 visione
3625 1837 3673 1883 et

2112 1914 2377 1978 habitare,
2415 1930 2511 1967 nos
2542 1929 2728 1982 parum
2755 1915 2880 1982 qttid
2911 1915 3192 1969 illuminati
3223 1932 3315 1983 per
3349 1917 3440 1971 Dei
3472 1917 3670 1971 miseri-

2111 2008 2349 2061 cordiam
2375 2009 2599 2072 sentire,
2629 2007 2708 2062 vel
2733 2008 2997 2076 suspicari
3027 2012 3091 2062 de
3117 2023 3444 2079 unaquaque
3474 2010 3669 2063 visione

2113 2099 2195 2151 vix
2243 2114 2548 2166 possumus.
2619 2099 2674 2153 Si
2727 2110 2904 2153 tamen
2955 2112 3181 2169 potuero
3229 2118 3391 2154 unum
3445 2102 3668 2171 aliquem

2113 2190 2445 2244 intellectum
2487 2190 2689 2244 sentire
2732 2190 2798 2243 de
2849 2191 3148 2245 visionibus
3181 2192 3295 2256 Dei,
3335 2208 3502 2246 uuam
3543 2194 3669 2246 diem

2109 2281 2336 2335 videbor
2372 2282 2568 2336 fecisse
2620 2281 2685 2334 ad
2733 2291 2950 2350 puteum
2996 2283 3237 2336 visionis.
3297 2284 3351 2337 Si
3407 2299 3537 2337 vero
3579 2301 3671 2338 non

2111 2373 2284 2427 solum
2313 2374 2608 2428 secundum
2638 2375 2870 2429 litteram
2897 2419 2911 2441 ,
2943 2380 3035 2430 sed
3068 2376 3273 2443 aliquid
3299 2385 3352 2428 et
3384 2378 3668 2430 secundum

2111 2465 2360 2532 spiritum
2407 2468 2703 2536 attingere,
2765 2468 2983 2522 hidunm
3025 2469 3248 2522 videbor
3304 2468 3504 2524 fecisse
3550 2472 3672 2537 apud

2111 2569 2334 2629 puteum
2366 2561 2608 2616 visionis.
2643 2561 2796 2628 Quod
2841 2569 2894 2616 et
2937 2562 2980 2615 si
3015 2562 3272 2616 moralem
3299 2562 3478 2614 locum
3509 2562 3673 2614 couti-

2112 2667 2280 2723 gero,
2336 2652 2558 2707 fecerim
2598 2655 2863 2721 triduum,
2929 2655 3010 2708 vel
3065 2665 3214 2708 ccrte
3259 2656 3419 2708 etiam
3476 2656 3521 2708 si
3579 2671 3670 2709 non

2112 2757 2342 2815 potuero
2369 2748 2550 2800 omnia
2598 2747 2904 2816 intelligere
2927 2788 2941 2810 ,
2976 2746 3186 2803 assideo
3223 2756 3402 2800 tamen
3439 2745 3674 2814 Scripta-

2114 2839 2188 2893 ris
2229 2840 2368 2909 (79)
2405 2840 2626 2904 divinis,
2677 2852 2729 2895 et.
2765 2842 2816 2893 iu
2867 2841 2983 2910 lege
3038 2842 3126 2895 Dei
3185 2840 3418 2894 meditor
3479 2841 3564 2893 die
3618 2855 3673 2894 ac

2114 2945 2296 3000 nocte,
2353 2945 2406 2990 et
2459 2936 2680 2989 omnino
2735 2952 3010 3006 nunquam
3066 2936 3291 2997 desino,
3341 2935 3670 3003 inquirendo.

2115 3029 2473 3092 discutiendo,
2523 3029 2825 3093 tractando,
2882 3035 2935 3082 et
2971 3040 3140 3092 certe,
3197 3029 3338 3098 quod
3393 3031 3670 3082 maximum

2115 3130 2218 3184 est,
2244 3121 2451 3175 orando
2482 3121 2671 3185 Deum,
2700 3128 2752 3174 et
2783 3121 2846 3173 ab
2876 3121 2992 3187 ipso
3018 3120 3286 3188 poscendo
3319 3120 3664 3180 intellectum.

442 3203 664 3258 hendes.
715 3205 820 3260 Sed
863 3217 918 3262 et
965 3225 1062 3263 nos
1100 3209 1312 3265 interim
1362 3214 1478 3269 hzec
1526 3216 1578 3270 in
1618 3217 1758 3270 aliud
1805 3227 2010 3289 tempus

2119 3213 2210 3282 qui
2249 3214 2405 3267 docet
2450 3212 2719 3265 hominem
2766 3212 3075 3277 scientiam,
3115 3211 3336 3264 videbor
3377 3213 3541 3265 etiam
3589 3226 3674 3280 ego

441 3297 780 3352 remittentes
809 3299 954 3370 (78),
990 3305 1055 3354 ad
1086 3319 1146 3357 ea
1184 3320 1302 3374 quae
1332 3307 1384 3360 in
1426 3314 1882 3380 consequentibus
1925 3329 2011 3368 rc-

440 3386 604 3438 citata
634 3398 758 3440 sunt
795 3405 1167 3458 properemus.

509 3479 563 3532 5.
597 3478 664 3531 Et
699 3479 897 3548 factum
927 3497 1024 3549 est,
1061 3485 1233 3553 inquit
1259 3488 1326 3552 ⁸⁷,
1357 3499 1629 3559 postquam
1663 3504 1902 3550 mortuus
1938 3508 2011 3552 est

440 3568 702 3622 Abraham
733 3609 748 3635 ,
791 3573 1047 3626 bettetlixit
1090 3575 1347 3631 Dominus
1380 3578 1537 3633 Isaac
1563 3583 1733 3650 [ilium
1764 3586 1878 3654 ejus
1908 3629 1922 3652 ,
1962 3599 2013 3642 et

438 3660 687 3715 habitarit
723 3664 791 3715 atl
841 3676 1052 3732 puteum
1103 3669 1337 3725 visionis.
1393 3671 1466 3727 De
1517 3687 1690 3730 morte
1741 3680 2011 3736 Abraham

437 3753 564 3819 qttid
598 3753 751 3807 nobis
789 3756 1019 3824 amplius
1042 3757 1322 3814 dicendum
1357 3775 1473 3829 est,
1510 3781 1667 3832 qttam
1701 3783 1879 3822 sermo
1913 3772 2015 3824 Do-

439 3843 568 3894 mini
601 3843 652 3896 in
686 3844 987 3913 Evangeliis
1023 3851 1284 3916 continet,
1322 3853 1510 3909 dicens
1540 3855 1626 3910 ’δε
1663 3857 1737 3910 De
1783 3875 2014 3914 resurre-

440 3935 613 3987 ctione
651 3947 822 3988 antem
852 3949 1176 3994 mortuorum
1209 3961 1308 3996 non
1358 3944 1559 4014 legistis
1590 3953 1852 4016 quomodo
1886 3955 2013 4006 dicit

441 4027 496 4078 in
539 4027 686 4091 rubo,
719 4026 860 4080 Deus
893 4030 1180 4099 Abraham,
1213 4045 1260 4088 et
1294 4036 1430 4090 Deus
1466 4037 1643 4103 Isaac,
1671 4051 1717 4092 et
1757 4041 1893 4097 Deus
1918 4045 2016 4098 Ja-

443 4123 534 4171 rob
563 4121 588 4172 ?
619 4119 754 4174 Deus
791 4130 963 4176 autem
997 4141 1098 4177 non
1138 4136 1211 4180 est
1249 4141 1573 4183 mortuorum
1593 4172 1605 4191 ,
1637 4136 1728 4185 sed
1757 4136 2011 4190 rivorum.

444 4208 636 4263 Omnes
665 4215 800 4265 enim
831 4213 906 4266 illi
937 4216 1434 4287 vivunt?0ptcmus
1451 4237 1578 4291 ergo
1610 4233 1664 4276 et
1696 4241 1792 4279 nos
1823 4228 2008 4295 hujus-

448 4303 592 4356 modi
654 4316 878 4360 mortem
905 4347 920 4371 ,
966 4310 1106 4364 sicut
1139 4322 1192 4366 et
1221 4313 1510 4381 Apostolus
1538 4315 1670 4369 dicit
1701 4318 1746 4349 ⁵³
1771 4359 1784 4381 ,
1817 4329 1874 4374 ιιι
1903 4336 2016 4374 mo-

446 4397 657 4449 riamur
686 4409 925 4466 peccato,
957 4403 1200 4459 vivamus
1228 4417 1407 4461 autem
1444 4409 1569 4462 Deo.
1609 4411 1755 4467 Talis
1783 4430 2016 4484 namque

445 4488 676 4542 Abrahze
700 4508 844 4546 mors
876 4483 1214 4565 intelligenda
1247 4509 1364 4563 est,
1400 4516 1517 4569 quze
1550 4503 1600 4556 in
1642 4514 1846 4560 tantum
1881 4508 2014 4560 dila-

449 4581 641 4633 tavcrit
677 4584 829 4638 sinus
869 4586 1002 4650 ejus,
1044 4599 1101 4642 ut
1137 4607 1324 4647 onmes
1354 4595 1525 4648 sancti
1562 4597 1650 4664 qui
1683 4598 1746 4651 de
1775 4609 2014 4666 quatuor

445 4675 714 4744 91terr1e
738 4681 978 4747 partibus
1002 4685 1242 4750 veniunt,
1271 4688 1320 4740 in
1344 4688 1519 4742 sinum
1540 4691 1770 4745 Abralur
1793 4703 2010 4760 porten-

448 4777 534 4820 tur
560 4769 626 4822 ab
651 4773 870 4839 angelis.
889 4776 990 4828 Sed
1011 4778 1408 4847 videamnsjam
1437 4787 1706 4850 quomodo
1731 4795 1850 4855 post
1868 4803 2012 4839 mur-

449 4869 555 4912 tem
583 4863 700 4929 ejus
741 4865 1073 4920 hencdixerit
1101 4871 1356 4924 Dominus
1389 4872 1540 4926 Isaac
1577 4875 1742 4928 lilium
1787 4875 1924 4943 ejus,
1959 4887 2012 4930 et

449 4967 568 5019 qua:
599 4964 680 5011 est
709 4955 806 5008 ista
840 4957 1162 5014 benedictio.
1201 4962 1497 5031 Bencdixit,
1529 4965 1722 5035 iuqttit,
1757 4967 2013 5020 Dominus

449 5040 628 5107 Isaac,
652 5056 697 5097 et
726 5046 976 5102 habitavit
1009 5053 1076 5104 ad
1103 5065 1310 5120 puteum
1342 5059 1572 5111 visionis.
1615 5059 1737 5115 llaec
1764 5068 1846 5114 est
1869 5066 2012 5115 cnim

448 5133 628 5187 omnis
656 5136 975 5205 benedictio,
1011 5158 1109 5211 qua
1140 5146 1414 5200 benedixit
1465 5150 1721 5204 Dominus
1760 5152 1928 5214 Isaac,
1959 5164 2016 5207 ut

457 5225 724 5281 habitaret
756 5231 821 5282 ad
852 5242 1065 5298 puteum
1102 5237 1342 5291 visionis.
1392 5240 1812 5311 lntelligcntibns
1847 5261 2013 5314 gran-

451 5317 534 5370 dis
573 5332 658 5375 est
706 5321 805 5375 i5ta
856 5324 1180 5382 benedictio.
1213 5329 1426 5385 Utinam
1468 5341 1522 5387 et
1572 5335 1828 5390 Dominus
1885 5337 2015 5390 mihi

2123 3308 2367 3361 habitare
2412 3307 2477 3360 ad
2523 3317 2739 3375 puteum
2790 3304 3038 3358 visionis.
3109 3303 3204 3358 Sin
3256 3318 3386 3356 vero
3421 3303 3675 3373 negligant

2123 3415 2298 3470 neque
2329 3399 2470 3454 domi
2502 3413 2760 3452 exercear
2799 3398 2850 3450 in
2896 3398 3061 3450 verbo
3121 3394 3237 3456 Dei,
3291 3408 3466 3462 neque
3514 3391 3674 3447 eccle-

2121 3494 2253 3548 siam
2285 3495 2348 3548 ad
2381 3494 2703 3547 audiendum
2748 3493 2972 3546 verbum
3005 3489 3096 3542 Dei
3149 3488 3462 3556 frequenter
3507 3487 3675 3550 ingre-

2121 3589 2259 3650 diar,
2309 3588 2450 3641 sicut
2497 3585 2780 3639 nonnullos
2842 3585 2892 3638 in
2947 3583 3097 3636 vobis
3146 3582 3322 3646 video,
3361 3581 3450 3647 qui
3505 3580 3677 3632 diebus

2124 3679 2496 3733 tantummodo
2527 3677 2866 3732 solemnibus
2897 3678 2961 3728 ad
2993 3673 3274 3727 ecclesiam
3312 3673 3570 3735 veniunt,
3599 3669 3674 3738 qui

2122 3771 2496 3838 hujuscemodi
2567 3778 2690 3845 sunt
2726 3809 2742 3834 ,
2813 3783 2918 3822 non
2985 3767 3232 3820 habitant
3279 3764 3417 3832 apud
3474 3774 3675 3831 putemn

2121 3864 2367 3918 visionis.
2396 3862 2508 3931 Ego
2548 3870 2729 3916 autem
2757 3877 2946 3915 vereor
2984 3875 3050 3913 ne
3081 3858 3220 3913 forte
3263 3858 3352 3927 qui
3409 3858 3483 3910 ita
3523 3856 3675 3924 negli-

2121 3966 2312 4025 gentes
2342 3964 2487 4017 sunt,
2514 3955 2674 4008 etiam
2708 3970 2831 4008 cum
2864 3954 2928 4007 ad
2969 3953 3256 4006 ecclesiam
3304 3951 3557 4011 veniunt,
3585 3962 3676 4000 non

2121 4049 2306 4101 bibant
2335 4049 2400 4102 de
2433 4059 2595 4115 puteo
2631 4049 2774 4107 vitae,
2821 4061 2918 4100 nec
2959 4044 3290 4105 reﬁciantur,
3336 4043 3428 4095 sed
3460 4054 3678 4107 occupa-

2123 4140 2358 4195 tionibus
2408 4148 2602 4194 vaeent
2649 4139 2826 4193 cordis
2869 4139 2949 4192 sui
3000 4148 3054 4192 et
3100 4135 3527 4206 cogitationibus
3557 4146 3678 4199 quas

2122 4250 2302 4290 secum
2336 4235 2607 4300 deferunt,
2650 4245 2705 4289 et
2747 4235 3029 4289 discedant
3055 4233 3410 4288 nihilominus
3441 4231 3512 4284 ab
3542 4227 3678 4282 Scri-

2127 4338 2414 4397 pturarmn
2462 4329 2641 4394 puteis
2676 4328 2946 4381 sitientes.
2992 4325 3269 4379 Festinate
3319 4337 3449 4391 ergo
3498 4335 3609 4383 vos,
3633 4325 3680 4369 et

2123 4419 2257 4472 satis
2313 4417 2502 4486 agite,
2565 4427 2622 4470 ut
2682 4417 2900 4472 ista‘ad
2953 4430 3052 4469 vos
3113 4413 3322 4468 Domini
3385 4408 3678 4466 benedictio

2128 4508 2328 4572 veniat,
2354 4521 2457 4575 qua
2489 4505 2627 4575 apud
2653 4516 2870 4574 puteum
2896 4505 3122 4558 visionis
3159 4503 3409 4557 habitare
3448 4497 3676 4569 possitis.

2123 4610 2180 4654 ιιι
2246 4600 2457 4668 aperiat
2505 4598 2761 4652 Dominus
2820 4597 3007 4652 oculos
3061 4604 3309 4657 vestros,
3363 4601 3418 4646 et
3468 4587 3681 4644 videatis

2121 4702 2338 4762 puteum
2366 4690 2611 4753 visionis,
2647 4697 2701 4743 et
2735 4688 3044 4759 percipiatis
3066 4702 3129 4741 cx
3173 4701 3237 4739 eo
3271 4699 3464 4753 aquam
3495 4683 3678 4740 vivam,

2121 4801 2240 4853 qua:
2269 4783 2362 4838 ﬁat
2391 4785 2441 4837 in
2468 4784 2620 4837 vobis
2643 4781 2761 4836 fons
2789 4797 2942 4851 aqua:
2985 4779 3226 4834 salientis
3257 4778 3308 4830 in
3343 4777 3509 4829 vitam
3535 4784 3680 4827 aeter-

2123 4891 2247 4929 nam
2282 4877 2349 4927 θ’.
2400 4875 2455 4928 Si
2483 4875 2604 4942 quis
2656 4884 2836 4926 autem
2875 4887 2999 4926 raro
3056 4872 3121 4924 ad
3167 4871 3452 4925 ecclesiam
3496 4867 3679 4933 veniat,

2120 4981 2250 5019 raro
2293 4966 2360 5020 de
2402 4965 2811 5036 Scripturarum
2867 4963 3110 5018 fontibus
3152 4963 3408 5024 hauriat,
3475 4970 3529 5014 et
3577 4971 3682 5026 qua:

2122 5059 2292 5121 audit,
2323 5060 2584 5113 continuo
2608 5057 2897 5112 discedens
2918 5096 2933 5119 ,
2974 5065 3026 5110 et
3055 5055 3175 5108 aliis
3207 5053 3436 5122 negotiis
3463 5062 3683 5116 occupa-

2123 5161 2205 5204 tus
2235 5153 2473 5216 omittat,
2503 5151 2590 5204 hic
2638 5165 2742 5203 non
2781 5149 2996 5204 habitat
3028 5148 3168 5216 apud
3198 5156 3417 5213 puteum
3451 5140 3678 5197 visionis.

2123 5242 2214 5298 Vis
2241 5243 2333 5295 tibi
2363 5243 2640 5296 ostendam
2674 5241 2795 5310 quis
2828 5252 2927 5302 est,
2975 5239 3067 5310 qui
3110 5253 3384 5308 nunquam
3432 5233 3624 5289 recedit
3655 5245 3677 5281 a

2120 5344 2283 5404 puteo
2316 5333 2586 5386 visionis?
2625 5331 2920 5400 Apostolus
2963 5330 3186 5393 Paulus,
3233 5327 3323 5396 qui
3363 5325 3573 5379 dicebat
3600 5321 3680 5370 ":

525 5435 570 5467 "
602 5437 796 5513 cenes.
824 5458 973 5504 XXH’,
1008 5444 1096 5501 ιδ.
1173 5447 1218 5478 ⁸⁵
1249 5447 1414 5500 Exod.
1452 5464 1508 5501 ιι.
1586 5452 1630 5485 ⁸⁷
1662 5451 1856 5505 Cenes.
1933 5469 2010 5504 xv

2119 5453 2189 5505 Il.
2256 5451 2302 5482 ⁵⁸
2339 5449 2502 5502 Marc.
2539 5435 2635 5513 xu,
2662 5447 2828 5511 26,et
2863 5447 2992 5500 Luc.
3033 5460 3125 5510 xx,
3163 5444 3253 5498 57.
3327 5442 3373 5475 ⁸³
3403 5440 3681 5503 lPetr.'lt,

451 5504 542 5561 Ei.
655 5509 699 5542 “
736 5511 931 5567 Cenes.
963 5531 1151 5580 xxvttt,
1182 5517 1264 5572 17.
1342 5520 1382 5550 θ’
1423 5519 1578 5575 Joan.
1607 5504 1795 5586 tv,-H.

525 5646 636 5726 (77)
678 5649 1013 5726 Dissereudo,
1048 5653 1198 5707 deest
1227 5655 1279 5708 in
1313 5667 1467 5709 antea
1516 5657 1697 5723 editis,
1730 5659 1822 5711 sed
1861 5673 2012 5726 repe-

453 5714 593 5796 ι’ῙξξξΓ
620 5719 672 5772 in
703 5738 833 5796 tuss.
867 5721 1035 5796 Paulo
1069 5735 1184 5792 post
1213 5727 1360 5786 editi,
1403 5714 1726 5796 superantes,
1753 5729 1820 5780 ad
1846 5714 2017 5782 verum

453 5786 834 5864 philosophiam
881 5786 1106 5859 Christi,
1157 5807 1201 5848 et
1244 5814 1416 5849 rerum
1467 5786 1766 5852 societatem
1801 5799 2017 5864 Christi,

461 5860 704 5924 pietatem
753 5862 877 5931 Dei;
922 5877 975 5919 at
1030 5882 1157 5920 mss.
1203 5877 1258 5920 ut
1294 5869 1342 5922 in
1379 5877 1564 5924 nostro
1598 5877 1765 5924 textu.

1868 5524 1911 5556 δ’
1950 5523 1993 5575 ll
2019 5523 2145 5576 Cor.
2173 5538 2252 5583 tn,
2279 5520 2367 5575 l8.

2197 5653 2308 5725 (78)
2374 5653 2463 5707 Sic
2521 5667 2652 5706 mss.
2698 5652 2864 5707 Alias.
2927 5645 3496 5721 deprehendas....in
3547 5634 3682 5694 alisi

2128 5735 2326 5778 tenwus
2375 5725 2845 5798 prietermittentes.
3139 5791 3150 5798 _
3245 5791 3274 5798 ,_
3341 5787 3403 5798 ,γ
3478 5786 3489 5797 .
3589 5781 3617 5798 ι.

2200 5776 2340 5864 (79)
2375 5776 2574 5856 Ἀπίας,
2631 5793 2838 5846 assideo
2907 5800 3077 5846 tamen
3133 5791 3187 5845 in
3237 5786 3536 5857 Scripturis.
3589 5776 3681 5835 Sed

2135 5881 2266 5923 mss.
2302 5880 2360 5920 ιιι
2389 5865 2440 5919 in
2474 5873 2661 5918 nostro
2693 5871 2858 5917 textu.
