3902 6510
157 347 312 404 ·ΞΞΞΞ

1424 341 1488 394 lN
1523 341 1822 397 GENESIM
1860 341 2142 397 liOMlLIA
2185 342 2298 396 XII.

3343 351 3451 406 226
3481 333 3485 336 ⁴

234 461 334 517 Nos
380 464 550 511 autem
597 471 774 510 omnes
827 454 1053 511 relevata
1103 457 1238 524 facie
1289 458 1513 526 gloriam
1565 459 1772 512 Domini
1803 471 1844 524 Α
1882 459 2022 512 Abiit
2063 459 2292 513 Rebecca
2320 458 2648 529 interrogare
2673 463 2741 514 ad
2787 459 3088 516 Dominum.
3123 461 3285 516 Abiit.
3334 465 3452 530 Quo

230 547 554 620 speculamur.
629 546 692 599 Et
751 557 801 600 tu
849 561 980 616 ergo
1046 547 1090 600 si
1140 561 1358 617 semper
1407 551 1774 619 perscruteris

229 637 554 713 pmphcticas
587 637 844 700 visiones,
899 638 946 691 si
988 652 1202 705 semper
1249 638 1527 708 inquiras,
1559 655 1774 708 semper

228 735 414 786 discere
454 729 663 800 cupias,
694 730 807 784 haac
865 731 1177 794 mediteris,
1223 732 1274 785 in
1323 732 1388 786 iis
1431 747 1771 802 permaneas,

226 822 436 895 percipis
468 831 522 874 et
565 831 616 875 tu
649 822 1084 876 benedictionem
1129 838 1156 876 a
1189 824 1432 885 Domino,
1466 834 1516 877 et
1560 825 1771 877 habitas

223 916 347 986 apud
369 925 582 983 puteum
609 915 848 968 visionis.
885 915 948 969 Et
974 915 1068 968 tibi
1099 916 1240 968 enim
1274 917 1558 985 apparebit
1594 917 1772 969 Domi-

222 1024 312 1063 nus
333 1005 481 1060 Jesus
512 1006 564 1058 in
595 1005 678 1060 via
708 1048 722 1071 ,
755 1017 809 1060 et
831 1008 1039 1077 aperiet
1065 1008 1156 1060 tibi
1193 1008 1527 1077 Scripturas,
1585 1009 1658 1062 ita
1713 1020 1770 1063 ut

219 1102 354 1157 dicas
398 1097 440 1128 ⁸³
472 1114 485 1149 :
516 1096 704 1151 Nonne
744 1115 834 1152 cor
864 1113 1100 1154 nostrum
1140 1102 1328 1154 ardens
1375 1110 1487 1154 erat
1517 1102 1567 1154 in
1600 1103 1767 1168 nobis,

218 1211 322 1250 cum
347 1192 565 1258 aperiret
599 1192 744 1245 nobis
779 1193 1131 1260 Scripturas?
1161 1197 1390 1264 Apparet
1445 1207 1622 1248 autem
1659 1196 1764 1261 his,

215 1287 297 1355 qui
328 1285 388 1338 de
418 1283 532 1350 ipso
558 1286 832 1352 cegitant,
864 1297 920 1339 et
951 1287 1001 1338 iu
1038 1288 1154 1355 ipso
1201 1289 1556 1349 meditantur,
1603 1295 1767 1354 atque

216 1379 262 1434 in
291 1378 397 1446 lege
426 1376 543 1444 ejus
601 1377 688 1430 die
722 1393 783 1430 ac
825 1389 981 1432 nocte
1012 1389 1316 1434 versantur.
1359 1379 1462 1449 Ipsi
1510 1378 1680 1449 gloria
1713 1388 1768 1432 et

213 1469 480 1538 imperium
512 1469 562 1523 in
595 1471 792 1524 sarcula
823 1471 1169 1526 saeculorum.
1197 1473 1387 1526 Amen.

761 1607 1035 1662 |l0.\lll.l.\
1082 1609 1195 1666 ΧΗ.

509 1722 581 1775 De
611 1734 860 1790 conceptu
904 1721 1144 1778 Rebecca:
1187 1733 1235 1778 et
1266 1734 1445 1793 partu.

1874 553 2048 606 abiit?
2074 552 2148 605 Ex
2180 567 2244 606 eo
2284 552 2403 606 loco
2453 549 2505 605 in
2544 569 2650 622 quo
2696 570 2801 607 non
2835 565 2948 608 erat
2987 556 3244 610 Dominus
3267 598 3284 621 ,
3318 558 3449 611 abiit

1874 647 1938 699 ad
1975 661 2096 698 eum
2130 649 2304 698 locum
2336 645 2388 696 iu
2416 660 2526 714 quo
2557 647 2713 700 erat?
2744 647 2852 700 lloc
2883 649 3026 701 enim
3065 648 3278 704 videtur
3310 650 3450 702 indi-

1873 752 1998 790 care
2045 753 2166 790 cum
2227 736 2428 791 dicitur
2488 754 2500 790 :
2570 740 2708 792 Abiit
2769 740 3093 809 interrogare
3148 740 3448 795 Dominum.

1873 825 2063 882 Nonne
2121 829 2318 896 ubique
2379 840 2464 883 est
2529 829 2716 884 Deus?
2775 830 2961 885 Nonne
3019 833 3132 900 ipse
3173 831 3310 886 dixit
3354 831 3448 886 ‘9:

1871 919 2070 974 Caelum
2115 931 2163 974 et
2209 931 2405 975 terram
2436 923 2609 990 repleo
2631 964 2645 986 ,
2679 924 2804 976 dicit
2836 923 3085 976 Dominus
3111 925 3136 977 .9
3171 923 3288 990 Quo
3319 938 3450 992 ergo

1871 1012 2003 1065 abiit
2032 1012 2315 1067 liehecca?
2346 1014 2457 1079 Ego
2487 1021 2615 1083 puto
2642 1017 2783 1082 quod
2810 1030 2916 1066 non
2948 1015 3013 1067 de
3041 1015 3158 1068 loco
3182 1020 3246 1068 ad
3271 1015 3447 1068 locum

1871 1099 2087 1164 abierit,
2119 1102 2212 1156 sed
2249 1104 2314 1156 de
2339 1103 2448 1156 vita
2475 1104 2541 1156 ad
2576 1104 2764 1169 vitam,
2812 1105 2877 1158 de
2909 1117 3029 1155 actu
3063 1105 3128 1159 ad
3157 1114 3355 1170 actum,
3385 1107 3451 1160 de

1873 1193 2028 1247 bonis
2061 1195 2126 1248 ad
2175 1196 2396 1248 meliora
2435 1197 2729 1254 transierit,
2781 1195 2848 1250 de
2879 1196 3100 1249 utilibus
3129 1197 3192 1249 ad
3233 1198 3450 1251 utiliora

1869 1287 2194 1354 porrexerit,
2249 1289 2316 1340 de
2363 1289 2572 1343 sanctis
2617 1290 2684 1342 ad
2729 1291 3003 1342 sanctiora
3047 1291 3446 1357 properaverit.

1868 1377 2177 1430 Absurdqu
2236 1393 2470 1446 namque
2519 1380 2675 1432 estsi
2719 1379 2794 1432 ita
2847 1389 3096 1446 putemus
3145 1381 3448 1447 imperitam

1867 1467 2032 1522 fuisse
2052 1469 2358 1522 lteheccam
2385 1479 2434 1522 et
2463 1470 2760 1533 indoctam,
2785 1486 2905 1540 quae
2929 1473 2981 1524 in
3008 1473 3166 1525 domo
3190 1475 3450 1540 sapientis

1849 1561 2101 1616 ‘Abrahae
2128 1564 2229 1617 sub
2250 1564 2368 1617 viro
2392 1565 2766 1619 eruditissimo
2792 1562 2940 1618 Isaae
2969 1565 3148 1619 fuerat
3173 1567 3448 1632 instituta,

1871 1663 1927 1706 ιιι
1963 1657 2105 1708 intra
2149 1656 2385 1725 aliquem
2437 1657 2609 1710 locum
2670 1657 2956 1711 Dominum
3005 1659 3279 1727 putaverit
3329 1675 3448 1713 esse

1870 1747 2208 1813 conclusum,
2239 1758 2292 1801 et
2327 1748 2453 1802 illuc
2484 1749 2588 1802 iret
2630 1749 2991 1819 interrogare,
3037 1751 3164 1818 quid
3193 1751 3448 1819 parvulo-

271 1835 317 1889 l.
358 1834 460 1890 Per
513 1837 750 1906 singulas
801 1854 1046 1907 quasque
1091 1839 1352 1895 lectiones
1388 1857 1510 1896 cum
1573 1842 1770 1910 legitur
1802 1844 1842 1899 Β
1874 1855 1990 1894 rum
2018 1840 2162 1894 intra
2194 1847 2406 1894 uterum
2438 1841 2730 1895 exsultatio
2769 1841 3096 1911 designaret.
3135 1840 3228 1895 Vis
3266 1851 3444 1894 autem

202 1929 417 2000 Moyses,
447 1931 690 1984 orandus
711 1941 797 1984 est
832 1932 988 1987 nobis
1030 1931 1192 1985 Pater
1232 1932 1415 1995 Verbi,
1447 1944 1504 1988 ut
1544 1935 1766 2003 impleat

198 2025 347 2076 etiam
406 2025 456 2074 iu
523 2023 678 2076 nobis
739 2023 888 2087 illttd,
939 2025 1080 2094 quod
1137 2025 1188 2078 in
1245 2027 1451 2095 psalmo
1499 2028 1762 2095 scriptum

196 2127 272 2170 est
299 2115 339 2148 ⁸⁵
377 2134 390 2170 :
427 2114 617 2169 Revela
647 2117 826 2170 oculos
852 2134 1013 2180 meos,
1046 2129 1092 2172 et
1124 2121 1466 2172 cvnsiderabo
1494 2120 1763 2174 mirabilia

195 2212 252 2264 de
279 2209 382 2280 lege
414 2220 532 2263 tua.
566 2210 678 2264 Nisi
703 2211 846 2266 enim
888 2213 1002 2280 ipse
1037 2215 1246 2282 aperiat
1292 2213 1478 2268 oculos
1522 2224 1757 2279 nostros,

194 2303 448 2369 quomodo
487 2299 676 2354 videre
707 2303 1009 2369 poterimus
1053 2312 1200 2358 tanta
1233 2304 1345 2359 haec
1365 2345 1382 2370 ,
1435 2321 1555 2374 quae
1585 2307 1636 2360 in
1666 2321 1763 2375 pa-

195 2391 433 2446 triarchis
453 2401 795 2447 sacramenta
824 2392 1143 2457 formantur,
1172 2412 1290 2464 quze
1319 2413 1461 2451 nunc
1483 2398 1532 2450 iu
1560 2399 1756 2467 puteis,

191 2496 324 2537 nunc
381 2482 433 2536 in
501 2485 726 2550 nuptiis,
781 2500 924 2539 nunc
978 2486 1029 2540 in
1091 2489 1565 2556 parturitionibus,
1617 2505 1759 2544 nunc

189 2574 340 2628 ctiaut
389 2575 442 2628 in
481 2576 874 2632 sterilitatihus
914 2579 1238 2647 ﬁgurantur.
1280 2579 1467 2634 Refert
1523 2596 1758 2650 namque

189 2681 424 2735 pra-setis
468 2668 638 2721 lectio
690 2669 756 2731 ⁸⁵,
787 2671 928 2737 quod
982 2669 1140 2734 Isaac
1201 2673 1401 2738 rogarit
1442 2669 1606 2726 Deum
1659 2689 1754 2739 pro

186 2755 403 2812 Rebecca
451 2776 619 2812 uxore
651 2778 772 2823 sua,
823 2763 948 2832 quia
991 2764 1187 2816 sterilis
1229 2772 1365 2830 erat,
1401 2778 1447 2817 et
1489 2767 1754 2819 exaudivit

183 2850 320 2902 illum
348 2849 514 2911 Deus,
543 2861 592 2903 et
621 2853 878 2921 concepit,
906 2861 955 2905 et
985 2855 1342 2921 exsultabant,
1377 2856 1574 2926 inquit,
1607 2858 1757 2926 pueri

183 2943 231 2994 in
250 2952 392 2995 utero
421 2944 564 3006 eius.
597 2941 776 2997 Primo
809 2944 1047 2998 ontniutn
1077 2946 1309 3011 intuere,
1338 2948 1466 3016 quid
1498 2949 1639 3001 istud
1671 2957 1754 3003 est

180 3034 312 3099 quod
359 3034 616 3100 plurima:
653 3035 984 3090 sanctarum
1023 3038 1309 3092 mulierum
1350 3041 1403 3093 in
1453 3041 1752 3109 Scripturis

179 3123 380 3179 steriles
414 3126 592 3180 fuisse
626 3127 955 3189 referuntur,
1006 3129 1148 3183 sicut
1190 3130 1302 3200 ipsa
1338 3131 1496 3187 Sara.
1528 3147 1654 3185 ecce
1697 3141 1752 3184 et

179 3232 313 3272 nunc
340 3217 616 3273 Rebecca.
646 3219 750 3273 Sed
784 3228 838 3274 et
875 3219 1076 3274 Rachel
1121 3221 1314 3276 dilecta
1357 3223 1517 3277 Israel
1545 3222 1752 3278 sterilis

181 3309 289 3365 fuit.
321 3311 472 3365 Anna
499 3326 720 3382 quoque
755 3322 930 3366 mater
975 3312 1248 3368 Samuelis
1271 3356 1285 3378 ,
1318 3316 1520 3369 sterilis
1553 3316 1753 3369 scribi-

181 3411 277 3457 tur.
315 3404 420 3459 Sed
461 3415 519 3458 et
547 3406 601 3457 in
633 3405 940 3473 Evangeliis
998 3406 1276 3460 EliSabeth
1333 3409 1534 3461 sterilis
1584 3407 1752 3464 fuisse

180 3507 527 3550 memoratur.
568 3497 622 3550 In
649 3497 903 3551 omnibus
928 3506 1108 3551 autem
1137 3498 1254 3551 istis
1277 3513 1414 3551 unus
1443 3497 1529 3551 hic
1565 3497 1751 3554 titulus

177 3589 495 3659 designatur,
525 3591 670 3657 quod
713 3598 831 3658 post
871 3589 1223 3644 sterilitatem
1270 3599 1516 3644 sanctum
1560 3605 1751 3646 mnnes

175 3680 435 3736 ediderint
468 3692 710 3751 partum.
770 3683 864 3737 Sic
910 3697 1042 3750 ergo
1086 3691 1138 3735 et
1175 3684 1288 3736 haec
1331 3698 1470 3736 nunc
1500 3681 1749 3738 Rebecca

173 3773 364 3826 sterilis
412 3772 591 3827 fuisse
619 3773 822 3826 dicitur
856 3791 870 3826 :
901 3775 994 3828 sed
1044 3775 1234 3835 oravit,
1297 3775 1496 3844 inquit,
1553 3775 1746 3842 Isaac,

172 3880 260 3932 pro
286 3879 345 3917 ca
381 3864 671 3918 Dominum
694 3907 709 3932 ,
743 3877 789 3920 et
817 3867 1086 3920 exaudivit
1126 3868 1275 3920 illum
1313 3880 1360 3922 et
1389 3869 1644 3938 concepit,
1696 3877 1745 3922 et

169 3959 493 4013 exsultabant
517 3962 673 4028 pueri
724 3961 780 4015 in
821 3973 970 4015 utero
1013 3962 1146 4031 ejus.
1211 3962 1427 4017 Sterilis
1476 3963 1590 4018 haec
1619 3979 1748 4019 ecce

169 4051 287 4114 quid
335 4053 615 4120 conc-epit.
665 4052 786 4106 Filii
824 4053 1028 4107 sterilis
1087 4063 1377 4123 antequam
1429 4065 1744 4123 nascantur,

167 4140 454 4204 exsultant,
484 4152 542 4195 et
582 4157 702 4210 qua:
731 4143 1116 4211 desperaverat
1165 4145 1430 4207 sobolem,
1471 4157 1662 4214 gentes
1691 4154 1746 4200 et

167 4231 383 4298 p0pulos
431 4241 615 4302 gestat
678 4233 728 4286 in
799 4245 972 4287 utero.
1034 4233 1124 4288 Sic
1177 4234 1322 4288 enim
1373 4235 1546 4288 dicit:
1577 4236 1744 4301 Abiit,

167 4321 329 4388 inquit
363 4323 432 4386 ⁸⁸,
472 4323 706 4376 Rebecca
734 4325 1067 4394 interrogare
1106 4325 1386 4379 Dominum
1407 4369 1422 4393 ,
1448 4339 1495 4380 et
1534 4330 1664 4382 dixit
1697 4331 1744 4383 ei

164 4413 414 4468 Dominus
449 4431 469 4468 :
504 4415 639 4468 Duce
685 4428 859 4484 gentes
905 4419 960 4470 in
1014 4429 1162 4470 utero
1199 4427 1290 4472 tuo
1349 4431 1498 4484 sttnt,
1538 4431 1585 4473 et
1637 4424 1743 4475 duo

161 4505 329 4572 populi
363 4507 429 4558 de
466 4516 646 4560 ventre
677 4518 765 4560 tuo
811 4511 1216 4574 separabantur.
1281 4510 1523 4583 Longum
1571 4523 1652 4569 est
1696 4515 1739 4585 sj
1770 4549 1820 4607 Ι)

162 4597 382 4651 velimus
421 4616 574 4654 nunc
625 4601 1044 4656 exsultationem
1097 4620 1387 4673 puerorum
1459 4608 1636 4662 adhuc
1687 4609 1739 4662 in

157 4687 257 4758 92
301 4701 459 4744 utero
514 4693 878 4748 habitantium
917 4697 1270 4764 perscrutari.
1313 4697 1552 4768 Longum
1585 4711 1665 4754 cst
1696 4699 1740 4754 si

159 4780 219 4833 de
265 4781 346 4834 his
385 4781 880 4850 interpretationes
935 4797 993 4839 et
1035 4787 1320 4854 aenigmata
1375 4803 1496 4858 qua:
1547 4791 1740 4845 scribit

155 4873 439 4943 Apostolus
493 4876 837 4945 proferamus
861 4917 875 4942 ,
905 4879 1032 4946 quid
1070 4881 1310 4950 mysterii
1338 4922 1353 4948 ,
1401 4882 1530 4949 quid
1559 4897 1739 4936 causa:

157 4968 493 5032 contineant,
553 4985 691 5034 cur,
737 4981 1027 5038 antequam
1073 4983 1371 5026 nascantur
1419 4977 1594 5041 pueri,
1647 4984 1740 5028 attt

155 5055 346 5129 aliquid
383 5060 437 5114 in
493 5061 602 5114 hoc
628 5063 826 5115 seculo
861 5073 1024 5132 agant
1058 5064 1181 5118 boni
1221 5065 1304 5118 vel
1339 5065 1461 5118 ntali
1488 5107 1503 5131 ,
1537 5066 1738 5119 dicitur

155 5150 215 5203 de
241 5153 324 5207 his
345 5153 416 5217 ⁸⁷,
454 5153 590 5223 quia
621 5156 845 5222 papulas
873 5157 1121 5223 populant
1159 5157 1447 5223 superabit,
1477 5167 1524 5210 et
1564 5158 1736 5225 major

154 5247 328 5298 serriet
362 5247 601 5309 minori;
636 5264 766 5314 cur,
795 5259 1086 5317 antequam
1113 5250 1178 5302 de
1219 5251 1407 5303 matris
1435 5260 1588 5304 utero
1611 5266 1735 5318 pro-

153 5336 428 5399 cederent,
493 5337 701 5390 dicitur
753 5354 848 5407 per
897 5341 1311 5408 prophetam“,
1377 5341 1500 5408 quia
1561 5338 1732 5392 Jacob

153 5427 327 5494 dilexi,
374 5428 532 5482 Esau
561 5441 734 5483 autem
763 5432 882 5484 odio
911 5432 1091 5486 habui.
1130 5431 1252 5486 llaec
1279 5449 1442 5501 supra
1484 5441 1732 5486 nostram

152 5516 385 5588 linguam
411 5530 575 5582 sont,
606 5530 658 5574 ct
685 5537 842 5590 supra
885 5523 1128 5576 auditum
1164 5533 1425 5578 vestrum.

215 5611 267 5666 2.
303 5610 464 5668 Nunc
494 5613 716 5667 interitu
749 5615 1028 5670 videamus
1055 5617 1181 5687 quid
1217 5627 1299 5671 est
1329 5617 1468 5688 quod
1501 5617 1733 5673 dicitur:

913 5738 957 5769 °"
999 5737 1140 5794 PSaI.
1192 5756 1390 5806 CXVIII,
1443 5742 1530 5795 18.

443 5807 494 5841 ⁶⁹
553 5803 665 5862 Jer.
727 5823 884 5876 xxnt,
937 5809 1026 5864 9.4.
1105 5813 1150 5845 ὀ
1205 5803 1491 5878 Εκοιιζιιι,
1541 5813 1594 5867 5.

215 5731 259 5764 ⁸³
309 5735 451 5791 Luc.
500 5751 657 5799 κκιν,
719 5737 809 5791 52.

214 5803 269 5858 2.
305 5805 359 5858 ὃ.
443 5807 494 5841 ⁶⁹
553 5803 665 5858 Jer.
727 5824 809 5858 XXI

1644 5741 1690 5773 ⁸⁸
1729 5739 1927 5796 Cenes.
1981 5756 2107 5804 xxv,
2159 5740 2249 5794 2|.

1675 5813 1720 5846 '“
1772 5812 1970 5868 Geues.
2019 5827 2150 5878 xxv,
2195 5810 2287 5866 25.

1875 1931 2080 1992 videre,
2123 1931 2248 2000 quia
2293 1946 2357 1986 ex
2406 1945 2554 1985 more
2591 1933 2740 1986 venit
2776 1931 2878 1985 hoc
2913 1933 3155 1998 sanctis,
3207 1941 3283 1998 ut,
3321 1951 3446 1988 cum

1873 2024 2079 2092 aliquid
2110 2039 2136 2076 a
2179 2024 2285 2079 Deo
2310 2025 2519 2078 ostendi
2566 2026 2667 2078 sibi
2700 2026 2969 2090 viderint,
3015 2027 3096 2079 vel
3137 2026 3288 2078 ahire
3311 2067 3328 2092 ,
3364 2025 3448 2080 vel

1873 2116 2108 2170 transire
2150 2131 2208 2171 se
2266 2117 2488 2170 dicant?
2546 2115 2756 2187 Moyses
2800 2132 2922 2171 cum
2984 2119 3207 2173 vidisset
3251 2121 3445 2175 rubum

1871 2209 2066 2264 ardere
2110 2219 2314 2265 etnon
2371 2209 2549 2273 exuri,
2605 2211 2909 2265 admiratus
2961 2212 3135 2264 visunt
3193 2212 3324 2265 dixit
3352 2213 3444 2269 7°:
3519 2211 3522 2215 ’

1873 2299 2179 2364 Transeunt,
2218 2311 2263 2354 et
2298 2301 2478 2354 ridebo
2509 2302 2674 2354 visum
2699 2301 2818 2354 ltoc.
2858 2300 2972 2354 Non
3017 2302 3204 2370 utique
3241 2312 3294 2356 ct
3327 2303 3446 2372 ipse

1868 2392 2211 2463 signiﬁcabat
2253 2408 2310 2446 se
2353 2393 2571 2462 aliquod
2608 2401 2766 2446 terrm
2800 2393 3033 2462 spatium
3064 2394 3442 2461 transiturum,

1868 2502 1976 2540 non
2034 2497 2247 2541 montes
2303 2485 2714 2549 conscendere,
2759 2500 2859 2538 nec
2906 2487 3112 2554 digredi
3171 2498 3442 2556 prterupta

1867 2577 2220 2632 convallium.
2271 2577 2446 2647 Prope
2485 2577 2657 2646 ipsum
2695 2589 2812 2630 erat
2844 2577 2980 2630 visio
3008 2616 3022 2639 ,
3079 2577 3130 2630 in
3164 2593 3259 2632 ore
3299 2588 3351 2631 et
3390 2581 3442 2630 iu

1865 2668 2039 2722 oculis
2087 2669 2224 2736 ejus.
2291 2667 2398 2722 Sed
2449 2669 2600 2733 dicit,
2653 2677 2939 2732 transeam,
2995 2680 3050 2722 ut
3087 2671 3343 2722 ostendat
3385 2684 3444 2723 se

1865 2761 2256 2814 communitum
2289 2760 2497 2813 visione
2534 2757 2745 2813 cmlesti
2789 2759 2855 2810 ad
2901 2758 3240 2827 superiorem
3275 2759 3440 2810 vitam

1866 2850 2070 2906 debere
2110 2851 2483 2906 conscendere
2511 2894 2525 2915 ,
2569 2851 2638 2904 ab
2701 2849 2785 2904 his
2830 2849 2884 2903 in
2934 2849 3132 2918 quibus
3186 2857 3328 2910 erat,
3372 2847 3442 2903 ad

1865 2941 2087 2995 meliora
2145 2943 2403 2996 transire.
2477 2939 2570 2996 Sic
2616 2958 2749 3005 ergo
2791 2950 2846 2994 et
2895 2957 3035 2995 mtnc
3091 2941 3324 2995 refertur
3376 2941 3443 2995 de

1863 3033 2145 3099 Rebecca,
2192 3036 2336 3103 quod
2368 3033 2501 3086 abiit
2544 3034 2884 3093 interrogare
2930 3033 3212 3085 Dominum
3247 3046 3262 3086 :
3296 3047 3438 3101 quae,

1863 3135 1922 3178 ut
1949 3125 2208 3185 diximus,
2237 3125 2440 3180 abiisse
2473 3142 2578 3178 non
2607 3126 2856 3192 passibus
2895 3127 3115 3194 pedum,
3157 3125 3249 3177 sed
3284 3141 3438 3178 men-

1778 3201 1821 3258 (οἶ
1860 3218 1926 3270 tis
1956 3216 2294 3284 profectibus
2333 3217 2700 3270 existimanda
2731 3227 2838 3272 est.
2870 3215 2934 3268 Et
2974 3227 3027 3269 tu
3059 3230 3210 3286 ergo,
3247 3216 3292 3270 si
3324 3229 3439 3270 ca:-

1855 3309 2006 3377 peris
2055 3309 2258 3363 intueri
2308 3324 2416 3363 non
2447 3323 2507 3362 ea
2543 3324 2662 3377 qua}
2697 3308 2972 3373 videntur,
3027 3311 3122 3362 sed
3174 3323 3294 3376 quae
3325 3325 3430 3362 nou

1855 3402 2130 3466 videntur,
2177 3401 2230 3454 id
2265 3411 2352 3456 est
2403 3417 2507 3455 non
2554 3401 2793 3456 carnalia
2819 3442 2834 3467 ,
2876 3400 2970 3454 sed
2999 3401 3295 3468 Spiritalia,
3329 3417 3435 3455 non
3488 3465 3490 3467 ν

1855 3497 2167 3562 prarsentia,
2216 3495 2314 3548 sed
2366 3493 2574 3557 futura,
2604 3493 2810 3547 abiisse
2863 3493 3062 3547 diceris
3095 3493 3437 3563 interrogare

1855 3585 2167 3642 Dominum.
2216 3585 2271 3640 Si
2308 3601 2472 3642 eruas
2507 3596 2557 3641 te
2593 3589 2658 3640 de
2689 3587 3107 3641 conversatione
3141 3588 3331 3648 veteri,
3379 3596 3433 3640 et

1853 3695 1882 3733 a
1919 3682 2194 3734 consortio
2235 3695 2424 3734 eorum
2460 3696 2580 3734 cum
2619 3679 2820 3748 quibus
2855 3680 3086 3748 turpiter
3127 3689 3181 3733 et
3224 3679 3436 3734 notabi-

1851 3770 1976 3824 liter
2020 3773 2258 3838 vixeras,
2315 3771 2564 3826 honestis
2592 3786 2720 3825 vero
2752 3780 2801 3824 te
2830 3786 2893 3824 ac
2926 3770 3194 3840 religiosis
3219 3770 3435 3835 actibus

1851 3863 2064 3928 soeics;
2114 3880 2236 3918 cmn
2283 3864 2584 3931 requisitos
2623 3861 2798 3916 fueris
2844 3863 2985 3915 inter
3016 3863 3230 3918 sodales
3263 3864 3434 3933 turpi-

1853 3953 2076 4019 tudinis,
2124 3961 2175 4006 et
2217 3952 2268 4005 in
2298 3952 2537 4006 catervis
2569 3952 2856 4006 noxiorum
2891 3967 3234 4021 nequaquam
3267 3953 3434 4010 lueris

1850 4056 2119 4113 repertus,
2173 4043 2385 4098 dicetur
2415 4052 2472 4098 et
2503 4045 2569 4098 de
2621 4053 2672 4098 te
2723 4045 2848 4112 quia
2905 4045 3043 4098 abiit
3093 4045 3433 4115 interrogare

1849 4138 2156 4195 Dominum.
2197 4137 2289 4192 Sic
2321 4138 2485 4207 igitur
2511 4138 2685 4192 sancti
2724 4154 2828 4192 non
2869 4139 2935 4192 de
2979 4136 3097 4192 loco
3125 4139 3192 4190 ad
3229 4139 3429 4204 locum,

1848 4234 1941 4284 sed
1971 4231 2036 4284 de
2067 4231 2176 4284 vita
2205 4231 2269 4282 ad
2297 4231 2482 4291 vitam,
2519 4229 2584 4284 de
2617 4229 2882 4284 institutis
2910 4229 3102 4300 primis
3129 4231 3332 4285 abeunt
3361 4233 3430 4286 ad

1848 4319 2094 4374 instituta
2123 4321 2360 4389 potiora.

1916 4413 1974 4466 5.
2019 4413 2162 4466 Dixit
2183 4428 2316 4482 ergo
2345 4415 2394 4468 ei
2432 4412 2691 4468 Dominus
2715 4411 2758 4442 ⁷⁸
2796 4429 2810 4466 :
2836 4411 2968 4466 Duo:
2997 4423 3172 4482 gentes
3196 4415 3248 4468 in
3277 4424 3426 4469 utero

1846 4501 2102 4571 tuo'sunt,
2140 4518 2186 4560 et
2227 4507 2335 4561 duo
2358 4508 2540 4581 papuli
2573 4507 2637 4559 de
2671 4516 2846 4560 ventre
2869 4517 2960 4559 tuo
2985 4508 3423 4576 segregabuntur.

1848 4599 1913 4652 Et
1966 4601 2190 4668 pomi/us
2241 4601 2496 4670 pupulum
2547 4600 2850 4668 superabit,
2916 4611 2962 4652 et
3018 4601 3193 4668 major
3241 4603 3423 4655 serviet

1843 4691 2052 4744 minori.
2107 4692 2386 4757 Quomodo
2427 4692 2654 4761 p0pulus
2688 4691 2942 4760 populum
2975 4697 3334 4762 superaverit,
3371 4694 3424 4748 id

1843 4793 1925 4836 cst
1967 4783 2206 4837 Ecclesia
2253 4784 2618 4854 Synagogam,
2643 4794 2697 4836 et
2724 4785 2994 4852 quomodo
3021 4785 3192 4855 major
3222 4788 3426 4840 serviat

1844 4875 2078 4938 minori,
2131 4877 2295 4930 etiam
2330 4876 2460 4944 ipsis
2501 4874 2701 4930 ludatis
2745 4875 2873 4929 licet
2923 4892 3028 4929 non
3074 4878 3422 4932 credentibus

1845 4981 2032 5026 notum
2079 4981 2180 5023 est.
2235 4969 2308 5023 De
2351 4969 2435 5022 his
2479 4985 2608 5038 ergo
2644 4984 2763 5038 qua:
2797 4967 2974 5036 palam
3018 4977 3226 5024 suntet
3266 4971 3422 5024 valde

1842 5065 2094 5117 omnibus
2131 5063 2289 5125 trita,
2340 5062 2525 5115 dicere
2575 5061 2909 5130 superﬂuunt
2960 5074 3112 5132 puto.
3144 5065 3314 5130 Illud,
3371 5069 3415 5121 si

1844 5155 2074 5225 placeat,
2123 5155 2406 5221 addamus,
2469 5154 2613 5222 quod
2663 5169 3100 5224 unumquetntpte
3150 5167 3416 5218 nostrum,

1841 5248 1932 5316 qui
1975 5248 2088 5301 hare
2126 5248 2314 5310 audit,
2354 5249 2628 5302 aadilicare
2678 5257 2731 5302 et
2767 5248 3040 5304 instruere
3081 5261 3263 5318 queat.
3307 5249 3419 5317 Ego

1839 5350 1971 5408 puto
2009 5343 2152 5408 quod
2189 5349 2244 5394 et
2269 5340 2334 5393 de
2366 5339 2595 5409 singulis
2625 5341 2781 5395 nobis
2815 5341 2917 5396 hoc
2939 5341 3044 5396 dici
3071 5352 3270 5410 potest,
3292 5345 3416 5408 quia

1840 5431 1959 5485 dua:
2011 5443 2199 5500 gentes
2229 5443 2284 5486 et
2329 5434 2436 5486 duo
2478 5433 2659 5502 populi
2699 5434 2836 5486 intra
2876 5449 2974 5488 nos
3008 5442 3152 5488 sunt.
3186 5432 3320 5486 Nam
3363 5443 3414 5490 et

1840 5521 2104 5576 virtutum
2137 5523 2364 5593 populus
2400 5524 2537 5576 intra
2575 5537 2674 5576 nos
2707 5532 2814 5587 est,
2843 5532 2897 5576 ct
2927 5522 3180 5575 vitiorum
3215 5520 3416 5576 nihilo»

1844 5617 2024 5672 mitms
2067 5617 2295 5686 populus
2329 5617 2472 5670 intra
2503 5629 2734 5671 nosest.
2766 5615 2843 5669 De
2871 5615 3025 5666 corde
3055 5613 3190 5668 enim
3229 5623 3417 5669 nostto

2350 5741 2396 5773 ⁸⁸
2450 5741 2578 5797 ibid.
2621 5741 2710 5797 25.
2815 5740 2858 5770 ⁸⁷
2911 5737 3044 5797 ibid.
3152 5739 3197 5772 ⁸⁸
3221 5739 3410 5800 Malae.
