3902 6516
506 337 611 394 227

1986 333 2307 391 ORIGENIS
3603 353 3680 412 ,η

507 457 796 530 procedunt
845 455 1186 526 cogitationes
1212 454 1388 518 malle,
1420 455 1710 520 adulteria,
1744 459 1910 526 furta,
1933 455 2070 525 falsa
2103 459 2150 514 Α
2181 454 2295 507 nias
2325 455 2756 522 commovebunt,
2790 466 2843 511 et
2881 456 3138 528 incipient
3173 456 3378 528 replere
3402 466 3526 516 terra
3551 479 3625 520 sua
3643 483 3684 525 ει

515 551 818 606 testimonia
837 549 906 612 ",
937 547 1064 611 doli,
1105 548 1516 612 contentiones,
1541 548 1798 612 hmrescs,
1838 547 2074 612 invidiae,

509 643 946 704 comessationes,
976 650 1029 694 et
1063 639 1146 694 his
1178 639 1400 695 similia.
1454 639 1615 696 Vides
1643 650 1882 710 quantus
1910 639 2080 694 malo-

510 749 628 788 rum
656 731 880 801 populus
907 731 1047 785 intra
1071 745 1170 784 nos
1201 731 1326 785 est?
1351 731 1408 785 Si
1443 746 1568 784 vero
1601 746 1907 786 mereamur
1931 730 2076 784 illam

507 837 690 877 vocem
749 822 931 875 dicere
986 829 1176 875 sancto
1231 820 1458 889 Spiritui
1502 821 1548 853 ⁷³
1583 838 1596 874 :
1630 821 1670 873 Α
1720 821 1906 874 timore
1963 829 2076 884 tuo,

506 913 750 976 Domine,
775 914 826 966 in
856 921 1002 966 utero
1027 913 1378 978 concepimus,
1410 921 1456 965 et
1487 912 1803 980 peperimus,
1833 911 2076 978 spiritum

505 1006 691 1061 salutis
716 1016 819 1060 tute
843 1006 1063 1074 fecimus
1105 1021 1259 1071 super
1295 1016 1512 1069 terram;
1547 1014 1672 1056 tunc
1694 1013 1748 1058 et
1773 1004 1911 1056 alius
1936 1003 2077 1056 intra

504 1112 604 1152 nos
631 1096 858 1166 populus
895 1097 1170 1150 invenitur
1199 1098 1250 1151 in
1272 1097 1464 1156 spiritu
1494 1105 1805 1164 generatus.
1844 1092 2078 1148 Fructus

504 1186 651 1241 enim
683 1187 899 1254 spiritus
930 1199 1002 1240 est
1033 1188 1298 1252 Charitas,
1331 1188 1617 1256 gaudium,
1647 1201 1774 1256 pax,
1800 1186 2077 1255 patientia,

503 1279 802 1343 humilitas,
842 1280 1212 1344 mansuetudo,
1263 1278 1609 1339 continentia,
1657 1279 1874 1332 castitas
1906 1278 1974 1344 ⁷⁵,
2024 1285 2078 1330 et

503 1370 592 1425 his
627 1371 849 1425 similia.
910 1370 1070 1425 Vides
1111 1379 1164 1424 et
1215 1369 1377 1424 alium
1432 1369 1688 1440 populum
1746 1369 1836 1435 qui
1873 1379 1928 1423 et
1965 1369 2078 1436 ipse

505 1463 646 1517 intra
676 1478 772 1516 nos
796 1471 877 1517 est
913 1480 926 1516 :
955 1463 1048 1516 sed
1082 1461 1182 1516 iste
1209 1462 1387 1518 minor
1413 1475 1516 1526 est,
1564 1462 1655 1516 ille
1697 1461 1889 1529 major.
1923 1461 2078 1514 Sem-

502 1569 598 1624 per
652 1555 796 1609 enim
848 1553 1031 1624 plures
1085 1562 1212 1610 sunt
1267 1555 1390 1610 mali
1441 1570 1603 1625 quam
1645 1554 1812 1620 boni,
1859 1561 1912 1608 et
1947 1551 2087 1606 vitia‘

505 1649 877 1705 numerosiora
915 1651 1231 1706 virtutibus.
1281 1651 1388 1704 Sed
1419 1650 1463 1705 si
1501 1650 1638 1704 tales
1675 1649 1869 1714 simus,
1898 1646 2075 1717 qualis

504 1743 747 1797 Rebecca
769 1782 784 1807 ,
811 1750 864 1796 et
895 1757 1202 1796 mereamur
1230 1742 1295 1796 de
1323 1743 1475 1795 Isaac
1499 1781 1513 1803 ,
1568 1740 1618 1794 id
1667 1749 1747 1794 est
1802 1740 1866 1794 de
1913 1740 2075 1793 verbo

504 1833 596 1887 Dei
649 1832 850 1886 habere
901 1841 1254 1899 conceptum,
1311 1833 1474 1885 etiam
1529 1831 1582 1884 in
1644 1830 1800 1885 nobis
1851 1830 2077 1899 populus

503 1925 757 1994 populum
786 1925 1083 1992 superabit,
1114 1933 1168 1978 et
1193 1922 1366 1991 major
1388 1923 1590 1978 serviet
1615 1921 1810 1976 minori
1838 1941 1849 1974 :
1879 1922 2088 1990 serviet

502 2017 706 2070 etenim
747 2031 876 2071 caro
913 2015 1148 2085 spiritui,
1179 2027 1232 2068 et
1263 2015 1392 2069 vitia
1433 2015 1725 2069 virtutibus
1750 2014 1963 2070 cedent.
2008 2011 2076 2066 Et

503 2107 701 2176 impleli
731 2117 874 2173 sunt,
911 2108 1167 2176 inquit",
1199 2107 1309 2160 dies
1339 2106 1452 2169 eius
1485 2116 1538 2159 ut
1579 2115 1813 2176 pareret,
1849 2117 1894 2160 et
1926 2117 2074 2161 erant

499 2202 693 2269 gemini
742 2201 796 2253 in
838 2211 1008 2254 ventre
1049 2201 1179 2269 ejus.
1244 2199 1343 2254 llic
1399 2214 1604 2265 sermo,
1671 2199 1722 2251 id
1757 2209 1839 2254 est
1880 2198 2076 2268 impleti

499 2305 619 2347 sunt
663 2295 775 2347 dies
815 2295 930 2363 ejus
983 2305 1038 2347 ut
1067 2304 1294 2364 pareret,
1332 2310 1612 2361 nunquam
1674 2294 1788 2349 fere
1853 2295 1954 2348 nisi
2008 2295 2075 2347 de

499 2387 703 2442 sanctis
739 2385 1060 2438 mulieribus
1107 2385 1386 2440 scribitur.
1442 2384 1513 2438 De
1548 2385 1648 2439 hac
1681 2399 1915 2452 namque
1964 2383 2075 2439 Re-

499 2477 662 2532 becca
694 2478 892 2530 dictum
918 2485 1004 2530 est
1044 2476 1144 2530 hoc
1166 2515 1180 2538 ,
1211 2484 1264 2529 et
1293 2476 1356 2528 de
1385 2475 1664 2528 Elisabeth
1697 2482 1868 2530 matre
1909 2473 2078 2529 Joan-

500 2570 608 2632 nis,
653 2577 706 2622 et
753 2567 917 2621 Maria
968 2577 1140 2622 matre
1185 2566 1396 2620 Domini
1457 2567 1624 2619 nostri
1675 2565 1799 2620 Jcsu
1849 2566 2070 2621 Christi.

505 2660 655 2714 Unde
679 2659 805 2713 mihi
841 2659 1052 2713 videtur
1070 2657 1327 2711 eximium
1367 2657 1570 2726 aliquid
1597 2699 1610 2723 ,
1643 2667 1696 2712 et
1731 2670 1927 2727 praeter
1965 2675 2072 2713 etc-

501 2759 647 2804 teros
693 2750 945 2805 homines
990 2748 1368 2817 hujuscemodi
1423 2758 1606 2816 partus
1650 2751 1963 2816 ostendere,
2020 2759 2074 2803 et

501 2841 724 2910 repletio
763 2841 970 2894 dierum
1016 2850 1196 2893 ortum
1245 2838 1504 2908 perfectae
1552 2841 1756 2894 sobolis
1811 2841 2070 2895 indicare.

570 2933 622 2986 4.
657 2929 799 2985 Exiit
819 2941 987 2984 autem
1012 2931 1178 3000 filius,
1209 2930 1388 2999 inquit
1411 2931 1476 2995 ⁷⁸,
1504 2933 1824 3001 primitivus,
1854 2935 2068 2998 rubens,

497 3033 546 3077 et
609 3031 750 3076 totus
813 3033 1060 3091 tanquam
1123 3021 1272 3090 pellis
1345 3021 1600 3075 hirsutus.
1671 3022 2070 3090 Cognominavit

2179 549 2290 602 luto
2322 560 2512 618 puteos
2541 565 2710 606 meos.
2747 550 2881 606 Nam
2912 552 3098 621 utique
3137 553 3182 607 si
3235 552 3582 621 permitterent
3617 558 3680 614 isti

2175 638 2504 705 Philisthiui,
2545 650 2600 694 et
2640 655 2740 710 ego
2782 639 3027 696 volebam
3064 643 3324 696 accedere
3364 642 3425 694 ad
3451 639 3682 701 Dominum

2179 749 2352 788 meum
2369 733 2818 803 patientissimum
2844 733 3050 798 Jcsum,
3073 734 3163 802 qui
3183 732 3515 801 dicit",qnia
3537 751 3612 804 ego
3628 755 3684 793 rc-

2177 827 2399 879 nientem
2420 825 2488 878 ad
2507 842 2587 880 me
2607 842 2714 880 non
2747 825 2938 892 repello
2953 841 2972 879 :
2988 824 3233 880 volebam
3256 825 3527 889 accedere,
3544 837 3589 879 et
3605 828 3684 884 sic-

2178 928 2236 970 ut
2259 917 2511 972 dixerunt
2537 917 2587 972 ei
2609 917 2919 985 discipuli"
2947 915 3218 980 :Domine,
3251 916 3369 984 quis
3397 919 3684 984 peccaritJtic

2177 1026 2244 1062 an
2271 1020 2510 1077 parentes
2535 1010 2674 1079 ejus,
2697 1019 2751 1062 ut
2782 1025 2951 1063 cwcus
3003 1010 3352 1062 nasceretur?
3383 1005 3444 1060 Et
3460 1022 3547 1078 ego
3577 1010 3684 1066 vole-

2177 1097 2300 1152 bam
2342 1101 2680 1167 interrogare
2713 1114 2836 1152 eum
2859 1108 2912 1153 et
2943 1099 3124 1153 dicere
3156 1114 3171 1152 :
3204 1098 3447 1162 Domine,
3479 1099 3688 1166 quispec-

2177 1192 2338 1257 cavit,
2366 1193 2452 1247 hic
2483 1192 2727 1260 Esau,an
2758 1201 3011 1260 parentes
3038 1191 3250 1260 ejus,ut
3279 1190 3351 1244 sit
3379 1197 3511 1244 totus
3543 1192 3686 1246 hirsu-

2179 1292 2284 1346 tus,
2303 1292 2354 1337 et
2369 1284 2622 1338 horridus
2638 1293 2970 1347 nasceretur,
2989 1291 3040 1336 ut
3066 1283 3117 1336 in
3136 1290 3290 1336 utero
3312 1281 3688 1350 supplantaretar

2177 1392 2205 1430 a
2233 1377 2447 1431 fratre?
2477 1376 2580 1432 Sed
2613 1379 2656 1432 si
2689 1377 2910 1434 voluero
2943 1377 3280 1445 interrogare
3308 1373 3375 1428 de
3418 1373 3494 1428 bis
3514 1376 3684 1430 verbum

2179 1469 2367 1534 Dei,et
2394 1469 2692 1538 inquirere,
2723 1470 2902 1524 statim
2931 1469 3061 1522 mihi
3094 1468 3214 1523 li'tes
3243 1465 3540 1521 Pbilisthiui
3555 1478 3600 1520 et
3620 1483 3686 1522 ca-

2178 1561 2410 1618 lumnias
2446 1562 2763 1616 movent.Et
2799 1563 2919 1617 ideo
2940 1577 3041 1616 nos
3072 1560 3440 1632 relinquentes
3472 1560 3593 1615 hunc
3616 1576 3687 1629 pu-

2181 1667 2321 1712 teum
2349 1665 2402 1710 et
2435 1664 2692 1710 vocantes
2714 1669 2837 1708 eum
2864 1653 3176 1708 inimicitias
3199 1692 3212 1718 ,
3245 1652 3408 1705 alium
3453 1651 3686 1708 fodiamus.

2248 1749 2302 1805 5.
2350 1747 2474 1802 l’ost
2518 1748 2652 1810 lucc,
2693 1745 2862 1815 inquit
2887 1745 2953 1810 ⁸⁸³,
2990 1745 3259 1798 seminavit
3286 1745 3442 1797 Isaac
3469 1743 3687 1808 hordeum,

2180 1853 2225 1896 et
2256 1842 2444 1895 invenit
2467 1839 2781 1908 centuplum.
2801 1837 3072 1892 Benedixit
3096 1847 3272 1890 autem
3291 1834 3439 1888 illum
3467 1833 3690 1899 Dentium,

2179 1941 2225 1983 et
2258 1929 2623 1998 magniﬁcatus
2653 1937 2726 1980 est
2779 1927 2931 1980 homo
2977 1936 3024 1980 et
3071 1941 3315 1993 processu
3368 1924 3528 1992 major
3549 1926 3689 1992 ﬁebat,

2175 2023 2512 2092 quoadusque
2549 2035 2766 2089 magnus
2799 2018 2969 2086 factus
3017 2027 3090 2070 est
3131 2017 3298 2070 valde.
3323 2016 3459 2083 Quid
3483 2024 3551 2069 est
3584 2017 3691 2085 quod

2175 2112 2326 2167 lxaac
2358 2113 2616 2167 hordeum
2637 2109 2944 2172 seminavit,
2975 2120 3028 2163 et
3062 2122 3170 2162 non
3200 2105 3542 2171 frumentum,
3567 2108 3694 2160 etbe-

2177 2205 2443 2259 ncdicitur
2467 2204 2521 2258 in
2547 2218 2611 2258 eo
2652 2203 2793 2271 quod
2823 2201 3082 2255 hordeum
3118 2198 3370 2262 seminat,
3409 2209 3462 2253 et
3497 2197 3694 2266 magnifi-

2175 2307 2329 2350 catur
2371 2312 2651 2366 quousque
2695 2309 2921 2363 magnus
2970 2293 3106 2346 fiat?
3147 2295 3389 2362 Apparet
3421 2305 3567 2358 ergo,
3597 2291 3692 2360 quia

2177 2390 2414 2442 nondum
2467 2402 2692 2457 magnus
2741 2385 3021 2452 erat;sed
3055 2395 3408 2454 posteaquam
3459 2383 3694 2437 seminavit

2178 2480 2436 2534 hordeum
2472 2491 2526 2533 et
2556 2479 2773 2545 collegit
2796 2476 3126 2545 centuplum,
3165 2487 3294 2530 tunc
3322 2477 3493 2530 lactus
3515 2484 3586 2529 est
3608 2491 3694 2528 tn:-

2175 2587 2312 2640 gnus
2354 2571 2530 2624 valde.
2597 2571 2868 2625 llordcum
2910 2569 3274 2638 iumentorum
3324 2569 3550 2624 maxime
3582 2568 3696 2623 cibus

2174 2674 2276 2726 est,
2322 2671 2415 2715 aut
2474 2677 2757 2716 servorum
2814 2661 3162 2714 rusticorum.
3222 2659 3315 2713 Est
3361 2659 3503 2713 enim
3534 2661 3697 2728 species

2175 2754 2438 2821 asperior,
2512 2761 2566 2805 et
2635 2766 2755 2820 qua:
2817 2750 2962 2804 velut
3031 2748 3372 2803 acuminibus
3428 2748 3695 2817 quibusdam

2175 2843 2580 2910 contingentem
2657 2840 2942 2895 stimulare
3017 2841 3282 2894 videatur.
3351 2837 3502 2893 Isaac
3559 2852 3698 2891 sermo

2174 2933 2266 2986 Dei
2306 2943 2410 2995 est,
2479 2931 2570 2999 qui
2630 2946 2810 2985 sermo
2875 2932 2927 2984 in
2995 2930 3112 2998 lege
3167 2931 3433 2984 hordeum
3490 2932 3696 2995 seminat,

2174 3037 2230 3080 ct
2272 3028 2324 3080 in
2366 3024 2673 3096 Evangeliis
2712 3023 2972 3079 triticum.
3004 3023 3155 3076 Illum
3199 3023 3342 3077 enim
3391 3021 3560 3075 cibum
3605 3038 3699 3090 pcr-

497 3127 670 3169 autem
723 3131 905 3168 nomen
950 3114 1095 3167 illius
1154 3113 1320 3166 Esau.
1387 3113 1452 3166 Et
1505 3124 1687 3181 postea
1728 3116 1858 3168 exiit
1905 3116 2072 3184 frater
2101 3143 2145 3202 ο
2179 3116 2492 3172 fectioribus
2538 3125 2590 3171 el
2625 3115 2996 3184 spiritalibus,
3036 3115 3180 3168 hunc
3237 3112 3636 3182 imperitioribus
3660 3122 3700 3165 et

496 3208 634 3278 ejus,
685 3217 729 3260 et
771 3223 956 3258 manus
997 3209 1110 3275 ejus
1161 3206 1386 3273 implexa
1434 3216 1544 3258 erat
1591 3206 1844 3260 calcaneo
1894 3205 2066 3273 Esau,

494 3311 542 3353 et
575 3299 845 3367 appellavit
884 3314 1068 3350 nomen
1106 3297 1249 3350 illius
1289 3295 1480 3350 Jacob.
1516 3297 1706 3352 Refert
1743 3299 1808 3352 de
1852 3299 1934 3353 his
1965 3300 2069 3355 alia

496 3391 787 3460 scriptura,
837 3388 977 3458 quod
1022 3388 1193 3443 Jacob
1234 3389 1603 3459 supplantavit
1646 3392 1700 3445 in
1734 3403 1924 3447 ventre
1957 3392 2068 3446 fra-

499 3493 637 3538 trem
712 3497 909 3548 suum,
981 3491 1036 3536 et
1085 3483 1243 3550 hujus
1304 3483 1380 3536 rei
1457 3483 1713 3537 indicium
1775 3485 1869 3549 sit,
1926 3485 2069 3554 quod

497 3587 690 3628 manus
718 3572 835 3644 ejus
871 3571 1100 3641 implexa
1133 3581 1247 3626 erat
1281 3573 1540 3628 ealcanco
1575 3571 1762 3627 fratris
1791 3574 1872 3628 sui
1909 3575 2066 3628 Esau.

496 3666 598 3733 Qui
647 3666 790 3721 Esau
827 3666 892 3720 de
923 3674 1076 3721 utero
1121 3665 1312 3720 matris
1354 3681 1464 3721 sum
1513 3665 1783 3735 processit
1825 3666 2071 3721 hirsutus

497 3768 646 3814 totus
683 3770 935 3827 tauquam
969 3758 1144 3828 pellis,
1202 3755 1373 3811 Jacob
1426 3767 1603 3811 autem
1651 3758 1787 3812 levis
1838 3767 1892 3812 et
1941 3759 2074 3813 sim-

498 3854 644 3924 plex.
699 3851 853 3908 Unde
912 3861 968 3904 ct
1009 3850 1180 3905 Jacob
1229 3865 1258 3904 a
1301 3849 1557 3903 luctando
1589 3865 1784 3904 nomen
1830 3850 2072 3920 acccepit

499 3944 663 4017 (80).
723 3943 866 3996 Esau
913 3957 1082 4007 vero,
1135 3951 1194 3994 ut
1247 3941 1397 3994 aiunt
1444 3940 1534 4007 qui
1582 3939 1800 3993 Hebraea
1853 3939 2071 3993 nomina

498 4035 944 4104 interpretantur,
1018 4033 1103 4087 vel
1175 4047 1205 4085 a
1287 4033 1524 4096 rubore,
1598 4029 1684 4085 vel
1763 4046 1792 4084 a
1878 4042 2069 4097 terra,

493 4127 602 4197 93
630 4127 680 4181 id
727 4135 810 4182 est
838 4125 1050 4192 rubrus,
1086 4124 1166 4178 vel
1213 4133 1484 4184 terrenus,
1521 4122 1625 4189 vel,
1659 4131 1718 4176 ut
1745 4123 1865 4178 aliis
1899 4125 2071 4178 visum

495 4229 579 4272 est
605 4259 620 4282 ,
654 4217 860 4272 factura
897 4218 1072 4271 dictus
1103 4218 1336 4270 videtur.
1369 4216 1568 4270 Verum
1613 4232 1732 4284 quae
1761 4217 1868 4270 sint
1919 4217 2074 4272 istius

496 4311 793 4364 nativitatis
825 4309 1130 4380 privilegia,
1157 4323 1254 4363 cur
1293 4317 1473 4362 autem
1519 4307 1607 4362 ille
1641 4308 2075 4377 supplantaverit

492 4402 734 4470 fratrem,
769 4413 822 4457 et
851 4402 986 4458 levis
1032 4418 1095 4457 ac
1125 4401 1352 4470 simplex
1386 4410 1540 4455 natus
1567 4403 1658 4467 sit,
1702 4417 1822 4456 cum
1863 4404 2072 4472 utique,

2179 3210 2501 3264 animalibus
2535 3219 2686 3279 parat
2715 3225 2728 3261 :
2762 3208 2884 3277 quia
2917 3209 3178 3276 scriptum
3205 3217 3287 3262 est
3305 3208 3347 3238 ⁸¹
3377 3224 3392 3260 :
3417 3206 3638 3260 Homines
3666 3216 3700 3259 et

2169 3302 2414 3370 jumenta
2453 3300 2626 3352 salvos
2673 3298 2856 3367 facies,
2903 3297 3148 3352 Domine.
3207 3297 3361 3351 Isaac
3407 3311 3576 3351 sermo
3600 3296 3702 3364 legis

2179 3392 2438 3446 hordeum
2470 3389 2722 3451 seminat,
2742 3397 2794 3442 et
2835 3396 3015 3442 tamen
3049 3387 3100 3440 in
3138 3388 3253 3458 ipso
3293 3388 3498 3443 hordeo
3542 3387 3704 3441 invenit

2179 3485 2534 3540 centesimum
2567 3484 2822 3535 fructum.
2859 3481 3075 3536 Iuvenis
3119 3481 3338 3535 enimet
3372 3482 3424 3534 in
3457 3481 3564 3549 lege
3593 3495 3704 3533 mar-

2182 3588 2345 3649 tyres,
2371 3593 2598 3647 quarunt
2625 3585 2711 3631 est
2736 3576 3061 3632 centesimus
3092 3574 3114 3628 l
3117 3582 3322 3630 ructus.
3345 3574 3451 3630 Sed
3483 3583 3534 3629 et
3558 3573 3706 3628 Domi--

2181 3685 2284 3724 nus
2309 3677 2493 3722 noster
2529 3668 2580 3721 in
2615 3667 2922 3737 Evangeliis
2969 3663 3138 3729 Isaac,
3173 3665 3496 3734 perfectiora
3520 3679 3706 3734 qumque

2179 3761 2462 3830 apostolis,
2487 3759 2659 3813 turbis
2691 3768 2868 3812 autem
2903 3757 3110 3829 plebeia
3141 3766 3194 3811 et
3223 3757 3529 3811 communia
3557 3757 3706 3824 loque-

2180 3855 2360 3910 batur.
2391 3852 2486 3906 V’is
2521 3862 2700 3906 autem
2738 3853 2942 3913 videre,
2967 3849 3109 3918 quod
3147 3850 3310 3902 etiam
3356 3849 3523 3918 ipsius
3557 3847 3707 3901 hordei

2180 3948 2330 4002 cibos
2362 3943 2740 4014 incipientibus
2763 3942 3053 3997 exhibuit?
3075 3941 3346 4011 Scriptum
3381 3950 3464 3996 est
3500 3941 3546 3994 in
3573 3941 3707 3994 Evan-

2181 4037 2386 4107 geliis‘“
2410 4036 2584 4105 .quod
2607 4033 2846 4090 secundo
2875 4034 3086 4102 paverit
3111 4033 3316 4087 turbas.
3345 4031 3450 4087 Sed
3479 4031 3587 4086 illos
3605 4046 3710 4101 quos

2182 4131 2357 4198 primo
2402 4129 2595 4196 pascit,
2629 4127 2681 4180 id
2724 4134 2806 4180 est
2846 4125 3168 4193 incipientes
3193 4165 3208 4190 ,
3235 4123 3550 4178 hordeaceis
3593 4122 3711 4191 pani-

2182 4221 2280 4273 bus
2335 4220 2528 4288 pascit.
2569 4217 2756 4272 Postea
2802 4229 2953 4278 vero,
2982 4230 3105 4268 cum
3151 4215 3263 4284 jam
3316 4213 3652 4284 profecissent
3671 4213 3710 4264 in

2181 4307 2346 4362 verbo
2379 4316 2432 4359 et
2461 4305 2726 4366 doctrina,
2776 4302 3018 4356 triticeos
3044 4301 3125 4355 eis
3165 4303 3458 4356 exhibebat
3501 4297 3708 4368 panes“.

2185 4401 2290 4455 Sed
2319 4408 2440 4468 post
2481 4399 2582 4452 hoc
2617 4397 2900 4460 Dominus,
2951 4395 3148 4464 inquit.
3181 4393 3458 4448 benedixit
3491 4393 3645 4454 Isaac,
3671 4398 3714 4443 et

491 4495 633 4550 sicut
683 4495 814 4549 dicit
863 4495 1150 4564 Apostolus
1180 4495 1248 4559 ⁷⁷,
1289 4509 1353 4547 ex
1393 4510 1500 4548 uno
1533 4493 1690 4546 fuerit
1724 4493 1873 4547 Isaac
1916 4504 2070 4564 patre
2105 4507 2149 4560 ι)
2185 4507 2413 4561 magnus
2440 4491 2613 4545 factus
2643 4500 2725 4544 est
2758 4489 2930 4542 valde.
2959 4485 3166 4542 Parvus
3190 4496 3309 4541 erat
3342 4486 3494 4540 lsaac
3522 4487 3572 4540 in
3605 4483 3712 4554 lege,

491 4596 676 4638 nostro
731 4586 1014 4655 utriusque
1061 4585 1151 4639 lilii
1201 4594 1525 4654 conceptus,
1556 4584 1640 4638 vel
1681 4599 1778 4638 cur
1813 4584 1902 4639 ille
1927 4595 2071 4641 totus

491 4674 734 4729 hirsutus
761 4685 815 4729 et
868 4674 1142 4739 horridus,
1187 4682 1261 4738 et,
1309 4683 1366 4728 ut
1401 4675 1476 4728 ita
1515 4675 1715 4739 dicam,
1763 4676 1970 4743 peccati
2018 4683 2072 4729 et

492 4767 746 4835 nequitia:
780 4766 1032 4835 squalore
1060 4767 1425 4820 circumdatus
1453 4806 1466 4830 ,
1501 4781 1607 4819 non
1639 4776 1722 4819 est
1749 4781 1926 4820 meum
1959 4768 2070 4822 dis-

491 4867 694 4912 cutere.
743 4855 799 4911 Si
860 4858 1002 4912 enim
1047 4857 1267 4911 voluero
1300 4858 1352 4911 in
1390 4857 1555 4911 altum
1592 4858 1793 4922 fodere,
1827 4867 1882 4912 et
1911 4873 2066 4928 aqua:

490 4949 628 5004 viva:
650 4949 878 5004 latentes
911 4964 1077 5004 venas
1109 4951 1322 5020 aperire
1351 4951 1607 5004 continuo
1635 4951 1866 5004 aderunt
1896 4950 2066 5004 Phili-

489 5042 654 5097 stbini
673 5082 689 5108 ,
727 5053 780 5096 et
809 5042 1092 5110 litigabunt
1116 5057 1347 5110 mecum,
1370 5053 1425 5097 et
1445 5044 1592 5098 rixas
1624 5044 1754 5097 tnihi
1783 5053 1836 5098 et
1860 5044 2068 5098 calum-

604 5182 650 5215 "
700 5180 893 5236 Matth.
947 5196 1038 5248 xv,
1080 5182 1178 5243 19;
1239 5181 1356 5238 Gal.
1406 5199 1462 5247 v,
1511 5182 1601 5235 20.

485 5251 533 5283 ’⁸
572 5251 707 5306 ibid.
740 5251 812 5305 25
834 5263 888 5306 et
919 5251 1010 5306 26.
1087 5253 1130 5283 ⁷⁷
1156 5252 1311 5306 Rom.
1363 5268 1438 5306 ιιι.

483 5321 532 5354 ⁸⁸
565 5321 760 5378 Matth.
785 5337 894 5378 xw.
969 5323 1015 5354 ⁸³
1041 5322 1228 5379 Matth.
1269 5339 1356 5376 xv.

1536 5254 1581 5284 ⁷⁸
1621 5251 1780 5307 Juan.
1810 5267 1886 5317 vt,
1910 5253 1998 5308 57.

558 5484 751 5562 (80)Δ
796 5489 965 5562 verbo
1007 5499 1140 5562 spy,
1181 5486 1483 5562 calcaneum
1531 5485 1910 5562 apprehendit,
1949 5485 2065 5562 cal-

485 5556 660 5625 caneo,
695 5561 962 5629 supposito
1019 5556 1290 5612 lltcttttoris
1355 5559 1524 5610 ittstur
1555 5557 1956 5629 _pessut_nded_it,
2007 5556 2068 5629 fit

489 5645 681 5684 nomen
729 5625 919 5695 Iacob,
970 5631 1112 5699 quod
1165 5631 1215 5682 in
1269 5637 1424 5698 partu
1487 5627 1692 5699 calcem
1739 5625 1924 5699 fratris
1978 5627 2064 5681 sui

491 5701 684 5771 tenuit,
719 5702 874 5771 quasi
917 5697 1089 5771 ipsum
1134 5701 1186 5753 iu
1231 5697 1661 5771 prituogenit‘ura
1711 5697 2066 5766 supplantare

491 5768 696 5824 volens.
737 5767 876 5824 Non
931 5767 1070 5826 male
1108 5767 1243 5842 ergo
1291 5771 1490 5825 asserit
1533 5767 1800 5837 Origenes
1848 5782 1977 5823 eum
2033 5781 2064 5821 a

1715 5183 1761 5213 "
1817 5180 1922 5237 lsa.
1970 5199 2120 5246 xxvr,
2176 5186 2260 5239 18.
2377 5185 2422 5216 ⁷⁸
2474 5183 2530 5238 G:

1715 5268 1780 5307 .n.
1810 5253 1998 5317 v1.57.
2086 5255 2311 5311 “Joau.
2366 5254 2530 5321 tx,2.

2177 4587 2270 4640 sed
2313 4599 2568 4655 processu
2597 4585 2855 4652 temporis
2891 4584 2949 4637 lit
2986 4595 3238 4648 magnus.
3267 4578 3353 4632 Fit
3375 4593 3594 4648 magnus
3614 4591 3713 4646 pro-

2173 4694 2332 4734 cessu
2361 4677 2618 4746 temporis
2648 4676 2700 4730 in
2735 4675 3032 4744 prophetis.
3066 4672 3200 4726 Nam
3230 4673 3281 4726 in
3322 4672 3435 4726 sola
3476 4671 3582 4740 lege
3604 4683 3710 4723 non-

2174 4776 2301 4829 dum
2341 4787 2565 4842 magnus
2595 4779 2695 4832 cst,
2727 4771 2923 4838 quippe
2955 4782 3074 4836 qua:
3101 4775 3157 4820 et
3179 4763 3446 4818 velamine
3472 4772 3604 4817 tecta
3631 4767 3711 4812 est.

2171 4861 2381 4922 Crescit
2406 4862 2663 4933 ergojam
2692 4861 2741 4913 in
2775 4858 3075 4928 prOphetis.
3099 4855 3236 4911 Cum
3270 4869 3401 4908 vero
3443 4849 3715 4923 pervenerit

2178 4957 2244 5012 ad
2272 4956 2374 5010 hoc
2408 4967 2596 5022 usque,
2632 4960 2691 5005 ut
2718 4959 2775 5004 et
2801 4949 3042 5003 velamen
3072 4945 3312 5014 abjiciat,
3337 4957 3466 4998 tunc
3493 4943 3593 4996 erit
3627 4955 3716 4994 ma-

2177 5063 2314 5118 gnus
2360 5047 2537 5100 valde.
2567 5044 2700 5098 Cum
2739 5041 2972 5112 coeperit
3019 5039 3200 5093 littera
3237 5037 3370 5107 legis
3409 5035 3553 5090 velut
3589 5033 3715 5104 palea

3147 5175 3192 5206 ⁷⁸
3228 5173 3428 5228 Genes.
3491 5187 3608 5233 xxv,
3642 5166 3716 5220 ει.

2377 5185 2422 5216 ⁷⁸
2474 5182 2652 5238 Calai.
2698 5196 2750 5244 v,
2800 5178 2900 5240 ἓξ,
2940 5177 3032 5233 25.
3147 5177 3192 5206 ⁷⁵
3228 5177 3428 5228 Genes.
3491 5187 3608 5233 xxv,
3642 5177 3714 5220 τι.

2377 5271 2443 5304 ιχ.
2475 5254 2530 5304 2.
2606 5252 2652 5284 ⁸ο
2679 5249 2877 5304 Genes.
2903 5263 3052 5304 xxVI.
3078 5245 3163 5302 12.
3243 5243 3455 5300 “Psal.
3490 5256 3642 5304 xxxv,
3674 5235 3714 5289 8.

2606 5252 2652 5284 ⁸ο
2679 5249 2877 5306 Genes.
2903 5263 3052 5314 xxVI,
3078 5245 3163 5302 12.

2177 5486 2433 5542 luctando
2463 5498 2660 5538 nomen
2693 5479 2994 5549 accepisse,
3031 5479 3126 5533 sed
3169 5477 3362 5532 miscet
3387 5470 3717 5549 etymol0gias

2178 5559 2315 5612 Esau
2353 5567 2406 5612 et
2451 5555 2640 5608 Edoni.
2683 5544 2840 5605 Esau'
2860 5551 3004 5604 enim
3045 5565 3072 5601 a
3125 5549 3304 5603 radice
3329 5544 3479 5611 nm,
3511 5544 3714 5612 factum,

2175 5629 2278 5683 dici
2313 5634 2511 5696 potest,
2541 5624 2708 5677 Edoni
2736 5636 2862 5676 vero
2909 5621 2977 5673 ab
3024 5628 3147 5682 om,
3192 5621 3365 5683 ruber,
3392 5618 3711 5675 rubicundus,

2175 5700 2396 5767 dicitur,
2435 5703 2528 5752 aut
2565 5696 2724 5750 homo
2755 5707 2786 5747 e
2824 5703 2966 5746 terra
2992 5701 3230 5745 creatus.
