3902 6504
192 372 278 429 2‘29

1328 360 1396 416 IN
1432 360 1729 418 GENESIM
1772 360 2061 417 HOMILIA
2099 362 2238 418 Χιῐῐ.

3314 340 3422 430 eso

189 483 348 545 hordei
380 480 497 549 eius
547 480 796 545 secerni,
838 491 892 535 et
930 479 1243 548 apparuerit
1282 482 1425 550 quod
1474 481 1738 551 spiritalis
1769 487 1813 541 Α
1841 480 2087 536 venimus
2142 479 2431 535 exercitia.
2492 480 2631 537 Ecce
2681 484 2850 552 enim,
2912 486 3077 544 refert
3112 486 3410 561 Scriptura.

188 589 258 635 est
288 576 383 637 lex,
420 582 546 627 tunc
593 573 742 627 Isaac
799 571 1253 643 magnilicabitur,
1285 584 1340 626 et
1374 573 1463 628 liet
1508 588 1737 643 magnus

186 670 337 725 valde.
378 666 513 720 Vide
539 666 683 720 enim
716 666 840 734 quia
873 675 924 717 et
954 663 1214 719 Dominus
1255 666 1306 717 in
1350 665 1660 733 Evangeliis
1691 665 1737 697 εδ

186 771 360 831 paucos
386 769 554 823 panes
595 754 816 823 frangit,
853 764 903 807 et
930 756 1075 822 quod
1111 753 1275 807 millia
1309 755 1484 807 reiicit
1514 753 1737 823 populo-

187 869 305 917 rum,
338 861 388 903 et
413 849 599 919 quanti
630 849 846 917 eophiui
886 848 1233 918 reliquiarum
1283 860 1592 917 supersum.
1630 850 1734 902 Do-

190 957 270 998 nec
302 939 490 1005 integri
522 948 648 992 sunt
679 952 861 1006 panes,
897 952 1059 990 neruo
1088 947 1382 997 saturatur.
1416 953 1574 991 nemo
1609 936 1733 990 reli-

186 1035 327 1096 citur,
363 1045 460 1083 nec
514 1030 613 1097 ipsi
666 1042 833 1096 panes
880 1029 1133 1081 videntur
1183 1028 1390 1098 augeri.
1439 1028 1732 1082 Considera

185 1139 297 1192 ergo
320 1137 474 1184 nunc,
525 1121 794 1190 quomodo
843 1135 1046 1189 paucos
1096 1136 1263 1191 panes
1312 1120 1734 1189 frangimus;de

186 1215 457 1285 Scripturis
483 1213 680 1267 divinis
702 1228 901 1282 paucos
924 1228 1206 1267 sermones
1237 1214 1581 1277 assumimus,
1604 1222 1736 1281 quot

185 1308 326 1365 millia
353 1306 626 1359 hominum
649 1315 985 1359 saturantur.
1034 1304 1136 1358 Sed
1176 1305 1281 1358 nisi
1337 1304 1488 1358 fracti
1534 1303 1736 1358 fuerint

184 1404 258 1458 isti
284 1412 463 1470 panes,
513 1396 612 1451 nisi
667 1396 717 1449 in
769 1408 953 1463 partes
999 1396 1313 1450 comminuti
1348 1410 1377 1448 a
1428 1394 1730 1463 discipulis,

182 1494 270 1547 hoc
293 1498 392 1554 est,
427 1487 527 1541 nisi
580 1487 884 1540 minutatim
934 1487 1111 1539 littera
1174 1483 1338 1539 fuerit
1389 1485 1634 1539 discussa
1682 1494 1735 1539 et

181 1586 350 1647 fracta,
384 1597 578 1637 sensus
600 1580 716 1648 ejus
748 1581 813 1634 ad
846 1595 1034 1634 omnes
1057 1593 1162 1633 non
1205 1586 1379 1647 potest
1424 1578 1731 1648 pervenire.

178 1675 295 1730 Cum
320 1680 497 1725 autem
532 1678 866 1741 pertractare
903 1670 1231 1739 coeperimus
1260 1677 1314 1724 et
1354 1668 1564 1739 singula
1592 1684 1735 1738 qum-

177 1787 269 1841 que
294 1770 582 1833 discutere,
621 1775 748 1821 tunc
800 1767 968 1821 turbae
1011 1766 1227 1835 quidem
1271 1776 1531 1833 quantum
1589 1773 1736 1832 pote-

1840 570 1982 639 quod
2018 570 2184 636 lsaac,
2230 581 2513 641 postquam
2556 574 2839 632 benedixit
2868 578 3018 634 illum
3067 581 3326 638 Dominus
3358 594 3416 639 et

1840 663 2220 732 magnificatus
2250 672 2330 717 est
2354 663 2528 726 valde,
2559 680 2843 735 aggressus
2872 679 2954 725 est
2982 685 3116 740 opus
3139 688 3413 745 magnum.

1840 750 2109 819 Etcmpit,
2144 751 2336 820 inquit,
2372 751 2558 808 fodere
2607 765 2817 824 puteos,
2851 769 3041 828 puteos
3077 778 3212 832 quos
3262 762 3416 819 fode-

1816 853 1958 895 ~rant
1990 844 2140 912 pueri
2170 844 2286 913 ejus
2316 846 2365 898 in
2409 855 2648 916 tempore
2689 852 2857 918 patris
2886 854 3001 922 ejus
3041 855 3315 910 Abraham
3338 856 3413 920 ⁸⁷,

1840 935 1933 989 sed
1962 935 2337 1003 oppilaverant
2361 952 2455 992 eos
2484 938 2793 997 Philistbini
2813 984 2827 1008 ,
2858 955 2911 999 et
2939 945 3292 1014 impleverant
3315 958 3419 1003 ter-

1838 1041 1894 1079 ra
1924 1025 2056 1097 (81).
2094 1026 2276 1081 Primo
2325 1044 2454 1099 ergo
2488 1030 2753 1085 habitavit
2800 1037 2939 1103 apud
2976 1046 3197 1103 puteum
3245 1039 3413 1094 visio-

1835 1118 1945 1181 nis,
1973 1126 2027 1170 ct
2056 1118 2393 1174 illuminatus
2426 1136 2454 1173 a
2494 1132 2658 1190 puteo
2688 1124 2907 1180 visionis
2936 1128 3247 1196 aggreditur
3279 1131 3415 1187 alios

1836 1216 2026 1276 puteos
2060 1209 2299 1276 aperire.
2341 1211 2403 1264 Et
2444 1228 2549 1265 non
2585 1214 2818 1282 primum
2870 1232 3037 1272 novos
3068 1231 3282 1287 puteos,
3318 1225 3413 1278 sed

1837 1315 1972 1367 quos
2000 1300 2209 1354 foderat
2242 1312 2399 1370 pater
2453 1305 2568 1372 ejus
2596 1308 2893 1361 Abraham.
2931 1309 2999 1364 Et
3042 1326 3161 1364 cum
3192 1312 3416 1370 {odisset

1837 1391 2066 1459 primum
2092 1401 2334 1460 puteum,
2365 1394 2520 1448 zelati
2543 1409 2680 1457 sunt,
2706 1398 2902 1467 inquit,
2931 1417 3047 1454 eum
3073 1400 3404 1458 Philisthini.

1834 1480 1905 1534 At
1944 1480 2030 1533 ille
2052 1482 2169 1536 zelo
2199 1497 2385 1537 eorum
2412 1499 2521 1538 non
2554 1496 2636 1539 est
2676 1489 2990 1554 deterritus,
3019 1504 3118 1545 nec
3145 1494 3309 1546 cessit
3334 1495 3416 1547 in-

1835 1571 1992 1625 vidite
2027 1572 2161 1626 :sed
2198 1575 2406 1638 iterum,
2444 1576 2717 1645 inquit”,
2753 1579 2885 1646 [odit
2930 1591 3131 1647 puteos,
3164 1598 3295 1652 quos
3333 1583 3418 1651 [ο-

1836 1662 2023 1716 derant
2064 1665 2213 1731 pueri
2260 1665 2526 1720 Abraham
2579 1669 2750 1735 patris
2789 1671 2922 1738 ejus,
2953 1681 3003 1725 et
3051 1674 3414 1741 appilaverant

1835 1773 1921 1809 eos
1949 1754 2257 1811 Pliilisthini
2283 1769 2397 1827 post
2442 1770 2660 1815 mortem
2697 1763 2921 1817 Abralta:
2950 1767 3115 1833 patris
3163 1774 3276 1836 ejus
3304 1784 3325 1835 ;
3362 1777 3411 1822 et

176 1839 288 1916 runt
311 1867 543 1912 sumant.
582 1858 733 1923 Quod
762 1867 940 1909 autem
971 1869 1074 1908 non
1133 1855 1431 1923 potuerint,
1476 1853 1737 1922 colligen-
1769 1839 1810 1897 Β
1838 1848 2009 1916 posui!
2046 1848 2150 1900 ἱίίὶδ
2178 1850 2418 1915 ηοηιίηαι
2447 1853 2733 1906 secundum
2768 1855 2985 1909 ηοηιὶηα
3013 1874 3131 1927 qua:
3166 1871 3412 1927 posuerat

177 1955 289 2007 dum
318 1956 403 2002 est
429 1956 481 2001 et
505 1947 912 2010 reservandum,
946 1960 1010 1999 ne
1046 1944 1175 2014 quid
1206 1954 1412 2013 pereat.
1439 1943 1731 1998 Servamus

172 2048 356 2109 ergoet
387 2052 507 2101 nos,
543 2038 584 2091 si
631 2036 763 2106 quid
802 2037 970 2090 turbae
997 2051 1192 2105 capere
1242 2051 1346 2090 non
1403 2045 1649 2105 possunt,
1678 2044 1732 2090 et

174 2131 459 2201 colligimus
482 2129 536 2181 in
560 2128 803 2197 cophinis
828 2135 881 2180 et
907 2129 1128 2196 sportis.
1157 2126 1400 2195 Denique
1423 2143 1541 2180 cum
1567 2126 1729 2196 paulo

172 2233 281 2278 ante
315 2220 674 2290 fregissemus
715 2232 906 2287 panem
941 2218 1007 2273 de
1039 2218 1205 2273 Jacob
1234 2226 1287 2273 et
1319 2219 1483 2283 Esau,
1524 2228 1727 2288 quanta

172 2320 228 2372 de
256 2315 341 2369 illo
370 2326 512 2381 pane
556 2310 859 2379 fragmenta
908 2321 1301 2378 superaverunt
1331 2324 1452 2378 qua:
1482 2327 1579 2365 nos
1611 2311 1729 2365 dili-

170 2416 337 2479 genter
384 2404 769 2472 recollegimus
823 2417 890 2456 ne
942 2402 1204 2470 perirent,
1231 2412 1284 2456 et
1334 2417 1614 2457 servamus
1671 2404 1723 2457 in

104 2568 111 2577 ἡ
170 2502 349 2571 Sportis
396 2499 489 2554 vel
529 2499 797 2567 copbiuis,
842 2511 1122 2566 usquequo
1171 2495 1427 2551 Dominus
1476 2498 1542 2551 de
1593 2497 1725 2567 ipsis

167 2593 279 2663 quid
302 2592 461 2646 etiam
491 2591 602 2644 lieri
622 2588 834 2657 jubeat,
854 2590 1152 2643 videamus.
1184 2586 1332 2641 Nunc
1357 2596 1535 2641 autem
1561 2603 1727 2657 quan-

170 2695 269 2737 tum
299 2683 555 2753 possibile
595 2691 701 2747 est,
733 2682 813 2735 vel
845 2681 911 2734 de
954 2682 1183 2750 panibus
1218 2680 1602 2747 comedamus,
1639 2680 1724 2735 vel

168 2776 224 2827 de
244 2773 411 2843 puteis
448 2772 790 2826 bauriamus.
840 2770 1132 2824 Teutemus
1169 2772 1349 2825 facere
1373 2771 1532 2825 etiam
1569 2770 1720 2836 illud,

165 2866 293 2936 quod
321 2864 587 2934 sapientia
611 2871 935 2929 commonet,
962 2862 1149 2917 dicens
1174 2862 1220 2893 ⁸⁸
1246 2878 1260 2915 :
1302 2862 1425 2915 Bibe
1465 2880 1627 2933 aquas
1660 2865 1723 2917 de

164 2961 254 3012 tuis
272 2958 525 3026 fantibus,
572 2968 618 3011 et
649 2958 713 3010 de
757 2957 863 3009 tuis
905 2957 1099 3023 puteis,
1145 2966 1190 3009 et
1219 2956 1287 3009 sit
1331 2957 1424 3008 tibi
1456 2957 1572 3025 fons
1600 2966 1719 3010 tuus

161 3050 403 3118 proprius.
441 3047 613 3102 Tenta
642 3062 768 3116 ergo
803 3057 855 3101 et
884 3056 960 3113 tu,
989 3062 1022 3101 ο
1069 3047 1305 3113 auditor,
1355 3047 1554 3102 habere
1592 3063 1720 3117 pro-

162 3145 319 3210 prium
352 3152 595 3210 puteum,
629 3149 677 3194 et
710 3140 988 3210 proprium
1037 3139 1279 3206 fontem;
1320 3148 1375 3195 ut
1408 3150 1462 3195 et
1492 3151 1568 3205 tu,
1597 3156 1715 3195 cum

1839 1946 1989 2006 pater
2020 1938 2155 2008 ejus.
2188 1938 2494 2012 Foditergo
2533 1944 2653 1998 illos
2682 1955 2891 2013 puteos,
2927 1962 3069 2017 quos
3100 1958 3253 2017 pater
3282 1965 3414 2004 suus

1838 2026 2072 2092 foderat,
2110 2040 2165 2083 et
2215 2030 2305 2097 qui
2348 2046 2444 2099 per
2479 2033 2733 2087 malitiam
2773 2033 3230 2093 Philisthinorum
3267 2047 3412 2094 terra

1837 2120 2050 2174 fuerant
2081 2121 2289 2190 repleti.
2315 2123 2473 2177 Fodit
2501 2136 2553 2178 et
2583 2126 2716 2181 alios
2756 2142 2923 2182 novos
2968 2130 3020 2182 in
3060 2130 3197 2184 valle
3236 2130 3411 2185 Gera-

1839 2226 2019 2263 rarum
2066 2211 2199 2282 (82),
2253 2230 2355 2267 non
2424 2215 2641 2283 quidem
2685 2217 2820 2286 ipse,
2865 2218 2955 2272 sed
2997 2220 3149 2287 pueri
3174 2219 3290 2289 ejus
3318 2241 3330 2275 :
3361 2230 3411 2273 et

1835 2305 2025 2356 int-cuit
2048 2343 2062 2368 ,
2093 2304 2269 2373 inquit
2293 2305 2361 2370 δί’,
2394 2306 2466 2359 ibi
2493 2318 2707 2375 puteum
2737 2324 2885 2377 aqua:
2936 2314 3079 2365 view.
3114 2309 3216 2364 Sed
3248 2313 3410 2365 rimati

1834 2404 1955 2447 sunt
1984 2406 2218 2463 pastores
2268 2396 2588 2450 Cerararum
2637 2415 2756 2451 cum
2787 2402 3085 2468 pastoribus
3120 2401 3294 2465 Isaac,
3324 2406 3405 2457 di-

1832 2493 2001 2536 centes
2028 2501 2176 2537 suam
2200 2501 2309 2540 esse
2331 2503 2541 2555 aquam,
2562 2497 2610 2540 et
2628 2488 2903 2556 appellavit
2926 2506 3109 2544 nomen
3135 2494 3273 2560 putei
3296 2490 3411 2546 Ini-

1830 2576 2027 2643 quitas.
2055 2576 2243 2645 Inique
2269 2579 2405 2630 enim
2438 2589 2705 2647 gesserunt
2733 2595 2850 2633 cum
2886 2597 2965 2633 eo.
3009 2580 3113 2636 Sed
3148 2583 3296 2637 Isaac
3324 2600 3410 2640 re-

1830 2666 1973 2721 cedit
2006 2682 2034 2720 a
2065 2669 2264 2721 malitia
2295 2684 2506 2735 eorum,
2550 2680 2597 2723 et
2631 2672 2765 2739 fodit
2797 2672 2989 2725 iterant
3038 2672 3260 2726 alterunt
3311 2690 3410 2742 pu-

1831 2769 1993 2821 teum,
2024 2768 2073 2812 et
2098 2776 2190 2829 pro
2215 2761 2327 2827 ipso
2359 2760 2725 2827 nihilominus,
2758 2763 2955 2831 inquit,
2992 2764 3404 2830 altercabantur,

1828 2858 1877 2902 et
1905 2851 2182 2919 appellavit
2208 2868 2392 2905 nomen
2415 2852 2525 2921 ejus
2556 2852 2923 2908 Inimicitiam.
2943 2852 3013 2908 Et
3033 2857 3239 2909 recessit
3262 2857 3402 2921 inde,

1827 2952 1875 2996 et
1902 2942 2032 3010 fodit
2060 2944 2247 2995 iterum
2272 2954 2483 3012 puteum
2512 2946 2696 3011 alium,
2714 2954 2762 3000 et
2788 2963 2889 3000 non
2917 2958 3034 3000 sunt
3059 2948 3300 3002 rixatia’e
3322 2965 3401 3003 eo.

1827 3034 1956 3089 Ideo
1995 3046 2042 3088 et
2081 3035 2361 3104 appellavit
2416 3054 2599 3091 nomen
2628 3038 2745 3108 ejus
2804 3040 3140 3108 Amplitudo,
3198 3043 3399 3106 dicens,

1826 3127 1947 3195 quia
1975 3143 2112 3180 nunc
2139 3126 2377 3181 dilatavit
2409 3145 2501 3182 nos
2532 3128 2694 3194 Deus,
2718 3140 2765 3183 et
2800 3132 2947 3183 auxit
2977 3148 3073 3185 nos
3103 3149 3258 3201 super
3291 3143 3401 3186 ter-

163 3202 1275 3303 apprelienderislibrum.Scripturarum,
1296 3233 1525 3301 incipias
1556 3202 1718 3287 etiam

1827 3237 1958 3273 ram.
1986 3221 2198 3276 Benein
2232 3223 2467 3292 quodam
2508 3223 2628 3279 loco
2676 3234 2896 3279 sanctus
2932 3228 3239 3295 Apostolus,
3270 3242 3401 3283 con-

162 3338 218 3377 ex
244 3326 461 3394 proprio
506 3339 667 3379 sensu
716 3323 960 3393 proferre
1008 3324 1243 3392 aliquem
1284 3324 1633 3389 intellectum,
1668 3331 1722 3378 et

158 3417 435 3469 secundum
489 3430 550 3468 ea
602 3430 721 3483 quae
750 3416 803 3468 in
836 3414 1072 3469 Ecclesia
1104 3414 1364 3480 didicisti,
1391 3424 1535 3470 tenta
1579 3425 1631 3470 et
1665 3426 1717 3470 tu

157 3506 326 3563 bibere
376 3506 443 3561 de
480 3507 632 3561 fonte
674 3506 875 3576 ingenii
933 3508 1029 3560 tui.
1072 3504 1170 3559 Est
1228 3506 1367 3559 intra
1422 3514 1473 3560 te
1525 3516 1717 3560 natura

157 3613 295 3667 aqua:
325 3600 480 3665 vivae,
508 3608 633 3652 sunt
666 3613 812 3651 venae
850 3613 1141 3667 perennes,
1172 3607 1225 3650 et
1273 3597 1480 3667 irrigua
1519 3596 1716 3651 ﬂuenta

157 3690 483 3745 rationabilis
514 3704 723 3753 sensus,
751 3688 794 3742 si
833 3689 989 3743 modo
1012 3702 1119 3742 non
1155 3688 1267 3741 sint
1302 3697 1444 3741 terra
1478 3696 1531 3741 et
1555 3688 1718 3742 rude-

153 3786 292 3840 ribus
321 3785 560 3854 oppleta.
600 3784 704 3838 Sed
739 3784 871 3837 satis
898 3796 995 3850 age
1036 3782 1219 3837 fodere
1247 3790 1447 3836 terram
1471 3791 1638 3848 tuam,
1662 3789 1717 3835 et

154 3893 371 3945 purgare
422 3877 650 3942 sordes,
690 3879 741 3931 id
779 3887 861 3931 est
901 3876 1101 3943 ingenii
1145 3876 1220 3929 tui
1276 3887 1527 3929 amovere
1570 3873 1715 3927 desi-

150 3970 302 4031 diam,
334 3979 389 4024 et
418 3980 693 4039 torporem
720 3970 900 4024 cordis
923 3976 1202 4023 excutere.
1232 3967 1369 4020 Audi
1415 3966 1559 4020 enim
1585 3966 1714 4035 quid

149 4063 268 4115 dicit
305 4052 594 4132 Scriptura
622 4062 702 4116 "z
737 4063 921 4133 Punge
962 4063 1170 4117 oculum
1190 4103 1204 4128 ,
1233 4078 1278 4118 et
1308 4063 1501 4132 profert
1543 4063 1716 4132 lacry—

145 4171 315 4220 mam;
349 4172 529 4225 punge
554 4171 663 4219 cor,
691 4165 757 4208 et
788 4154 983 4223 profert
1020 4172 1251 4209 sensum.
1302 4155 1474 4225 Purga
1505 4171 1631 4224 ergo
1660 4163 1714 4209 et

149 4257 194 4299 tu
228 4250 511 4318 ingenium
542 4259 717 4312 tuum,
752 4258 809 4302 ut
836 4248 1126 4315 aliquando
1153 4249 1316 4301 etiam
1350 4248 1415 4301 de
1457 4248 1563 4301 tuis
1594 4247 1714 4300 fon-

144 4340 276 4394 tibus
304 4341 483 4405 bibas,
514 4349 567 4393 et
598 4338 664 4393 de
698 4340 801 4391 tuis
830 4338 1005 4408 puteis
1036 4338 1258 4393 haurias
1292 4353 1486 4407 aquam
1511 4338 1709 4391 vivam.

143 4427 192 4482 Si
213 4430 354 4484 enim
389 4430 685 4498 suscepisti
712 4429 763 4482 in
800 4438 849 4482 te
873 4427 1095 4481 verbum
1134 4427 1246 4493 Dei,
1279 4428 1324 4482 si
1357 4429 1611 4496 accepisti
1644 4427 1713 4482 ab

1823 3314 2070 3369 siderans
2122 3316 2502 3385 mysteriorum
2551 3319 3001 3387 magnitudinem,
3052 3319 3294 3376 dicit":
3332 3320 3398 3376 Et

1822 3407 1889 3459 ad
1920 3407 2029 3460 haec
2053 3409 2167 3473 quis
2199 3408 2413 3461 idoneus
2442 3413 2466 3464 ἱ)
2493 3410 2668 3463 Simili
2698 3411 2881 3475 modo,
2912 3411 3021 3465 imo
3057 3412 3215 3482 longe
3240 3415 3391 3471 dissi.

1823 3497 1955 3561 mili,
1984 3506 2185 3565 quanto
2218 3497 2308 3551 illo
2338 3497 2496 3567 longe
2524 3498 2814 3553 inferiores
2856 3516 3064 3566 sumus,
3099 3504 3263 3556 etiam
3299 3517 3398 3557 nos

1821 3591 2066 3646 videntes
2102 3599 2303 3643 tantam
2360 3591 2411 3643 in
2448 3592 2724 3661 mysteriis
2768 3590 3106 3646 altitudinem
3157 3592 3268 3662 (85)
3299 3608 3399 3662 pu-

1822 3689 2053 3745 leormn,
2102 3680 2333 3734 dicimus
2370 3697 2383 3732 :
2418 3679 2485 3733 Et
2523 3682 2589 3732 ad
2637 3681 2745 3735 lucc
2776 3680 2892 3750 quis
2944 3682 3164 3733 idoneus
3188 3683 3214 3736 7
3266 3680 3398 3746 Quis

1819 3772 1962 3825 enim
2000 3772 2162 3839 digne
2206 3770 2381 3825 valeat
2426 3770 2734 3839 explicare,
2770 3771 2853 3826 vel
2899 3781 3179 3840 puteorum
3214 3786 3397 3827 sacra-

1818 3873 1997 3917 menta
2050 3871 2347 3925 tantorum,
2384 3861 2464 3914 vel
2515 3876 2701 3915 eorum
2737 3876 2856 3930 quae
2903 3869 3053 3929 gesta
3090 3875 3188 3929 pro
3214 3860 3391 3931 puteis

1818 3956 2147 4019 referuntur,
2188 3952 2290 4006 nisi
2324 3952 2643 4006 invocemus
2688 3951 2907 4021 Patrem
2937 3950 3099 4005 Verbi
3141 3951 3391 4015 viventis,

1815 4059 1866 4103 et
1908 4045 2100 4114 ipsein
2127 4058 2222 4098 ore
2257 4051 2447 4097 nostro
2482 4041 2713 4096 verbum
2760 4043 2888 4095 dare
2922 4041 3195 4109 dignetur,
3232 4050 3291 4094 ut
3320 4042 3392 4095 si-

1819 4141 2074 4196 tientibus
2106 4141 2257 4195 vobis
2305 4150 2577 4208 possuuus
2631 4129 3025 4202 aliquantulum
3058 4145 3209 4200 aqua:
3257 4132 3393 4185 vivae

1815 4235 2035 4291 haurire
2068 4249 2134 4289 ex
2166 4234 2251 4287 bis
2280 4241 2386 4284 tam
2410 4226 2643 4297 copiosis
2669 4234 2723 4279 et
2747 4224 3135 4292 multiplicibus
3166 4225 3341 4292 puteis
3366 4225 3391 4278 ?

1880 4324 1935 4377 2.
1981 4324 2121 4377 Sunt
2158 4335 2288 4389 ergo
2329 4317 2501 4387 putei,
2533 4329 2671 4384 quos
2724 4311 2977 4366 loderuut
3025 4311 3175 4379 pueri
3216 4307 3391 4362 Abra-

1814 4418 1963 4481 ham,
1990 4416 2081 4469 sed
2110 4416 2207 4468 hos
2227 4409 2538 4465 Philisthini
2571 4406 2910 4476 repleverunt
2936 4410 3098 4458 terra.
3124 4401 3230 4455 llos
3260 4415 3390 4469 ergo

138 4519 254 4576 Iesu
289 4536 494 4591 aquam
531 4494 707 4574 vivam
747 4529 803 4573 et
850 4518 1084 4573 ﬁdeliter
1116 4519 1393 4588 accepisti,
1429 4494 1520 4572 lie—1
1549 4519 1599 4571 in
1657 4529 1708 4574 te
1740 4539 1786 4595 υ
1816 4512 2044 4581 primum
2074 4520 2307 4577 purgare
2329 4501 2639 4595 aggreditur
2666 4498 2837 4552 Isaac.
2874 4494 3184 4595 Phil-isthini
3217 4508 3387 4595 aquas

142 4615 251 4670 lous
283 4631 440 4685 aqua:
472 4613 724 4669 salientis
756 4612 805 4665 in
832 4611 996 4663 vitam
1024 4623 1303 4673 aeternam,
1345 4610 1397 4663 in
1437 4610 1552 4677 ipso
1580 4608 1704 4663 Jesu

138 4707 347 4763 Christo
383 4708 621 4762 Domino
661 4713 867 4767 nostro,
893 4703 975 4756 cui
1013 4713 1097 4756 est
1132 4700 1301 4771 gloria
1331 4709 1385 4755 et
1420 4702 1703 4771 imperium

140 4799 186 4852 in
220 4798 416 4853 saecula
452 4794 800 4853 saeculorum.
836 4794 1030 4846 Amen.

629 4907 740 4979 94
776 4903 1058 4961 llOMlLlA
1086 4901 1201 4958 xm

200 5005 275 5061 De
301 5004 480 5075 puteis
528 5019 659 5074 quos
700 4998 1068 5075 fodit___lsaae,
1113 5008 1159 5051 et
1206 4998 1387 5067 repleti
1437 5006 1557 5050 sunt
1606 5012 1638 5049 a

744 5070 1096 5124 Philislhinis.

197 5169 246 5225 1.
287 5170 465 5225 Solita
491 5182 620 5237 erga
668 5174 856 5235 puteos
899 5178 1115 5233 semper
1147 5161 1576 5231 patriarcharum
1624 5160 1710 5214 in-

225 5265 270 5297 “
301 5264 505 5318 Matth.
538 5276 652 5316 xrv.
729 5261 773 5292 ⁸⁸
804 5260 962 5314 Prov.
991 5257 1262 5325 ν,15,18.

134 5351 236 5407 seq.
311 5337 358 5367 ’°
386 5331 433 5389 ll
471 5334 601 5388 Cor.
630 5348 689 5397 ll,
720 5332 807 5386 16.

196 5432 303 5503 (8i)
344 5431 526 5503 Editi,
542 5428 855 5499 foderant...
886 5424 1313 5495 oppilaverunt...
1334 5419 1699 5489 impleverunt,

130 5504 213 5558 sed
249 5501 381 5557 mss.
415 5510 483 5554 ut
515 5501 565 5552 in
592 5508 779 5551 nostro
798 5506 981 5569 textu.
1164 5562 1174 5569 _
1278 5561 1290 5569 _
1424 5560 1455 5569 __
1489 5560 1499 5569 ,
1574 5558 1586 5569 _
1660 5557 1671 5569 ,

194 5572 304 5643 (83)
344 5572 579 5640 Aliquot
605 5583 758 5635 mss.,
782 5562 1243 5635 Geraris,quoties
1278 5561 1330 5615 in
1370 5560 1532 5615 editis
1574 5558 1702 5627 legi-

133 5642 590 5698 turGerararum.
1414 5708 1424 5713 Α
1493 5701 1529 5713 ,.

192 5713 298 5786 (85)
342 5713 443 5769 Sic
481 5726 642 5779 mss.,
673 5710 802 5768 editi
852 5722 1001 5776 vero,
1043 5713 1246 5760 tantam
1292 5701 1529 5772 mysterii
1574 5699 1698 5755 alti-

129 5786 372 5838 tudinem.

1341 5256 1386 5287 ⁸⁸
1409 5256 1588 5311 Eccle.
1619 5270 1754 5319 χιιι,
1774 5253 1861 5309 19.

1812 4603 2067 4663 oderunt,
2094 4607 2291 4652 terram
2324 4595 2578 4664 diligunt.
2607 4590 2757 4645 Isaae
2777 4603 2946 4655 aquas
2975 4586 3169 4656 diligit,
3197 4594 3386 4653 puteos

1813 4707 2028 4762 semper
2060 4688 2274 4759 quterit,
2299 4695 2508 4739 veteres
2532 4689 2747 4751 purgat,
2767 4694 2934 4734 novos
2963 4675 3386 4746 aperit.lntuere

1812 4796 2055 4843 nostrum
2112 4780 2286 4844 Isaac,
2326 4777 2417 4845 qui
2470 4790 2566 4844 pro
2605 4772 2762 4827 nobis
2792 4769 3008 4825 oblatus
3063 4776 3145 4822 est
3176 4768 3380 4832 hostia,

1813 4878 2117 4943 venientem
2170 4872 2224 4926 in
2274 4870 2469 4923 vallem
2508 4866 2860 4926 Gerararum,
2905 4875 3066 4930 quam
3121 4859 3387 4929 interpre—

1814 4977 2001 5023 tantur
2056 4960 2339 5016 maceriam
2379 4956 2513 5029 (84),
2557 4957 2670 5010 sive
2704 4967 2906 5021 sepem;
2948 4948 3275 5014 venientem,
3308 4950 3386 5001 in-

1813 5078 1996 5134 quam,
2024 5070 2083 5115 ut
2125 5059 2358 5113 medium
2396 5053 2655 5124 parietem
2687 5047 2903 5116 sepiens
2935 5042 3112 5099 solvat
3143 5041 3382 5134 inimici-

1817 5130 1917 5213 tias
1947 5156 2001 5209 in
2051 5165 2215 5206 carne
2265 5165 2381 5213 sua,
2418 5144 2724 5200 venientem
2771 5135 2962 5191 tollere
2990 5133 3302 5193 maceriam,
3331 5130 3378 5182 id

1963 5251 2005 5282 ⁸⁷
2039 5248 2237 5304 Cenes.
2262 5259 2414 5309 xxvr,
2445 5240 2530 5294 15.
2627 5236 2672 5268 ⁸⁸
2706 5233 2840 5289 ibid.
2860 5230 2946 5287 18.
3012 5225 3305 5289 89ibid.,19
3328 5233 3380 5278 et

1881 5413 1992 5484 (84)
2033 5411 2208 5484 Locus
2242 5407 2295 5461 in
2340 5402 2497 5458 editis
2535 5408 2849 5484 corruptus,
2886 5396 2975 5451 ubi
3005 5394 3377 5484 legitur

1806 5464 2159 5540 clueralmisive
2205 5493 2395 5546 sepem,
2435 5464 2720 5547 venientem
2744 5471 3038 5547 inaquam,
3064 5476 3117 5517 ut
3146 5464 3375 5516 mediam

1807 5556 2057 5625 parietem
2112 5540 2268 5619 sepis'
2302 5548 2490 5625 solvat,
2530 5552 2576 5595 et
2615 5540 2920 5625 inimicitias
2952 5540 3005 5589 in
3032 5549 3202 5625 lcarne
3243 5548 3374 5625 sua.

1807 5612 2096 5680 uenientem
2118 5612 2297 5674 tollere
2331 5616 2669 5674 macha’ram,
2691 5612 2745 5662 id
2770 5618 2846 5661 est
2870 5615 3138 5673 peccatum
3164 5616 3373 5680 quasn-

1807 5672 2249 5761 ;.';";.'a.'.'.’pam
2286 5699 2331 5761 ει
2364 5685 2557 5749 Deum.
2579 5672 2894 5761 ηιάειιιεναιτι
2922 5672 3372 5761 t““i“‘1'¥£‘i‘.‘.'t

1809 5775 1915 5822 etc.
1943 5766 2011 5820 At
2040 5754 2171 5819 mss.
2224 5770 2284 5816 ut
2311 5759 2362 5813 iu
2401 5765 2585 5812 nostro
2631 5761 2801 5817 textu,
2830 5757 2886 5803 et
2928 5754 3073 5802 recte
3116 5755 3372 5807 omntns;
