3902 6528
522 342 621 397 Ξδι

522 470 608 517 est
640 465 946 531 peccatmn,
977 451 1119 524 quod
1144 451 1287 505 inter
1319 462 1416 502 nos
1442 448 1736 516 separaret
1770 447 1957 508 Deum,
1986 461 2100 500 ma-
2131 457 2176 507 Α

525 551 750 613 ceriam,
787 561 907 616 quae
934 554 1015 598 est
1046 546 1220 598 ntedta
1254 544 1394 597 inter
1424 556 1522 595 nos
1569 552 1622 595 et
1649 539 1896 594 ccelestes
1928 541 2092 592 virtu-

525 650 628 703 tes,
661 649 717 692 ut
762 639 929 691 faciat
957 646 1188 704 utraque
1217 650 1403 697 unum,
1435 642 1487 686 et
1531 648 1683 686 ovetn
1717 648 1836 701 qua:
1873 645 2095 684 errave-

524 741 630 795 rat,
673 727 910 783 humeris
939 726 1052 779 suis
1097 734 1336 792 reportet
1368 723 1434 776 ad
1471 734 1703 788 montes,
1746 733 1799 776 ct
1847 724 2099 776 restituat

523 823 590 876 ad
625 821 757 874 alias
791 821 1082 886 nonaginta
1119 832 1334 883 novem,
1365 830 1482 884 qua:
1507 833 1610 869 non
1632 825 1972 870 erraverunt.
1999 815 2098 868 IIie

522 927 652 981 ergo
679 912 828 964 Isaac
865 910 1118 963 Salvator
1155 919 1362 971 noster,
1413 923 1534 961 cum
1586 908 1818 960 venisset
1856 906 1905 959 iu
1939 907 2095 960 istam

525 1003 718 1056 vallem
747 1000 1097 1062 Gerararum,
1125 999 1355 1067 primum
1383 998 1620 1052 omnium
1651 999 1767 1051 illos
1789 1009 1980 1066 puteos
2017 999 2099 1052 fo-

524 1094 652 1147 dere
703 1093 897 1156 voluit,
927 1106 1060 1160 quos
1115 1090 1364 1143 foderant
1414 1089 1565 1156 pueri
1606 1088 1784 1141 Patris
1819 1090 1930 1154 sui;
1968 1088 2098 1158 legis

522 1186 730 1239 scilicet
764 1195 817 1238 et
847 1187 1232 1254 prophetarum
1262 1181 1428 1234 voluit
1460 1192 1647 1248 puteos
1670 1180 1928 1234 innovare
1961 1181 2096 1250 (85),

522 1292 660 1346 quos
688 1275 992 1329 Pltilisthini
1031 1285 1171 1328 terra
1199 1276 1556 1341 repleverant.
1585 1272 1685 1339 Qui
1718 1282 1843 1326 sunt
1870 1272 1982 1336 isti,
2006 1273 2095 1340 qui

523 1381 668 1424 terra
698 1381 887 1437 puteos
924 1371 1128 1439 replent
1149 1372 1170 1424 ?
1195 1369 1268 1422 Illi
1302 1371 1417 1422 sine
1454 1369 1617 1422 dubio
1641 1371 1731 1437 qui
1770 1371 1820 1422 itt
1847 1369 1962 1438 lege
1990 1381 2098 1420 ter-

523 1477 710 1515 renam
739 1469 792 1514 et
826 1461 1098 1514 carnalem
1142 1459 1550 1528 intelligentiam
1585 1468 1807 1526 ponunt,
1836 1469 1888 1511 et
1936 1460 2098 1527 spiri-

527 1553 683 1605 talem
721 1568 783 1606 ac
829 1552 1108 1621 mysticam
1141 1551 1423 1614 claudunt,
1459 1560 1517 1604 ut
1554 1566 1726 1620 neque.
1755 1551 1855 1618 ipsi
1887 1550 2093 1613 bibant,

523 1657 698 1711 neque
737 1642 869 1695 alios
903 1644 1086 1696 bibere
1123 1642 1459 1708 permittant.
1500 1641 1640 1694 Audi
1701 1640 1873 1704 Isaac,
1913 1639 2096 1693 Domi-

517 1738 651 1788 'nutn
691 1743 934 1787 nostrum
983 1735 1168 1788 Jesum
1215 1733 1489 1787 Christum
1533 1734 1645 1801 (86)
1683 1733 1733 1784 in
1791 1731 2096 1802 Evangeliis

522 1826 883 1880 dicentem":
914 1823 1005 1878 Va:
1041 1827 1197 1888 vobis,
1234 1826 1433 1880 Scriba:
1473 1833 1520 1878 et
1553 1823 1816 1877 l’ltarfswi
1857 1824 2095 1894 hypocri-
2133 1811 2173 1862 Β

521 1925 609 1979 ια’,
630 1919 876 1984 quoniam
895 1918 1091 1970 tulistis
1115 1920 1310 1970 clavem
1339 1918 1590 1980 scientias,
1609 1926 1656 1969 et
1706 1932 1868 1984 neque
1899 1915 1997 1984 ipsi
2030 1918 2106 1969 in-

521 2007 719 2059 troistis
744 2047 758 2072 ,
794 2023 956 2074 neque
983 2007 1182 2059 intrare
1209 2005 1435 2059 volentes
1470 2006 1803 2073 permisistis.
1840 2005 1934 2059 Isti
1980 2016 2106 2059 sunt

520 2111 670 2166 ergo,
719 2099 808 2166 qui
847 2107 1056 2165 puteos,
1098 2111 1233 2164 quos
1291 2095 1544 2150 foderant
1595 2097 1752 2165 pueri
1802 2097 2100 2161 Abraham,

523 2197 666 2243 terra
703 2188 1070 2256 repleverunt,
1109 2187 1200 2257 qui
1246 2186 1414 2253 legem
1459 2187 1756 2241 carnaliter
1803 2189 2018 2252 docent,
2050 2198 2105 2242 et

519 2295 688 2348 aquas
716 2281 886 2334 sancti
919 2281 1158 2348 Spiritus
1194 2278 1488 2333 maculant.
1519 2278 1621 2345 Qui
1677 2289 1869 2348 puteos
1910 2280 2102 2336 adhoc

521 2370 741 2433 habent,
768 2387 872 2423 non
903 2380 959 2424 ttt
999 2386 1192 2439 aquam
1225 2369 1524 2438 proferant,
1557 2371 1650 2425 sed
1688 2379 1747 2425 ut
1785 2382 1984 2426 terram
2017 2388 2105 2442 po-

519 2470 673 2513 nant.
707 2459 816 2513 llos
863 2476 991 2530 ergo
1022 2468 1208 2527 puteos
1243 2462 1556 2530 aggreditur
1600 2461 1780 2516 fodere
1831 2463 1995 2518 Isaac.
2039 2465 2103 2518 Et

520 2551 800 2627 videamus
831 2553 1099 2616 quomodo
1139 2566 1232 2606 eos
1271 2552 1423 2607 fodit.
1449 2552 1581 2607 Cum
1611 2556 1760 2623 pueri
1793 2555 1940 2610 Isaac
1965 2597 1980 2622 ,
2009 2559 2100 2626 qui

521 2651 648 2697 sunt
681 2643 908 2711 aposmli
958 2644 1165 2698 Domini
1200 2645 1368 2699 nostri
1405 2645 1720 2712 transirent,
1765 2647 1960 2717 inquit,
2007 2665 2104 2718 per

519 2742 730 2802 segetes
774 2733 1011 2787 Sabbato
1064 2736 1332 2790 vellebaut
1385 2737 1584 2806 spicas,
1626 2747 1682 2792 et
1735 2738 2102 2796 confricantes

521 2826 770 2878 manibus
795 2826 1208 2880 mauducabant.
1225 2826 1377 2881 Tunc
1395 2844 1521 2898 ergo
1542 2829 1790 2884 dicebant
1808 2832 1856 2885 ei
1885 2833 1996 2898 iSti,
2011 2833 2101 2902 qui

523 2927 666 2969 terra
692 2918 1034 2984 repleverant
1059 2933 1248 2988 puteos
1275 2919 1453 2974 Patris
1478 2921 1596 2990 ejus
1621 2922 1689 2975 “z
1711 2922 1846 2977 Ecce
1861 2924 2102 2991 discipuli

520 3009 596 3060 tui
625 3007 826 3076 faciunt
858 3009 1102 3064 Sabbatis
1133 3013 1268 3081 quod
1298 3029 1400 3065 non
1429 3012 1572 3067 licet.
1617 3014 1708 3069 Ille
1743 3025 1800 3067 ttt
1831 3025 2104 3069 terrenum

520 3116 708 3152 eorum
767 3099 979 3156 foderet
1039 3104 1373 3158 intellectum
1403 3145 1417 3170 ,
1453 3105 1586 3159 dicit
1627 3109 1692 3159 ad
1733 3121 1826 3161 eos
1853 3108 1897 3139 ’³
1929 3125 1943 3162 :
1976 3107 2101 3162 Non

521 3188 720 3258 legistis
758 3193 884 3262 quid
924 3192 1045 3262 fecit
1097 3194 1285 3261 Dauid,
1320 3214 1438 3249 cum
1479 3201 1699 3251 esuriret
1743 3200 1874 3266 ipse,
1917 3210 1965 3253 et
2008 3202 2098 3270 qui

519 3293 637 3332 cum
667 3280 777 3346 ipso
807 3293 976 3346 erant,
1000 3287 1260 3350 quantodo
1293 3287 1505 3340 intravit
1537 3288 1604 3341 ad
1630 3289 1885 3343 Abiatltar
1920 3308 2098 3345 sacer-

520 3371 716 3432 dotem,
761 3382 808 3424 et
862 3389 1021 3441 panes
1075 3378 1448 3444 propositionis
1501 3380 1838 3434 manducavit
1887 3382 1998 3452 ipse
2051 3394 2097 3437 et

519 3461 669 3529 pueri
696 3462 800 3526 sui,
831 3479 959 3530 quos
995 3481 1095 3518 non
1129 3467 1318 3520 licebat
1351 3471 1669 3524 nnmducare
1724 3473 1824 3524 nisi
1858 3475 1983 3527 solis
2011 3492 2102 3528 sa-

519 3551 816 3604 cerdotibus
847 3555 871 3604 ?
899 3553 960 3605 Et
997 3555 1078 3608 his
1111 3558 1315 3610 addidit
1348 3576 1361 3610 :
1396 3560 1459 3612 Si
1497 3562 1698 3615 sciretis
1728 3564 1852 3629 quid
1883 3577 1979 3631 est,
2002 3569 2100 3618 mi-

519 3642 866 3696 sericordiam
905 3646 1041 3711 volo,
1075 3660 1119 3699 ιι
1164 3666 1266 3702 non
1309 3653 1654 3720 sacri/icium,
1695 3673 1962 3726 nunquam
1993 3661 2099 3711 uti-

517 3751 616 3806 que
645 3739 1085 3794 condemnassetis
1125 3743 1448 3800 innocentes.
1472 3747 1577 3800 Sed
1616 3748 1686 3800 illi
1721 3751 1786 3802 ad
1827 3751 1941 3802 haec
1969 3752 2098 3819 quid

520 3825 804 3881 referunt?
827 3829 1006 3882 ltixati
1047 3841 1172 3884 sunt
1197 3848 1318 3885 eum
1352 3834 1534 3901 pueris
1574 3834 1712 3901 ejus,
1746 3845 1799 3890 et
1830 3836 2095 3892 dicunt”:

524 3913 650 3968 Non
681 3927 754 3968 est
783 3918 866 3970 Itic
889 3919 1042 3971 homo
1067 3938 1094 3970 a
1118 3920 1352 3990 Deo,qui
1386 3921 1675 3976 Sabbatum
1715 3941 1816 3978 non
1847 3927 2096 3981 custodit.

523 4003 636 4057 lloc
658 4005 908 4076 εδει-80
933 4010 1091 4062 modo
1114 4010 1245 4063 fodit
1271 4024 1459 4080 puteos
1481 4014 1648 4079 Isaac,
1684 4032 1818 4085 quos
1853 4019 2098 4072 foderant

523 4097 674 4162 pueri
708 4100 876 4163 patris
929 4100 1031 4153 sui.
1088 4100 1228 4156 Puer
1261 4104 1432 4170 patris
1463 4106 1540 4157 sui
1589 4119 1706 4160 erat
1741 4109 1972 4179 Moyses,
2005 4113 2096 4180 qui

522 4183 736 4240 foderat
762 4200 980 4257 puteum
1020 4193 1170 4263 legis.
1227 4194 1383 4249 Pueri
1426 4198 1594 4264 patris
1625 4201 1705 4252 sui
1739 4211 1895 4255 erant
1933 4204 2096 4260 David

521 4287 578 4331 et
625 4278 900 4346 Salomon,
932 4293 984 4338 ct
1024 4288 1320 4356 prophetae,
1359 4301 1413 4343 et
1444 4291 1487 4344 si
1520 4293 1610 4362 qui
1655 4294 1744 4347 alii
1797 4307 1947 4360 sunt,
2000 4300 2093 4367 qui

522 4367 694 4425 libros
721 4376 1057 4443 scripserant
1083 4378 1292 4435 Veteris
1319 4381 1675 4449 Testameuti,
1708 4403 1842 4454 quos
1875 4397 2091 4444 terrena

522 4473 579 4517 et
607 4465 819 4519 sordida
848 4467 1148 4536 repleverat
1179 4473 1531 4545 intelligentia
1553 4476 1886 4534 Judteorttm.
1917 4483 2086 4550 Quam

524 4569 648 4608 cum
676 4557 830 4611 vellet
851 4576 1081 4631 purgare
1105 4565 1275 4631 Isaac,
1305 4579 1358 4621 et
1381 4573 1666 4626 ostendere
1688 4575 1811 4642 quia
1836 4591 2094 4644 quaacun-

523 4659 630 4714 que
662 4645 747 4700 lex
796 4661 849 4704 et
887 4655 1161 4722 prOphette
1194 4659 1472 4723 dixerunt,
1530 4661 1596 4716 de
1650 4665 1765 4731 ipso
1816 4666 2092 4730 dixerunt,

528 4738 688 4788 rixati
722 4748 846 4792 sunt
875 4756 995 4796 cum
1023 4759 1087 4799 eo
1117 4746 1448 4803 Pltilistltini.
1488 4750 1590 4804 Sed
1621 4753 1852 4807 discedit
1891 4756 1957 4808 ab
1995 4757 2094 4811 eis.

496 4825 642 4901 _Non
677 4831 818 4883 enim
852 4843 1028 4900 potest
1069 4851 1188 4892 esse
1210 4853 1328 4893 cum
1357 4842 1463 4905 eis,
1490 4845 1582 4912 qui
1614 4845 1663 4897 iu
1700 4849 1877 4916 puteis
1908 4851 2099 4905 nolunt

527 4933 721 4988 aquam
770 4925 994 4992 habere,
1030 4932 1121 4983 sed
1165 4943 1388 4985 terram.
1421 4934 1487 4988 Et
1539 4938 1669 4991 dicit
1725 4940 1804 4993 eis
1833 4942 1876 4971 95
1913 4958 1925 4992 :
1961 4939 2097 4996 Ecce

527 5011 849 5082 relinquetur
891 5020 1032 5074 vobis
1065 5023 1251 5078 domus
1297 5041 1466 5081 vestra
1503 5029 1728 5083 deserta.
1766 5032 1924 5086 Fodit
1969 5049 2100 5103 ergo

2130 4527 2173 4580 D

595 5169 643 5250 ’ξ
666 5171 795 5231 Luc.
831 5193 905 5241 st,
940 5179 1028 5234 52.
1105 5184 1151 5223 θ’
1186 5184 1370 5240 Matth.
1396 5205 1493 5250 xu,
1535 5190 1587 5243 2.

1665 5192 1709 5223 ⁸³
1737 5193 1864 5247 ibid.
1980 5195 2027 5228 9"
2049 5195 2184 5250 Joan

527 5331 652 5380 xm,

525 5460 629 5514 nisi
661 5459 800 5526 quod
833 5455 1203 5525 y'u,Gerara,
1229 5475 1333 5513 non
1364 5461 1633 5527 signiticet
1656 5452 1969 5528 'maceriam,
2005 5468 2097 5521 sed

525 5531 993 5597 peregrinationem
1027 5547 1054 5583 a
1088 5535 1202 5600 Tu,
1231 5535 1594 5600 peregrinari,
1641 5537 1724 5588 vel
1768 5535 2096 5599 conflictum,

527 5615 555 5650 a
582 5611 711 5659 m1,
743 5601 1014 5670 conﬂixit;
1045 5601 1127 5658 vel
1151 5601 1457 5666 sectionem,
1487 5615 1652 5669 a‘ﬁ‘n,
1678 5608 1977 5668 secuit."t't:
2002 5624 2098 5660 att-

530 5679 634 5720 tem
663 5670 928 5739 significat
974 5672 1276 5730 maceriam.
1327 5672 1600 5746 Origenes
1651 5675 1830 5745 itaque
1883 5677 2098 5747 legebat

527 5745 611 5798 Tt:
641 5753 850 5798 νΓυἾἫ

581 5748 611 5798 ³
639 5753 850 5808 νΓυἾἾλ

2005 326 2324 384 ORIGENIS

597 5192 639 5209 ’-
669 5192 795 5231 Luc.
831 5193 905 5241 ιι,
940 5192 1028 5234 52.
1105 5192 1151 5223 9'
1186 5192 1370 5240 Matth.
1396 5205 1493 5250 xu,
1535 5192 1587 5243 2.
1665 5192 1709 5223 ’³
1737 5193 1864 5247 ibid.
1980 5195 2027 5228 9"
2049 5195 2098 5250 Jt

524 5247 573 5278 "’
605 5245 801 5333 (ἔρρεξε.
823 5264 973 5316 xxvi,
998 5252 1088 5306 2'2.
1157 5256 1204 5288 ³⁸
1235 5256 1375 5311 Psal.
1402 5276 1561 5329 Lxxv,
1593 5262 1638 5316 1.
1717 5264 1762 5295 ⁸³
1801 5263 1944 5320 Psal.
1981 5283 2089 5321 χιιι

2205 5237 2208 5250 .
2260 5212 2334 5258 lx,
2370 5192 2453 5246 16.

2205 5307 2212 5322 .
2293 5267 2444 5319 ‘Mat

3640 329 3718 386 232

2205 444 2358 498 Isaac
2406 450 2461 496 et
2513 455 2681 496 novos
2715 451 2924 512 puteos,
2979 441 3087 497 imo
3145 440 3297 512 pueri
3345 438 3486 497 Isaac
3529 440 3716 506 fodiunt.

2205 535 2363 590 Pueri
2419 543 2544 588 sunt
2607 534 2772 596 Isaac,
2835 534 3146 599 Mattbteus,
3199 533 3428 599 Marcus,
3477 533 3635 590 Lucas
3681 551 3721 593 et

2200 626 2460 682 Joannes.
2479 623 2638 679 Pueri
2673 625 2789 694 ejus
2811 636 2938 680 sunt
2985 624 3203 689 Petrus,
3232 624 3458 680 Jacobus
3485 636 3533 677 et
3556 625 3718 695 ludas;

2203 735 2338 787 puer
2372 716 2489 782 ejus
2511 725 2594 769 est
2629 727 2680 771 et
2707 717 2982 785 apostolus
3025 715 3244 780 Paulus,
3283 716 3371 784 qui
3411 730 3592 769 omnes
3611 716 3714 772 Noti

2205 811 2545 866 Testantenti
2563 820 2751 881 puteos
2765 808 2996 864 fodiunt.
3013 808 3119 862 Sed
3143 818 3197 862 et
3216 823 3312 876 pro
3339 807 3420 862 bis
3439 807 3722 864 altercamur

2206 905 2280 957 illi
2315 906 2403 971 qui
2439 916 2652 960 terrena
2688 904 2928 972 sapiunt,
2964 919 3061 956 nec
3106 917 3243 956 nova
3285 903 3440 956 condi
3473 903 3720 970 patiuntur.

2205 1015 2305 1052 nec
2334 1009 2518 1053 vetera
2553 998 2795 1068 purgari.
2815 996 3154 1064 Evangelicis
3179 995 3354 1064 puteis
3371 995 3720 1059 contradicunt,

2206 1091 2511 1158 apostolicis
2535 1091 2910 1143 adversantur.
2945 1088 3006 1141 Et
3023 1089 3277 1156 quoniam
3299 1088 3350 1139 in
3370 1086 3608 1139 omnibus
3624 1102 3723 1140 cou-

2206 1183 2497 1245 tradicunt,
2535 1181 2585 1234 itt
2632 1180 2882 1234 omnibus
2919 1180 3154 1248 litigant,
3210 1179 3407 1232 dicitur
3439 1178 3503 1230 ad
3543 1191 3626 1230 eos
3646 1178 3680 1207 ’ί
3711 1198 3719 1229 :

2207 1272 2470 1338 Quoniam
2501 1276 2748 1342 indignos
2779 1289 2868 1326 vos
2897 1273 3092 1340 fecistis
3117 1273 3292 1342 gratia
3329 1271 3443 1334 Dei,
3467 1286 3526 1322 ex
3540 1268 3723 1339 hocjtttu

2205 1369 2273 1421 ad
2297 1379 2470 1436 gentes
2501 1369 2710 1420 ibimus.

2275 1461 2328 1513 5.
2367 1461 2491 1513 Post
2528 1461 2642 1512 haec
2678 1473 2809 1528 ergo
2857 1456 2989 1511 fodit
3025 1456 3240 1510 tertium
3277 1464 3494 1524 puteum
3525 1454 3722 1516 Isaac,a

2206 1550 2482 1618 appellavit
2533 1565 2718 1602 nomen
2767 1548 2869 1600 loci
2909 1548 3051 1600 illius
3081 1543 3408 1612 Amplitudo,
3447 1546 3607 1597 dicens
3633 1548 3722 1614 quia

2206 1659 2343 1695 nunc
2369 1641 2612 1694 dilatavit
2643 1657 2735 1693 nos
2767 1639 3040 1701 Dominus,
3063 1648 3110 1690 et
3151 1637 3296 1689 auxit
3341 1652 3434 1688 nos
3481 1652 3621 1703 super
3652 1649 3726 1688 ter-

2205 1752 2316 1788 rant
2340 1735 2410 1787 9'.
2448 1734 2587 1787 Vere
2617 1734 2761 1786 enim
2789 1733 3041 1785 dilatalus
3070 1740 3152 1784 est
3182 1727 3352 1794 Isaae,
3382 1738 3435 1781 et
3458 1740 3726 1782 auctutncst

2206 1839 2404 1878 nomen
2435 1822 2552 1890 ejus
2585 1837 2747 1890 super
2781 1830 3001 1882 terram,
3055 1834 3174 1872 cum
3207 1816 3522 1884 adimplevit
3543 1818 3586 1870 iu
3609 1818 3725 1872 nobis

2205 1919 2487 1972 scientiam
2524 1915 2839 1970 Trinitatis.
2881 1913 3035 1967 Tunc
3061 1913 3224 1972 enim
3264 1920 3469 1963 tantum
3501 1909 3548 1961 itt
3584 1909 3723 1963 Judaza

2209 2018 2369 2063 notus
2395 2018 2515 2062 erat
2565 2007 2732 2070 Deus,
2763 2016 2817 2060 et
2849 2009 2899 2059 in
2937 2005 3099 2059 Israel
3135 2018 3386 2071 magnum
3433 2016 3610 2055 nomen
3638 2002 3724 2069 ejus

2205 2103 2588 2155 nominabatur
2625 2099 2694 2166 9';
2731 2114 2873 2152 nuuc
2907 2106 3085 2150 autem
3118 2097 3169 2148 in
3189 2111 3389 2147 omnem
3409 2105 3589 2146 terram
3609 2095 3723 2146 exivit

2205 2211 2364 2248 sonus
2388 2209 2589 2258 eorum,
2623 2202 2669 2244 et
2701 2194 2752 2244 in
2797 2192 2926 2259 ﬁnes
2958 2190 3099 2244 orbis
3131 2199 3285 2241 terra:
3311 2189 3466 2240 verba
3495 2203 3653 2239 eorum
3675 2187 3723 2236 ”.

2205 2285 2410 2339 Euntes
2437 2286 2577 2338 cuitu
2606 2284 2757 2353 pueri
2792 2283 2937 2336 Isaac
2962 2298 3055 2351 per
3083 2280 3390 2336 universum
3410 2279 3586 2332 orbem
3608 2286 3725 2329 terra:

2207 2378 2461 2431 foderunt
2493 2385 2701 2444 puteos,
2737 2385 2788 2428 et
2816 2390 3010 2443 aquam
3047 2373 3221 2426 vivam
3249 2370 3498 2426 omnibus
3525 2366 3725 2422 ostende-

2207 2479 2355 2531 runt,
2381 2469 2708 2536 baptizantes
2736 2482 2914 2519 omnes
2952 2479 3125 2535 gentes
3167 2466 3222 2516 in
3262 2463 3469 2515 nomine
3505 2460 3723 2522 Patris,ct

2207 2560 2360 2624 Filii,
2395 2569 2442 2613 et
2477 2559 2705 2627 Spiritus
2745 2559 2912 2611 sancti
2946 2558 2984 2610 ¹.
3026 2557 3233 2610 Domini
3263 2555 3408 2610 enim
3440 2560 3724 2618 εδιιιιια,ι·ι

2204 2653 2474 2723 plenitudo
2505 2652 2619 2721 ejus
2647 2652 2688 2705 ³.
2725 2651 2829 2706 Sed
2868 2659 2921 2703 et
2947 2649 3315 2720 unusquisque
3366 2655 3620 2707 nostrum,
3658 2643 3767 2724 qui
3838 2643 3839 2696 l

2206 2747 2430 2800 verbum
2463 2745 2559 2798 Dei
2592 2744 2891 2808 ministrat,
2926 2750 3148 2812 puteum
3191 2740 3344 2804 fodit,
3387 2748 3440 2794 et
3477 2753 3648 2808 aquam
3672 2731 3752 2787 vi-/

2207 2852 2328 2889 vam
2360 2835 2573 2904 quaerit,
2609 2851 2673 2888 ex
2705 2850 2810 2904 qua
2843 2835 3051 2912 reficiat
3073 2833 3371 2888 auditores.
3399 2831 3456 2884 Si
3483 2845 3598 2898 ergo
3625 2830 3726 2881 Inci-

2207 2927 2350 2997 piam
2366 2934 2530 2996 etego
2554 2935 2796 2980 veterum
2817 2925 2958 2980 dicta
2986 2926 3278 2988 discutere,
3302 2932 3356 2977 et
3379 2937 3586 2978 sensum
3609 2919 3651 2972 itt
3669 2920 3726 2972 eis

2208 3032 2458 3087 quaerere
2487 3016 2811 3087 spiritalem,
2845 3016 2890 3070 si
2930 3025 3160 3070 conatus
3193 3013 3346 3069 fuero
3376 3013 3605 3068 velamen
3628 3012 3727 3078 legis

2211 3123 2484 3173 a-novere,
2535 3117 2589 3162 et
2629 3107 2918 3161 ostendere
2951 3105 3236 3172 allegorica
3271 3119 3394 3158 esse
3438 3117 3550 3171 qua:
3572 3101 3726 3168 scripta

2207 3212 2354 3268 sunt,
2373 3201 2515 3256 fodio
2529 3199 2746 3268 quidem
2765 3207 2978 3266 puteos,
3001 3198 3094 3252 sed
3118 3198 3298 3252 statim
3329 3195 3462 3248 mihi
3490 3193 3728 3247 movebunt

2207 3293 2510 3347 calumnias
2546 3292 2706 3344 amici
2737 3292 2952 3355 litteraa,
2976 3299 3032 3344 et
3065 3289 3472 3343 insidiabnntur
3497 3282 3728 3348 tuibi,iui-

2208 3385 2440 3438 micitias
2474 3383 2730 3437 continuo
2761 3391 2817 3436 et
2863 3379 3265 3451 persecutiones
3301 3380 3583 3448 parabunt,
3620 3375 3727 3429 veri-

2209 3487 2372 3530 tatem
2410 3484 2673 3545 negantes
2711 3484 2859 3528 stare
2885 3487 3043 3542 posse
3077 3473 3185 3527 nisi
3214 3487 3377 3541 super
3403 3480 3611 3524 terram.
3649 3466 3726 3518 Sed

2207 3585 2306 3624 nos
2338 3569 2384 3622 si
2414 3568 2564 3621 Isaac
2596 3566 2749 3634 pueri
2773 3580 2982 3630 sumus,
3009 3573 3202 3635 puteos
3229 3578 3384 3632 aqua:
3422 3563 3550 3615 viva:
3581 3560 3729 3626 diliga-

2208 3675 2326 3712 n.us
2360 3668 2415 3712 et
2455 3657 2706 3729 fontes,_a
2738 3655 2989 3723 litigiosis
3035 3664 3087 3707 et
3121 3653 3592 3708 calumniatoribus
3616 3662 3729 3702 rete.

2207 3750 2420 3812 damus,
2446 3759 2500 3802 et
2524 3747 2896 3814 relinquamus
2935 3761 3028 3800 eos
3058 3747 3111 3798 in
3152 3755 3298 3798 terta
3331 3760 3494 3812 quam
3529 3741 3726 3810 diligunt.

2205 3839 2314 3895 Nos
2349 3854 2476 3893 vero
2509 3854 2783 3907 nunquam
2813 3852 3088 3892 cessemus
3123 3846 3317 3906 puteos
3349 3850 3506 3906 aquae
3533 3831 3726 3887 vivsz-

2207 3933 2407 3988 dicndo
2435 3949 2448 3984 :
2478 3942 2530 3986 et
2555 3945 2698 3984 nunc
2727 3930 2947 4000 quidem
2986 3939 3192 3992 vetera,
3241 3945 3384 3983 nunc
3431 3929 3585 3982 etiam
3625 3939 3728 3979 nem

2204 4023 2562 4085 discutiendo,
2583 4020 2874 4076 efﬁciamur
2897 4018 3102 4076 similes
3128 4021 3530 4090 illievangelico
3564 4019 3729 4076 scriba',

2205 4115 2270 4168 de
2299 4130 2402 4184 quo
2429 4114 2686 4168 Dominus
2711 4112 2847 4164 dixit
2873 4110 2914 4177 ³,
2942 4112 3067 4180 quia
3092 4111 3290 4181 profert
3316 4113 3380 4165 de
3405 4111 3634 4165 thesauro
3659 4125 3730 4162 suo

2205 4224 2333 4260 nova
2367 4217 2412 4258 et
2445 4215 2636 4259 vetera.
2668 4203 2775 4258 Sed
2810 4211 2865 4255 et
2896 4204 2939 4255 si
2965 4203 3086 4272 quis
3107 4217 3291 4256 eorum
3322 4219 3409 4257 me
3430 4218 3569 4258 nunc
3590 4202 3732 4255 audiat

2203 4300 2589 4366 disputantem,
2605 4297 2694 4365 qui
2711 4295 3222 4350 swculateslitteras
3239 4295 3410 4357 novit,
3432 4295 3559 4348 dicit
3576 4293 3731 4346 fortas-

2205 4407 2284 4456 se,
2304 4391 2497 4446 Nostra
2518 4402 2642 4445 sunt
2659 4392 2755 4442 ista
2773 4404 2890 4457 quae
2915 4387 3069 4451 dicis,
3089 4397 3140 4441 et
3166 4397 3362 4441 nostrae
3393 4388 3526 4440 artis
3542 4383 3732 4439 eruditio

2203 4495 2306 4547 est;
2331 4485 2441 4537 haec
2461 4483 2571 4552 ipsa
2593 4499 2708 4551 qua:
2727 4483 2965 4550 disputas
2983 4489 3036 4533 et
3060 4481 3243 4544 doces,
3269 4488 3453 4533 nostra
3476 4474 3732 4546 eloquentia

2202 4585 2302 4628 est.
2340 4574 2403 4626 Et
2435 4581 2611 4625 movet
2659 4571 2786 4624 mihi
2829 4570 2949 4624 lites
2979 4571 3123 4623 velut
3155 4569 3510 4623 Philistltinus
3535 4567 3730 4636 quidam.

2205 4667 2409 4730 dicens,
2432 4667 2558 4732 quia
2585 4663 2636 4715 in
2673 4679 2792 4716 meo
2817 4662 2932 4717 solo
2963 4661 3147 4715 fodiin
3179 4671 3417 4730 puteum,
3437 4669 3491 4715 et
3515 4657 3734 4712 videbitur

2208 4759 2308 4813 sibi
2340 4758 2537 4811 merito
2576 4757 2879 4819 vindicare,
2919 4770 3036 4822 qua:
3065 4753 3295 4823 propria:
3323 4763 3481 4807 terrae
3499 4760 3631 4806 sunt.
3657 4747 3735 4799 γε·

2211 4867 2329 4904 rum
2373 4851 2437 4903 ad
2487 4850 2601 4902 haec
2640 4863 2738 4917 ego
2788 4847 3160 4916 respondebo,
3215 4845 3342 4915 quia
3393 4845 3551 4899 habet
3596 4838 3735 4894 omnis

2208 4953 2348 4996 terra
2400 4956 2603 5008 aquas,
2656 4940 2748 4993 sed
2785 4941 2873 5008 qui
2927 4938 3288 4992 Pltilisthinus
3318 4946 3426 5001 est,
3459 4945 3513 4991 et
3563 4944 3733 4986 terrena

2207 5033 2366 5101 sapit,
2406 5032 2579 5084 nescit
2613 5030 2665 5082 in
2706 5029 2854 5082 omni
2891 5040 3034 5081 terra
3066 5028 3313 5082 invenire
3344 5040 3562 5096 aquam,
3597 5023 3735 5076 nescit

3301 5188 3346 5221 9‘
3378 5188 3500 5244 Act.
3533 5204 3638 5248 xm.
3667 5185 3733 5240 46.

3530 5260 3550 5291 ³
3576 5260 3732 5313 Μαιιιι.

2597 5193 2642 5223 ³⁵
2691 5191 2880 5244 Matth.
2914 5206 3070 5252 XXIII,
3101 5189 3189 5244 58.

2293 5268 2308 5297 ⁸
2337 5265 2531 5319 Matth.
2567 5277 2759 5326 xxvttt,
2798 5265 2878 5316 I‘J.
2957 5263 2976 5291 ³
3002 5261 3143 5314 Psal.
3176 5275 3338 5324 χχιιι,
3366 5261 3416 5314 l.

2280 5465 2391 5538 (85)
2425 5467 2596 5530 Alias,
2625 5467 2731 5521 vult
2757 5483 2888 5537 quos
2934 5466 3358 5535 foderant...vult
3406 5477 3582 5530 puteos
3612 5465 3734 5519 iuua-

2205 5555 2350 5591 vare.
2390 5538 2494 5591 Sed
2533 5553 2662 5592 mss.
2696 5550 2756 5591 ut
2784 5541 2836 5592 in
2871 5548 3059 5592 nostro
3092 5549 3264 5594 testu.

2277 5609 2390 5676 (86)
2439 5606 2545 5660 Vox
2575 5607 2846 5661 Christum
2877 5609 3027 5662 deest
3060 5609 3111 5661 itt
3158 5621 3315 5664 antea
3344 5609 3520 5672 editis,
3550 5607 3634 5662 sed
3667 5619 3733 5658 re-

2202 5680 2410 5750 pet-itur
2446 5678 2496 5730 in
2535 5694 2664 5732 mss.
2692 5677 2837 5731 Infra
2856 5693 3023 5750 ini-ss”
3059 5691 3104 5732 et
3133 5697 3297 5750 aquas
3323 5683 3492 5735 sancti
3519 5678 3734 5750 Spiritus.

2198 5748 2372 5814 Alias,
2403 5756 2452 5802 et
2479 5764 2671 5819 aquam
2698 5749 2864 5806 sancti
2894 5747 3148 5818 Spiritus.

3837 2577 3839 2636 l

3838 2769 3839 2840 i

3838 2869 3839 2926 ἰ

3838 2985 3839 3028 i

3838 3087 3839 3120 t

3838 3145 3839 3192 1

3838 3247 3839 3282 t
