3902 6524
161 356 254 414 255

1341 348 1409 404 IN
1437 346 1735 403 GENESI)!
1779 344 2065 402 HOMILIA
2100 344 2240 401 Xlll.

3304 354 3407 411 231

166 478 215 530 in
236 468 379 527 omni
402 468 583 523 anima
607 466 849 525 inveniri
869 464 1249 523 rationabilem
1278 479 1503 523 sensum
1523 474 1579 520 et
1599 464 1737 519 ima-
1763 471 1808 528 Α
1837 461 2019 531 imago
2058 459 2463 527 Deilatens,ct
2502 460 2647 517 hunc
2676 469 2897 531 puteum
2925 460 3214 530 Dhiiistiai,
3250 466 3303 522 id
3326 482 3410 525 est

163 566 333 637 ginem
370 562 460 617 Dei
503 559 636 630 (87),
671 559 847 618 nescit
874 558 1056 623 tidem.
1095 556 1379 626 pietatm,
1410 556 1729 627 religionem

164 666 314 724 posse
348 651 401 705 in
426 651 679 706 omnibus
711 648 968 705 inveniri.
994 646 1133 715 Quid
1165 647 1259 704 tibi
1284 649 1504 717 promist
1532 648 1733 702 habere

166 742 541 806 eruditionem,
573 750 628 796 et
661 742 879 796 nescire
901 741 1152 805 eauti,et
1182 740 1387 799 habere
1403 752 1732 805 sermonem,

164 846 215 896 et
239 836 447 892 nescire
471 834 646 903 loqui?
680 834 828 890 lstnd
852 847 991 902 opus
1011 835 1236 902 proprie
1257 847 1553 901 puerorum
1585 832 1735 889 Isaac

164 938 265 995 est,
291 927 385 997 qui
418 927 468 982 in
509 926 659 981 omni
710 935 855 981 terra
890 925 1125 989 {odium-
1154 937 1351 993 puteos
1392 940 1547 996 aqua:
1576 929 1733 991 vivae,

168 1020 215 1075 id
243 1028 342 1078 est.
376 1018 523 1072 omni
545 1017 741 1071 animm
767 1017 990 1071 verbum
1022 1015 1122 1075 Dei
1145 1014 1465 1083 loquuntur,
1495 1024 1550 1070 et
1572 1015 1733 1072 inve-

168 1114 314 1167 niunt
332 1109 590 1165 fructum.
614 1109 859 1179 Denique
884 1108 963 1163 vis
989 1110 1201 1172 videre,
1229 1122 1371 1162 unus
1401 1122 1537 1177 puer
1563 1107 1732 1175 lsaac,

148 1214 395 1276 .quantos
420 1211 616 1272 puteos
651 1204 704 1256 in
730 1212 873 1256 terra
906 1201 1329 1269 alienigenarum
1348 1198 1585 1255 foderit?
1606 1199 1737 1254 Vide

169 1296 412 1359 Paulum,
451 1296 541 1363 qui
595 1296 659 1348 ab
692 1293 1034 1349 llierusalem
1076 1296 1128 1348 in
1175 1294 1409 1350 cimuitu
1440 1306 1617 1360 usque
1666 1292 1735 1346 ad

168 1390 431 1458 lllyricuiu
476 1387 701 1455 replevit
730 1385 1082 1458 Evangelium
1110 1387 1204 1441 Dei
1232 1386 1273 1440 ⁵.
1302 1384 1409 1440 Sed
1433 1399 1530 1456 per
1551 1384 1737 1454 singu-

170 1483 243 1538 los
282 1482 416 1536 istos
438 1491 630 1550 puteos
650 1482 1065 1551 persecutiones
1094 1495 1288 1550 passus
1310 1490 1392 1537 est
1419 1479 1737 1539 Philistino-

168 1592 302 1630 rum.
336 1575 476 1629 Audi
515 1575 686 1644 ipsum
722 1575 994 1630 dicentem
1021 1575 1042 1607 ⁸
1068 1591 1091 1630 :
1130 1576 1341 1641 Quanta
1364 1574 1509 1628 mihi
1527 1573 1736 1627 accide-

148 1677 287 1721 runt
346 1665 541 1731 Iconii,
591 1663 827 1735 Lystris,
862 1675 1063 1734 quanta
1104 1666 1172 1719 in
1223 1664 1469 1735 Epheso?
1518 1663 1739 1731 Quoties

1835 562 2139 625 potestates
2156 555 2420 619 adversar,
2449 552 2796 623 repleverunt
2824 563 3003 612 terra:
3036 556 3192 624 Quali
3218 566 3368 616 terra
3390 563 3412 616 ἲ

1836 644 2165 702 Car‘nalibus
2188 646 2471 713 sensibus,
2511 653 2567 701 et
2620 648 2851 702 terrenis
2883 649 3327 719 cogitationibus,
3357 662 3418 709 et

1795 776 1801 781 η
1834 748 2120 810 propterea
2148 739 2488 809 portavimus
2521 737 2813 809 imaginem
2844 741 3075 796 terreni.
3108 741 3262 799 Tunc
3281 758 3415 815 ergo

1800 872 1801 875 η
1834 847 1963 888 cum
1993 843 2337 903 portaremus
2360 832 2651 901 imaginem
2680 833 2904 898 terreni,
2934 833 3207 892 Philistini
3240 838 3417 910 reple-

1799 964 1804 972 .
1836 934 2030 981 verunt
2069 935 2213 981 terra
2247 934 2439 996 puteos
2467 937 2705 980 nostros.
2736 925 2841 981 Sed
2874 942 3017 983 nunc
3040 931 3297 999 quoniam
3326 947 3416 987 ve-

1802 1020 1921 1073 .nit
1974 1027 2168 1074 noster
2198 1018 2369 1083 lsaac,
2414 1019 2785 1088 suscipiamus
2833 1017 2948 1088 ejus
2996 1022 3310 1091 adventum,
3360 1037 3417 1081 et

1810 1138 1811 1143 π
1838 1111 2108 1167 fodiemus
2134 1121 2332 1180 puteos
2374 1120 2614 1177 nostros,
2645 1118 2701 1166 et
2744 1109 3066 1179 abjieiamus
3094 1116 3161 1171 ab
3189 1118 3273 1173 eis
3300 1128 3415 1173 ter-

1839 1219 1955 1259 ram
1980 1220 1994 1269 ;
2021 1218 2316 1274 purgemus
2338 1219 2435 1259 eos
2468 1205 2541 1265 ab
2561 1202 2819 1259 omnibus
2846 1204 3119 1270 sordibus,
3143 1216 3203 1263 et
3227 1224 3257 1263 a
3280 1226 3418 1266 cun-

1806 1298 1950 1352 ctis
1968 1296 2395 1368 cogitationibus
2418 1297 2587 1353 luteis
2615 1306 2671 1352 et
2700 1297 2954 1362 terrenis,
2986 1308 3041 1354 et
3070 1299 3418 1359 inveniemus

1839 1390 1894 1443 in
1922 1388 2002 1443 eis
2026 1403 2225 1458 aquam
2253 1390 2455 1455 vivam,
2492 1388 2665 1455 illam,
2694 1388 2764 1443 de
2791 1404 2896 1457 qua
2921 1390 3054 1445 dicit
3088 1391 3418 1463 (8811)υωί-

1808 1512 1813 1515 -
1840 1497 1942 1537 nus
1958 1481 2027 1533 ηε
2044 1480 2149 1547 Qui
2176 1482 2345 1535 credit
2365 1481 2421 1535 in
2449 1496 2565 1544 me,
2584 1480 2807 1549 [lumina
2827 1481 2892 1534 de
2914 1493 3089 1537 pertire
3117 1483 3231 1554 ejus
3254 1486 3419 1555 ﬂuent

1839 1586 1994 1641 aqua
2019 1571 2173 1626 vim.
2203 1569 2337 1626 Vide
2366 1580 2568 1639 quanta
2612 1570 2684 1628 sit
2710 1570 3008 1628 liberalitas
3046 1575 3282 1630 Domini.
3314 1575 3422 1633 Pu-

1844 1671 1961 1717 teos
1987 1663 2334 1733 repleverunt
2361 1662 2659 1728 Philistini,
2688 1670 2744 1717 et
2771 1678 2939 1720 venas
2977 1667 3137 1722 nobis
3152 1683 3420 1737 aquarum

163 1774 339 1814 caesus
357 1767 413 1813 et
436 1760 655 1829 quoties
684 1758 959 1829 lapidatus
978 1767 1061 1813 est
1079 1758 1104 1811 ν
1124 1758 1347 1828 quoties
1370 1758 1641 1827 pugnavit
1670 1756 1736 1810 ad
1768 1825 1803 1829 _
1844 1754 2015 1814 exiles
2039 1763 2095 1810 et
2127 1764 2319 1810 tenues
2359 1754 2695 1823 inviderunt,
2719 1766 2779 1815 et
2798 1772 2902 1828 pro
2941 1757 3027 1814 his
3058 1760 3215 1817 nobis
3241 1760 3421 1819 fontes

167 1852 413 1907 bestias?
442 1825 535 1906 sed
571 1825 873 1923 permansit
906 1825 1194 1923 usquequo
1236 1825 1419 1907 exiret
1449 1825 1515 1906 ad
1554 1850 1738 1905 latitn~
1768 1825 1813 1880 Β
1851 1846 2155 1902 redduntur
2189 1857 2244 1901 et
2267 1844 2511 1901 ﬂumina.
2804 1825 2817 1828 v
2894 1886 2897 1889 ι
3062 1868 3063 1871 η

165 1945 373 2009 dinem,
407 1946 463 1999 id
503 1953 592 2000 est
629 1959 913 2016 usquequo
954 1947 1007 2000 in
1038 1946 1203 2000 totius
1247 1945 1401 2002 orbis
1433 1954 1597 2000 terrae
1620 1942 1742 1997 lati-

144 2040 352 2093 tudine
397 2037 670 2093 Ecclesias
713 2036 1026 2095 collocaret.
1079 2037 1172 2092 Sic
1202 2050 1335 2109 ergo
1390 2036 1560 2106 putei,
1603 2048 1743 2106 quos

144 2132 286 2185 ‹ῐε›ιιίι
309 2131 611 2195 Abraham,
626 2129 691 2184 idv
704 2137 805 2193 est,
832 2128 1133 2199 Scriptum
1149 2128 1364 2184 Veteris
1383 2126 1737 2191 Testamenti,

162 2224 351 2294 repleti
402 2233 528 2278 sunt
558 2231 703 2278 terra
733 2238 762 2276 a
793 2221 1131 2286 Philistinis,
1163 2220 1282 2276 sive
1302 2232 1332 2274 a
1364 2218 1522 2274 malis
1550 2219 1740 2273 docto—

162 2318 334 2380 ribus,
368 2314 578 2370 Scribis
605 2323 659 2371 et
692 2315 1007 2379 Phat'isais,
1060 2314 1177 2369 sive
1213 2311 1743 2368 etiamadversariis

143 2407 521 2480 potestatibus
555 2425 569 2461 :
594 2417 649 2463 et
674 2392 948 2462 obturatas
966 2415 1099 2461 sunt
1128 2418 1325 2460 eorum
1355 2417 1528 2470 vente,
1555 2417 1622 2459 ne
1649 2416 1743 2472 pe-

150 2512 271 2555 tum
304 2500 703 2569 praebeant'his
732 2500 827 2569 qui
851 2514 919 2555 ex
954 2499 1412 2554 Abraham‘sunt.
1450 2482 1569 2550 Non
1593 2497 1741 2550 enim

160 2591 403 2662 populus
448 2590 538 2646 ille
578 2590 765 2646 bibere
802 2598 981 2661 potest
1006 2588 1073 2642 de
1099 2586 1421 2657 Scripturis,
1462 2587 1556 2641 sed
1597 2585 1741 2643 sitim

161 2684 368 2753 patitur
394 2683 550 2738 verbi
582 2682 685 2738 Dei
710 2683 883 2738 donec
916 2682 1095 2736 veniat
1144 2679 1299 2735 Isaac
1324 2690 1381 2735 et
1406 2680 1618 2750 aperiat
1647 2693 1743 2733 eas

144 2787 221 2831 -ut
245 2774 444 2831 bibant
479 2776 634 2843 pueri
668 2775 775 2831 sui.
815 2773 1005 2828 Gratia
1030 2786 1165 2844 ergo
1191 2773 1304 2829 lilio
1325 2772 1560 2829 Abrahae
1581 2773 1744 2829 Chri-

144 2876 265 2932 ksto,
290 2866 371 2923 de
392 2881 508 2937 quo
538 2867 800 2936 scriptum
834 2875 922 2921 est
949 2866 972 2899 ‘
1001 2881 1016 2921 ε
1049 2864 1587 2937 Libergeneratr‘onis
1614 2865 1745 2921 Iesu

146 2957 377 3026 Christi,
394 2958 499 3029 ﬁlii
516 2958 709 3024 David,
733 2958 837 3028 ﬁlii
852 2958 1144 3023 Abraham,
1173 2960 1266 3030 qui
1284 2960 1432 3015 venit
1454 2972 1509 3016 et
1535 2962 1749 3031 aperuit

156 3051 317 3106 nobis
361 3060 578 3121 puteos.
604 3049 760 3122 ipsus
796 3051 951 3105 enim
979 3051 1261 3121 aperiebat
1307 3052 1438 3120 illis,
1473 3054 1565 3121 qui
1592 3052 1746 3108 dice-

144 3143 316 3200 bant'
346 3166 361 3199 :
404 3142 595 3199 Nonne
615 3159 706 3199 car
729 3152 968 3198 nostrum
994 3146 1191 3199 ardens
1213 3155 1324 3199 erat
1345 3146 1399 3198 in
1426 3142 1594 3211 nobis,
1623 3161 1744 3199 cum
1774 3178 1787 3211 λ

144 3235 388 3305 aperiret
426 3234 575 3289 nobis
601 3233 951 3304 Scripturas?
974 3230 1199 3304 Aperuit
1236 3248 1366 3307 ergo
1396 3236 1499 3291 hos
1530 3242 1738 3307 puteos,

154 3338 207 3380 et
228 3326 443 3382 necavit
476 3341 587 3391 eos,
613 3327 789 3397 inquit
808 3327 856 3393 ⁸η,
887 3327 1029 3381 sicut»
1053 3337 1329 3384 vocaverat
1350 3345 1441 3383 eos
1472 3329 1741 3383 Abraham

150 3429 480 3485 poterimus.
503 3415 624 3471 Non
643 3417 789 3475 enim
806 3416 1121 3474 iminutavit
1138 3418 1401 3472 vocabula
1429 3426 1738 3487 puteorum.

146 3508 220 3565 Et
240 3511 571 3568 estmirum
594 3511 737 3580 quod
783 3508 1001 3579 Moyses
1026 3509 1195 3563 etiam
1225 3507 1369 3579 apud
1404 3524 1505 3565 nos
1532 3508 1743 3581 Moyses

144 3602 491 3672 appellatur,
542 3609 609 3660 et
654 3603 934 3672 prophetat
966 3597 1345 3670 unusquisque
1374 3615 1473 3656 suo
1522 3601 1744 3657 nomine

146 3694 528 3764 appellantur.
564 3692 685 3748 Non
712 3694 862 3749 enim
894 3693 1149 3749 Cirrisltts
1178 3694 1231 3751 in
1252 3690 1740 3761 eisuomina,-sed

142 3783 580 3854 intelligentiam
609 3781 982 3838 commutavit.
1036 3780 1413 3837 Comutavit
1461 3788 1639 3837 autem
1676 3781 1738 3847 in

144 3890 237 3942 eo,
265 3885 329 3931 ut
368 3876 495 3946 jam
526 3875 668 3929 ultra
699 3888 827 3930 non
849 3874 1196 3929 attendamus
1222 3871 1466 3929 Iudaicis
1516 3871 1737 3937 fabulis,

144 3978 204 4024 et
240 3968 593 4041 genealogiis
616 3967 865 4035 inﬁnitis,
908 3968 1039 4038 quia
1082 3984 1116 4022 a
1160 3967 1379 4022 veritate
1410 3966 1620 4037 quidem
1643 3982 1743 4020 au-

144 4063 322 4116 ditum
357 4069 632 4127 avertunt,
682 4061 753 4116 ad
807 4059 1023 4131 fabulas
1069 4068 1245 4115 autem
1293 4066 1668 4114 convertuntur
1690 4058 1736 4111 ’.

140 4156 388 4225 Aperuit
421 4170 554 4227 ergo
582 4162 796 4226 puteos,
849 4165 905 4210 et
952 4154 1140 4210 docuit
1174 4167 1297 4218 nos,
1325 4161 1383 4207 ut
1418 4152 1742 4222 non'aliquo

141 4249 264 4304 loco
322 4263 649 4320 quau-amns
693 4247 888 4314 Deum,
921 4250 1019 4305 sed
1067 4246 1308 4303 sciamus
1329 4247 1483 4316 quod
1510 4245 1741 4301 inomni

143 4351 297 4395 terra
320 4339 561 4395 oﬂertur
577 4338 907 4395 sacriﬁcium
926 4340 1135 4395 nomini
1172 4338 1290 4410 ejus
1316 4337 1383 4389 ⁸ο.
1408 4335 1578 4401 Nunc
1596 4336 1741 4391 enia-

141 4433 277 4487 illud
314 4441 403 4488 est
445 4443 658 4501 tempus
691 4432 914 4503 quando
960 4433 1079 4488 veri
1132 4433 1449 4499 adoratores
1506 4432 1745 4489 adorant

138 4522 415 4589 Patrem,
470 4537 649 4592 neque
706 4524 760 4579 in
812 4523 1225 4595 Hierosolymis,
1286 4538 1460 4592 neque
1518 4523 1579 4576 iu-
1632 4522 1822 4613 εσυ
1848 4526 1971 4580 dem
2000 4534 2129 4580 tunc
2164 4521 2457 4593 imaginem
2507 4528 2736 4595 terreni,
2778 4545 2924 4584 nunc
2954 4542 3087 4589 vero
3118 4532 3205 4588 his
3231 4537 3431 4593 auditis

143 4627 341 4673 monte
387 4616 663 4683 Garisim,
695 4614 790 4672 sed
832 4615 887 4670 in
941 4616 1136 4685 spiritu
1170 4624 1227 4669 et
1249 4615 1479 4669 veritate
1502 4615 1573 4669 ³⁸.
1621 4614 1737 4670 Non

139 4722 277 4781 ergo
309 4710 370 4764 in
435 4708 574 4774 loco,
626 4723 804 4779 neque
852 4708 906 4762 in
938 4717 1085 4764 terra
1123 4706 1335 4762 habitat
1372 4707 1537 4771 Deus,
1567 4706 1663 4762 sed
1688 4706 1740 4761 in

138 4801 311 4857 corde
339 4801 584 4857 habitat.
616 4798 685 4854 Et
713 4800 759 4855 si
789 4799 966 4855 locum
1020 4799 1115 4855 Dei
1150 4798 1405 4869 requiris,
1434 4814 1533 4855 cor
1580 4813 1741 4854 muri.

140 4894 273 4950 dum
301 4904 398 4953 est
432 4894 586 4948 locus
630 4893 769 4963 ejus.
803 4893 861 4948 In
897 4893 1004 4951 hoc
1032 4906 1269 4961 namque
1310 4892 1432 4947 loco
1468 4891 1745 4948 habitatu-

140 4998 263 5042 rum
288 5004 359 5044 se
394 4986 557 5051 dicit,
591 5001 715 5040 cum
750 4999 851 5056 per
887 4986 1212 5055 prephetam
1247 4984 1331 5039 ait
1351 4983 1394 5025 ι’
1429 4982 1742 5039 :Habitaba

137 5082 195 5135 in
215 5085 319 5147 eis,
358 5090 415 5135 et
454 5080 795 5135 inambulabe
818 5097 839 5146 ;
863 5089 912 5134 et
940 5080 1045 5147 ipsi
1081 5087 1238 5133 erunt
1268 5078 1397 5131 mihi
1422 5079 1666 5147 populus,
1690 5087 1743 5131 et

135 5192 230 5245 ego
271 5191 373 5229 ere
409 5174 526 5228 illis
577 5172 740 5240 Deus,
774 5172 897 5226 dicit
950 5171 1228 5225 Dominus.
1283 5170 1419 5225 Vide
1456 5184 1588 5238 ergo
1617 5169 1745 5239 quia

134 5267 286 5322 forte
314 5269 499 5321 etiam
523 5268 576 5320 in
599 5265 1022 5334 uniuscujusque
1042 5273 1296 5319 nostrum
1324 5263 1509 5316 anima
1538 5272 1623 5317 est
1646 5278 1743 5331 pu-

136 5369 260 5413 teus
305 5372 483 5429 aqua:
516 5358 673 5421 vivze,
704 5365 788 5411 est
836 5357 1059 5424 quidam
1109 5354 1367 5410 cmlestis.
1406 5367 1636 5420 sensus,
1687 5361 1743 5408 et

206 5478 229 5511 ⁸
254 5480 443 5536 Rom.
474 5491 567 5542 xv,
595 5477 683 5531 l9.
760 5474 782 5507 '
814 5474 853 5529 ll
876 5475 1017 5531 Tim.
1048 5493 1128 5539 ιιι,
1163 5476 1255 5531 ll.
1337 5476 1359 5507 ⁸
1384 5474 1575 5530 Matth.
1604 5491 1645 5540 i,

1910 1937 1969 1991 4.
2016 1937 2075 1992 Si
2118 1940 2255 2009 ergo
2296 1948 2352 1993 et
2373 1953 2472 1994 vos
2514 1940 2676 1996 hodie
2716 1942 2834 1999 haec.
2865 1944 3151 2003 audientes
3190 1946 3424 2007 ﬁdeliter

1841 2030 2168 2100 percipiatis
2220 2030 2495 2097 auditum,
2527 2043 2798 2102 operatur
2827 2045 2885 2092 et
2936 2038 2992 2093 in
3039 2040 3195 2097 vobis
3250 2041 3424 2110 Isaac,

1842 2131 2037 2195 purgat
2066 2123 2233 2179 corda
2262 2132 2446 2179 vestra
2471 2140 2503 2180 a
2534 2127 2771 2183 terrenis
2800 2131 3071 2198 sensibus,
3096 2141 3153 2188 et
3178 2134 3427 2192 videntes

1843 2216 1961 2271 hac
1994 2223 2145 2269 tanta
2176 2216 2430 2286 mysteria
2459 2217 2515 2271 in
2547 2216 2853 2287 Scripturis
2876 2222 3080 2281 divinis
3104 2239 3227 2283 esse
3252 2222 3427 2283 laten-

1814 2307 1943 2371 stia,
1961 2306 2259 2376 proﬁciens
2284 2306 2339 2361 in
2363 2307 2641 2364 intellectu
2664 2308 2807 2382 (89),
2833 2322 2888 2367 et
2908 2314 3209 2383 proﬁcietls
3235 2317 3286 2371 in
3315 2320 3427 2388 spi-

1817 2397 2097 2459 ritalibus
2131 2398 2406 2454 sensibus.
2438 2398 2723 2470 lncipietis
2741 2402 2907 2457 etiam
2942 2403 3044 2474 ipsi
3083 2407 3427 2463 esse-docto-

1820 2502 1957 2557 .res,
2009 2498 2067 2545 et
2116 2490 2418 2560 procedant
2466 2506 2533 2546 ex
2589 2492 2748 2548 vobis
2779 2493 3005 2550 lumina
3055 2510 3217 2567 aqua
3268 2500 3426 2556 vivae.

1844 2582 2016 2638 Adest
2048 2582 2194 2638 enim
2228 2582 2463 2639 Verbum
2493 2584 2611 2649 Dei,
2635 2594 2696 2639 et
2723 2585 2841 2644 hac
2876 2602 3018 2644 nunc
3043 2589 3161 2660 ejus
3193 2601 3278 2647 est
3299 2608 3430 2664 ope-

1820 2674 2006 2739 ratio,
2038 2687 2097 2729 ut
2126 2675 2196 2731 de
2212 2674 2394 2730 anima
2421 2676 2852 2749 uniuscujusque
2872 2689 3120 2736 nostrum
3149 2696 3428 2741 removeat

1828 2776 2069 2833 terram,
2095 2776 2153 2824 et
2172 2767 2610 2838 aperiattontem
2638 2770 2843 2829 vivum.
2867 2771 3010 2827 Intra
3044 2783 3104 2829 te
3130 2776 3277 2831 enim
3309 2791 3426 2844 est,

1826 2868 1903 2915 ,ει
1928 2874 2034 2915 non
2063 2860 2410 2921 extrinsecus
2442 2862 2610 2926 venit,
2642 2862 2787 2919 sicut
2813 2872 2869 2919 et
2895 2879 3125 2937 regnum
3163 2868 3259 2925 Dei
3282 2870 3425 2926 intra

1829 2961 2035 3009 διαίρει.
2061 2951 2131 3007 Ει
2154 2952 2349 3009 mulier
2388 2952 2480 3008 illa
2512 2952 2580 3022 “,
2612 2969 2735 3023 qua!
2754 2956 3066 3025 perdiderat
3086 2960 3428 3034 drachmam,

1826 3058 1954 3100 «non
1988 3042 2135 3099 illam
2166 3044 2381 3100 invenit
2433 3047 2803 3115 extrinsecus,
2853 3048 2952 3105 sed
3004 3051 3060 3106 in
3108 3053 3271 3111 domo
3305 3071 3427 3122 sua,

1847 3144 2207 3206 posteaquam
2222 3138 2478 3195 acetidit
2493 3137 2791 3208 lucernam,
2824 3149 2877 3195 et
2900 3144 3426 3204 mundavitde'muui

1852 3229 2109 3286 sordibus
2130 3241 2186 3286 et
2210 3230 2599 3297 immunditiis,
2624 3246 2763 3302 quas
2802 3232 2952 3302 longi
2986 3239 3257 3307 temporis
3274 3240 3427 3311 igna-

1852 3321 2025 3378 viaet
2056 3324 2329 3381 hebetqu
2358 3334 2734 3392 congesserat,
2768 3334 2825 3381 et
2859 3326 2934 3381 ibi
2986 3326 3193 3385 invenit
3226 3332 3429 3390 drach-

1849 3429 2035 3473 mam.
2055 3416 2195 3472 Ettu
2227 3432 2358 3489 ergo
2382 3418 2427 3472 si
2448 3418 2722 3474 accendas
2751 3416 3054 3491 lucernam,
3085 3422 3130 3477 si
3168 3425 3431 3485 adhibeas

1834 3507 1951 3563 .tibi
1983 3508 2443 3565 illuminationem
2475 3508 2715 3579 Spiritus
2744 3511 2940 3577 sancti,
3000 3520 3055 3567 et
3114 3513 3171 3567 in
3228 3510 3434 3575 lumine
3474 3565 3478 3568 .

1832 3595 1971 3666 ejus
2003 3597 2189 3661 videas
2210 3597 2434 3663 lumen,
2486 3598 2741 3663 invenies
2792 3599 2936 3654 intra
2986 3610 3037 3657 te
3086 3602 3428 3666 drachmam.

1846 3690 1998 3746 intra
2026 3698 2093 3746 Ite
2106 3704 2351 3761 namque
2377 3698 2464 3745 est
2491 3690 2759 3746 collocata
2790 3690 2969 3761 imago
2994 3693 3145 3763 regis
3168 3697 3428 3756 caelestis.

1852 3784 1989 3839 Cum
2017 3784 2162 3840 enim
2193 3782 2403 3838 iaceret
2431 3782 2711 3840 hominem
2733 3797 2800 3838 ex
2824 3784 2983 3839 initio
3005 3786 3183 3853 Deus,
3201 3790 3269 3845 ad
3291 3791 3430 3847 ima-

1848 3877 2031 3946 ginem
2076 3885 2132 3935 et
2158 3875 2580 3932 similitudinem
2630 3890 2787 3931 suam
2827 3876 2956 3931 fecit
2989 3891 3153 3947 eum;
3200 3891 3255 3938 et
3288 3882 3430 3942 hanc

1850 3968 2142 4041 imaginem
2178 3984 2286 4025 non
2322 3968 2691 4033 extrinsecus,
2733 3969 2830 4024 sed
2860 3968 3003 4025 intra
3032 3986 3157 4028 eum
3185 3975 3429 4033 colloca~

1840 4063 1949 4118 .vit.
1984 4061 2117 4118 liae
2137 4062 2190 4117 in
2220 4070 2273 4117 te
2298 4062 2469 4118 videri
2495 4080 2601 4120 non
2633 4075 2870 4134 poterat,
2915 4066 3090 4124 donec
3120 4070 3312 4126 domus
3339 4081 3431 4127 tua

1848 4156 2071 4217 sordida
2096 4163 2238 4218 erat,
2264 4154 2627 4213 immunditiis
2654 4168 2710 4213 et
2744 4158 3033 4217 ruderibus
3067 4161 3298 4231 repleta.
3322 4161 3432 4219 lste

1847 4248 1974 4305 fons
2004 4245 2249 4303 scientize
2277 4245 2423 4300 intra
2479 4256 2534 4303 te
2574 4258 2695 4305 erat
2724 4251 2884 4320 situs,
2926 4255 3020 4309 sed
3064 4268 3170 4309 non
3216 4266 3432 4325 poterat

1843 4339 2037 4401 fluere,
2067 4338 2196 4409 quia
2229 4337 2506 4393 Philistini
2530 4338 2878 4411 repleverant
2907 4357 3029 4399 eum
3061 4355 3228 4415 terra,
3266 4357 3321 4403 et
3354 4348 3434 4403 fe-

1849 4442 2039 4490 cerant
2070 4435 2123 4487 in
2156 4442 2208 4485 te
2238 4431 2530 4500 imaginem
2579 4435 2803 4491 terreni.
2834 4436 2943 4493 Sed
2979 4447 3036 4493 tu
3058 4443 3283 4511 portasti
3308 4446 3425 4513 qui-

1846 4618 1918 4671 ah
1946 4616 2040 4671 illa
2071 4618 2219 4677 omni
2273 4620 2416 4676 mole
2449 4628 2503 4674 et
2536 4621 2893 4689 oppressione
2937 4629 3151 4678 terrena
3177 4637 3278 4694 per
3304 4625 3435 4682 Ver-

1846 4709 1977 4764 bum
2004 4708 2101 4763 Dei
2135 4719 2428 4780 purgatus,
2462 4711 2762 4781 imaginem
2805 4712 3050 4769 cmlestis
3088 4714 3140 4768 in
3171 4724 3223 4771 te
3252 4716 3432 4787 splen-

1842 4800 2076 4856 descere
2104 4801 2295 4857 facito.
2333 4799 2461 4856 ﬂare
2490 4816 2626 4871 ergo
2661 4802 2844 4873 imago
2874 4812 2957 4859 est
2980 4808 3048 4859 de
3072 4818 3176 4874 qua
3217 4807 3434 4863 dicebat

1847 4892 2013 4949 i’ater
2032 4894 2101 4948 ad
2122 4893 2319 4949 Filium
2346 4894 2390 4929 ¹⁸
2416 4912 2431 4947 :
2461 4891 2749 4950 Faciamus
2768 4896 3033 4951 hominem
3057 4899 3127 4952 ad
3148 4898 3432 4971 imaginem

1848 4993 1900 5037 et
1929 4982 2339 5039 similitudinem
2356 4992 2615 5038 nostram.
2645 4981 2821 5039 Filius
2843 4986 2934 5040 Dei
2962 4996 3047 5041 est
3067 4988 3246 5058 pictor
3272 4990 3434 5061 hujus

1848 5075 2126 5146 imaginis.
2161 5076 2224 5130 Et
2246 5077 2371 5147 quia
2411 5076 2533 5132 talis
2566 5090 2630 5131 ac
2663 5085 2850 5133 tantus
2882 5087 2968 5135 est
3010 5080 3432 5154 pictor,~imago

1850 5168 1971 5237 ejus
1998 5167 2283 5223 obscurari
2312 5178 2411 5238 per
2440 5167 2711 5224 incuriam
2744 5176 2956 5238 potest,
2989 5170 3157 5227 deleri
3187 5184 3284 5241 per
3310 5189 3393 5227 tua
3412 5203 3428 5215 ο

1850 5260 2027 5316 titiam
2053 5275 2161 5318 non
2192 5268 2397 5331 potest.
2430 5259 2611 5314 Manet
2640 5260 2790 5316 enim
2814 5276 3031 5332 semper
3056 5264 3237 5337 imago
3254 5265 3345 5322 Dei
3372 5264 3428 5320 in

1850 5361 1927 5417 te,
1957 5353 2087 5408 licet
2120 5362 2175 5406 tu
2213 5353 2311 5408 tibi
2345 5353 2460 5422 ipse
2491 5355 2829 5424 superducas
2877 5357 3167 5424 imaginem
3204 5360 3426 5420 terreni.

1740 5476 1761 5507 ⁷
1796 5473 1929 5548 an.
1960 5490 2110 5548 xxiv,
2144 5473 2231 5529 32.
2320 5472 2581 5548 {Cenes1
2614 5489 2764 5540 xxvr,
2795 5476 2882 5548 18.
2918 5462 2921 5465 ’
2987 5479 3008 5510 ⁹
3034 5478 3075 5536 ll
3103 5478 3242 5533 Tim.
3270 5495 3344 5548 ιν,
3372 5483 3428 5538 ι.

136 5554 181 5591 ⁸⁸
212 5550 467 5621 Malach.
498 5564 537 5611 ι,
574 5548 662 5601 Η.
734 5547 773 5578 ³³
806 5545 966 5602 Joan.
990 5563 1062 5614 tv,
1093 5546 1183 5613 21,
1204 5548 1293 5603 23.
1369 5546 1593 5601 "Levit.
1618 5548 1740 5600 xxvi

1837 5546 1884 5600 2.
1966 5545 2294 5612 "Joannvu,
2319 5544 2410 5601 58.
2491 5545 2534 5576 “
2560 5544 2692 5601 Luc.
2725 5561 2815 5613 xv,
2844 5547 2899 5602 8.
2978 5548 3021 5579 ¹⁶
3039 5548 3235 5609 Cenes.
3267 5544 3428 5621 1,26.

206 5668 327 5742 (87)
357 5667 557 5742 ﬁlias,
581 5668 813 5723 invenire
842 5668 1213 5742 rationabilem
1257 5683 1469 5724 sensum
1510 5667 1580 5721 ad
1607 5668 1742 5722 iura-

134 5738 314 5803 amem
346 5739 478 5797 Dei.
509 5738 578 5793 At
611 5753 742 5792 mss.
774 5749 834 5798 ut
868 5741 920 5791 in
955 5749 1149 5795 nostro
1178 5748 1352 5795 textu.

205 5813 329 5886 (88)
368 5809 550 5871 Alius,
595 5809 744 5861 illam
783 5825 941 5877 quam
978 5811 1139 5875 dicit;
1186 5826 1337 5879 tnss.,
1373 5810 1519 5879 illam
1552 5809 1615 5869 de
1642 5826 1747 5879 qua

486 5902 756 5964 l’nnon.
804 5901 921 5964 Gn.
970 5902 1109 5965 XII.

1848 5666 2039 5811 dﬂigi)
2066 5737 2525 5811 Alias,gproﬁcitis
2549 5737 2603 5791 in
2620 5734 2885 5811 intellectu
2905 5747 2952 5791 el
2973 5738 3254 5807 proﬁcitis,
3270 5756 3429 5811 mss.,

1850 5807 2139 5879 proﬁciatis
2163 5810 2217 5863 in
2246 5809 2508 5865 intellectu
2537 5818 2582 5862 et
2603 5807 2908 5877 proficiatis.

3038 5865 3081 5967 s
