3902 6506
589 313 696 372 εδδ

2063 319 2387 382 ORIGENIS

3688 355 3764 413 236

594 444 757 500 lstam
792 441 1054 512 picturam
1092 451 1146 497 tu
1178 441 1272 498 tibi
1323 441 1439 514 ipse
1467 442 1734 514 depingis,
1764 459 1886 501 cum
1918 446 2059 501 enim
2102 457 2155 502 te
2185 451 2231 506 Α
2260 450 2416 504 nobis
2461 450 2689 509 sufﬁciat
2737 457 2965 514 scientia
3009 455 3438 530 Scripturarum,
3469 463 3556 518 sed
3580 477 3632 520 et
3665 473 3765 530 alio..-

594 534 762 591 libido
789 535 1099 598 fuscaverit,
1130 534 1386 590 induxisti
1420 550 1585 589 unum
1602 536 1835 592 colorem
1863 545 2158 594 terrenum.

596 629 652 684 Si
687 643 813 683 vero
835 637 888 682 et
915 627 1146 681 avaritia
1181 636 1381 683 aestuas
1409 627 1538 699 (90),
1575 629 1843 684 miscuisti
1875 639 1931 685 et
1967 631 2157 685 alium.

593 723 698 777 Sed
731 732 782 775 et
810 736 932 775 cum
961 730 1012 775 te
1031 721 1116 774 ira
1144 721 1499 792 sanguineum
1529 722 1678 788 facit,
1697 723 1852 778 addis
1885 724 2160 779 nihilomi-

589 831 692 870 nus
722 826 776 871 et
808 815 1027 869 tertium
1053 815 1313 871 colorem.
1344 816 1620 884 Superbiae
1648 833 1864 888 quoque
1887 819 2028 874 alius
2059 820 2158 874 ad-

566 905 734 959 ditur
761 905 937 969 l’ucus,
969 915 1023 959 et
1058 905 1353 975 impietatis
1389 905 1543 962 alius.
1575 907 1639 962 Et
1668 907 1746 962 sic
1780 921 1876 976 per
1911 907 2156 977 singulas

563 1013 833 1067 quasque
871 997 1092 1052 malitiae
1124 998 1350 1066 species,
1401 998 1548 1052 velut
1594 999 1826 1054 diversis
1876 1000 2155 1054 coloribus

584 1092 953 1164 congregatis.
978 1092 1117 1146 hanc
1153 1091 1440 1162 imaginem
1488 1093 1710 1157 terreni,
1734 1108 1895 1163 quam
1927 1094 2067 1148 Deus
2098 1093 2152 1149 in

567 1196 773 1240 ate'non
812 1185 962 1249 fecit,
992 1197 1045 1238 tu
1083 1184 1178 1238 tibi
1223 1185 1335 1252 ipse
1367 1184 1636 1253 depingis.
1681 1184 1974 1254 Propterea
2019 1200 2150 1256 ergo

581 1277 958 1347 deprccandus
988 1286 1070 1330 est
1103 1274 1256 1330 nobis
1307 1274 1431 1340 ille,
1468 1276 1559 1344 qui
1602 1275 1733 1329 dicit
1784 1290 1877 1345 per
1909 1276 2150 1346 prophe-

584 1379 692 1423 tam
722 1370 765 1399 ¹⁶
789 1387 800 1422 :
827 1367 958 1421 Ecce
979 1383 1069 1436 ego
1098 1365 1243 1418 deleo
1271 1367 1404 1419 sicut
1438 1365 1624 1419 nubem
1655 1366 1962 1435 iniquitates
2007 1377 2148 1431 tuas,

567 1473 626 1515 et
655 1462 788 1516 sicut
813 1460 1086 1528 caliginem
1115 1469 1329 1523 peccata
1358 1469 1472 1512 tua.
1515 1458 1721 1514 Etcum
1748 1460 2006 1515 delcverit
2027 1475 2150 1516 om-

579 1568 677 1608 nes
711 1552 842 1607 istos
873 1551 924 1605 in
964 1559 1016 1604 te
1045 1550 1278 1614 colores,
1313 1551 1402 1618 qui
1439 1565 1502 1604 ex
1541 1549 1679 1606 l'ucis
1708 1551 1925 1606 malitia:
1947 1551 2146 1619 sumpti

577 1655 722 1709 sunt,
753 1654 880 1700 tunc
921 1642 1287 1713 resplendebit
1319 1643 1369 1696 in
1407 1653 1456 1697 te
1493 1643 1668 1713 imago
1701 1643 1790 1697 illa
1815 1659 1933 1713 qua:
1971 1659 1998 1697 a
2038 1643 2146 1697 Deo

574 1749 755 1795 creata
794 1748 895 1794 est.
944 1738 1103 1792 Vides
1147 1751 1278 1802 ergo
1305 1737 1572 1805 quomodo
1618 1735 1817 1790 divina:
1848 1736 2144 1805 Scriptura:

573 1831 776 1887 formas
809 1830 1070 1885 inducunt
1107 1838 1161 1883 et
1195 1827 1396 1898 ﬁguras
1421 1867 1436 1892 ,
1469 1827 1670 1897 quibus
1715 1828 1780 1880 ad
1815 1827 2142 1897 agnitionem

573 1923 660 1979 vel
689 1919 1064 1993 purgationem
1093 1919 1175 1973 sui
1203 1917 1384 1972 anima
1423 1918 1702 1971 doceatur.
1743 1917 1834 1972 Vis
1886 1919 2067 1974 adhuc
2091 1930 2146 1976 et

571 2015 732 2071 aliam
763 2013 946 2067 videre
969 2009 1200 2065 formam
1225 2007 1711 2078 hujus-imaginis?
1739 2007 2141 2080 Suntquzedam

572 2109 764 2162 littere
795 2118 932 2174 quas
961 2103 1100 2158 Deus
1127 2101 1337 2167 scribit,
1370 2101 1614 2171 quaedam
1645 2100 1837 2156 litterae
1881 2119 2018 2173 quas
2043 2120 2142 2160 nos

568 2200 879 2256 scribimus.
932 2196 1151 2252 Peccati
1203 2195 1421 2251 litteras
1480 2209 1577 2250 nos
1631 2195 1942 2253 scribimus.
1997 2197 2138 2253 Audi

564 2292 879 2362 Apostolum
902 2291 1171 2346 dicentem
1195 2304 1211 2341 :
1251 2288 1463 2354 Delens,
1493 2289 1672 2358 inquit
1705 2289 1767 2352 ",
1795 2290 1936 2358 quod
1956 2290 2142 2346 adver-

563 2400 679 2438 sum
725 2398 818 2436 uos
856 2389 967 2435 erat
1015 2379 1427 2449 chirographum
1470 2379 1524 2432 in
1556 2379 1812 2444 decretis,
1855 2382 1994 2450 quod
2025 2395 2138 2438 erat

562 2475 890 2527 contrarium
922 2472 1091 2536 nobis,
1146 2471 1266 2524 tulit
1295 2469 1431 2524 illud
1459 2471 1523 2524 de
1546 2472 1738 2535 medio,
1765 2473 1974 2543 afﬁgens
2004 2474 2136 2529 illud

563 2568 707 2618 cruci
739 2580 870 2618 suae.
915 2563 1060 2618 Istud
1105 2562 1322 2631 quidem
1359 2563 1498 2632 quod
1525 2563 1655 2619 dicit
1686 2565 2133 2637 chirographum,

565 2667 910 2728 peccatorum
963 2663 1273 2711 nostrorum
1333 2657 1513 2711 cautio
1563 2655 1686 2711 fuit.
1747 2657 2135 2729 Unusquisque

563 2750 765 2806 etenim
795 2757 1058 2813 nostrum,
1095 2748 1148 2801 in
1175 2747 1260 2802 bis
1287 2763 1408 2817 qua:
1430 2747 1693 2819 delinquit
1720 2749 1953 2807 edicitur
1978 2753 2132 2810 debi-

563 2853 668 2908 tor,
709 2852 762 2898 et
792 2843 999 2914 peccati
1025 2825 1105 2896 sui
1132 2840 1340 2896 litteras
1369 2842 1579 2897 scribit.
1610 2843 1744 2910 Quia
1770 2853 1824 2898 et
1859 2846 1910 2900 in
1930 2846 2132 2917 judicio

560 2935 679 3000 Dei,
707 2935 851 3004 quod
881 2933 1069 2988 Daniel
1098 2934 1413 2990 consedisse
1439 2933 1697 2989 describit
1721 2937 1785 2999 ¹¹¹,
1811 2936 1978 2994 libros
1999 2940 2133 2995 dicit

559 3035 798 3096 apertos.
837 3025 954 3080 sine
981 3025 1145 3080 dubio
1179 3025 1268 3094 qui
1301 3034 1522 3094 peccata
1565 3027 1848 3082 hominum
1882 3031 2129 3086 contine—

558 3129 695 3174 rent.
743 3118 852 3173 llos
892 3133 1020 3188 ergo
1044 3118 1142 3188 ipsi
1177 3117 1331 3173 nobis
1355 3118 1646 3175 scribimus
1670 3135 1766 3190 per
1790 3137 1852 3178 ea
1877 3137 1997 3192 qua:
2031 3126 2125 3179 de-
2157 3145 2200 3203 ο

554 3207 871 3280 linquimus.
899 3207 1068 3278 llujus
1092 3207 1236 3262 enim
1278 3208 1352 3263 rei
1387 3217 1442 3262 et
1473 3208 1565 3264 illa
1592 3209 1766 3280 imago
1789 3221 1894 3276 est,
1922 3227 2043 3282 quae
2072 3215 2124 3268 in

536 3301 844 3373 .Evaugelio
873 3302 1068 3357 dicitur
1088 3302 1154 3357 de
1178 3301 1702 3372 villicoiniquitatis,
1719 3304 1811 3374 qui
1833 3306 1899 3360 ad
1926 3321 2126 3360 unum-

545 3409 824 3466 quemque
849 3393 1150 3448 debitorem
1169 3393 1302 3449 dicit
1333 3394 1375 3425 "
1412 3411 1428 3448 :
1462 3393 1652 3464 Accipe
1676 3395 1880 3453 litteras
1906 3408 2045 3464 tuas,
2074 3409 2124 3454 et

551 3487 736 3542 sedens
766 3487 936 3542 scribe
974 3486 1262 3556 octoginta,
1308 3496 1362 3540 ct
1390 3495 1584 3541 caetera
1623 3502 1744 3558 qua:
1795 3490 2120 3548 referuntur.

555 3579 716 3636 Vides
753 3595 908 3649 ergo,
935 3580 1058 3648 quia
1108 3579 1406 3650 unicuique
1432 3580 1652 3648 dicitur,
1695 3584 1870 3653 accipe
1918 3585 2123 3642 litteras

549 3680 691 3725 liras.
729 3667 880 3723 Unde
914 3676 1132 3723 constat
1160 3677 1379 3724 nostras
1411 3669 1620 3726 litteras
1643 3682 1889 3740 peccato,
1915 3675 2123 3732 litteras

549 3770 729 3816 autem
757 3761 852 3816 Dei
877 3760 1089 3830 iustitia
1112 3761 1273 3815 scribi
1300 3760 1433 3829 (9i).
1493 3765 1572 3817 lta
1593 3764 1736 3820 enim
1752 3767 2123 3838 dicitAposto-

551 3853 636 3907 lus
649 3853 726 3903 ὀε
758 3850 860 3905 Vos
887 3853 1022 3906 enim
1051 3855 1172 3906 estis
1191 3851 1417 3921 epistola
1433 3855 1631 3923 scripta
1669 3873 1768 3911 non
1800 3868 2118 3927 atramento,

546 3945 638 3999 sed
665 3943 869 4013 Spiritu
897 3942 986 3996 Dei
1017 3943 1136 4005 vivi,
1165 3961 1264 3997 nou
1283 3945 1338 3999 in
1365 3945 1555 4000 tabulis
1580 3948 1821 4016 lapideis,
1845 3954 1934 4005 sed
1959 3955 2013 4007 in
2033 3965 2114 4010 ta-

549 4035 687 4090 bulis
711 4035 882 4090 cordis
901 4033 1222 4089 carnalibus.
1251 4035 1428 4092 llabes
1461 4053 1590 4107 ergo
1620 4039 1672 4093 in
1701 4050 1750 4095 te
1779 4041 1983 4100 litteras
2002 4046 2116 4114 Dei,

545 4129 656 4199 97
682 4139 735 4182 et
754 4126 966 4181 litteras
984 4127 1220 4197 Spiritus
1243 4131 1502 4185 sancti.Si
1519 4146 1647 4186 vero
1669 4133 1976 4207 delinquas,
2003 4140 2118 4208 ipse

547 4220 644 4274 tibi
696 4218 995 4274 conscribis
1039 4220 1249 4289 peccati
1311 4221 1758 4292 chirographum.
1835 4227 1942 4283 Sed
1997 4229 2117 4284 vide

545 4310 669 4382 quia
702 4325 824 4366 cum
864 4310 1031 4366 semel
1067 4311 1348 4368 accessisti
1382 4315 1448 4368 ad
1483 4330 1703 4371 crucem
1729 4318 1930 4374 Christi
1961 4329 2017 4375 et
2047 4321 2115 4376 ad

544 4408 776 4479 gratiam
798 4406 1074 4478 baptismi,
1096 4407 1514 4478 cbirograplnnn
1537 4418 1686 4466 tuum
1708 4415 1854 4469 cruci
1875 4414 2110 4482 aﬁixum,

2178 1797 2220 1853 Β

2265 538 2581 631 doceamus,
2609 554 2665 598 et
2689 545 2824 602 alios
2863 548 3220 615 instruamus,
3255 559 3312 604 ut
3345 551 3527 606 bibant
3548 554 3763 631 homines,

2263 628 2452 686 bibant
2488 642 2543 686 et
2578 650 2797 704 pecora.
2827 638 3064 694 Audiant
3094 642 3415 710 prudentes,
3456 628 3766 708 audiantsiui-

2262 721 2430 790 plices
2463 726 2704 796 quique:
2738 733 3078 802 sapientibus
3123 743 3178 788 et
3209 735 3580 804 insipientibus
3601 742 3762 799 debitor

2259 820 2344 866 est
2373 813 2562 868 ductor
2600 816 2878 889 Ecclesiae,
2912 832 3103 891 potare
3149 822 3424 891 homines,
3449 839 3622 895 putare
3649 832 3765 890 debet

2259 913 2313 958 et
2347 920 2543 974 pecora
2575 924 2588 958 :
2619 911 2743 979 quia
2787 920 2843 967 et
2891 912 3159 984 Pr0pbeta
3212 915 3349 969 dixit
3370 919 3415 948 ”
3441 936 3452 970 :
3483 918 3697 977 Homines
3731 941 3762 979 ιι

2248 995 2490 1065 jumenta
2524 1001 2693 1057 salvos
2736 1005 2918 1071 facies,
2975 1005 3219 1072 Domine,
3249 1007 3580 1065 illuminanle
3609 1030 3704 1081 nos,
3727 1029 3761 1072 ei

2255 1099 2529 1158 purgante
2580 1094 2742 1147 corda
2789 1104 2975 1150 nostra
3019 1099 3137 1166 ipso
3184 1098 3412 1152 Domino
3451 1099 3569 1155 Jesu
3595 1103 3762 1163 Christo

2255 1179 2543 1238 Salvatore
2583 1193 2794 1248 nostro,
2848 1186 2938 1241 cui
2985 1198 3065 1241 est
3113 1188 3284 1258 gloria
3332 1199 3388 1244 et
3436 1192 3759 1263 imperiumin

2253 1272 2450 1327 saecula
2477 1274 2822 1332 saeculoru.
2853 1278 3048 1332 Amen.

2806 1387 3087 1444 llOMILIA
3128 1391 3268 1445 XIV.

2251 1479 2326 1533 De
2353 1495 2412 1533 eo
2433 1481 2571 1558 quod
2598 1483 2842 1558 apparuit
2874 1483 3125 1536 Dominus
3151 1483 3306 1558 Isaac
3323 1487 3395 1538 ad
3415 1496 3613 1558 puteum
3635 1490 3756 1558 jura.

2297 1553 2478 1615 menti,
2509 1562 2556 1603 et
2581 1552 2645 1604 de
2664 1563 2819 1620 pacto
2841 1558 2977 1622 quod
3003 1557 3290 1621 composuit
3317 1552 3435 1609 cum
3467 1552 3734 1616 Abimelecb.

2319 1642 2372 1695 1.
2407 1641 2685 1714 Scriptum
2715 1651 2801 1696 est
2838 1642 2892 1697 in
2932 1645 3195 1714 propheta
3236 1660 3300 1699 ex
3347 1662 3568 1716 persona
3595 1650 3754 1709 Domini

2249 1731 2483 1786 dicentis
2503 1731 2547 1762 ’³
2571 1748 2585 1784 :
2613 1730 2680 1784 Et
2705 1732 2758 1785 in
2804 1734 3044 1788 manibus
3083 1735 3460 1804 prophetarum
3489 1743 3754 1799 assimilatas

2247 1841 2386 1879 sum.
2437 1825 2539 1892 Qui
2595 1842 2774 1882 sermo
2814 1827 2940 1882 illud
2999 1831 3223 1895 indicat,
3256 1832 3400 1900 quod
3423 1849 3540 1888 cum
3569 1851 3682 1891 unus
3706 1841 3757 1894 sit

2247 1916 2510 1972 Dominus
2570 1927 2753 1972 noster
2804 1916 2962 1975 Jesus
3002 1921 3258 1977 Christus
3303 1939 3404 1994 per
3454 1927 3754 1984 substantiam

2245 2021 2422 2070 suam,
2452 2016 2506 2060 et
2531 2006 2662 2060 nihil
2695 2007 2839 2062 aliud
2880 2024 3040 2078 quam
3093 2009 3258 2065 Filius
3289 2013 3385 2066 Dei
3413 2015 3503 2080 sit,
3535 2015 3583 2070 in
3617 2020 3755 2087 ﬁguris

2247 2101 2424 2147 tamen
2461 2101 2514 2148 et
2541 2091 2733 2149 formis
2777 2095 3206 2166 Scripturarum,
3243 2102 3431 2155 varius
3462 2119 3522 2158 ac
3563 2105 3754 2162 diversus

2241 2187 2573 2244 ostenditur.
2607 2185 2767 2244 Verbi
2814 2191 3168 2261 gratia,sicut
3216 2193 3271 2248 in
3307 2197 3664 2263 superioribus
3686 2217 3754 2255 ex.

2241 2279 2488 2348 posuisse
2545 2294 2646 2336 nos
2702 2282 2944 2347 memini,
3003 2283 3147 2353 quod
3203 2286 3319 2354 ipse
3368 2286 3627 2343 fuissetin
3665 2302 3753 2361 typo

2241 2374 2415 2441 Isaac,
2445 2389 2569 2430 cum
2622 2372 2915 2430 oll'erretur
2965 2377 3033 2432 ad
3097 2379 3499 2453 holocaustum,
3535 2383 3676 2452 ipsius
3698 2395 3753 2437 ta-

2240 2481 2363 2521 men
2411 2476 2467 2522 et
2514 2468 2658 2522 aries
2697 2467 2924 2522 formam
2963 2478 3192 2524 teneret.
3240 2470 3353 2541 Ego
3413 2474 3630 2542 amplius
3660 2476 3749 2528 dico

2238 2560 2381 2630 quod
2414 2560 2467 2614 in
2494 2563 2686 2631 angelo
2709 2563 2800 2630 qui
2839 2561 3052 2616 locutus
3075 2571 3159 2617 est
3188 2564 3254 2617 ad
3281 2565 3636 2630 Abraham,et
3657 2567 3752 2622 dicit

2236 2655 2285 2708 ei
2308 2656 2353 2686 “
2379 2674 2390 2708 :
2417 2654 2498 2709 Ne
2517 2656 2724 2724 injicias
2749 2672 2962 2709 manum
2983 2666 3127 2709 tuam
3150 2657 3202 2710 in
3226 2674 3473 2726 puerum,
3496 2661 3599 2727 ipse
3616 2671 3752 2715 osten-

2237 2747 2408 2811 ditur,
2436 2747 2529 2816 qui
2565 2747 2758 2802 iterum
2784 2747 2916 2802 dicit
2952 2747 3018 2801 ad
3049 2763 3170 2802 eum
3203 2766 3216 2802 :
3250 2747 3538 2818 Prapterea
3559 2753 3674 2820 quod
3698 2753 3751 2818 {c-

2235 2840 2355 2894 cisti
2385 2839 2592 2894 verbum
2621 2840 2740 2907 hoc,
2771 2841 3072 2894 benedicens
3112 2840 3420 2894 benedicam
3450 2855 3516 2896 te.
3543 2843 3672 2911 Ovis,
3692 2846 3750 2898 vd

2233 2945 2406 3001 agnus
2449 2931 2541 3000 qui
2596 2931 2910 2986 immolatur
2965 2930 3018 2984 in
3061 2930 3289 2994 Pascha.
3327 2933 3444 3002 ipse
3497 2935 3685 2996 dicitur,
3713 2943 3750 2989 et

2233 3024 2418 3080 ovium
2451 3032 2640 3094 pastor
2680 3023 2795 3092 ipse
2830 3023 3111 3094 signatur;
3152 3032 3206 3078 et
3235 3025 3502 3093 pontifex,
3534 3025 3750 3095 quiollert

2233 3115 2604 3180 sacriﬁcium,
2653 3114 3008 3170 nihilominus
3065 3116 3179 3185 ipse
3228 3116 3574 3172 describitur.
3619 3117 3748 3186 Spon-

2233 3221 2326 3262 sus
2371 3215 2628 3277 tanquam
2679 3204 2914 3262 Verbum
2946 3206 3040 3262 Dei
3074 3209 3188 3278 ipse
3237 3208 3555 3279 appellatur,
3583 3220 3631 3265 et
3657 3221 3747 3263 tau-

2230 3315 2394 3371 quam
2421 3301 2690 3371 sapientia
2721 3302 2838 3372 ipse
2873 3317 3058 3357 rursus
3081 3316 3280 3370 sponsa
3314 3303 3617 3358 nominatur
3637 3320 3648 3355 :
3671 3302 3748 3356 sic-

2234 3401 2294 3447 ut
2326 3402 2382 3447 et
2409 3395 2667 3464 propheta
2707 3393 2840 3448 dicit
2869 3408 2936 3448 ex
2975 3407 3208 3464 persona
3235 3393 3409 3463 ipsius
3431 3395 3508 3448 ηε
3535 3393 3747 3462 Tanquam

2228 3501 2418 3555 sponso
2445 3486 2618 3554 posuit
2647 3485 2773 3539 mihi
2817 3487 3052 3551 mitram,
3089 3496 3341 3554 tauquam
3379 3503 3612 3556 sponsam
3637 3492 3746 3538 ador-

2229 3579 2371 3633 navit
2402 3595 2481 3632 me
2521 3589 2862 3643 ornamento;
2894 3589 2949 3633 et
2977 3577 3144 3632 multa
3184 3579 3312 3644 alia,
3337 3595 3619 3649 quzenunc
3645 3580 3746 3633 inte-

2228 3670 2330 3725 rim
2369 3671 2620 3740 persequi
2652 3671 2870 3742 longum
2904 3683 3009 3728 est.
3045 3672 3200 3728 Sicut
3226 3689 3356 3743 ergo
3396 3675 3512 3745 ipse
3537 3673 3745 3728 Dominus

2226 3785 2324 3842 pro
2353 3769 2471 3825 loco
2499 3777 2552 3824 et
2587 3777 2852 3837 tempore,
2883 3763 3118 3820 formam
3170 3765 3253 3820 sui
3297 3765 3530 3834 singulis
3565 3765 3745 3835 quibus-

2226 3878 2331 3932 que
2353 3861 2732 3918 accommodat
2763 3859 2974 3923 causis;
3011 3859 3084 3912 ita
3117 3858 3284 3912 etiam
3315 3857 3515 3922 sancti,
3550 3858 3632 3926 qui
3657 3856 3744 3921 ejus

2227 3966 2407 4023 typum
2442 3953 2724 4023 gerebant,
2756 3965 2854 4018 pro
2890 3949 3024 4004 locis
3050 3957 3105 4004 et
3142 3948 3480 4019 temporibus
3517 3958 3569 4003 et
3589 3947 3746 4009 causis,

2224 4043 2607 4115 mysteriorum
2648 4043 2852 4111 ﬁguras
2879 4039 3055 4109 egisse
3081 4040 3336 4094 credendi
3362 4050 3493 4094 sunt
3523 4058 3537 4094 :
3565 4039 3682 4093 sicut
3707 4047 3746 4088 et

2223 4152 2365 4191 nunc
2396 4135 2511 4191 ﬁeri
2541 4135 2594 4190 in
2632 4135 2785 4190 Isaac
2825 4134 3097 4197 videmus,
3127 4133 3193 4186 de
3234 4147 3342 4201 quo
3387 4133 3658 4187 recitatum
3685 4138 3747 4182 est

2220 4228 2378 4283 nobis
2401 4227 2782 4288 “:Ascemlit,
2838 4225 3033 4293 inquit,
3078 4224 3200 4277 inde
3254 4225 3322 4276 ad
3367 4237 3574 4290 puteum
3625 4220 3745 4275 ,Ιιγαο

2219 4323 2403 4389 menti,
2434 4331 2483 4376 et
2521 4320 2766 4390 apparuit
2815 4321 2860 4374 ei
2914 4318 3171 4374 Dominus
3198 4331 3346 4372 nocte
3395 4317 3513 4380 illa,
3547 4327 3590 4371 et
3611 4315 3744 4368 dixit:

2221 4414 2335 4484 Ego
2368 4430 2484 4468 sum
2509 4413 2647 4467 Deus
2671 4411 2935 4466 Abraham
2961 4413 3130 4480 patris
3160 4413 3264 4475 tui,
3308 4411 3418 4464 noli
3447 4413 3637 4464 timere.
3668 4407 3741 4458 Te-

542 4510 596 4556 et
638 4500 691 4554 in
743 4498 894 4556 fonte
951 4499 1206 4569 baptismi
1247 4499 1483 4556 deletum
1528 4512 1632 4559 est.
1677 4503 1790 4560 Non
1836 4507 2110 4564 rescribas
2143 4519 2188 4576 ι)
2218 4523 2336 4560 cum
2367 4505 2506 4559 enim
2551 4520 2687 4568 sum,
2728 4511 2776 4557 et
2811 4502 3112 4555 benedicam
3142 4512 3212 4563 te,
3241 4510 3290 4555 et
3320 4501 3664 4571 multiplicabo
3687 4514 3741 4550 u-

544 4592 685 4646 ultra
730 4607 849 4662 qua:
893 4593 1070 4648 deleta
1122 4602 1268 4660 sunt,
1317 4608 1417 4649 nec
1459 4608 1682 4663 repares
1739 4611 1860 4666 quae
1907 4599 2111 4655 abolita

541 4691 686 4748 sant,
711 4684 856 4739 solas
899 4683 951 4737 in
995 4693 1047 4737 te
1097 4698 1254 4739 serva
1287 4683 1496 4740 litteras
1527 4686 1640 4746 Dei.
1676 4688 1790 4742 sola
1823 4689 1876 4743 in
1909 4700 1960 4744 te
1985 4707 2110 4761 per-

541 4783 757 4829 maneat
792 4774 1075 4844 Scriptura
1122 4775 1361 4845 Spiritus
1411 4777 1609 4833 sancti.
1663 4777 1768 4834 Sed
1825 4781 2114 4839 redeamus

539 4867 603 4919 ad
638 4864 810 4929 Isaac,
845 4873 899 4918 et
925 4865 1196 4920 fodiemus
1224 4881 1347 4920 cum
1373 4866 1489 4935 ipso
1527 4880 1720 4937 puteos
1749 4884 1903 4939 aqua:
1931 4873 2106 4930 vivas:

537 4957 753 5014 etiamsi
796 4959 1071 5013 obsistunt
1118 4957 1420 5022 Philistini.
1451 4961 1667 5015 etiamsi
1707 4962 1978 5030 rixantur,
2009 4979 2110 5021 nos

539 5060 718 5105 tamen
754 5065 1161 5119 perseveremus
1195 5065 1316 5105 cum
1359 5051 1474 5121 ipso
1504 5063 1697 5122 puteos
1746 5056 2025 5122 fodiendo,
2049 5067 2109 5113 ut

535 5152 588 5197 et
619 5141 773 5196 nobis
807 5143 1018 5196 dicatur
1039 5143 1082 5173 ’ί
1109 5157 1124 5195 :
1155 5141 1286 5196 Bibe
1312 5159 1504 5212 aquam
1532 5145 1596 5198 de
1622 5146 1726 5200 tuis
1775 5147 2030 5216 fontibus,
2057 5161 2107 5204 et

535 5234 598 5288 de
624 5235 728 5287 tuis
749 5235 944 5303 puteis,
968 5243 1024 5288 et
1051 5233 1104 5288 in
1125 5242 1332 5288 tantum
1359 5235 1648 5304 lodiamus,
1683 5248 1742 5292 ut
1772 5242 2107 5309 superabun-

531 5330 666 5383 dent
702 5342 856 5395 aqua:
898 5326 1042 5396 putei
1086 5326 1138 5381 in
1181 5327 1374 5395 plateis
1422 5329 1646 5392 nostris,
1685 5341 1743 5385 ut
1789 5347 1900 5387 non
1929 5333 2102 5390 solum

606 5424 650 5455 "
680 5423 781 5476 lsa.
815 5438 957 5488 suv,
981 5423 1072 5476 ΕΞ.
1152 5423 1193 5455 ⁸⁷
1227 5423 1436 5478 Coloss.
1460 5439 1518 5482 ll.
1543 5425 1630 5479 η.
1722 5425 1765 5459 ’⁸
1793 5427 1928 5483 Dan.
1966 5446 2060 5486 vn.

532 5497 576 5526 ἰ
610 5493 753 5569 Psal.
789 5509 952 5569 suav,
988 5493 1041 5546 8.
1117 5492 1344 5569 fl_Osee,
1378 5509 1475 5561 κη,
1501 5495 1564 5550 l0
1657 5497 1919 5557 “Cenes.
1949 5515 2081 5569 χχιι,
2108 5503 2194 5558 η.

711 5565 756 5596 ³⁸
787 5564 966 5620 Galat.
999 5578 1085 5628 tlt,
1113 5564 1199 5618 l6.

607 5661 717 5731 (90)
745 5661 835 5716 Sic
870 5676 1027 5725 stiss,
1063 5661 1216 5728 alias,
1248 5661 1484 5714 avaritia'
1513 5660 1740 5714 studeas.
1770 5660 1909 5716 Infra
1946 5677 2099 5729 mss.,

535 5749 624 5797 per
643 5731 875 5801 singulas
907 5747 1140 5802 quasque
1170 5734 1387 5788 malitiw
1435 5734 1670 5802 spectes;
1695 5733 1847 5801 editi,
1875 5748 1966 5800 per
1991 5737 2101 5789 siu-

534 5803 684 5868 gulus
716 5819 945 5871 quasque
970 5804 1223 5858 malitias.

535 5582 606 5619 IV.

2217 4615 2335 4656 men
2376 4611 2545 4666 tuum,
2604 4606 2816 4667 prapter
2843 4596 3111 4650 Abraham
3156 4606 3356 4664 patrem
3407 4603 3574 4648 tuum.
3617 4591 3747 4656 llujus

2216 4695 2364 4750 lsaac
2405 4693 2540 4749 duas
2598 4689 2752 4746 nobis
2799 4689 3003 4758 ﬁguras
3043 4687 3295 4756 exposuit
3342 4686 3616 4756 apostolus
3643 4683 3748 4738 Pau-

2217 4787 2300 4842 lus
2319 4786 2362 4819 "
2392 4814 2406 4842 -.
2437 4799 2599 4840 unam
2643 4796 2750 4851 qua
2785 4780 2939 4843 dixit,
2969 4779 3112 4848 quod
3150 4778 3339 4832 lsinael
3383 4780 3596 4848 quidem
3637 4775 3744 4828 ﬁlius

2213 4881 2380 4952 Agar,
2412 4876 2594 4950 populi
2631 4875 2932 4931 secundum
2964 4888 3218 4938 carnem,
3249 4872 3403 4926 Isaac
3438 4885 3566 4926 vero
3597 4866 3739 4938 populi

2219 4970 2312 5037 qui
2336 4983 2404 5023 ex
2438 4967 2544 5022 ﬁde
2583 4963 2944 5030 est,formam
2979 4971 3156 5027 tenet;
3185 4972 3236 5015 et
3263 4961 3429 5015 aliam
3463 4975 3569 5030 qua
3593 4957 3738 5012 ait”:

2223 5059 2348 5114 Non
2379 5057 2517 5112 dixit
2549 5065 2599 5110 et
2630 5054 2936 5117 sentinibus,
2967 5053 3120 5122 quasi
3163 5051 3219 5106 in
3251 5051 3460 5115 multis,
3490 5049 3574 5105 sed
3601 5044 3744 5101 semini

2217 5161 2307 5205 tuo
2328 5162 2574 5219 tanquam
2590 5148 2646 5200 in
2665 5163 2790 5209 uno,
2812 5145 2901 5215 qui
2917 5153 2992 5198 est
3020 5142 3280 5197 Christus.
3301 5142 3474 5198 Tenet
3494 5157 3614 5210 ergo
3631 5137 3744 5193 Isaac

2214 5242 2394 5314 populi
2419 5241 2734 5310 ﬁguram,et
2763 5236 2989 5292 Christi.
3018 5236 3292 5289 Christum
3318 5245 3499 5288 autem
3531 5241 3743 5298 tanquam

2215 5335 2450 5388 Verbum
2475 5330 2592 5392 Dei,
2617 5343 2724 5383 non
2749 5327 2924 5382 solum
2946 5328 2997 5380 in
3024 5327 3332 5395 Evangeliis
3352 5326 3523 5396 loqui,
3541 5326 3626 5380 sed
3648 5333 3690 5376 et
3707 5323 3744 5373 iu

2175 5433 2216 5466 "
2249 5431 2377 5483 an.
2411 5443 2524 5488 XVI,
2550 5426 2604 5477 7.
2679 5425 2723 5454 ’θ
2748 5423 2788 5477 ll
2816 5423 2941 5477 Cor.
2971 5439 3054 5488 Ill,
3080 5423 3135 5486 ‘2,
3162 5422 3216 5476 5.
3331 5425 3372 5454 ²¹
3411 5425 3566 5477 Prov.
3602 5437 3650 5486 ν,
3682 5416 3741 5471 l5.

2276 5502 2321 5533 "
2347 5499 2449 5552 lsa.
2473 5510 2583 5561 th,
2607 5495 2691 5550 l0.
2763 5495 2809 5526 ¹⁶
2831 5493 3027 5548 Genes.
3057 5508 3207 5559 nm,
3237 5493 3328 5559 25,
3362 5493 3457 5547 24-.
3533 5493 3576 5524 ”
3603 5489 3740 5546 Gal-it.

2286 5661 2396 5733 (9i)
2447 5661 2616 5727 Alias,
2652 5669 2859 5733 no_stras
2887 5675 2998 5714 esse
3047 5659 3248 5716 litteras
3291 5660 3530 5733 peccati;
3577 5658 3740 5712 litteras

2210 5730 2384 5787 autem
2432 5734 2662 5805 justitiw
2695 5730 2837 5785 Deus
2879 5733 3079 5787 scribit.
3112 5733 3182 5785 At
3225 5747 3352 5788 mss.
3397 5742 3458 5787 ut
3505 5732 3555 5785 in
3591 5736 3740 5783 nostro

2213 5815 2362 5860 testu
