3902 6498
181 353 278 409 £37

1384 341 1450 400 IN
1488 339 1784 398 GENESIM
1827 337 2110 394 llObllLlA
2144 337 2283 393 XIV.
3349 343 3450 401 Em

183 471 298 537 lege
318 475 531 526 eertum
563 472 645 521 est
669 472 728 521 et
745 461 1044 535 prephetis.
1069 461 1269 518 Verum
1299 459 1350 516 in
1370 461 1487 534 lege
1507 460 1764 531 incipien-
1799 465 1845 520 Α
1875 457 2170 524 creaverit,
2208 457 2478 512 scribunt.
2528 456 2585 511 ln
2626 455 2730 512 hoc
2778 457 3128 513 consentiunt
3179 457 3281 531 legi
3338 458 3451 513 Dc’.

186 558 351 625 tes,in
371 557 679 627 Evangeliis
713 555 982 625 perfectos
1009 555 1186 609 docet.
1222 552 1286 607 Et
1323 553 1473 607 Isaac
1503 567 1631 623 ergo
1661 550 1770 606 for-

183 667 321 708 mam
348 667 491 706 nunc
510 649 697 712 Verbi,
715 648 858 718 quod
886 648 938 701 in
954 645 1073 718 lege
1091 644 1174 700 vel
1192 645 1469 716 prephetis
1480 654 1582 708 est,
1602 653 1770 700 tenet.

247 742 302 797 9.
333 741 585 796 Ascendit
649 741 816 809 igitur
839 737 996 791 Isaac
1023 739 1092 790 ad
1118 748 1330 806 puteum
1359 735 1688 800 Juramenti,
1717 745 1767 790 et

182 834 420 904 apparuit
473 833 555 886 itti
598 832 876 885 Dominus.
931 829 1328 884 Ascensionem
1376 828 1509 898 legis
1547 837 1601 883 et
1641 838 1770 882 ante

178 926 286 996 jam
336 925 572 980 diximus
623 933 878 978 ornatum
925 921 1111 992 templi
1151 935 1298 987 esse,
1330 930 1383 976 et
1413 935 1604 976 eorum
1646 933 1767 990 qum

183 1019 309 1074 inibi
333 1018 520 1072 divina
543 1017 882 1088 gerebantur
910 1017 1198 1084 obsequia.
1224 1014 1412 1070 Potest
1433 1024 1771 1084 etaugmen-

182 1121 290 1165 tum
326 1111 716 1181 prophetarum
757 1107 893 1178 legis
924 1111 1177 1164 ascensio
1207 1108 1478 1164 nominari
1509 1125 1522 1160 :
1553 1116 1608 1160 et
1639 1121 1768 1175 pro-

183 1213 367 1274 pterea
404 1201 547 1258 forte
584 1204 650 1256 ad
694 1211 919 1273 puteum
941 1199 1245 1256 .luramenti
1278 1201 1603 1256 ascendisse
1625 1199 1764 1253 dici-

181 1304 288 1360 tur,
341 1305 396 1350 et
441 1295 512 1348 ibi
569 1295 890 1365 apparuisse
922 1293 970 1348 ei
1010 1294 1293 1349 Dominus.
1330 1292 1466 1347 Nam
1503 1305 1600 1361 per
1636 1305 1760 1361 pro-

183 1389 370 1458 phetas
409 1389 611 1459 juravit
653 1387 917 1442 Dominus
939 1388 1008 1452 ",
1041 1397 1230 1442 etnon
1266 1387 1574 1457 paenitebit,
1613 1383 1760 1455 quod

177 1483 288 1554 ipse
330 1483 402 1538 sit
451 1483 710 1538 sacerdos
751 1484 804 1536 in
852 1491 1119 1537 aeternum
1153 1481 1452 1536 secundum
1506 1481 1758 1535 ordinem

177 1575 598 1630 Melchisedech.
625 1574 706 1628 Ad
742 1583 964 1644 puteum
992 1589 1123 1643 ergo
1150 1572 1478 1640 Juramenti,
1507 1574 1655 1628 visus
1678 1582 1762 1627 est

176 1666 222 1720 ei
252 1667 416 1731 Deus,
449 1665 630 1720 futura
667 1666 720 1719 in
753 1681 821 1719 eo
849 1665 1114 1736 promissa
1145 1666 1500 1720 conﬁrmans.
1538 1662 1605 1718 Et
1631 1665 1762 1718 εειίί-

174 1758 353 1826 ficavit
380 1759 450 1811 ibi
481 1759 652 1812 altare
689 1757 868 1822 Isaac,
899 1768 946 1813 et
979 1759 1244 1812 invocavit
1276 1775 1467 1812 nomen
1523 1757 1758 1823 Domini,

1871 550 2151 620 Aliquanti
2183 550 2348 605 etiam
2382 549 2484 605 hoc
2519 549 2868 616 addiderunt,
2898 551 3042 620 quod
3080 551 3221 606 Deus
3257 563 3454 606 cuncta

1872 659 1972 713 per
1992 643 2230 700 Verbum
2276 659 2437 698 suum
2484 652 2539 699 et
2578 642 2797 709 fecerit,
2829 653 2882 699 et
2924 654 3099 716 regat,
3133 655 3187 701 et
3221 645 3450 701 Verbum

1874 738 1966 793 Dei
1997 738 2090 803 sit,
2122 752 2232 808 quo
2272 745 2468 792 cuncta
2499 738 2872 795 moderentur.
2900 739 2958 792 In
2997 742 3098 796 hoc
3133 756 3240 796 non
3279 740 3455 794 solum

1868 826 1998 901 legi,
2030 831 2123 886 sed
2151 831 2319 885 etiam
2350 829 2659 900 Evangeliis
2700 844 2939 886 consona
2966 833 3241 887 scribunt.
3265 830 3455 884 Mora--

1873 921 1940 978 lis
1975 937 2105 977 vero
2138 931 2192 977 et
2234 923 2484 994 physica,
2515 937 2637 993 quae
2691 924 2895 978 dicitur.
2919 925 3286 995 philosophia,
3316 940 3454 994 pene

1869 1016 2053 1069 omnia
2085 1030 2206 1085 quae
2238 1025 2427 1071 nostra
2467 1027 2589 1072 sunt
2644 1017 2905 1073 sentiunt.
2953 1018 3228 1073 Dissident
3264 1034 3394 1073 vero
3425 1033 3454 1070 a

1871 1105 2050 1173 nobis,
2088 1123 2211 1161 cum
2244 1109 2355 1162 Deo
2396 1108 2586 1163 dicunt
2615 1124 2737 1164 esse
2777 1111 3062 1163 materiam
3095 1120 3448 1167 coreternam.

1869 1196 2165 1263 Dissident,
2198 1215 2322 1254 eum
2353 1210 2554 1272 negant
2581 1202 2748 1257 Deum
2803 1217 2998 1256 curare
3049 1202 3322 1268 mortalia,
3356 1205 3454 1259 sed

1868 1291 2266 1360 providentiam
2312 1293 2433 1364 ejus
2471 1310 2633 1365 supra
2667 1295 2876 1350 lunaris
2906 1295 3050 1366 globi
3085 1299 3258 1363 spatia
3299 1299 3455 1354 colli-

1866 1384 2004 1440 beri.
2043 1383 2317 1441 Dissident
2366 1403 2396 1442 a
2454 1387 2634 1451 nobis,
2665 1403 2788 1442 eum
2834 1388 2975 1442 vitas
3017 1390 3352 1444 nascentium
3382 1405 3451 1446 ex

1867 1477 2152 1532 stellarum
2180 1479 2433 1534 cursibus
2472 1481 2739 1550 pendunt.
2768 1481 3070 1546 Dissident,
3099 1497 3222 1536 cum
3247 1484 3452 1552 sempi-

1867 1577 2078 1623 ternum
2118 1570 2310 1624 dicunt
2353 1572 2500 1626 hunc
2535 1572 2823 1640 mundum,
2862 1583 2918 1628 et
2961 1574 3108 1628 nullo
3151 1575 3255 1630 ﬁne
3301 1577 3454 1631 clau-
3491 1616 3495 1620 .

1866 1659 2126 1715 dendum.
2165 1660 2271 1716 Sed
2300 1670 2353 1718 et
2391 1663 2495 1716 alia
2543 1663 2778 1733 plurima
2838 1674 2984 1731 sunt,
3029 1667 3081 1720 in
3109 1669 3309 1736 quibus
3363 1685 3456 1723 no-

1866 1752 2075 1806 biscum
2103 1751 2189 1807 vel
2219 1753 2511 1818 dissident,
2542 1755 2626 1808 vel
2662 1756 3028 1810 concordant.
3061 1757 3127 1810 Et
3172 1758 3293 1813 ideo
3330 1760 3456 1814 Abi-

171 1866 218 1910 et
240 1855 360 1923 ﬁxit
381 1857 456 1909 ibi
488 1854 888 1909 tabernaculum
943 1871 1121 1908 suum.
1158 1852 1432 1908 Foderunt
1476 1864 1653 1908 autem
1685 1855 1756 1906 ibi

1872 1842 2104 1909 melecb,
2137 1843 2435 1897 secundum
2466 1842 2607 1898 hanc
2638 1845 2889 1913 ﬁguram,
2915 1846 3208 1916 aliquando
3239 1849 3290 1902 in
3321 1863 3456 1918 paco

170 1951 319 2020 pueri
351 1951 508 2003 Isaac
532 1961 746 2018 puteum
776 1949 844 2004 ³ο.
873 1946 1134 2002 Ᾱῐιιὶηοτιι
1167 1948 1384 2017 quidem
1419 1948 1570 2003 Isaac
1591 1949 1756 2002 etiam

172 2041 346 2096 altare
372 2043 426 2095 in
451 2043 596 2112 lege,
617 2050 672 2095 et
701 2043 814 2112 ﬁgit
845 2040 1262 2095 tabernaculum
1286 2055 1464 2095 suum.
1492 2041 1546 2094 In
1582 2041 1760 2094 Evam-

173 2136 328 2204 geliis
374 2151 525 2200 vero,
581 2152 688 2189 non
740 2134 1157 2190 tabernaculum
1201 2132 1340 2203 ﬁgit,
1396 2133 1490 2189 sed
1536 2133 1758 2189 domum

172 2229 446 2290 aediﬁcat,
516 2237 570 2282 et
625 2227 1033 2282 fundamentum
1080 2225 1340 2281 collocat.
1397 2225 1536 2280 Audi
1612 2226 1759 2280 enim

171 2323 445 2377 dicentem
487 2321 823 2390 Sapientiam
881 2320 948 2374 de
1003 2318 1631 2388 Ecclesia:Sapicntia,
1674 2319 1760 2373 in-

171 2415 290 2480 quit
312 2414 378 2479 ",
413 2413 696 2482 a'di/icavit
747 2414 848 2467 sibi
880 2413 1116 2477 domum,
1142 2423 1188 2466 et
1242 2413 1514 2482 supposuit
1566 2423 1762 2478 septem

171 2506 468 2559 columnas.
506 2505 640 2560 Audi
671 2505 737 2561 de
763 2505 867 2560 hoc
905 2505 1073 2559 etiam
1109 2504 1341 2560 Paulqu
1379 2505 1760 2564 dicentem”:

170 2595 604 2650 Fundamentum
634 2598 774 2650 enim
833 2613 982 2651 nemo
1027 2605 1199 2664 potest
1234 2615 1444 2666 ponere,
1484 2609 1677 2668 prwter
1707 2599 1763 2653 id

168 2692 314 2761 quod
355 2693 581 2760 positum
613 2700 713 2755 est,
744 2690 886 2757 quod
918 2699 994 2743 est
1025 2689 1184 2745 Jesus
1205 2691 1465 2745 Christus.
1492 2691 1589 2747 Ubi
1633 2706 1765 2762 ergo

175 2783 593 2838 tabernaculum
640 2794 748 2847 est,
783 2785 997 2839 etiamsi
1053 2785 1274 2855 ﬁgatur,
1324 2786 1442 2840 sine
1479 2785 1643 2841 dubio
1679 2803 1763 2843 re-

171 2876 500 2930 solvendum
525 2885 610 2931 est
645 2891 659 2927 :
693 2876 782 2929 tibi
804 2892 933 2930 vero
951 2875 1300 2930 fundamenta
1340 2885 1486 2942 sunt,
1522 2887 1578 2932 et
1602 2894 1763 2950 supra

169 2971 390 3029 petram
432 2961 737 3015 aediﬁcatur
764 2960 979 3023 domus,
1013 2975 1289 3029 nunquam
1333 2961 1625 3016 resolvitur
1664 2965 1764 3018 do-

170 3069 292 3108 mus
330 3055 443 3108 illa.
480 3052 729 3107 Fundata
755 3053 900 3108 enim
932 3063 1016 3108 est
1042 3069 1200 3122 supra
1230 3062 1464 3124 petram.
1499 3054 1658 3110 Fodit
1682 3065 1767 3110 ta-

171 3162 291 3200 men
338 3157 392 3201 et
447 3146 518 3200 ibi
571 3155 789 3215 puteum
821 3143 998 3210 Isaac,
1035 3161 1136 3201 nec
1180 3163 1423 3216 unquam
1460 3157 1640 3203 cessat
1669 3165 1764 3219 pu-

171 3247 288 3292 teos
332 3236 615 3300 fodiendo,
644 3237 816 3291 donec
853 3236 1062 3290 oriatur
1097 3237 1210 3308 (92)
1243 3236 1363 3293 fons
1397 3255 1554 3309 aqua:
1599 3241 1760 3308 vivas,

169 3341 222 3386 et
249 3329 498 3384 numinis
539 3331 766 3398 impetus
795 3329 1033 3383 laetificet
1060 3329 1340 3383 civitatem
1379 3329 1474 3384 Dei
1491 3330 1557 3384 ³³.

239 3423 293 3477 3.
343 3421 452 3478 Sed
493 3431 541 3477 et
573 3421 912 3486 Abimelecb,
956 3421 1046 3475 ille
1097 3421 1189 3490 qui
1227 3421 1429 3474 dudutn
1463 3421 1766 3477 honorave-

172 3522 258 3568 rat
309 3513 619 3576 Abraham,
656 3513 805 3566 venit
847 3527 992 3565 nunc
1025 3527 1150 3566 cum
1183 3511 1375 3566 amicis
1403 3511 1517 3582 98
1551 3513 1663 3568 suis
1700 3513 1765 3568 dc

170 3604 402 3662 Geraris
433 3607 500 3659 ad
544 3603 692 3659 Isaac
710 3604 758 3635 “
782 3621 795 3658 :
823 3602 892 3657 Et
944 3604 1071 3657 dicit
1121 3603 1226 3657 illis
1273 3601 1476 3657 Isaac:
1506 3604 1647 3670 Quid
1675 3621 1761 3659 υεο

171 3700 324 3754 nistis
361 3698 436 3751 ad
467 3701 591 3753 me?
644 3695 747 3751 Vos
782 3698 920 3752 enim
946 3698 1132 3751 odistis
1161 3713 1263 3762 me,
1295 3705 1344 3750 et
1371 3696 1598 3766 ejecistis
1622 3713 1702 3751 me
1730 3712 1763 3751 a

171 3793 339 3848 vobis.
380 3792 465 3846 Ad
498 3793 610 3845 hwc
657 3791 738 3844 illi
784 3791 1142 3858 respondent:
1180 3787 1453 3851 Videntes.
1489 3787 1761 3857 inquiunt,

170 3887 401 3941 vidimus
424 3886 550 3956 quia
586 3895 659 3938 est
701 3883 964 3938 Dominus
1010 3893 1202 3948 tecum,
1241 3893 1289 3935 et
1334 3883 1608 3938 diximus:
1640 3880 1765 3936 Fiat

170 3977 481 4047 conjuratio
505 3977 638 4030 inter
663 3992 755 4029 nos
782 3985 830 4030 et
857 3986 927 4038 te,
953 3985 998 4028 et
1043 3975 1431 4028 constituamus
1473 3983 1639 4027 tecum
1669 3991 1765 4042 pa-

170 4081 337 4134 ctum,
371 4085 437 4122 ne
479 4068 647 4138 facias
693 4067 962 4122 nobiscum
993 4067 1218 4132 malum,
1249 4075 1356 4121 etc.
1410 4064 1516 4120 Iste
1545 4064 1765 4118 Abitue-

170 4162 319 4229 lech,
352 4173 413 4216 ut
450 4162 631 4228 video,
667 4177 772 4215 non
796 4175 1014 4230 semper
1033 4174 1220 4230 pacem
1253 4159 1564 4213 habetcum
1593 4158 1765 4222 Isaac,

169 4259 265 4311 sed
309 4254 614 4324 aliquando
647 4253 898 4314 dissidet,
930 4252 1226 4322 aliquando
1284 4265 1474 4321 pacem
1512 4252 1762 4320 requirit.

172 4347 230 4405 Si
274 4347 613 4404 meministis
642 4346 912 4416 quomodo
943 4345 998 4399 in
1030 4344 1408 4415 superioribus
1438 4343 1674 4398 diximus
1700 4343 1767 4397 de

171 4441 528 4504 Abimelech,
558 4440 700 4510 quod
742 4454 1034 4507 personam
1069 4446 1255 4493 teneat
1286 4437 1661 4490 studiosorum
1708 4443 1766 4488 et

1863 1945 1986 1988 esse
2011 1947 2133 1988 cum
2165 1930 2641 2002 lsaac,aliquando
2663 1934 2928 1990 dissidere
2962 1937 3310 1993 describitur.
3345 1940 3453 1994 Sed

1861 2035 1916 2080 et
1947 2025 2050 2080 hoc
2100 2042 2205 2080 non
2253 2034 2389 2096 pulo
2427 2025 2570 2096 quod
2609 2027 2785 2083 otiose
2815 2027 3044 2099 Spiritui
3091 2042 3312 2098 sancto,
3357 2042 3451 2104 qui

1863 2119 1982 2174 haec
2017 2119 2232 2185 scribit,
2258 2135 2405 2175 curse
2443 2119 2609 2174 fuerit
2639 2123 3127 2191 comprehendere,
3166 2128 3311 2195 quod
3345 2129 3454 2185 duo

1863 2212 1953 2266 alii
1990 2227 2114 2267 cum
2155 2212 2473 2267 Abimelech
2504 2214 2782 2278 venerint,
2810 2215 2863 2270 id
2910 2226 2996 2271 est
3049 2217 3328 2274 Ochozath
3367 2236 3457 2292 geo

1862 2320 1962 2360 uer
1989 2306 2130 2375 ejus,
2161 2314 2216 2359 et
2252 2304 2438 2360 Phicol
2479 2306 2586 2360 dux
2619 2309 2896 2364 exercitus
2947 2308 3081 2376 ejus.
3122 2311 3454 2382 Interpreta-

1864 2408 1955 2453 tur
1987 2411 2167 2454 autem
2199 2398 2482 2454 Ochozath
2517 2400 2651 2473 (95),
2679 2412 2881 2466 tenens,
2919 2415 2973 2458 et
3003 2404 3188 2459 Phicol
3227 2423 3286 2460 os
3336 2424 3454 2461 om.

1865 2492 2038 2548 nium.
2094 2491 2213 2562 Ipse
2266 2501 2448 2548 autem
2484 2491 2821 2557 Abimelech,
2844 2506 2998 2563 pater
3021 2513 3166 2550 meus
3202 2514 3316 2552 rex.
3347 2497 3450 2563 Qui

1867 2591 2004 2650 tres,
2048 2593 2108 2636 ut
2145 2598 2248 2652 ego
2288 2584 2547 2647 arbitror,
2575 2583 2864 2655 imaginem
2907 2587 3072 2642 t0tius
3101 2589 3455 2661 philosophia:

1869 2685 2074 2739 tenent,
2114 2693 2237 2747 qua:
2259 2678 2399 2747 apud
2428 2693 2524 2733 eos
2558 2679 2612 2733 in
2638 2689 2747 2734 tres
2783 2689 2968 2750 partes
3003 2681 3288 2750 dividitur,
3320 2684 3456 2756 logi-

1867 2783 2011 2834 eam,
2037 2768 2344 2841 physicam,
2372 2769 2630 2835 ethicam,
2665 2769 2718 2824 id
2769 2779 2854 2826 est
2906 2773 3247 2841 rationalem,
3286 2785 3452 2830 natu-

1870 2860 2066 2926 ralem,
2089 2862 2376 2919 moralem.
2405 2862 2708 2918 Rationalis
2729 2872 2815 2918 est
2850 2863 2966 2930 illa,
2993 2881 3116 2935 quas
3156 2867 3325 2923 Deum
3358 2885 3454 2938 pa-

1872 2963 2009 3009 trem
2051 2955 2295 3010 omuium
2335 2955 2652 3021 conﬁtetur,
2697 2967 2756 3010 ut
2786 2966 2872 3011 est
2903 2958 3244 3014 Abimelech.
3284 2959 3454 3014 Natu-

1871 3045 2004 3100 ralis
2031 3045 2118 3100 illa
2143 3054 2248 3112 est,
2269 3063 2392 3115 qua:
2425 3046 2531 3101 ﬁxa
2556 3058 2662 3114 est,
2689 3058 2744 3104 et
2770 3058 2918 3104 tenet
2941 3051 3147 3118 omnia,
3190 3052 3336 3108 velut
3359 3070 3452 3107 na-

1874 3148 2012 3193 tura:
2055 3139 2224 3208 ipsius
2274 3141 2482 3196 viribus
2514 3141 2720 3208 nitens,
2756 3158 2918 3213 quam
2945 3145 3237 3214 proﬁtetur
3269 3146 3454 3203 Ocho-

1869 3233 2024 3298 satlt,
2055 3234 2149 3303 qui
2198 3233 2398 3289 dicitur
2454 3244 2658 3290 tenens.
2716 3235 2932 3293 Moralis
2970 3250 3073 3306 est,
3123 3255 3244 3308 qua:
3269 3242 3322 3296 in
3355 3257 3453 3298 ore

1869 3333 1952 3380 est
1986 3326 2257 3390 omnium,
2295 3336 2350 3381 et
2381 3328 2447 3380 ad
2490 3344 2682 3384 omnes
2710 3331 2968 3400 pertinet,
2998 3340 3054 3387 et
3078 3347 3177 3402 pro
3208 3348 3452 3390 commu-

1868 3417 1920 3470 ni
1947 3418 2302 3472 similitudine
2327 3431 2745 3491 praaceptorum,
2766 3423 2817 3477 in
2842 3425 3083 3479 omnium
3123 3442 3219 3482 ore
3254 3442 3445 3484 versa-

1869 3516 1978 3572 tur,
2013 3523 2176 3577 quam
2217 3510 2471 3579 designat
2518 3513 2618 3566 iste
2671 3512 2882 3578 Phicol,
2937 3514 3030 3584 qui
3089 3533 3147 3570 os
3216 3519 3453 3572 omnium

1870 3597 2286 3670 interpretatur.
2332 3601 2394 3656 Hi
2425 3617 2558 3672 ergo
2599 3618 2790 3659 omnes
2821 3605 2875 3659 in
2920 3606 3291 3676 hujuscemodi
3323 3625 3450 3664 eru-

1870 3690 2164 3748 ditionibus
2204 3695 2458 3760 instituti,
2494 3696 2716 3751 veniunt
2760 3699 2826 3752 ad
2875 3698 3048 3770 legem
3089 3699 3205 3768 Dei,
3263 3706 3330 3769 “,et
3367 3702 3453 3756 di-

1869 3798 2052 3845 cunt:
2099 3786 2344 3844 Videntes
2392 3791 2618 3844 uidimus
2659 3792 2787 3860 quia
2837 3803 2910 3846 est
2961 3792 3220 3849 Dominus
3253 3803 3449 3863 tecum,

1868 3892 1919 3938 et
1954 3881 2381 3938 diximus:Fiat
2431 3886 2734 3954 conjuratio
2788 3886 2927 3940 inter
2976 3903 3071 3941 nos
3118 3898 3166 3942 et
3216 3889 3354 3943 inter
3376 3899 3452 3956 te,

1868 3984 1918 4029 et
1965 3976 2350 4028 constituamus
2398 3987 2570 4030 tecum
2614 3987 2852 4047 pactum,
2886 3995 2948 4032 ne
2975 3979 3148 4048 facias
3177 3982 3450 4037 nobiscum

1869 4066 2036 4131 mala,
2059 4067 2149 4120 sed
2170 4068 2614 4138 quemadmodum
2639 4085 2732 4122 nos
2765 4080 2814 4122 te
2841 4087 2943 4123 non
2973 4088 3155 4127 suntus
3176 4077 3455 4141 exsecrati,

1870 4160 1947 4213 ita
1986 4168 2035 4213 et
2091 4168 2146 4212 tu
2181 4159 2482 4214 benedictus
2526 4160 2771 4214 Domino.
2809 4159 3043 4216 Possunt
3089 4165 3307 4232 quidem
3367 4167 3460 4221 isti

1872 4258 2011 4316 tres,
2043 4251 2136 4320 qui
2183 4266 2374 4321 pacem
2413 4252 2706 4321 requirunt
2731 4269 2760 4307 a
2790 4251 2971 4308 Verbo
3015 4254 3131 4320 Dei,
3157 4264 3210 4309 et
3245 4272 3458 4326 praeve-

1873 4344 1994 4398 nire
2023 4344 2250 4415 cupiunt
2281 4354 2442 4414 pacto
2480 4346 2800 4402 societatem
2845 4346 2988 4417 ejus,
3020 4347 3247 4414 ﬁguram
3275 4359 3462 4404 tenere

1878 4453 2187 4508 magorum,
2221 4438 2313 4508 qui
2347 4454 2415 4493 ex
2444 4438 2684 4495 Orientis
2725 4442 2970 4510 partibus
3001 4442 3225 4497 veniunt
3257 4443 3460 4498 eruditi

170 4534 510 4604 sapientium
575 4529 782 4594 saeculi,
811 4532 905 4598 qui
967 4544 1065 4598 per
1123 4526 1488 4582 eruditionem
1524 4526 1766 4596 philoso-
1799 4547 1844 4602 ι)
1877 4530 2122 4599 paternis
2178 4530 2359 4596 libris,
2392 4544 2447 4587 et
2481 4533 2915 4590 institutionibus
2963 4533 3254 4601 majorum,
3295 4537 3461 4591 etdi-

171 4628 318 4699 phiae
377 4625 550 4680 multa
593 4625 758 4680 etiam
799 4637 865 4677 ex
897 4622 1132 4677 veritate
1184 4619 1760 4687 comprehenderunt;

170 4720 489 4788 intelligere
529 4717 757 4787 potestis
804 4715 1080 4786 quomodo
1135 4711 1226 4766 hic
1282 4726 1405 4766 cmn
1467 4710 1638 4772 Isaac.
1669 4711 1764 4780 qui

169 4812 341 4866 Verbi
382 4811 502 4874 Dei,
546 4810 688 4879 quod
726 4809 777 4863 in
822 4808 940 4877 lege
975 4815 1077 4870 est,
1109 4812 1257 4859 tenet
1307 4802 1560 4874 ﬁguram,
1593 4817 1769 4870 neque

167 4903 222 4957 in
246 4901 602 4958 dissensione
634 4913 852 4968 semper
880 4905 1059 4968 potest
1094 4909 1237 4958 esse,
1268 4907 1446 4963 neque
1473 4907 1688 4962 semper
1713 4893 1767 4946 in

168 5010 329 5067 pace.
375 4991 728 5062 Philosophia
757 4990 906 5046 enim
956 5001 1132 5056 neque
1157 4988 1210 5041 in
1241 4986 1498 5040 omnibus
1527 4985 1633 5054 legi
1672 4986 1767 5040 Dei

169 5090 463 5146 contraria
511 5098 613 5152 est,
663 5100 842 5156 neque
885 5085 940 5139 in
984 5083 1240 5139 omnibus
1298 5093 1560 5136 consona.
1612 5078 1770 5134 Multi

167 5181 318 5236 enim
353 5179 808 5251 philosophorum
842 5190 1010 5230 unum
1055 5187 1176 5229 esse
1223 5171 1420 5236 Deum,
1448 5173 1541 5240 qui
1571 5180 1769 5226 cuncta

244 5297 294 5330 ”
313 5295 464 5350 Psal.
496 5309 585 5359 cx,
614 5292 670 5347 4.
750 5291 795 5322 ⁸ο
823 5289 1021 5346 Genes.
1049 5301 1200 5350 xxvi,
1225 5284 1318 5342 25.

165 5367 264 5435 27,
295 5368 398 5431 28,
419 5366 511 5421 29.
589 5364 634 5396 ³⁵
658 5361 850 5418 Matth.
880 5360 1019 5426 11,2.

244 5483 370 5554 (9‘2)
411 5475 1019 5554 Mss.,_oriatur;‘_editi,
1053 5471 1312 5554 fodiatur.
1337 5467 1485 5550 lul’ra
1514 5467 1778 5554 μηδεν,φί-

173 5539 388 5615 ὀεῖιιοέ,
436 5539 712 5624 inquiunt,
762 5539 1025 5624 vidimus;
1053 5539 1212 5624 'editi.
1246 5557 1343 5611 pro
1378 5539 1650 5624 inquiunt,
1683 5539 1778 5592 ha-

171 5630 309 5682 bent
337 5611 537 5694 inquit,
566 5631 622 5678 et
649 5611 748 5692 pro
781 5619 1052 5674 nobiscum
1104 5612 1330 5679 malum,
1358 5611 1623 5666 exhibent
1678 5626 1780 5662 no-

169 5697 387 5754 biscum
415 5695 558 5748 mala
1541 5752 1554 5761 _
1693 5749 1706 5761 ο

250 5768 376 5836 (93)
410 5762 1163 5836 7Ochosath__interpretatttr
1220 5766 1418 5836 tenens,
1474 5752 1778 5836 vellpot‘ius

171 5822 466 5910 piscina.
506 5835 680 5889 Radix
716 5822 986 5888 Hebraica
1016 5838 1098 5886 est
1128 5836 1235 5887 ‘mu
1267 5826 1421 5895 repit,
1470 5822 1776 5893 prehendit,

1399 5283 1440 5316 ³¹
1470 5281 1629 5339 Prov.
1664 5299 1744 5348 Ix,
1784 5284 1835 5340 ξ.

1887 4632 2020 4677 eunt
2043 4623 2292 4691 ":Quia
2346 4626 2598 4682 videntes
2650 4629 2884 4682 vidimus
2929 4637 3115 4682 natum
3157 4643 3362 4700 regem,
3405 4639 3462 4684 et

1875 4717 2114 4772 vidimus
2146 4719 2272 4787 quia
2302 4719 2444 4776 Deus
2464 4730 2549 4776 est
2573 4735 2695 4775 cum
2720 4722 2856 4790 ipso,
2881 4731 2937 4775 et
2956 4722 3204 4776 venimus
3231 4723 3463 4776 adorare

1877 4819 2025 4861 eum.
2066 4806 2175 4862 Sed
2208 4817 2265 4863 et
2285 4809 2328 4863 si
2355 4810 2477 4879 quis
2510 4810 2601 4865 ille
2631 4819 2714 4864 est
2750 4810 2841 4880 qui
2877 4811 3249 4879 hujuscemodi
3278 4815 3465 4867 erudi-

1884 4896 2124 4954 tionibus
2147 4899 2446 4967 institutus,
2474 4901 2664 4956 videns
2686 4901 2815 4972 quia
2841 4903 2980 4957 Deus
3001 4903 3183 4957 eratin
3217 4902 3458 4964 Christo.

1880 4992 2139 5045 mundum
2161 4990 2517 5049 reconcilians
2543 4994 2666 5057 sibi,
2693 5004 2747 5050 et
2783 4995 3086 5049 admiratus
3101 5010 3326 5064 operum
3345 4996 3462 5061 ejus

1881 5083 2246 5152 maiestatem,
2265 5086 2414 5141 dicat
2444 5111 2453 5142 :
2497 5087 2740 5142 Videntes
2772 5088 2999 5141 vidimus
3024 5088 3150 5156 quia
3181 5098 3255 5142 est
3282 5087 3465 5141 Domi-

1882 5193 1981 5231 nus
2021 5187 2216 5241 tecum.
2257 5190 2305 5234 et
2342 5180 2621 5234 diximus:
2650 5178 2777 5234 Fiat
2825 5180 3127 5250 conjnratio
3178 5181 3316 5233 inter
3346 5196 3461 5233 nos.

1913 5287 1959 5318 ³¹
1987 5288 2003 5343 Ι
2033 5289 2160 5344 Cor.
2189 5307 2271 5353 Ill,
2298 5293 2385 5346 Η.
2461 5292 2506 5324 ³³
2536 5294 2682 5348 Psal.
2714 5308 2839 5360 λιν,
2876 5293 2930 5347 5.
3008 5293 3053 5324 ³δ
3078 5291 3274 5347 Genes.
3304 5307 3458 5357 xxvi,

1889 5476 2085 5540 tenuit,
2108 5489 2136 5527 a
2163 5490 2269 5545 qua
2304 5475 2362 5531 ﬁt
2389 5483 2536 5538 mnu
2571 5478 2853 5545 possessio.
2883 5475 3099 5531 Constr.
3123 5482 3288 5534 n’l'lts.
3332 5471 3465 5526 Phi-

1891 5545 1974 5603 col
2018 5549 2251 5602 vertitur
2280 5565 2337 5602 os
2370 5550 2638 5614 omnium;
2665 5557 2746 5607 ΠΒ
2775 5548 2921 5602 enim
2959 5555 3334 5601 constructum
3380 5555 3467 5598 εει

1896 5643 1960 5700 99
1993 5654 2072 5704 os,
2112 5641 2240 5705 oris,
2290 5639 2376 5695 cui
2413 5638 2461 5695 si
2495 5639 2660 5693 addas
2705 5643 2770 5698 ἡ)
2816 5640 3004 5702 omnis,
3056 5653 3233 5704 omne,
3263 5653 3465 5703 omnes,

1887 5730 2085 5796 omnia,
2117 5729 2340 5788 habebis
2361 5713 2490 5791 53’s
2521 5726 2705 5785 Pltieol
2740 5745 2802 5786 os
2823 5728 3080 5788 omnium.
