3902 6516
518 361 624 416 259

1948 378 1955 386 -
1993 347 2314 408 URIGENIS
3633 359 3717 416 ξω

522 485 802 541 Accedens
823 476 940 557 "(94)
964 479 1105 537 enim
1125 479 1191 535 ad
1217 477 1384 550 legem
1410 477 1503 534 Dei
1534 477 1846 534 necessario
1875 477 2096 533 dicit”:
2131 491 2172 539 Α
2203 477 2401 531 fuscati
2435 494 2448 528 :
2481 475 2573 531 sed
2607 474 2657 527 in
2713 470 3060 540 simplicitate
3083 477 3138 524 et
3165 471 3412 540 puritate
3433 473 3601 530 cordis
3630 492 3718 532 ant-

471 571 480 578 ’
517 575 711 633 Juravi
733 585 779 631 et
812 573 973 630 statui
1001 575 1055 625 ut
1079 568 1375 625 custodiam
1405 569 1662 622 mandatu
1697 574 1810 622 tua.
1838 587 1842 592 ·

589 668 644 723 4.
676 666 780 722 Sed
828 666 954 735 quid
1005 661 1238 735 petunt?
1286 659 1368 715 Ne
1395 659 1568 729 facias
1613 660 1781 726 nobis,
1826 659 2093 730 inquiunt,

518 761 700 825 mala;
738 761 828 814 sed
867 760 1005 814 sicut
1025 775 1122 813 nos
1153 767 1204 814 te
1233 754 1488 813 exsecrati
1512 770 1616 810 non
1644 769 1846 819 sumus,
1871 753 1945 808 ita
1971 763 2018 808 et
2040 765 2094 806 tu

517 853 819 907 benedictus
862 851 1110 910 Domino.
1157 849 1553 906 Remissionem
1605 859 1950 917 peccatorum
1999 862 2096 916 per

521 951 632 1002 haec
684 947 975 1017 deposcere
1022 947 1153 1001 mihi
1201 943 1478 1008 videntur,
1505 960 1574 998 ne
1607 942 1893 1013 recipiant
1925 942 2091 995 mala.

516 1040 960 1095 Bcnedictionem
1001 1039 1296 1110 postulant,
1327 1053 1432 1094 non
1467 1036 1897 1118 retributionem.
1933 1035 2094 1090 Deni-

514 1140 620 1196 que
652 1126 774 1182 vide
794 1127 924 1196 quid
957 1127 1223 1197 sequitur.
1254 1127 1324 1182 Et
1347 1127 1467 1197 fecit
1497 1127 1628 1193 illis,
1673 1126 1847 1196 inquit
1869 1127 2093 1192 '7,'can-

489 1218 710 1274 niuium
739 1235 989 1289 magnum
1035 1218 1206 1288 isaac,
1240 1230 1290 1275 et
1340 1220 1821 1287 ntanducaverunt,
1859 1230 1905 1276 et
1951 1220 2093 1276 bibe-

486 1319 661 1365 -runt.
697 1310 918 1366 Certum
943 1320 1022 1367 est
1043 1311 1211 1376 enim,
1245 1312 1370 1381 quia
1401 1315 1495 1382 qui
1535 1313 1817 1368 ministrat
1845 1315 2091 1378 verbum,

490 1402 852 1472 sapientibus
905 1413 961 1456 et
999 1402 1382 1473 insipientibus
1413 1406 1626 1461 debitor
1655 1415 1755 1461 est.
1796 1405 1932 1472 Quia
1965 1422 2094 1476 ergo

504 1495 827 1552 convivium
891 1493 1228 1560 sapientibus
1291 1498 1546 1568 exhibet,
1607 1500 1814 1556 idcirco
1871 1500 2086 1565 dicitur,

503 1585 645 1657 ~qttia
690 1601 798 1640 non
863 1601 1131 1657 parvum,
1194 1589 1286 1642 sed
1345 1604 1599 1661 magnum
1650 1590 1958 1645 convivium
2015 1581 2093 1646 fe-

515 1678 612 1732 cit.
640 1677 705 1732 Et
738 1689 817 1743 tu,
857 1677 901 1732 si
944 1693 1052 1733 non
1097 1678 1175 1734 sis
1222 1679 1398 1734 adhuc
1445 1680 1700 1750 parvulus
1721 1693 1775 1736 et
1805 1683 1948 1738 lacte
1984 1699 2089 1738 non

493 1758 780 1838 "indigeas,
814 1768 907 1823 sed
954 1769 1282 1824 exercitatos
1316 1770 1528 1825 deferas
1557 1787 1776 1836 sensus,
1806 1785 1860 1828 et
1903 1773 2089 1829 erudi-

2202 568 2504 640 plectamur
2537 566 2784 626 verbum.
2815 574 2869 618 et
2899 562 3102 618 divina:
3117 563 3400 631 sapientia:
3429 565 3719 641 famulemur,

2175 660 2290 727 'qui
2325 669 2410 715 e~t
2438 659 2690 714 Christus
2717 655 2876 712 .lesus
2907 653 3172 708 Dominus
3195 661 3405 720 noster,
3433 657 3514 710 cui
3541 668 3612 714 est
3633 660 3721 731 glo-

2200 753 2279 807 ria
2312 759 2366 808 et
2397 749 2683 819 imperium
2711 748 2765 802 in
2794 747 2990 803 saecula
3025 745 3374 802 sat-culorum.
3402 749 3580 806 Amen.

2384 855 2386 858 '
2778 839 3073 896 ΗΟΜΙΙΛΑ-
3093 837 3212 893 XV.

2204 933 2278 989 De
2302 954 2360 990 eo
2401 939 2540 1006 quod
2572 937 2825 1004 scriptum
2870 943 2944 988 est
2967 933 3042 1006 ῥ’·
3072 947 3091 986 :
3129 949 3152 982 ί
3214 931 3317 1006 Et_
3331 935 3651 1006 ascenderunt
3676 960 3723 997 es

2170 1035 2176 1042 -
2271 1003 2526 1079 zEgypto.
2580 1016 2645 1060 et.
2677 1003 2936 1060 uenerunt,
2960 1005 3013 1057 in
3044 1014 3244 1079 terrain
3277 1003 3546 1079 Chanaan,
3573 1013 3630 1064 ad
3651 1012 3722 1065 la.

2267 1075 2365 1151 coli
2385 1075 2590 1147 patrem
2622 1094 2799 1151 suum,
2830 1075 3277 1151 ctAnuntiaverunt
3309 1075 3358 1151 ci
3382 1077 3610 1151 dicentes,
3629 1086 3722 1151 quia

2267 1145 2410 1218 ﬁlius
2449 1158 2568 1202 tuus
2612 1146 2807 1220 chph
2846 1147 2988 1220 civit,
3026 1153 3072 1196 cl
3131 1147 3242 1211 ipse
3272 1145 3606 1214 principatum
3637 1145 3723 1220 agit

2179 1227 2182 1231 '
2269 1217 2434 1273 totius
2456 1229 2609 1272 terrae
2632 1217 2873 1287 Αῑθῃριῆ.
2910 1235 2929 1268 s

2186 1319 2190 1324 ’
2268 1317 2322 1373 ‘l.
2354 1312 2768 1372 Observandum
2801 1321 2883 1368 est
2909 1313 3064 1368 nobis
3088 1313 3407 1384 Scripturas
3448 1325 3644 1368 sanctas
3663 1317 3721 1370 le-

2196 1409 2488 1479 gentibus,
2552 1407 2821 1476 quatuodo
2880 1407 2931 1460 in
2995 1407 3224 1476 singulis
3277 1406 3577 1477 quibusque
3621 1408 3722 1463 luris

2195 1503 2492 1561 ascendere
2522 1513 2756 1572 ponatur
2785 1499 2897 1572 (95)
2924 1509 2976 1555 et
3010 1502 3360 1556 descendere.
3399 1501 3456 1556 Si
3478 1504 3606 1558 enim
3632 1504 3724 1560 dili-

2194 1595 2407 1664 gentius
2435 1594 2865 1657 consideremus,
2922 1591 3266 1648 inveniemus
3312 1593 3440 1663 quia
3489 1608 3719 1666 nunquam

2195 1686 2307 1741 fere
2341 1687 2395 1742 in
2440 1694 2690 1741 sanctum
2740 1684 2864 1754 quis
2899 1681 3078 1738 locum
3143 1682 3349 1738 dicitur
3405 1685 3723 1754 descendisse,

2195 1792 2369 1850 neque
2400 1781 2464 1834 ad
2521 1777 2935 1849 vituperabi‘icm
2969 1777 3355 1832 c'onscendisse
3420 1790 3722 1836 memoratur.

515 1860 665 1914 tione
716 1859 946 1930 plurima
999 1861 1307 1930 pra-missa,
1346 1860 1413 1916 ad
1467 1861 1887 1934 intelligentiam
1935 1865 2088 1920 verbi
2121 1838 2165 1893 Β
2195 1838 2326 1938 Qua:
2355 1838 2774 1927 observationes
2812 1867 3111 1924 ostendunt
3164 1870 3502 1941 Scripturam
3533 1870 3723 1928 divinam

490 1951 611 2006 'Dei
659 1951 909 2021 capacior
953 1951 1161 2019 venias,
1211 1951 1270 2006 tit
1301 1951 1466 2006 etiam
1505 1954 1600 2010 tibi
1634 1957 1944 2012 convivium
1976 1974 2092 2012 ma-

496 2042 836 2114 xgnum.Non
870 2044 966 2100 tibi
999 2044 1146 2099 olera
1173 2045 1548 2115 languidorum
1573 2049 1861 2118 parabitur
1909 2051 2084 2117 eibu‘s,

492 2151 616 2192 inec
667 2137 810 2194 lacte
854 2137 1140 2203 nutrieris,
1167 2139 1511 2209 quoparvuli
1540 2141 1857 2198 nutriuntur
1886 2145 1980 2200 sed
2014 2145 2091 2199 ia.

489 2224 618 2280 sciet
657 2225 763 2281 tibi
799 2225 1050 2282 minister
1093 2226 1244 2282 verbi
1299 2229 1608 2285 convivium
1657 2245 1937 2302 magnum.
1988 2233 2094 2290 Lo-

492 2319 840 2390 quatur'libi
875 2320 1226 2390 sapientiam,
1255 2336 1377 2391 qua:
1413 2324 1554 2378 inter
1578 2323 1855 2393 perfectos
1877 2327 2090 2396 profer-

509 2415 617 2474 tur,
661 2407 987 2478 sapientiam
1025 2407 1120 2463 Dei
1152 2409 1207 2462 in
1254 2412 1518 2482 mysterio
1553 2414 1932 2471 absconditam
1959 2433 2089 2488 pro-

493 2498 979 2568 .feret~tibi,quam
1015 2503 1518 2574 nemo-principum
1551 2505 1710 2576 hujus
1751 2499 1939 2565 saeuuli
1968 2503 2091 2567 ’ἐο-

509 2590 719 2661 gnovit.
745 2589 1033 2647 Revelahit
1057 2591 1442 2649 tibiChristum
1468 2597 1763 2654 secundum
1792 2600 1917 2669 hoc,
1943 2605 2088 2672 quod

509 2683 567 2739 in
593 2695 660 2738 eo
687 2695 876 2739 omnes
912 2685 1154 2742 thesauri
1187 2689 1467 2758 sapientia:
1497 2700 1552 2747 et
1578 2692 1826 2749 scientia:
1856 2693 2089 2751 abscon-

511 2775 609 2831 diti
634 2786 782 2832 sunt.
817 2777 1020 2834 .Faciet
1071 2795 1202 2851 ergo
1233 2781 1333 2839 tibi
1384 2787 1693 2842 convivium
1727 2791 2090 2860 magnum,‘e‘t

511 2870 630 2940 ipse
659 2881 840 2926 tecum
877 2873 1206 2944 epulabitur,
1242 2877 1285 2931 si
1314 2887 1366 2931 te
1402 2893 1510 2932 non
1547 2880 1791 2936 inveniat
1825 2882 2006 2950 talem,
2029 2895 2089 2938 ut

510 2965 656 3021 dicat
673 2965 790 3032 tibi,
807 2967 930 3035 quia
951 2985 1053 3022 non
1075 2973 1224 3039 potui
1246 2973 1391 3027 vobis
1415 2975 1556 3042 loqui
1571 2975 1723 3045 quasi
1738 2975 2084 3044 spiritalibus,

499 3059 600 3114 sed
622 3060 779 3128 quasi
803 3059 1148 3125 carnalibus;
1173 3071 1424 3133 tanquam
1442 3066 1674 3136 parvulis
1696 3069 1750 3120 in
1782 3064 1989 3123 Christi)
2007 3069 2088 3124 lac

495 3148 666 3203 nobis.
693 3157 874 3219 potum
899 3151 1042 3216 dedi,
1073 3169 1176 3207 non
1207 3156 1459 3210 escam".
1497 3156 1796 3214 Corinthiis
1819 3163 1921 3218 hoc
1937 3164 2087 3232 dicit,

509 3237 708 3308 quibus
725 3249 782 3296 et
800 3241 953 3297 addit
979 3260 993 3297 :
1014 3243 1144 3297 Cum
1171 3247 1310 3299 enim
1328 3248 1441 3302 sint
1470 3249 1608 3305 inter
1626 3269 1715 3310 vos
1734 3259 2090 3316 contentiones

509 3342 556 3385 et
581 3331 956 3400 dissensiones,
991 3351 1163 3390 nonne
1185 3339 1430 3394 carnales
1468 3344 1592 3397 estis
1617 3357 1666 3399 et
1687 3350 1972 3405 secundum
1991 3353 2089 3407 Ito-

507 3421 698 3476 minem
725 3423 1186 3482 aubulatisﬂstis
1209 3442 1315 3483 non
1332 3427 1464 3486 fecit
1500 3447 1756 3504 magnum
1780 3441 2087 3497 convivium

505 3511 729 3581 Paulus,
751 3516 806 3569 in
830 3523 1064 3584 tantum,
1095 3530 1156 3573 ut
1190 3529 1311 3575 cum
1343 3534 1486 3579 esset
1511 3528 1653 3596 apud
1671 3543 1781 3594 eos,
1809 3542 1863 3587 et
1882 3545 2087 3605 egeret,

506 3607 638 3662 nulli
685 3610 840 3664 oneri
874 3618 1047 3676 esset,
1068 3625 1167 3667 nec
1199 3627 1394 3682 panem
1417 3619 1591 3688 gratis
1625 3622 1694 3677 ab
1723 3622 1905 3694 aliquo
1929 3641 2088 3682 man-

503 3700 766 3768 ducares;
797 3701 1019 3757 sedsibi
1053 3701 1166 3774 99
1190 3715 1244 3762 et
1271 3710 1524 3767 omnibus
1560 3712 1651 3782 qui
1694 3730 1880 3772 secum
1906 3721 2087 3790 erant,

507 3800 666 3847 nocte
697 3801 755 3846 et.
791 3791 878 3846 die
926 3792 1238 3850 laborantes
1281 3812 1476 3854 manus
1533 3815 1646 3858 sua)
1691 3805 2084 3868 ministrarent.

509 3883 643 3940 Tam
673 3884 994 3956 ergolouge
1025 3887 1256 3945 aberant
1287 3891 1575 3959 Corinthii,
1604 3896 1801 3965 quibus
1829 3909 2084 3970 magnum

502 3977 813 4032 convivium
831 3977 1004 4046 ﬁeret,
1023 3991 1080 4034 ut
1099 3995 1168 4037 ne
1184 3983 1462 4040 minimum
1478 3989 1816 4056 quidem,'vei
1833 3993 2085 4064 exiguum

506 4069 646 4138 apud
663 4083 758 4124 eos
781 4072 1103 4138 praedicator
1120 4076 1268 4130 verbi
1289 4076 1381 4133 Dei
1405 4081 1652 4150 potuerit
1670 4084 1879 4142 habere
1897 4090 2083 4144 convi-

506 4161 676 4218 vium.
705 4161 804 4228 Qui
833 4177 963 4218 vero
989 4165 1166 4221 sciunt
1197 4169 1392 4226 audire
1421 4173 1738 4245 perfectius,
1767 4182 1859 4250 qui
1893 4176 2079 4240 er‘udi-

507 4262 594 4309 tos
615 4263 674 4309 et
699 4257 1030 4314 exercitatos
1064 4262 1136 4314 ad
1165 4263 1495 4322 audiendum
1524 4271 1758 4327 verbum
1797 4276 1886 4330 Del
1931 4279 2084 4336 defc-

490 4358 634 4402 -runt
663 4361 876 4413 sensus,
906 4349 1026 4406 istis
1051 4353 1109 4410 tit
1141 4369 1394 4426 magnum
1431 4362 1774 4427 convivium;
1810 4367 1931 4424 cum
1963 4371 2081 4428 istis

495 4440 751 4509 epulatur
773 4442 950 4511 lsaao,
978 4458 1033 4502 et
1060 4464 1168 4503 non
1197 4453 1373 4508 solum
1410 4457 1680 4526 epulatur,
1732 4464 1830 4519 sed
1859 4475 1912 4521 et
1931 4459 2078 4524 'sur-

2190 1979 2326 2030 “non,
2359 1975 2416 2019 ut
2446 1964 2698 2035 plurimis
2749 1965 2986 2030 videtur,-
3030 1962 3316 2018 ‘inerudito
3360 1972 3417 2018 et
3443 1963 3620 2030 agresti
3641 1978 3723 2019 scr-

2196 2072 2358 2114 mone
2407 2055 2785 2126 compositam,
2835 2054 2933 2110 sed
2985 2055 3284 2112 secundum
3322 2055 3644 2126 disciplinam
3668 2057 3727 2109 di-

2188 2151 2333 2206 vinae
2362 2149 2686 2206 eruditionis
2737 2156 3005 2220 aptatam,
3045 2162 3221 2219 neque
3251 2159 3460 2203 tantum
3502 2148 3728 2204 historiris

2186 2242 2624 2310 narrationibus,
2655 2251 2921 2314 quantum
2967 2244 3135 2300 rebus
3167 2252 3222 2298 et
3245 2244 3504 2299 sensibus
3535 2246 3726 2314 mysticis

2193 2336 2543 2391 servientem.
2571 2335 2820 2392 Invenies
2850 2337 2983 2406 ergo
3015 2335 3277 2406 scriptum
3305 2348 3401 2390 eos
3426 2333 3556 2405 (96),
3577 2335 3652 2400 qui
3677 2349 3725 2387 es

2188 2427 2404 2482 semine
2433 2427 2711 2482 Abraham
2768 2435 3090 2493 nascuntur,
3147 2425 3497 2482 descendisse
3524 2426 3571 2479 in
3597 2425 3725 2498 Egy-

2187 2526 2371 2590 ptum,
2405 2527 2460 2575 et
2500 2513 2719 2575 rursum
2748 2508 2889 2576 ﬁlios
2927 2517 3092 2574 Israel
3151 2519 3470 2574 ascendisse
3494 2519 3556 2574 de
3593 2518 3723 2589 Αἰπ-

2189 2622 2304 2682 pto.
2362 2613 2608 2683 Denique
2655 2621 2708 2668 et
2750 2611 2819 2668 de
2849 2613 2967 2682 ipso
3023 2612 3299 2667 Abraham
3339 2611 3424 2668 sic
3453 2611 3634 2667 dicitur
3659 2612 3724 2666 “:

2192 2705 2443 2759 Ascendit
2481 2714 2657 2760 autem
2683 2705 2950 2759 Abraham
2979 2705 3043 2758 de
3073 2703 3330 2775 Egypto,
3379 2705 3493 2773 ipse
3535 2713 3580 2758 et
3627 2721 3729 2759 uror

2187 2801 2328 2871 "ejus,
2349 2806 2400 2854 et
2427 2798 2603 2852 omnia
2629 2815 2745 2868 qua!
2772 2797 2888 2867 ejus
2913 2806 3088 2862 erant,
3124 2811 3173 2851 et
3226 2795 3362 2850 Lotlt
3418 2814 3532 2851 cum
3573 2799 3670 2862 ipso
3691 2802 3730 2854 is

2185 2895 2479 2949 desertum.
2539 2891 2675 2946 Tum
2731 2890 2925 2946 deinde
2951 2899 3007 2945 et
3053 2890 3122 2945 de
3150 2890 3299 2945 lsaac
3328 2891 3531 2946 dicitur
3555 2891 3612 2956 “,
3637 2896 3728 2961 quia

2186 2985 2434 3055 apparuit
2463 2985 2512 3039 ei
2539 2982 2820 3048 Dominus,
2846 2989 2897 3037 et
2923 2982 3057 3037 dixit
3081 2983 3127 3037 ei
3175 2999 3196 3037 :
3248 2981 3330 3037 Ne
3379 2985 3648 3039 descendas
3692 2985 3731 3036 in

2189 3073 2502 3146 Egyptum.
2543 3073 2650 3129 Sed
2676 3081 2731 3129 et
2759 3061 3072 3138 ismaelitae,
3118 3087 3208 3143 qut
3243 3075 3534 3142 portabant
3577 3075 3730 3144 θυμιά·

2117 3198 2163 3261 c
2198 3185 2364 3240 ματα,
2410 3174 2466 3223 et
2494 3167 2755 3232 resinam,
2809 3175 2864 3222 et
2929 3171 3160 3236 guttam,
3230 3174 3284 3221 et
3315 3167 3423 3236 ipsi
3453 3182 3518 3222 es
3569 3168 3731 3222 semine

2199 3262 2472 3318 Abraham
2504 3270 2678 3325 erant,
2741 3260 2793 3315 in
2826 3259 3118 3332 Egyptum
3171 3261 3508 3316 descendere
3537 3263 3729 3317 referun-

2201 3364 2306 3420 tur,
2337 3368 2461 3408 cum
2487 3354 2684 3422 quibus
2713 3350 2913 3423 Ioseph
2946 3352 3299 3408 descendisse
3326 3353 3380 3408 in
3416 3352 3651 3425 Aigyuuu
3673 3356 3731 3408 di-

2197 3445 2341 3501 citur
2363 3447 2429 3499 ι’.
2465 3445 2571 3501 Sed
2605 3455 2658 3500 et
2711 3453 2832 3514 post
2861 3445 2975 3500 haec
3007 3459 3022 3497 :
3065 3442 3281 3512 Videas,
3309 3446 3486 3517 inquit
3511 3447 3572 3514 ",
3601 3447 3731 3502 Iacob

2195 3542 2317 3609 quia
2347 3551 2438 3594 est
2464 3540 2832 3595 commercium
2860 3537 3111 3608 frumenti
3145 3541 3198 3593 in
3227 3538 3487 3611 Egi/pta,
3539 3542 3655 3596 dixit
3681 3543 3730 3596 ad

2196 3631 2336 3701 ﬁlios
2361 3623 2483 3686 suos
2517 3649 2534 3686 :
2570 3630 2776 3703 thuid
2834 3633 3040 3688 desides
3067 3635 3231 3689 estis?
3283 3635 3426 3690 Ecce
3461 3636 3611 3692 audio
3637 3639 3730 3707 quia

2192 3734 2268 3778 'est
2301 3723 2621 3790 frumentum
2659 3727 2709 3778 in
2740 3723 2996 3796 zEgypto,
3025 3727 3323 3781 descendite
3349 3728 3500 3797 illuc,
3550 3739 3594 3782 et
3614 3729 3732 3782 eruite

2188 3816 2344 3871 'nobis
2366 3833 2532 3884 escas,
2565 3826 2620 3868 ttt
2646 3817 2900 3879 vivamus,
2953 3825 3004 3870 et
3051 3833 3152 3871 non
3180 3820 3495 3873 moriamur.
3521 3819 3584 3874 Et
3608 3818 3732 3890 paulo

2197 3919 2314 3981 post
2345 3928 2359 3966 :
2385 3909 2801 3976 Descenderam,
2837 3910 3034 3980 inquit,
3059 3910 3249 3981 fratres
3283 3911 3488 3982 Ioseph
3512 3913 3566 3968 in
3591 3912 3732 3983 Egy-

2193 4015 2338 4072 ptum
2380 4019 2686 4073 comparare
2731 4002 3079 4065 frumentum.
3131 4001 3277 4058 Sane”
3328 4020 3456 4059 cum
3515 4007 3731 4060 detentus

2192 4097 2384 4154 fuisset
2440 4097 2661 4153 Simeon
2713 4099 2763 4152 in
2809 4095 3069 4168 lEgypto,
3097 4107 3153 4153 et
3196 4113 3394 4152 novem
3428 4098 3617 4155 fratres
3644 4096 3734 4166 eius

2187 4189 2400 4245 dimissi
2431 4198 2836 4246 reverterentur
2864 4191 2929 4245 ad
2959 4199 3192 4258 patrem,
3248 4206 3353 4245 non
3395 4201 3484 4248 est
3510 4193 3732 4260 scripturn

2191 4282 2318 4352 quia
2344 4284 2706 4337 ascenderunt
2732 4298 2803 4338 ex
2840 4281 3100 4354 Egypto,
3159 4281 3256 4335 sed
3294 4283 3639 4351 impatientes,
3673 4279 3735 4335 iu-

2190 4376 2308 4444 qnit
2337 4374 2406 4441 “,
2435 4376 2756 4444 frumentum
2778 4393 2936 4446 super
2963 4378 3142 4434 asinos
3171 4392 3294 4431 suos
3347 4378 3608 4433 abierunt.
3653 4375 3736 4430 Ne-

2188 4484 2292 4538 que
2320 4468 2464 4524 enim
2495 4469 2652 4540 digne
2677 4467 2992 4524 dicerentur
3014 4471 3319 4526 ascendere
3342 4510 3358 4534 ,
3404 4486 3628 4540 quorum
3657 4467 3735 4522 fra-

491 4547 635 4632 qeus
662 4549 785 4589 cum
805 4535 1124 4604 iuramento
1151 4543 1232 4599 eis
1262 4561 1451 4616 pacem
1480 4551 1766 4612 de‘futuris
1791 4562 2077 4627 promittit.
2118 4567 2158 4622 ι)
2192 4535 2271 4616 ter
2296 4561 2509 4616 vinctus
2542 4535 2827 4617 tenebatur
2860 4563 2910 4616 in
2955 4562 3214 4632 Egyplo,
3274 4577 3397 4615 cum
3423 4535 3542 4632 quo
3586 4570 3632 4615 et
3656 4559 3735 4628 ipsi

501 4626 734 4684 Oremus
763 4641 973 4700 ergoet
998 4651 1098 4690 nos
1146 4637 1240 4692 tali
1305 4653 1506 4710 mente,
1547 4644 1638 4701 tali
1687 4626 2083 4712 tideiaccedere

501 4723 574 4776 ad
601 4723 932 4816 audiendum
970 4731 1194 4785 verbum
1225 4731 1342 4801 Dei,
1396 4745 1453 4790 ut
1482 4736 1663 4795 facere
1705 4745 1863 4800 nobis
1892 4743 2082 4816 digne-

489 4823 595 4905 tur
621 4814 928 4870 convivium
966 4833 1239 4888 magnum.
1295 4823 1575 4894 Sapientia
1627 4833 1772 4886 enim
1811 4814 2081 4905 jugu‘lavit

497 4904 705 4958 hostias
734 4921 882 4972 suas,
908 4909 1117 4964 miscuit
1146 4916 1202 4966 in
1232 4926 1434 4971 cratere
1459 4924 1633 4975 "vinum
1686 4941 1865 4992 suum,
1885 4904 1947 4982 et
1978 4931 2082 4983 mi-
2124 4911 2128 4916 I

496 4996 566 5050 sit
591 5011 766 5050 servos
794 5013 918 5053 suos
949 4999 1014 5068 ”,
1063 5003 1161 5072 qui
1185 5017 1374 5062 omnes
1422 5020 1688 5082 quotquot
1747 5017 2077 5087 invenerint,

497 5091 808 5157 perducant
827 5091 892 5145 ad
919 5093 1224 5150 convivium
1281 5111 1460 5154 suum.
1494 5101 1725 5161 Tantum
1779 5119 1882 5176 est,
1932 5123 1990 5167 ut
2021 5126 2075 5170 et

495 5197 598 5238 nos
629 5183 857 5255 ingressi
886 5188 1193 5244 convivium
1243 5191 1534 5262 Sapientia:
1578 5216 1685 5257 non
1737 5219 1949 5262 rursum
1978 5226 2076 5264 no-

495 5275 706 5348 biscum
733 5276 1048 5334 indumenta
1075 5281 1404 5353 insipientia
1432 5290 1762 5361 deferamus,
1817 5315 1921 5354 non
1948 5303 2072 5357 inti—

494 5369 733 5426 delitatis
759 5379 909 5427 veste
931 5372 1275 5440 circumdati,
1329 5394 1434 5434 non
1460 5397 1810 5450 peccatornrn
1845 5397 2073 5453 maculis

2188 4660 2365 4705 triente
2394 4659 2449 4705 et
2483 4651 2667 4705 animo
2699 4652 2945 4718 solliciti,
2983 4655 3133 4707 velut
3163 4649 3496 4723 quibusdam
3525 4653 3734 4706 charita-

2190 4746 2259 4798 tis
2289 4743 2522 4799 vincnﬁs
2547 4732 2942 4800 crueiabantur
2999 4745 3231 4802 astricti.
3289 4745 3425 4802 Cum
3460 4739 3630 4800 autem
3672 4757 3740 4798 re-

2183 4826 2340 4906 cepto
2377 4838 2544 4892 fratre
2569 4842 2622 4892 et
2658 4840 2842 4908 agnito
2865 4837 3084 4909 Joseph,
3117 4840 3213 4895 sed
3238 4849 3292 4894 et
3317 4837 3601 4910 Beniamin
3625 4852 3735 4890 ocu-

2187 4927 2255 4984 lis
2277 4927 2394 4998 ejus
2427 4930 2631 4996 ohlato,
2655 4919 2787 4986 cum
2823 4932 3006 4986 ltetilia
3038 4941 3413 5000 revertuntur,
3457 4941 3582 4986 tunc
3629 4930 3737 4983 dici~

2192 5033 2277 5076 tur
2311 5023 2356 5054 "
2391 5023 2514 5092 quia
2556 5025 2902 5078 ascenderunt
2959 5042 3024 5078 ea:
3064 5023 3288 5095 Egypto,
3331 5035 3380 5078 et
3435 5028 3668 5079 uenerunt
3694 5019 3735 5071 is

2187 5137 2380 5180 (errant
2405 5121 2658 5180 Chanaan
2684 5130 2753 5179 ad
2781 5125 2947 5181 Iacob
2972 5137 3172 5196 patrem
3198 5143 3372 5180 suum.
3397 5123 3553 5182 Tune
3575 5125 3734 5181 etiam.

2183 5219 2399 5285 quando
2429 5219 2618 5273 dicunt
2639 5221 2712 5273 ad
2737 5205 2946 5290 patrem
2972 5221 3040 5286 ⁸⁸,
3081 5213 3211 5289 quia
3239 5217 3431 5289 Joseplt
3464 5204 3734 5287 ﬁlius'tuus

2181 5311 2325 5375 t-ivit,
2354 5319 2402 5364 et
2450 5312 2559 5380 ipse
2601 5314 2956 5383 principatum
3026 5313 3134 5381 agit
3185 5313 3344 5366 totius
3394 5321 3552 5366 terra
3592 5303 3733 5377 Αῗρςο

2179 5400 2413 5471 pti(97).
2444 5401 2764 5458 Necessario
2815 5406 2958 5485 enim
2993 5403 3060 5459 ab
3112 5403 3317 5459 inlimis
3351 5415 3407 5459 et
3465 5391 3734 5458 humilibus

485 5461 1781 5559 ηλῑεεξξτιξεκειιιοερίξςητῖορηεεολίπε.»-εδοο
1860 5485 2086 5545 “me

2189 5512 2215 5553 η.
2249 5461 2298 5556 ιξ
2332 5461 2387 5555 2,
2423 5493 2474 5546 5.
2554 5494 2602 5526 δ’
2631 5495 2789 5550 Prov.
2827 5478 2900 5556 ix“.
2925 5497 2978 5558 Ξ,
3003 5495 3056 5551 5.
3135 5496 3202 5528 ³³·
3228 5495 3364 5549 Gen.
3396 5509 3522 5559 xw,
3546 5494 3631 5553 ‘25,
3660 5489 3734 5545 26.

493 5529 540 5563 ’⁸³
569 5532 706 5590 Gen.
734 5551 856 5598 χιιι.
885 5537 936 5592 1.

487 5615 606 5696 pes.
650 5621 772 5672 xcv,
798 5606 889 5682 25.
980 5609 1025 5640 ”
1053 5609 1211 5673 ibid.,
1237 5611 1328 5668 26.

706 5698 874 5778 alias,
902 5702 1222 5778 ascendens,
1246 5705 1345 5778 sed
1382 5682 1538 5776 miss..,
1575 5682 1849 5778 accedens.

708 5768 862 5841 Mss.,
900 5767 1162 5841 ponatur;
1190 5767 1321 5830 editi
1350 5767 1809 5836 comineinoratur.

570 5838 681 5910 (96)
713 5840 805 5895 Sic
860 5838 1017 5913 mss.,
1073 5838 1229 5914 alias,
1289 5851 1591 5903 servientem
1625 5853 1870 5910 invenies.
1917 5854 2061 5929 Ergo

1013 5535 1459 5644 ξίηξξξξηθὲληνι,
1492 5546 1544 5601 ἓο
1623 5550 1876 5612 “Cenes.
1914 5573 2120 5628 xxxvii,
2284 5535 2581 5619 "3’Cencs.
2614 5581 2744 5627 stu.
2775 5537 2820 5630 i,
2851 5539 2907 5632 ἐξ
2937 5537 2990 5634 δ’,
3164 5567 3385 5644 “ibid,
3415 5536 3522 5621 26.,
3584 5535 3735 5619 δέρε·

2172 5723 2424 5786 scriutum
2462 5735 2535 5775 est
2570 5742 2678 5778 eos.

2243 5781 2352 5880 (Ἦ)
2383 5793 2553 5880 fill-393..
2583 5797 2952 5877 principatum
2999 5809 3136 5856 tenet
3184 5810 3233 5876 et
3261 5781 3388 5873 agit.
3426 5783 3570 5877 Μέβι,
3603 5806 3658 5880 με
3683 5796 3732 5855 in

2145 5860 2150 5865 ’
2172 5860 2359 5916 ttoStt'o
2387 5869 2471 5918 ιρι
2484 5867 2555 5920 tu’.
