3902 6508
180 458 266 516 2H

1335 449 1401 503 ΙΝ
1437 449 1735 504 GENESIM
1773 449 2057 505 liOMlLIA
2082 450 2198 505 XV.

3273 446 3381 503 212

180 577 405 631 dicuntur
430 563 494 618 ad
526 564 694 619 ardua
727 572 781 619 et
828 564 1043 620 excelsa
1074 566 1461 633 conscendere,
1494 570 1584 638 qui
1622 567 1713 623 Io-
1743 575 1787 628 Α
1817 569 2042 637 gratiam
2076 566 2424 623 merebantur
2448 566 2717 637 accipere,
2739 574 2791 622 ct
2824 566 3087 622 dicentem
3113 564 3159 597 ⁸⁸
3188 580 3200 618 :
3254 564 3381 636 Spi-

180 664 291 732 seph
317 659 486 712 vivere
541 655 811 720 nuntiant,
850 666 903 711 et
938 657 1305 727 principatum
1340 660 1503 715 totius
1540 659 1707 731 Egy-v

180 757 243 828 pti
270 763 458 825 gerere.
494 747 618 802 Haec
671 749 885 803 interim
914 750 979 802 ad
1031 764 1270 819 praesens
1322 752 1477 806 nobis
1524 767 1715 808 occur-

180 860 282 905 rere
317 844 378 895 de
405 840 720 901 ascensione
770 851 825 894 et
868 842 1227 896 descensione
1263 853 1555 912 potuerunt
1587 861 1601 900 :
1644 860 1713 901 ex

176 936 347 1007 quibus
374 930 595 985 studiosi
634 930 837 1000 quique
887 930 1207 987 occasiones
1230 932 1432 988 habere
1463 942 1733 1007 possunt,

175 1029 307 1098 plura
335 1025 396 1078 de
452 1022 752 1091 Scripturis
781 1024 986 1079 sanctis
1028 1039 1126 1093 pro
1169 1026 1475 1111 hujusuiodi
1526 1043 1729 1093 asser-p

176 1120 300 1173 tione
324 1114 675 1184 probamenta
703 1113 982 1186 colligere.

230 1210 280 1264 2.
305 1204 583 1260 Videamus
616 1222 751 1262 sane
806 1208 1074 1279 quomodo
1104 1210 1293 1265 audire
1327 1212 1619 1277 debeamus
1646 1212 1713 1268 de

171 1318 225 1356 eo
250 1298 377 1370 quod
408 1299 668 1365 scriptum
716 1309 820 1367 est,
845 1302 972 1370 quia
1003 1300 1200 1370 Ioseph
1249 1303 1393 1371 ﬁlius
1423 1312 1543 1358 tuus
1566 1305 1706 1359 vivit.

172 1394 266 1461 Ego
293 1393 395 1445 haec
424 1404 529 1444 non
557 1393 921 1447 communiter
950 1393 1092 1449 dicta
1140 1397 1403 1466 suspicio.
1452 1397 1508 1453 Si
1543 1399 1708 1470 enim,

168 1482 295 1537 verbi
315 1496 773 1552 causa,ponamus
796 1485 920 1555 quia
946 1490 1209 1555 potuisset
1232 1490 1373 1553 vinci
1406 1505 1434 1543 a
1459 1490 1708 1560 libidine,

164 1587 209 1629 et
241 1581 503 1643 peccasset
524 1587 647 1627 cum
677 1590 847 1635 uxore
871 1576 1076 1631 domini
1108 1579 1218 1644 sui,
1272 1596 1379 1635 non
1407 1589 1535 1651 puto
1565 1583 1709 1651 quod

162 1667 251 1719 hoc
273 1678 300 1718 a
325 1664 646 1733 patriarchis
671 1665 737 1720 de
768 1682 833 1723 eo
865 1670 1167 1726 nuntiatum
1198 1671 1393 1728 fuisset
1417 1673 1556 1743 patri
1592 1675 1710 1744 ejus

159 1753 330 1817 Iacob,
368 1752 493 1820 quia
520 1753 664 1821 ﬁlius
684 1765 805 1811 tuus
828 1754 1024 1826 Ioseph
1050 1760 1193 1815 vivit.
1229 1759 1341 1817 Hoc
1374 1764 1513 1817 enim
1548 1763 1593 1819 si
1626 1763 1707 1821 fe-
1751 1826 1755 1830 _

158 1848 321 1909 cisset,
355 1846 473 1901 sine
501 1846 665 1905 dubio
696 1863 797 1904 non
827 1851 1033 1905 viveret
1056 1851 1193 1923 (98).
1221 1853 1410 1909 Anima
1435 1855 1571 1911 enim
1588 1873 1705 1928 qua:

1819 657 1976 711 ritum
2008 657 2165 711 nolite
2191 656 2543 726 exstinguere.
2574 654 2850 726 Tanquam
2882 671 3012 728 ergo
3042 654 3145 712 tale
3180 644 3382 725 aliquid

1817 764 2009 820 passus
2037 749 2195 803 fuerit
2215 747 2403 813 Iacob,
2435 747 2592 817 quale
2615 748 2814 804 Paulus
2846 750 3101 820 prrccepit
3133 749 3245 803 fieri
3272 734 3381 802 non

1816 841 2036 907 debere,
2086 849 2143 895 et
2189 840 2528 911 reparaverit
2554 855 2613 895 se
2642 855 2737 910 per
2770 856 2852 905 ea,
2906 857 3025 910 qua:
3054 842 3101 894 ci
3138 840 3381 893 nuntiata

1814 933 2034 988 fuerant
2060 932 2125 988 de
2153 931 2261 986 vita
2290 930 2510 1002 Ioseph,
2574 933 2769 987 dicitur
2802 933 2865 986 de
2901 948 2964 988 co
2996 934 3041 965 θλ
3074 951 3088 986 :
3134 932 3201 985 Et
3238 950 3386 987 reac-

1815 1024 1983 1078 cendit
2005 1024 2246 1094 spiritum
2271 1040 2423 1077 suum
2445 1021 2631 1088 Iacob,
2660 1033 2705 1076 et
2726 1022 2857 1075 dixit
2886 1020 3053 1075 Israel
3080 1039 3098 1075 :
3127 1021 3382 1093 Magnum

1820 1115 1946 1168 mihi
1968 1113 2315 1183 est,siadhuc
2336 1114 2475 1183 ﬁlius
2501 1130 2644 1167 meus
2664 1112 2857 1182 Ioseph
2884 1114 3022 1167 vivit.
3050 1113 3155 1167 Sed
3174 1114 3274 1169 hoc
3286 1113 3383 1168 ob-

1814 1208 2141 1261 servandum
2168 1216 2270 1273 est,
2295 1206 2422 1276 quia
2458 1204 2549 1276 qui
2586 1203 3169 1273 reaccenditspiritum
3205 1210 3382 1268 suum,

1811 1314 1933 1353 eum
1970 1296 2174 1355 scilicet
2201 1300 2291 1370 qui
2324 1312 2460 1369 pene
2514 1296 2797 1352 videbatur
2857 1301 3181 1359 exstinctus,
3211 1295 3384 1352 Iacob
3414 1304 3417 1307 ‘

1812 1376 2046 1457 dicitur;
2078 1389 2167 1446 ille
2198 1398 2376 1445 autem
2397 1390 2493 1459 qui
2522 1388 2691 1444 dicit:
2745 1386 2999 1459 Magnum
3038 1387 3165 1441 mihi
3194 1398 3291 1452 est,
3328 1376 3387 1441 si

1810 1483 1954 1553 filius
1980 1500 2124 1538 meus
2150 1481 2346 1553 Ioseph
2388 1483 2711 1553 vivit,'quasi
2762 1480 3070 1554 intelligens
3113 1490 3168 1537 et
3195 1481 3385 1537 videns

1811 1588 2062 1644 magnam
2089 1589 2210 1630 esse
2236 1574 2399 1629 vitam
2423 1590 2541 1644 quae
2562 1584 2647 1629 est
2670 1570 2723 1626 in
2747 1572 2966 1641 Ioseph,
2992 1571 3256 1643 spiritalis
3281 1574 3387 1627 iste

1810 1678 1920 1719 non
1944 1665 2056 1737 jam
2084 1664 2276 1731 Iacob,
2328 1664 2423 1720 sed
2468 1663 2638 1721 lsrael
2667 1665 2941 1729 scribitur,
2995 1673 3250 1735 tanquam
3290 1660 3385 1732 qui

1810 1769 1990 1813 mente
2037 1759 2219 1814 videat
2274 1773 2458 1813 veram
2507 1759 2696 1823 vitam,
2743 1753 2862 1827 qua:
2912 1766 2995 1812 est
3046 1771 3207 1811 verus
3240 1757 3383 1811 Deus

1808 1849 2081 1908 Christus.
2109 1850 2223 1906 Non
2251 1850 2427 1905 solum
2458 1859 2637 1904 autem
2669 1850 2734 1903 de
2770 1851 2871 1904 hoc
2902 1857 3079 1903 mutus
3104 1855 3207 1913 est,
3238 1847 3383 1917 quod

157 1947 335 2005 peccat,
365 1938 480 2007 ipsa
512 1940 767 1993 morietur
796 1940 860 1994 "’.
891 1940 996 1996 Sed
1024 1952 1079 1997 et
1105 1942 1354 1998 Susanna
1387 1949 1577 2001 eadem
1599 1924 1705 2002 do-
1736 1924 1780 1983 Β
1807 1943 2036 2009 audivit,
2058 1944 2187 2013 quia
2212 1942 2405 2013 Ioseph
2429 1943 2572 2012 ﬁlius
2597 1953 2717 1997 tuus
2741 1944 2859 1997 vivit
2887 1942 2966 2007 ";
3001 1942 3094 1996 sed
3121 1950 3176 1996 et
3196 1940 3261 1995 de
3289 1939 3383 1995 illo

156 2042 251 2094 cct,
275 2047 388 2087 Cum
416 2031 553 2086 dicit
578 2031 667 2088 λετ
704 2034 972 2107 Angustia:
1014 2037 1145 2091 mihi
1185 2048 1305 2093 sunt
1351 2040 1602 2110 undique.
1643 2040 1705 2097 Si
1736 2106 1741 2111 τ

155 2124 274 2175 enim
304 2122 393 2176 hoc
421 2122 613 2191 fecero,
642 2125 693 2179 id
719 2135 802 2181 est
829 2127 873 2182 si
902 2142 1220 2197 peccavero,
1262 2147 1401 2185 mors
1432 2132 1561 2185 mihi
1589 2143 1702 2199 est;
1742 2136 1743 2139 “

150 2223 195 2267 et
214 2215 255 2268 si
280 2231 375 2268 non
402 2214 599 2284 fecero,
628 2234 729 2272 non
750 2219 993 2291 eﬁ'ugiam
1039 2238 1227 2277 manus
1281 2234 1500 2279 vestras.
1540 2224 1703 2282 Vides

151 2320 264 2376 ergo
292 2315 345 2359 et
386 2306 560 2378 ipsam
614 2323 841 2368 mortem
870 2315 921 2369 in
966 2325 1190 2386 peccato
1214 2319 1479 2388 posuisse.
1516 2318 1621 2375 Sed
1649 2330 1705 2375 et

150 2393 209 2447 ad
236 2395 458 2464 primum
496 2398 769 2455 hominem
802 2418 831 2456 a
863 2403 975 2459 Deo
1005 2407 1217 2475 prolata
1269 2411 1564 2476 sententia,
1608 2427 1702 2466 ea-

149 2487 253 2541 dem
278 2488 540 2557 continet,
569 2507 689 2546 cum
715 2493 845 2551 dicit
869 2495 913 2529 δ’
944 2513 958 2550 :
986 2495 1101 2563 Qua
1129 2500 1213 2553 die
1257 2502 1699 2563 manducaveritis

146 2592 205 2629 ea
224 2593 296 2645 eo,
330 2586 500 2633 morte
528 2581 844 2637 moriemini.
875 2580 1069 2639 Statim
1098 2600 1331 2654 namque
1359 2598 1418 2642 ut
1443 2590 1703 2658 praevari-

146 2678 279 2724 catus
314 2680 393 2726 est
420 2673 762 2742 mandatum,
796 2685 1040 2732 mortuus
1064 2686 1167 2732 est.
1209 2677 1415 2734 Mortua
1448 2690 1531 2736 est
1552 2682 1697 2738 enim

146 2760 305 2815 anima
331 2779 450 2832 quae
481 2769 749 2835 peccavit,
788 2778 841 2822 et
875 2768 1124 2838 arguitur
1155 2785 1380 2841 serpens
1417 2771 1694 2843 fefellisse,

142 2853 221 2923 qui
247 2854 377 2909 dixit
406 2856 454 2889 ⁸⁸
515 2872 533 2911 :
579 2857 701 2914 Non
741 2871 908 2915 morte
951 2863 1266 2919 moriemini.
1305 2863 1370 2919 Et
1394 2866 1511 2922 haec
1543 2868 1609 2924 de
1632 2882 1698 2924 eo

142 2950 267 3014 quod
294 2948 505 3004 dictum
535 2960 620 3023 est
649 2967 677 3005 a
704 2951 827 3009 filiis
856 2952 1021 3009 lsrael
1059 2956 1125 3010 ad
1159 2956 1317 3027 100
1350 2957 1539 3025 Iacob,
1569 2959 1696 3031 quia

138 3034 312 3106 Ioseph
334 3038 483 3105 ﬁlius
517 3051 639 3095 tuus
670 3042 810 3097 vivit.
860 3044 1065 3110 Quibus
1096 3046 1291 3100 similia
1323 3048 1489 3103 etiam
1519 3050 1574 3105 in
1600 3065 1697 3121 po-

140 3128 435 3184 sterioribus
471 3129 808 3198 referuntur,
863 3147 985 3189 cum
1031 3133 1230 3190 dicitur
1252 3136 1296 3170 "
1330 3153 1345 3190 :
1379 3135 1447 3191 Et
1473 3140 1696 3194 resusci-

137 3226 263 3271 tatus
286 3229 359 3273 est
380 3230 606 3288 spiritus
632 3220 800 3277 Iacob
821 3225 989 3293 patris
1006 3240 1183 3279 eorum
1218 3239 1239 3278 :
1260 3236 1307 3281 et
1325 3228 1456 3282 dixit
1480 3228 1654 3286 lsrael
1672 3243 1692 3283 :

140 3306 372 3378 Magnum
396 3310 531 3365 mihi
553 3322 651 3378 est,
678 3314 725 3366 si
751 3315 922 3367 adhuc
948 3312 1142 3384 Ioseph
1184 3315 1327 3385 ﬁlius
1376 3334 1521 3375 meus
1548 3322 1692 3378 vivit.

135 3400 271 3464 Quod
303 3401 354 3455 in
380 3402 585 3458 Latino
634 3403 873 3460 dicitur:
906 3406 1266 3462 resuscitatus
1330 3418 1415 3464 est
1471 3410 1696 3480 spiritus

132 3498 255 3565 ejus,
284 3498 335 3551 iu
361 3497 559 3553 Graeco
613 3494 1031 3568 ἀνεζωπύρησεν
1060 3498 1325 3567 scriptum
1383 3512 1486 3555 est.
1541 3501 1693 3568 Quod

132 3604 227 3643 non
254 3601 357 3643 tam
390 3588 737 3652 resuscitari,
768 3604 931 3658 quam
961 3590 1265 3657 reaccendi,
1296 3599 1356 3645 ut
1384 3593 1457 3648 ita
1490 3594 1691 3665 dicam,

132 3681 402 3749 signiﬁcat,
450 3691 514 3736 et
574 3682 791 3751 reiguiri
824 3680 961 3753 (99).
1018 3682 1172 3749 Quod
1223 3682 1329 3738 dici
1382 3686 1540 3751 solet,
1569 3701 1690 3742 cum

128 3769 252 3828 forte
296 3774 350 3829 in
389 3772 582 3842 aliqua
625 3772 851 3827 materia
906 3772 1046 3841 ignis
1075 3787 1140 3827 eo
1176 3788 1349 3843 usque
1397 3775 1601 3843 deficit,
1635 3788 1693 3833 ut

128 3863 379 3934 exstingui
408 3863 686 3929 videatur,
709 3872 762 3918 et
791 3864 836 3918 si
870 3862 1011 3919 forte
1034 3862 1291 3920 fomentis
1315 3865 1574 3923 adhibitis
1605 3883 1691 3924 re-

132 3966 361 4022 paretur,
388 3969 729 4011 reaccensus
756 3955 978 4011 dicitur.
1037 3957 1146 4013 Aut
1170 3959 1214 4013 si
1244 3957 1479 4017 lucernae
1508 3961 1689 4020 lumen

127 4063 181 4101 eo
210 4063 376 4119 usque
408 4050 720 4119 perveniat,
760 4060 818 4105 ut
852 4059 1072 4120 putetur
1112 4054 1408 4125 exstingui,
1459 4058 1505 4113 si
1548 4058 1691 4115 forte

124 4139 288 4196 infuso
312 4141 435 4197 oleo
460 4144 844 4209 resuscitetur,
882 4144 1012 4199 licet
1060 4145 1239 4201 minus
1273 4147 1441 4217 polito
1478 4165 1691 4207 sermo-

128 4247 205 4295 ue,
238 4248 538 4289 reaccensa
574 4234 792 4290 lucerna
832 4236 1045 4293 dicitur.
1100 4237 1365 4295 Similiter
1390 4250 1444 4296 et
1466 4240 1531 4297 de
1560 4244 1691 4298 lam-

124 4324 261 4391 pade,
296 4325 531 4380 velaliis
559 4326 931 4396 hujuscemodi
958 4312 1255 4385 luminibus
1292 4332 1674 4402 appellabitur.

124 4413 238 4469 Tale
264 4431 394 4486 ergo
418 4417 632 4487 aliquid
657 4428 727 4471 et'
745 4419 800 4471 in
823 4417 991 4475 Iacob
1028 4420 1270 4477 indicare
1302 4422 1578 4479 videbitur
1600 4425 1688 4480 hic

120 4522 305 4575 sermo,
332 4514 487 4582 quod
521 4514 696 4569 donec
728 4513 885 4586 longe
908 4515 1009 4571 fuit
1037 4519 1104 4572 ab
1129 4514 1327 4587 Ioseph
1355 4527 1410 4573 et
1461 4536 1573 4576 non
1604 4531 1687 4576 est

1811 2030 2072 2098 maxime,
2096 2034 2239 2105 quod
2266 2034 2641 2089 annuntiatum
2668 2042 2751 2088 est
2776 2033 2846 2099 ei,
2876 2033 3001 2104 quia
3048 2033 3162 2103 ipse
3192 2033 3262 2087 sit
3287 2034 3380 2103 qui

1809 2124 2173 2194 principatum
2204 2134 2389 2180 teneat
2443 2128 2605 2180 totius
2647 2122 2888 2196 Egypti.
2940 2122 3051 2179 lloc
3077 2125 3218 2179 enim
3255 2136 3383 2178 vere

1809 2235 2063 2289 magnum
2119 2228 2202 2275 est
2248 2219 2319 2286 ei,
2365 2220 2507 2290 quod
2551 2219 2605 2274 in
2658 2219 2918 2275 ditionem
2972 2230 3123 2273 suam
3173 2216 3380 2286 redegit

1806 2308 2121 2383 Egyplum.
2175 2308 2399 2365 Calcare
2452 2310 2598 2365 enim
2646 2309 2947 2376 libidinem,
2996 2307 3183 2380 fugere
3224 2308 3382 2361 luxu-
3430 2386 3433 2389 _

1807 2404 1969 2470 riam,
2016 2416 2312 2473 omnesque
2371 2402 2671 2473 voluptates
2726 2403 2970 2473 corporis
3029 2418 3274 2474 premere
3310 2418 3379 2459 ac
3429 2394 3438 2404 “

1807 2497 2047 2565 frenare,
2078 2497 2183 2554 hoc
2213 2502 2296 2553 est
2323 2498 2685 2568 principatum
2717 2511 2912 2567 gerere
2938 2497 3102 2553 totius
3132 2495 3378 2568 Egypti.
3433 2560 3437 2566 ,

1809 2591 1873 2646 Et
1906 2593 2009 2647 hoc
2031 2600 2117 2649 est
2151 2594 2291 2663 quod
2317 2592 2454 2663 apud
2486 2589 2652 2645 lsrael
2680 2607 2935 2662 magnum
2963 2592 3207 2659 ducitur,
3231 2600 3287 2646 et
3320 2590 3377 2646 in
3432 2582 3437 2589 ’

1804 2684 2166 2741 admiratione
2193 2686 2442 2742 habetur.
2502 2687 2560 2742 Si
2587 2687 2707 2756 quis
2738 2700 2865 2741 vero
2906 2694 3009 2752 est,
3051 2687 3140 2756 qui
3196 2684 3378 2756 aliqua

1804 2774 2023 2846 quidem
2052 2777 2182 2832 vitia
2238 2766 2487 2847 cor’poris
2511 2778 2781 2847 subjuget,
2813 2776 2937 2832 aliis
2963 2792 3091 2832 vero
3138 2776 3297 2831 cedat
3323 2785 3380 2830 et
3435 2764 3439 2768 ’

1803 2869 2101 2940 subiaceat,
2123 2870 2191 2927 de
2227 2871 2332 2927 isto
2367 2887 2473 2928 non
2511 2873 2718 2942 integre
2749 2868 2947 2926 dicitur
3010 2868 3137 2943 quia
3170 2870 3377 2940 princi-

1801 2969 1989 3034 patum
2011 2963 2123 3036 agit
2154 2964 2319 3021 totius
2350 2974 2508 3021 terra:
2560 2963 2804 3037 Egypti,
2837 2966 2951 3032 sed,
2987 2965 3136 3020 verbi
3187 2979 3373 3032 causa,
3412 3010 3415 3011 ν

1802 3056 1960 3111 unius
1984 3055 2144 3123 forte,
2184 3068 2277 3112 aut
2305 3058 2553 3123 duarum,
2582 3058 2665 3114 vel
2693 3058 2856 3112 trium
2907 3057 3188 3112 civitatum
3224 3056 3377 3113 vide—
3418 3042 3421 3045 5

1801 3145 1949 3200 bitur
2005 3160 2195 3217 gerere
2244 3148 2632 3218 principatum.
2681 3147 2882 3219 Ioseph
2916 3164 3064 3216 vero,
3106 3148 3193 3204 cui
3226 3146 3373 3201 nulla

1802 3236 2044 3305 corporis
2092 3236 2258 3293 libido
2300 3237 2580 3294 dominata
2633 3249 2735 3309 est,
2783 3240 2949 3296 totius
2975 3236 3190 3311 Egypli
3214 3237 3370 3308 prin-

1798 3341 1923 3397 ceps
1951 3335 2005 3383 et
2054 3326 2308 3384 dominas
2360 3326 2484 3384 fuit.
2530 3328 2670 3386 Dicit
2718 3346 2852 3401 ergo
2903 3344 3009 3384 non
3037 3328 3148 3398 jam
3181 3324 3383 3389 Iacob,

1796 3424 1889 3478 sed
1940 3418 2103 3477 lsrael
2144 3437 2440 3479 reaccenso
2471 3422 2663 3493 spiritu
2694 3440 2707 3477 :
2745 3422 3000 3494 Magnum
3032 3421 3161 3474 mihi
3191 3429 3291 3488 est,
3326 3422 3384 3474 si.
3436 3410 3439 3415 λ

1796 3514 1968 3564 adhuc
1989 3510 2180 3581 Ioseph
2208 3513 2349 3580 ﬁlius
2375 3529 2517 3569 meus
2540 3516 2680 3581 vivit,
2722 3517 2806 3569 ibo
2835 3524 2881 3567 et
2910 3513 3091 3568 videbo
3132 3530 3251 3567 eum
3275 3529 3383 3566 att--

1796 3612 2004 3674 tequam
2052 3607 2274 3660 moriar.
2322 3606 2427 3661 Sed
2485 3622 2553 3662 ne
2586 3607 2689 3661 hoc
2722 3606 2937 3679 quidem
2971 3606 3147 3659 otiose
3201 3603 3370 3659 relin-

1794 3696 2063 3765 quendum
2096 3705 2201 3763 est,
2233 3697 2378 3768 quod
2408 3715 2512 3754 non
2534 3699 2791 3763 animam,
2818 3698 2913 3753 sed
2946 3696 3220 3766 spiritum,
3247 3704 3365 3748 tau-

1794 3801 1952 3856 quam
1986 3786 2266 3844 meliorem
2299 3789 2381 3844 sui
2436 3798 2669 3859 partem,
2727 3788 3136 3853 resuscitatum,
3165 3785 3251 3841 vel
3278 3801 3365 3843 re-

1796 3893 2084 3935 acccnsum
2113 3882 2264 3936 dicit.
2297 3881 2567 3951 Splendor
2599 3881 2800 3936 etenim
2849 3880 3010 3945 lucis,
3043 3880 3135 3950 qui
3164 3887 3281 3933 erat
3310 3881 3367 3933 in

1793 3985 1879 4037 eo,
1903 3972 2067 4026 etiam
2096 3973 2140 4027 si
2175 3973 2477 4027 exstinctus
2506 3972 2557 4025 in
2590 3987 2655 4027 eo
2690 3973 2905 4041 penitus
2940 3986 3048 4026 non
3079 3980 3163 4026 est
3188 4011 3203 4037 ,
3238 3980 3367 4025 tunc

1792 4079 1914 4119 cum
1940 4065 2255 4120 obtulerunt
2283 4066 2373 4120 lilii
2407 4067 2523 4134 ejus
2557 4066 2797 4120 tunicam
2825 4065 3042 4133 Ioseph,
3069 4065 3211 4120 licedi
3238 4080 3365 4118 san-

1793 4154 1955 4224 guine
1987 4154 2333 4221 maculatam,
2379 4157 2473 4211 sed
2520 4156 2801 4213 mendacio
2843 4172 3029 4212 eorum
3060 4146 3365 4226 decipi'po-

1794 4247 1914 4309 tuit,
1948 4247 2020 4300 ita
2077 4255 2136 4300 ut
2184 4248 2457 4303 scinderet
2505 4248 2827 4303 vestimenta
2875 4264 2993 4315 sua,
3040 4258 3094 4302 ct
3134 4257 3365 4317 poneret

1790 4351 2007 4390 saccum
2032 4351 2196 4406 super
2220 4337 2456 4393 lumbum
2482 4350 2732 4407 suum,ct
2752 4340 2961 4409 lugeret
2983 4338 3153 4391 lilium
3180 4354 3362 4403 suum,

1791 4444 1887 4482 nec
1916 4428 2082 4483 vellet
2110 4430 2331 4485 omnino
2362 4433 2655 4497 consolari,
2708 4431 2802 4486 sed
2845 4432 3083 4495 diceret,
3119 4429 3246 4500 quia
3271 4430 3364 4483 de-
3447 4420 3451 4425 ’

1765 4522 1975 4574 ’δοεηάο
2009 4524 2076 4576 ad
2107 4521 2272 4592 tilium
2304 4539 2473 4578 meum
2516 4524 2695 4594 lugens
2737 4524 2789 4577 in
2831 4521 3093 4591 infernum
3121 4521 3196 4587 ⁶⁶;
3233 4526 3362 4576 tanc
3418 4514 3419 4517 “

119 4605 161 4654 ei
182 4607 562 4662 aimuntiatum
592 4609 659 4663 de
704 4611 810 4664 vita
857 4608 995 4677 ejus,
1028 4611 1194 4665 veluti
1234 4610 1505 4667 defecerat
1530 4613 1583 4667 in
1620 4628 1684 4668 eo
1718 4628 1761 4683 ι)
1790 4611 2049 4681 etiamsi,
2094 4620 2152 4666 ut
2183 4612 2442 4679 diximus,
2477 4629 2581 4667 non
2613 4620 2732 4666 erat
2772 4612 2989 4681 penitds
3032 4594 3357 4664 exstinctum

116 4694 325 4762 spiritus
349 4697 498 4767 ejus,
534 4709 589 4753 et
614 4700 792 4756 lumen
827 4704 968 4771 quod
998 4703 1048 4757 in
1098 4702 1216 4772 ipso
1248 4702 1378 4766 fuit,
1426 4704 1683 4760 fomentis

117 4786 489 4845 deﬁcientibus
511 4792 623 4860 jam
654 4792 831 4847 fuerat
879 4793 1249 4849 obscuratum.
1288 4792 1387 4851 Ubi
1420 4811 1550 4850 vero
1591 4811 1682 4851 ve-

116 4889 315 4947 nerunt,
346 4883 441 4953 qui
469 4885 522 4939 ci
552 4886 939 4939 annuntiarent
964 4886 1029 4941 de
1050 4888 1157 4939 vita
1189 4887 1329 4955 eius,
1373 4887 1426 4942 id
1456 4890 1539 4941 est
1586 4890 1680 4956 qui

115 4971 363 5041 dicerent,
404 4976 541 5045 quia
565 4976 673 5031 vita
698 4985 809 5030 erat
836 4976 927 5029 tua:
948 4979 1219 5032 hominum
1244 4979 1313 5041 ",
1373 4981 1683 5034 reaccendit

113 5062 158 5115 in
181 5078 236 5120 se
265 5068 530 5136 spiritum
561 5085 742 5133 suum,
769 5079 823 5125 et
866 5079 1149 5141 reparatus
1173 5080 1256 5124 est
1286 5072 1336 5123 in
1389 5082 1452 5125 eo
1505 5069 1682 5141 fulgor

112 5155 318 5214 luminis
350 5160 493 5215 veri.
1524 5154 1527 5159 ’

171 5250 220 5304 5.
262 5252 418 5320 Quod
486 5264 673 5309 autem
727 5258 895 5326 possit
952 5258 1224 5311 interdum
1272 5258 1490 5314 divinus
1538 5259 1680 5329 ignis

109 5343 364 5413 exstingui
390 5347 569 5400 etiam
602 5348 656 5401 in
689 5353 891 5403 sanctis
913 5358 967 5402 et
998 5349 1267 5413 fidelibus,
1310 5350 1431 5403 audi
1466 5358 1681 5419 aposto-

111 5427 203 5484 lum
225 5434 457 5491 Paulum
489 5441 889 5509 pracipientem
915 5442 1025 5503 liis,-
1052 5442 1145 5510 qui
1190 5444 1328 5497 dona
1357 5444 1592 5514 Spiritus
1625 5452 1680 5498 et

1792 4704 1844 4755 in
1878 4718 1942 4757 eo
1970 4703 2170 4767 lumen,
2198 4704 2437 4758 maxima
2470 4714 2648 4759 tamen
2685 4718 2749 4758 ex
2776 4712 2931 4772 parte
2960 4701 3138 4756 fuerat
3160 4700 3357 4755 obscu-

1788 4803 1992 4859 ratum,
2029 4795 2171 4863 quod
2222 4794 2394 4863 decipi
2431 4796 2623 4864 potuit,
2673 4797 2817 4864 quod
2846 4793 3168 4849 vestimenta
3213 4792 3359 4847 scin-

1790 4887 1937 4951 dere,
1970 4887 2112 4954 quod
2163 4886 2300 4941 falso
2349 4887 2549 4956 lugere,
2611 4890 2752 4956 quod
2794 4888 3082 4957 implorare
3104 4895 3355 4947 mortem,

1791 4977 1933 5047 quod
1958 4976 2010 5032 in
2044 4977 2315 5032 infernum
2348 4988 2571 5048 cuperet
2595 4979 2824 5048 lugendo
2846 4978 3199 5033 descendere.
3220 4976 3355 5030 Pro-i

1790 5077 1911 5139 pter
1936 5070 2051 5124 haéc
2081 5083 2210 5137 ergo
2241 5070 2385 5123 nunc
2415 5071 2702 5124 resuscitat
2755 5080 2809 5123 ct
2848 5067 3156 5123 redcceudit
3196 5065 3357 5135 spiri—

1792 5172 1902 5216 tum
1938 5176 2116 5227 suum,
2146 5161 2273 5232 quia
2315 5176 2659 5233 consequens
2688 5173 2830 5227 erat,
2870 5168 2927 5215 ut
2974 5161 3180 5225 lumen,
3213 5161 3356 5230 quod

1792 5257 1841 5309 in
1866 5270 1931 5310 eo
1962 5256 2348 5310 obscuraverat
2374 5256 2523 5310 fraus
2554 5256 2847 5319 mendacii,
2883 5253 3270 5310 reaccendcret
3300 5260 3354 5303 et

1790 5350 2057 5405 refoveret
2085 5350 2328 5405 veritatis
2354 5348 2589 5404 auditus.

1857 5443 1909 5498 4.
1951 5443 2147 5499 Verum
2178 5444 2303 5513 quia
2335 5443 2589 5510 diximus,
2612 5441 2755 5511 quod
2783 5437 2949 5495 Iacob
2972 5446 3053 5494 cst
3084 5435 3172 5505 qui
3201 5446 3351 5487 reac-

168 5594 208 5665 ‘_'
245 5593 452 5651 Ezccli.
494 5612 653 5662 xvnt,
686 5597 740 5653 6.
814 5597 860 5665 5°
886 5600 1019 5653 Dan.
1048 5614 1165 5663 xm,
1212 5566 1313 5654 '22.
1386 5598 1429 5630 δ’
1463 5598 1659 5665 Genes.

1807 5599 1891 5652 l7.
1967 5600 2012 5631 ⁵ο
2040 5597 2241 5655 Genes.
2275 5614 2358 5661 Ill,
2382 5598 2437 5651 4.
2514 5597 2912 5661 ³¹ϐθηεειιιη
2945 5592 3039 5648 27.
3109 5588 3157 5624 ⁸³
3187 5584 3344 5641 Ioan.

108 5678 139 5727 ι,
172 5662 220 5717 4.
296 5666 342 5698 ⁸³
394 5666 415 5719 ι
456 5666 653 5722 Thess.
682 5684 733 5733 v,
763 5664 847 5723 l9.
924 5668 970 5700 "
1018 5662 1213 5724 Cenes.
1264 5685 1387 5733 ην,
1433 5669 1523 5734 ῃ,
1557 5664 1645 5722 28.
1724 5670 1767 5749 _”
1804 5669 1960 5736 ibid.,
1990 5670 2081 5728 26.
2157 5670 2201 5701 ⁸⁸
2227 5670 2420 5725 ches.
2458 5684 2664 5733 XXXVII,
2693 5668 2781 5721 55.

300 5784 471 5859 Mss,
507 5784 715 5847 viveret,
749 5788 903 5859 alius,
927 5788 1143 5843 vivebat.

168 5851 272 5923 (99)
300 5853 469 5919 Editi,
515 5851 1003 5928 resuscitareqnam
1048 5860 1447 5915 reuccemlere...
1480 5871 1523 5913 et
1561 5862 1801 5931 reignit'e.
1833 5855 1902 5913 At
1933 5874 2060 5915 mss.
2094 5867 2152 5914 ut
2180 5856 2230 5911 in
2252 5866 2452 5913 nostro
2486 5866 2657 5910 testu.
