3902 6516
499 478 607 542 eis

2001 472 2325 531 ORIGENIS

3628 474 3707 535 ω

496 604 684 661 Calidi!
722 605 969 677 spiritum
998 618 1194 667 suum;
1243 600 1409 657 Israel
1444 613 1577 657 vero
1621 607 1729 664 est,
1762 597 1855 669 qui
1911 593 2079 650 dicit:
2112 592 2159 650 Α
2188 589 2372 654 dabat,
2407 585 2573 644 Israel
2601 585 3001 671 appellabatur.
3032 585 3179 643 Sane
3210 587 3353 658 quod
3384 588 3584 660 dicitur,
3606 600 3702 664 quia

500 698 661 767 {lugu
678 716 765 753 um
784 699 914 752 mihi
939 707 1038 765 est,
1060 698 1107 751 si
1132 697 1305 751 adhuc
1350 696 1492 750 filius
1521 711 1666 749 meus
1694 692 1890 761 Ioseph
1938 692 2086 756 vivit,

498 802 652 857 ιεςιιεδ
717 802 770 845 et
800 800 878 856 tu,
906 790 999 860 qui
1054 790 1169 844 haec
1221 788 1397 853 audis,
1429 787 1697 857 incipiens
1737 786 1805 840 ab
1838 799 1903 839 eo
1943 783 2086 848 loco,

497 882 583 932 ubi
612 881 887 948 scriptum
911 890 996 936 est
1027 881 1096 947 ⁸⁷,
1115 880 1238 950 quia
1271 880 1407 933 dixit
1444 880 1511 941 ei,
1540 878 1657 933 Iam
1685 894 1787 932 non
1810 876 1976 932 ,Ιαεοὺ
1998 894 2089 930 vo-

494 969 713 1024 rabitur
753 987 943 1025 nomen
989 979 1159 1031 luunt.
1192 970 1284 1024 sed
1328 968 1519 1033 Israel,
1545 968 1670 1039 quia
1703 967 1977 1021 itwaluisti
2016 969 2086 1022 ad

497 1062 697 1128 il‘eum,
729 1074 777 1117 et
820 1080 939 1117 cum
975 1063 1269 1117 hominibus
1308 1072 1488 1132 potens
1528 1062 1701 1131 [actus
1734 1077 1786 1115 es
1799 1076 1820 1125 ;
1866 1076 2082 1116 omnem

495 1158 507 1203 ε
543 1156 843 1226 cripturam
882 1158 1202 1222 decurrens,
1236 1158 1483 1213 invenire
1512 1157 1671 1224 hujus
1698 1157 1945 1213 vocabuli
1980 1157 2086 1211 dil-

500 1246 816 1304 ferentiam.
849 1245 1007 1301 Verbi
1036 1262 1221 1314 causa,
1252 1262 1375 1302 cum
1407 1248 1541 1303 dicit
1567 1248 1652 1302 “z
1690 1249 1962 1305 Aunuutia
1984 1249 2083 1302 mi-

498 1338 552 1391 hi
576 1354 764 1394 nomen
795 1350 964 1404 tuum,
992 1340 1079 1395 hic
1104 1340 1151 1396 is
1177 1341 1267 1410 qui
1295 1341 1508 1411 ignorat
1541 1356 1763 1408 nomen,
1785 1357 1890 1396 non
1912 1340 2080 1397 Israel

497 1444 621 1484 esse
646 1430 868 1495 dicitur,
894 1432 987 1486 sed
1010 1429 1200 1488 Iacob.
1230 1432 1332 1488 Ubi
1364 1448 1495 1489 vero
1519 1450 1622 1488 non
1655 1434 1816 1488 edunt
1843 1450 2077 1499 nervum,

496 1524 589 1594 qui
618 1523 882 1592 obstupuit
941 1525 998 1579 in
1048 1526 1328 1580 latitudine
1383 1526 1598 1595 femoris
1651 1527 1973 1598 patriarcha:
2008 1528 2075 1594 ⁵⁹,

498 1630 607 1670 non
645 1614 742 1670 lilii
788 1614 982 1681 Iacob,
1030 1617 1126 1671 sed
1174 1616 1271 1671 lilii
1304 1616 1468 1672 Israel
1513 1633 1636 1673 esse
1670 1619 1949 1672 dicuntur.
1981 1617 2078 1673 Ille

496 1716 627 1756 vero
652 1703 741 1771 qui
777 1703 1099 1773 respiciens,
1138 1704 1275 1759 vidit
1304 1704 1448 1760 Esau
1486 1707 1816 1770 venientem,
1867 1717 2073 1764 etcum

497 1792 616 1861 ipso
641 1794 1069 1865 quadringentos
1102 1796 1271 1864 viros,
1307 1809 1360 1854 et
1386 1799 1638 1854 adoravit
1671 1802 1875 1870 septies
1898 1800 2073 1857 forni-

494 1898 762 1955 catorem,
812 1900 867 1947 et
920 1892 1231 1962 profanum,
1281 1902 1334 1948 et
1372 1907 1494 1948 eum
1532 1894 1626 1964 qui
1657 1910 1757 1965 pro
1808 1911 1912 1950 una
1946 1910 2070 1951 esca

492 1983 739 2038 vendidit
785 1960 1145 2057 primogenita
1202 2001 1321 2048 sua,
1372 2002 1479 2041 non
1531 1960 1719 2046 Israel.
1775 1988 1869 2042 sed
1903 1987 2075 2044 Iacob
2107 1960 2152 2015 Β

491 2071 708 2127 dicitur.
762 2072 867 2129 Sed
912 2082 1115 2130 etcum
1150 2077 1198 2132 ei
1242 2074 1401 2131 olI‘ert
1432 2078 1606 2144 dona,
1658 2086 1712 2132 et
1735 2079 1866 2134 dicit
1894 2078 1981 2134 “:
2014 2078 2072 2134 Si

490 2166 668 2220 inveni
686 2168 913 2236 gratiam
940 2186 1115 2224 coram
1150 2180 1221 2233 te,
1249 2172 1452 2237 suscipe
1477 2171 1590 2225 [uec
1614 2188 1835 2225 munera
1860 2172 1926 2226 de
1954 2189 2070 2226 nta-

489 2256 644 2310 nibus
677 2259 821 2321 meis,
858 2271 1071 2330 propter
1097 2266 1237 2332 quod
1267 2261 1372 2316 vidi
1401 2261 1591 2331 facient
1614 2273 1783 2326 luant,
1809 2265 1945 2319 sicut
1976 2269 2069 2337 qui

483 2347 621 2402 videt
642 2349 834 2419 faciem
863 2352 1000 2417 Dei;
1038 2354 1127 2408 hic
1156 2370 1262 2409 non
1294 2368 1413 2411 erat
1442 2358 1631 2426 Israel,
1663 2362 1757 2419 sed
1788 2363 1977 2421 Iacob.
2002 2364 2071 2419 Et

485 2442 575 2497 ubi
602 2444 959 2514 audivitquia
987 2448 1358 2503 contaminata
1398 2460 1483 2507 est
1518 2455 1649 2509 Dina
1691 2456 1804 2511 lilia
1835 2457 1974 2529 ejus,
2011 2468 2070 2514 et

485 2534 653 2589 tacuit
704 2532 907 2603 Iacob,
970 2555 1256 2611 usquequo
1329 2548 1687 2603 convenirent
1750 2550 1841 2604 lilii
1905 2549 2064 2620 ejus;

485 2641 591 2681 non
649 2627 849 2683 dicitur
878 2630 1065 2689 Israel.
1097 2633 1205 2689 Sed
1260 2646 1316 2691 et
1344 2646 1425 2707 tu,
1489 2652 1548 2695 ut
1586 2642 1727 2708 dixi,
1788 2644 1986 2699 similia
2019 2645 2064 2701 si

479 2895 530 2949 si
574 2896 749 2951 adhuc
796 2899 940 2968 ﬁlius
1011 2922 1157 2963 meus
1208 2907 1403 2980 Ioseph
1458 2880 1606 2971 vivii.
1659 2916 1769 2973 Sed
1829 2880 2061 2976 elicita;

486 2986 640 3057 ιοι
674 2991 906 3051 venitad
944 3010 1166 3067 puteum
1201 3001 1528 3071 Iuramenti,
1560 3016 1617 3063 et
1657 3009 1817 3065 olI'ert
1843 3013 2051 3070 hostias

479 3074 594 3137 Deo
625 3081 797 3155 patris
826 3087 908 3141 sui
932 3084 1106 3154 Isaac,
1140 3106 1245 3145 uou
1278 3089 1449 3149 Iacob
1484 3095 1705 3161 dicitur,
1739 3098 1835 3153 sed
1873 3098 2059 3156 Israel.

481 3171 684 3228 Verum
712 3177 757 3231 si
810 3178 1058 3247 requiras
1084 3222 1100 3248 ,
1133 3197 1236 3237 cur
1266 3182 1321 3238 in
1369 3185 1489 3241 visu
1538 3197 1696 3245 nocte
1727 3187 1957 3260 loquens
1993 3191 2060 3246 ad

2196 682 2529 753 sepelierunt
2554 682 2864 751 sepultores
2885 670 3102 753 Egypti
3126 697 3230 736 non
3254 680 3436 748 Iacob,
3456 686 3542 741 sed
3561 683 3707 756 Israel,

2194 778 2419 846 grandis
2450 777 2669 834 videtur
2688 778 2938 848 quaestio.
2971 776 3079 832 Sed
3109 791 3211 846 ego
3236 776 3484 841 arbitror,
3514 782 3634 848 quod
3654 784 3704 837 il-

2194 869 2372 924 lorum
2402 871 2455 924 in
2482 870 2588 925 hoc
2615 869 2804 925 vitium
2826 877 3153 940 exponatur,
3175 867 3392 938 quibus,
3419 883 3509 939 pro
3528 876 3708 943 eoquod

2192 977 2393 1018 exosus
2423 971 2511 1017 est
2541 964 2720 1018 omnis
2778 962 3085 1018 intellectus
3122 962 3387 1016 bonorum
3414 999 3430 1025 ,
3475 971 3526 1017 et
3568 968 3705 1020 omnis

2191 1058 2535 1128 perspicacia
2562 1057 2937 1129 intelligentiae
2970 1055 3230 1118 caelestis,
3262 1053 3425 1110 Israel
3474 1054 3535 1109 ab
3554 1057 3621 1114 eis
3641 1075 3706 1115 se-

2189 1152 2348 1222 peliri
2380 1152 2628 1220 dicatur;
2660 1153 2787 1223 quia
2821 1151 2962 1222 apud
2992 1150 3187 1221 impios
3209 1149 3386 1205 sancti
3412 1149 3591 1205 mortui
3611 1164 3705 1209 sunt

2188 1256 2243 1301 et
2275 1234 2495 1317 sepulti.
2528 1246 2654 1300 Haec
2708 1245 2763 1299 in
2795 1252 3057 1314 quantum
3096 1244 3165 1309 ad
3196 1256 3437 1311 praesens
3463 1256 3705 1301 occurrere

2188 1339 2364 1408 potuit
2394 1339 2459 1393 de
2489 1336 2791 1394 differentia
2824 1335 2993 1392 Iacob
3025 1344 3080 1391 et
3104 1334 3297 1401 Israel,
3329 1348 3605 1393 memorata
3623 1339 3706 1396 sint

2187 1430 2364 1486 nobis.

2257 1522 2311 1576 5.
2344 1522 2577 1595 Dignum
2601 1536 2733 1577 sane
2773 1531 2895 1593 post
2921 1522 3037 1578 haec
3069 1520 3287 1575 videtur
3314 1519 3509 1575 intueri
3534 1531 3581 1576 et
3608 1537 3703 1592 pro-

2185 1617 2422 1684 spicere,
2451 1629 2571 1683 que:
2600 1614 2670 1668 ad
2705 1614 2882 1683 ipsum
2926 1613 3070 1669 Deus
3093 1612 3374 1683 loquatur,
3408 1620 3460 1666 et
3484 1614 3704 1680 quomodo

2182 1720 2329 1770 enni,
2361 1704 2510 1763 velut
2539 1706 2607 1759 ad
2633 1704 2901 1774 quosdam
2942 1718 3147 1776 agones
3177 1701 3590 1774 proﬁciscentem
3612 1719 3706 1759 cor-

2183 1798 2456 1853 roborans
2507 1807 2560 1853 et
2605 1797 2924 1863 cohortans,
2959 1797 3142 1852 mittat
3188 1798 3257 1852 ad
3292 1795 3590 1867 JEgyptum.
3639 1797 3706 1853 Ait

2181 1890 2329 1945 enim
2353 1888 2439 1945 ’δε
2474 1887 2604 1944 Noli
2630 1891 2813 1944 timere
2851 1890 3167 1944 descendere
3207 1890 3263 1943 in
3311 1885 3606 1959 diggptum,
3628 1889 3704 1945 hoc

2181 1982 2520 2038 estdicere:
2563 1982 2966 2054 Cougressurus
3018 1982 3283 2037 adversus
3335 1981 3643 2050 principatus
3666 1992 3707 2039 et

2180 2082 2501 2143 potestates,
2527 2082 2583 2127 et
2608 2075 2872 2128 adversus
2910 2071 3099 2127 mundi
3128 2069 3286 2140 hujus
3319 2069 3435 2139 (qui
3464 2068 3706 2139 ﬁguraliter

2179 2165 2452 2243 Egyptus
2479 2166 2787 2238 appellatur
2812 2167 2831 2237 )
2863 2175 3106 2221 rectores
3157 2164 3503 2219 tenebrarum
3534 2161 3706 2228 harum,

2178 2262 2288 2316 noli
2323 2263 2538 2328 timere,
2575 2261 2681 2318 noli
2710 2262 3003 2332 trepidare.
3027 2259 3182 2327 Quod
3218 2259 3260 2313 si
3289 2265 3344 2314 et
3373 2272 3579 2313 causam
3600 2258 3705 2312 scire

2123 2348 2125 2355 ⁴
2176 2355 2259 2409 vis
2296 2367 2398 2409 cur
2452 2355 2648 2410 timere
2704 2369 2810 2409 nou
2863 2352 3105 2419 debeas,
3160 2352 3284 2405 audi
3335 2350 3702 2420 promissionem

2176 2465 2355 2505 meam
2392 2450 2437 2482 ⁸⁸
2470 2465 2486 2507 :
2517 2448 2588 2502 In
2631 2460 2837 2520 gentem
2867 2446 3010 2503 enim
3042 2461 3291 2517 magnam
3322 2444 3516 2514 faciam
3562 2455 3604 2499 te
3634 2444 3703 2511 ibi,

2174 2553 2223 2599 et
2256 2544 2573 2598 descendam
2603 2554 2771 2597 tecum
2811 2538 2870 2594 in
2890 2539 3183 2611 ﬁgyptum
3207 2581 3223 2606 ,
3276 2551 3322 2595 et
3368 2555 3459 2610 ego
3504 2547 3548 2591 te
3588 2553 3705 2590 reso-

2174 2630 2304 2690 cabo
2337 2637 2459 2690 inde
2486 2636 2541 2689 in
2578 2634 2765 2703 ﬁnem.
2816 2631 2933 2688 Non
2964 2648 3094 2701 ergo
3130 2634 3284 2687 timet
3317 2632 3629 2687 deScendere
3664 2631 3703 2684 in

2172 2725 2469 2798 Egyptum
2495 2768 2511 2795 ,
2546 2740 2654 2781 non
2687 2725 2842 2780 timet
2890 2739 3093 2795 agones
3125 2723 3282 2793 hujus
3323 2722 3511 2776 mundi
3542 2730 3589 2775 et
3630 2720 3703 2774 ob-

2170 2819 2481 2874 sistentium
2511 2817 2813 2873 daemonum
2842 2815 3028 2873 subire
3062 2814 3364 2871 certamina
3388 2855 3406 2879 ,
3463 2829 3575 2869 cuni
3623 2826 3704 2881 quo

2171 2909 2225 2963 iu
2255 2924 2457 2981 agones
2503 2908 2847 2965 descenderit
2887 2908 3051 2963 Deus.
3081 2905 3326 2977 Denique
3375 2906 3499 2960 audi
3527 2912 3701 2975 aposto«

2169 3000 2282 3056 lum
2307 3000 2529 3057 Paulum
2553 3001 2823 3056 dicentem
2849 3016 2864 3055 :
2894 3000 3152 3069 Amplius,
3184 2998 3363 3069 inquit
3389 2997 3454 3063 “,
3476 3014 3559 3068 ego
3581 3013 3702 3066 quasi

2169 3112 2348 3152 omnes
2374 3094 2454 3150 illi
2480 3095 2739 3159 laboravi,
2772 3111 2877 3149 non
2905 3105 3080 3148 autem
3132 3110 3224 3163 ego
3253 3133 3269 3158 ,
3303 3093 3400 3147 sed
3444 3090 3602 3162 gratia
3629 3089 3701 3143 Dei

2170 3206 2397 3245 mecum.
2430 3188 2539 3244 Sed
2584 3203 2708 3243 cum
2741 3186 3131 3259 Hierosolymis
3160 3188 3427 3242 adversus
3451 3201 3566 3240 eum
3588 3198 3702 3238 com~

479 3280 603 3319 eum
630 3266 794 3335 Deus,
812 3284 919 3323 non
952 3270 1083 3325 dicit
1105 3270 1295 3341 Israel,
1321 3275 1417 3331 sed
1449 3275 1640 3344 Iacob,
1673 3278 1812 3334 forte
1840 3291 2064 3352 propter
2093 3318 2140 3380 Ο
2171 3292 2317 3338 mota
2354 3280 2551 3337 luisset
2578 3281 2778 3337 seditio
2801 3320 2819 3348 ,
2869 3290 2924 3337 et
2950 3294 3178 3351 agonem
3234 3278 3587 3335 clarissimum
3630 3291 3703 3345 pro

482 3358 612 3419 hoc.
649 3360 776 3428 quia
802 3376 906 3415 nox
934 3372 1076 3428 erat,
1110 3374 1163 3418 et
1186 3365 1364 3421 adhuc
1384 3382 1482 3438 per
1512 3369 1710 3437 visum,
1741 3380 1795 3426 et
1826 3374 2063 3429 nondum

477 3448 657 3518 palam
682 3466 867 3508 vocem
894 3453 985 3509 Dei
1010 3456 1201 3511 audire
1233 3458 1565 3515 merebatur.
1590 3461 1658 3517 Et
1676 3477 1801 3518 cum
1824 3463 1991 3520 intrat
2008 3466 2064 3521 in

474 3542 794 3615 Egyptum,
829 3564 932 3602 non
968 3547 1158 3617 Israel,
1182 3552 1277 3607 sed
1306 3551 1475 3609 Iacob
1497 3554 1719 3624 dicitur,
1751 3566 1805 3612 et
1828 3558 1921 3612 lilii
1946 3557 2063 3627 ejus

475 3652 601 3691 cum
633 3638 775 3708 ipso,
797 3650 853 3695 et
882 3655 1005 3696 cum
1028 3652 1136 3698 stat
1159 3652 1287 3700 ante
1313 3644 1680 3716 Pharaonem,
1699 3657 1759 3703 ut
1777 3649 2064 3708 benedicat

474 3746 627 3797 cum,
654 3746 763 3787 non
798 3732 986 3802 Israel,
1015 3736 1112 3791 sed
1140 3736 1312 3795 Iacob
1344 3741 1679 3799 nominatur.
1706 3740 1890 3813 Neque
1913 3745 2059 3801 enim

472 3822 728 3893 capiebat
748 3824 962 3881 Pharao
980 3827 1195 3884 lsraelis
1212 3829 1667 3891 benedictionem.
1681 3835 1748 3890 Et
1763 3834 1936 3893 Iacob
1953 3853 2057 3895 non

474 3911 640 3969 Israel
667 3924 776 3979 est,
801 3917 891 3985 qui
942 3917 1077 3973 dicit
1109 3920 1177 3974 ad
1224 3919 1569 3979 Pharaonem
1594 3964 1610 3991 ,
1643 3927 1771 3996 quia
1801 3929 1954 3998 parvi
2004 3940 2061 3986 et

474 4006 697 4073 pessimi
719 4016 845 4063 sunt
870 4010 983 4063 dies
1009 4010 1132 4067 vita:
1160 4027 1270 4068 sua:
1293 4016 1359 4068 ει.
1384 4014 1536 4083 Quod
1562 4019 1752 4089 utique
1780 4035 2056 4093 nunquam

474 4099 684 4156 diceret
716 4100 902 4157 Israel.
930 4102 1061 4159 Post
1094 4105 1208 4160 haec
1242 4121 1394 4177 vero,
1427 4126 1533 4165 non
1561 4111 1629 4167 de
1654 4110 1844 4179 Iacob,
1868 4114 1961 4169 sed
1990 4117 2058 4171 de

470 4190 637 4249 Israel
671 4194 872 4250 dicitur
896 4195 963 4261 ",
992 4199 1117 4267 quia
1153 4202 1348 4255 vocavit
1373 4202 1545 4270 ﬁlium
1578 4221 1732 4259 suum
1758 4206 1977 4278 Ioseph,
2005 4218 2056 4263 et

468 4285 608 4339 dixit
637 4287 685 4341 ei
727 4301 746 4340 :
796 4287 857 4343 Si
888 4290 1063 4344 inveni
1092 4296 1319 4362 gratiam
1369 4296 1423 4348 in
1455 4309 1732 4367 conspectu
1778 4313 1894 4365 tuo,
1922 4318 2055 4372 pone

466 4393 687 4433 manum
733 4389 880 4434 tuam
910 4384 1007 4436 sub
1038 4382 1238 4452 femore
1269 4402 1405 4451 meo,
1451 4399 1500 4443 et
1552 4390 1713 4459 [acies
1757 4409 1916 4463 super
1972 4410 2052 4447 me

466 4472 886 4529 misericordiam
925 4485 975 4531 et
1010 4479 1303 4534 veritatem.
1369 4481 1437 4537 Et
1474 4485 1565 4553 qui
1589 4485 1838 4542 adoravit
1888 4503 2052 4557 super

466 4564 747 4636 fastigium
778 4571 943 4641 virgae
971 4569 1195 4644 Ioseph,
1224 4590 1334 4629 non
1365 4587 1489 4633 erat
1516 4576 1710 4644 Iacob,
1735 4582 1829 4636 sed
1858 4581 2044 4639 Israel.

2170 3374 2339 3428 verbo
2365 3382 2421 3428 et
2446 3371 2837 3443 praedicatione
2878 3370 3093 3428 Domini
3121 3370 3434 3434 desudaret,
3473 3367 3627 3423 astitit
3664 3364 3702 3421 ei

2170 3461 2471 3531 Dominus,
2527 3472 2585 3519 et
2631 3462 2770 3518 dixit
2823 3464 3014 3519 eadem
3046 3477 3168 3532 quae
3204 3476 3350 3516 nunc
3378 3460 3617 3515 dicuntur
3653 3457 3704 3512 ad

2167 3554 2333 3609 Israel
2358 3572 2373 3609 :
2408 3554 2563 3621 Noli,
2599 3554 2776 3625 inquit
2800 3554 2866 3618 ‘7,
2895 3554 3095 3619 timere,
3130 3551 3322 3618 Paule,
3352 3552 3480 3622 quia
3506 3554 3621 3605 sicut
3650 3560 3705 3604 te-

2161 3651 2431 3718 stiﬁcatus
2476 3666 2531 3704 es
2562 3650 2628 3704 de
2670 3666 2751 3703 me
2793 3646 2830 3702 1.
2850 3648 3175 3718 ierosolgmis
3198 3685 3216 3711 ,
3254 3647 3328 3700 ita
3386 3657 3437 3701 te
3473 3651 3703 3716 apertetet

2164 3743 2345 3798 Roma:
2374 3743 2734 3797 testimonium
2776 3745 2925 3796 dare.
2950 3739 3151 3795 Verum
3175 3756 3277 3812 ego
3309 3740 3543 3812 amplius
3566 3739 3705 3792 adhuc

2162 3837 2367 3908 aliquid
2391 3838 2495 3893 huc
2524 3837 2577 3892 iu
2614 3837 2735 3892 loco
2769 3836 3008 3892 arbitror
3040 3835 3216 3892 latere
3261 3836 3532 3909 mysterii.
3562 3833 3705 3889 Movet

2160 3930 2309 3985 enim
2341 3943 2428 3984 me
2461 3930 2608 3998 quod
2634 3927 2777 3982 dixit
2807 3926 2852 3958 ⁸⁸
2878 3945 2893 3983 :
2923 3925 2993 3980 In
3026 3937 3230 3997 gentem
3260 3943 3509 3999 magnam
3546 3926 3703 3995 {udam

2159 4033 2209 4077 te
2238 4032 2288 4076 et
2318 4022 2638 4077 descendam
2680 4030 2849 4075 tecum
2888 4021 2944 4074 in
2975 4018 3290 4091 Egyptian,
3338 4031 3390 4075 et
3430 4023 3546 4075 inde
3568 4031 3610 4073 te
3637 4033 3703 4070 re-

2159 4114 2356 4169 vocabo
2389 4114 2447 4168 in
2481 4113 2662 4183 ﬁnem.
2701 4113 2837 4181 Quis
2888 4123 2974 4169 est
3024 4115 3164 4180 iste,
3208 4114 3314 4184 qui
3365 4114 3540 4170 factus
3565 4120 3637 4167 est
3663 4111 3702 4163 iu

2156 4216 2374 4278 gentem
2433 4221 2689 4277 magnam
2720 4206 2775 4260 in
2802 4205 3035 4278 Egypto
3058 4246 3077 4272 ,
3114 4217 3172 4261 et
3197 4205 3251 4260 in
3299 4208 3409 4262 line
3459 4214 3705 4261 revocatus

2155 4298 2279 4355 est?
2312 4296 2587 4365 Quantum
2620 4298 2689 4353 ad
2715 4296 2882 4354 Iacob
2920 4298 3050 4354 illud
3105 4308 3343 4369 spectat,
3372 4299 3442 4354 de
3471 4312 3574 4370 quo
3617 4294 3702 4350 dici

2156 4400 2403 4462 putatur,
2434 4405 2542 4446 non
2574 4390 2848 4446 videbitur
2868 4404 2989 4447 esse
3021 4406 3234 4450 verum.
3264 4391 3386 4448 Non
3411 4393 3553 4447 enim
3578 4404 3703 4445 revo-

2154 4493 2311 4540 catus
2344 4494 2429 4540 est
2458 4484 2510 4540 iu
2536 4483 2698 4540 linem
2730 4484 2798 4540 de
2818 4482 3075 4556 Egypto,
3101 4485 3303 4556 quippe
3331 4486 3425 4556 qui
3451 4484 3706 4540 defunctus

2153 4576 2209 4632 in
2242 4575 2480 4648 Egypto
2511 4586 2616 4631 est.
2644 4575 2957 4632 Absurdum
2988 4585 3168 4631 autem
3191 4576 3315 4641 erit,
3353 4577 3402 4630 si
3435 4576 3554 4646 quis
3586 4577 3631 4628 in
3653 4587 3705 4626 eo

463 4653 602 4711 Tum
630 4659 826 4716 deinde
855 4678 978 4717 cum
1008 4666 1280 4721 benedicit
1325 4668 1437 4723 liliu
1468 4666 1693 4741 Ioseph,
1722 4674 1885 4729 Israel
1908 4668 2046 4732 dici-
2080 4662 2124 4718 D
2156 4679 2470 4724 revocatum
2498 4668 2633 4725 dicit
2670 4684 2702 4723 ιι
2733 4669 2844 4725 Deo
2875 4666 3064 4734 Iacob.
3096 4670 3225 4739 quia
3256 4685 3459 4740 corpus
3491 4670 3600 4737 eius
3637 4683 3704 4723 re—

463 4756 576 4803 tur.
616 4749 683 4807 Et
713 4766 837 4807 cum
876 4768 1138 4812 convocat
1172 4758 1316 4817 lilios
1357 4776 1485 4817 suos
1507 4804 1522 4830 ,
1556 4764 1689 4821 dicit
1724 4766 1809 4821 "z
1842 4768 2045 4824 Conve-

463 4841 571 4894 nite
602 4848 659 4897 ut
689 4847 996 4900 annuntiem
1030 4850 1174 4904 vobis
1213 4890 1229 4915 ,
1259 4868 1379 4922 qua:
1427 4856 1661 4911 erenient
1689 4859 1829 4914 vobis
1861 4862 1914 4914 in
1950 4878 2047 4916 no-

460 4934 691 4989 vissimis
716 4937 920 4993 diebus.
965 4941 1387 5014 Congregamini,
1426 4947 1526 5016 ﬁlii
1559 4948 1749 5015 Iacob,
1779 4963 1826 5006 et
1860 4955 2042 5008 audite

460 5025 640 5082 Israel
662 5040 866 5098 patrem
899 5044 1148 5093 vestrum.
1176 5036 1282 5092 Sed
1312 5039 1545 5096 fortasse
1574 5043 1839 5113 requires,
1870 5063 2042 5115 quare

461 5120 557 5175 lilii
598 5119 769 5178 Iacob
813 5125 1091 5193 dicuntur,
1132 5130 1224 5199 qui
1279 5134 1651 5201 conveniunt;
1694 5136 1858 5193 Israel
1910 5154 2040 5195 vero

458 5213 680 5280 dicitur,
718 5214 809 5285 qui
843 5215 1118 5273 benedicit
1142 5234 1257 5275 eos.
1295 5220 1430 5278 Vide
1459 5239 1527 5279 ne
1568 5225 1708 5281 forte
1757 5229 1862 5283 hoc
1894 5229 2035 5285 indi-

457 5314 632 5371 cetur,
662 5309 805 5378 quod
831 5310 905 5364 illi
954 5312 1193 5367 nondum
1218 5329 1283 5370 eo
1332 5331 1502 5387 usque
1537 5318 1925 5387 profecerant,
1982 5336 2040 5379 ut

456 5395 625 5454 Israel
681 5402 892 5458 meritis
923 5414 1289 5473 aequarentur.
1336 5407 1404 5462 Et
1432 5409 1555 5465 ideo
1586 5410 1664 5465 illi
1718 5414 1814 5468 lilii
1867 5414 2038 5471 Iacob

457 5488 723 5547 dicuntur
764 5502 1023 5563 tanquam
1080 5495 1406 5564 inferiores,
1458 5501 1549 5557 ille
1601 5507 1874 5577 veroqui
1925 5507 2037 5576 jam

458 5582 736 5651 perlectus
759 5597 903 5654 erat,
934 5598 989 5644 et
1018 5589 1427 5650 benedictiones
1448 5594 1754 5653 futurorqu
1780 5603 2039 5659 conscius

529 5701 573 5732 ⁸⁷
598 5700 797 5759 Genes.
837 5721 1009 5770 xxxu,
1059 5709 1152 5765 28.
1262 5711 1309 5743 ³⁸
1337 5713 1536 5771 Genes.
1566 5732 1713 5771 xxxii
1742 5718 1833 5773 ‘29.

457 5770 504 5802 ss
550 5772 705 5853 ibid”
736 5774 885 5853 29.“
940 5778 985 5853 ‘_'
1020 5778 1217 5836 Geues.
1248 5798 1398 5853 χιιι,
1434 5770 1485 5842 1.

454 5856 613 5908 nul,
640 5844 729 5903 Il.
842 5846 886 5881 ⁸⁸
934 5848 1133 5906 Genes.
1159 5867 1304 5921 κινι,
1335 5844 1386 5911 5.

524 5936 601 6011 (1)
629 5938 783 6011 Mss"
817 5942 963 6015 facti;
989 5946 1140 6017 editi,
1169 5947 1388 6019 factum.

1501 5859 1546 5893 ⁸⁸
1576 5858 1763 5919 Matth.
1796 5876 1927 5933 xxu,
1968 5865 2061 5924 5'2.

1946 5722 1991 5755 ³³
2024 5724 2161 5784 ibid.
2192 5729 2283 5786 3?...

1602 5788 1648 5863 ξ’
1674 5788 1873 5863 Cenes.
1917 5809 2040 5849 xtvt
2066 5835 2084 5863 ,
2116 5799 2171 5858 5.

2154 4771 2426 4832 portatum
2456 4772 2561 4817 est.
2591 4761 2744 4830 Quod
2778 4764 2825 4818 si
2856 4764 3172 4832 recipiatur,
3218 4778 3324 4817 non
3367 4765 3476 4818 erit
3524 4778 3703 4824 verum,

2154 4855 2297 4922 quod
2335 4854 2479 4909 Deus
2512 4871 2616 4910 non
2647 4866 2723 4910 est
2757 4854 2895 4910 Deus
2924 4869 3256 4909 mortuorum
3287 4856 3380 4909 sed
3410 4852 3704 4910 vivorum".

2151 4945 2270 5003 Non
2295 4962 2426 5018 ergo
2456 4950 2717 5003 convenit
2740 4950 2845 5004 hoc
2870 4951 2937 5004 de
2975 4963 3203 5018 corpore
3230 4958 3449 5005 mortuo
3484 4946 3704 5016 intelligi,

2152 5042 2251 5097 sed
2295 5057 2460 5112 super
2487 5043 2625 5100 vivis
2653 5056 2712 5100 et
2743 5045 3055 5116 vigentibus
3092 5048 3407 5117 approbari.
3440 5045 3707 5103 Videamus

2150 5150 2282 5205 ergo
2305 5175 2321 5201 ,
2353 5151 2424 5192 ne
2471 5136 2637 5206 forte,
2667 5139 2753 5195 vel
2788 5141 3001 5196 Domini
3048 5141 3435 5198 descendentis
3484 5142 3538 5197 in
3582 5143 3705 5197 hunc

2149 5232 2409 5286 mundum
2435 5240 2491 5287 et
2518 5230 2569 5285 in
2605 5242 2819 5302 gentem
2849 5247 3125 5303 magnam,
3187 5235 3292 5290 hoc
3319 5244 3407 5290 est
3440 5236 3496 5290 in
3546 5234 3706 5289 Eccle-

2147 5323 2283 5378 siam
2306 5338 2371 5379 ex
2406 5325 2663 5393 gentibus
2692 5325 2820 5381 facti
2849 5326 2948 5397 (I),
3004 5328 3513 5401 consummatisque
3553 5328 3706 5383 omni-

2148 5418 2251 5473 bus
2277 5418 2346 5474 ad
2374 5416 2594 5475 Patrem
2629 5422 2869 5490 regressi
2895 5437 2911 5488 ;
2964 5420 3049 5477 vel
3080 5423 3399 5495 protoplasti
3442 5425 3495 5478 in
3528 5423 3625 5477 hoc
3654 5422 3706 5475 ίὶ·

2146 5526 2289 5583 gura
2330 5511 2637 5582 formetur,
2689 5515 2782 5585 qui
2818 5515 2873 5570 in
2911 5530 3116 5587 agones
3155 5516 3443 5573 descendit
3475 5519 3528 5573 in
3557 5514 3707 5586 £3]-

2146 5615 2320 5675 ptum,
2355 5623 2476 5663 cum
2507 5608 2575 5663 de
2620 5609 2858 5679 paradisi
2907 5611 3120 5669 deliciis
3171 5610 3380 5680 ejectus
3406 5651 3424 5680 ,
3460 5611 3529 5666 ad
3567 5608 3705 5679 hujus

3153 5730 3198 5763 “
3225 5728 3427 5788 Genes.
3466 5743 3629 5791 nm,
3655 5727 3701 5783 9.

2393 5729 2439 5762 “
2473 5728 2673 5785 Geucs.
2707 5744 2905 5797 xxsut,
2938 5730 3026 5785 10.
3153 5730 3198 5763 ⁸⁸
3225 5728 3427 5788 Genes.
3466 5743 3629 5791 nm,
3655 5728 3701 5783 9.

2393 5802 2485 5857 )id.
2515 5842 2530 5857 .
2558 5802 2623 5857 ὅ.
2665 5800 2721 5857 4.
2834 5802 2879 5834 ⁵⁸
2913 5801 2933 5857 I
2977 5801 3106 5857 Cor.
3141 5817 3210 5857 xv
3240 5842 3257 5857 .
3318 5800 3404 5857 10.
3518 5799 3562 5833 δ’
3593 5802 3701 5857 Act.

2283 5801 2327 5835 ⁸³
2355 5802 2485 5863 ibid.
2515 5842 2530 5869 ,
2558 5802 2623 5870 ὅ,
2665 5800 2721 5858 4.
2834 5802 2879 5834 ⁵⁸
2913 5801 2933 5858 I
2977 5801 3106 5861 Cor.
3141 5817 3210 5861 xv
3240 5842 3257 5871 ,
3318 5800 3404 5860 I0.
