3902 6502
167 411 274 468 245

1332 407 1399 462 IN
1439 404 1743 464 GENESIEI
1783 401 2070 460 HOMILIA
2109 403 2248 461 XVI.

3318 408 3425 463 ἔνἱῦ

167 530 355 585 mundi
399 529 613 584 labores
667 541 1052 597 aerumnasque
1095 526 1378 583 deducitur
1405 565 1423 593 ,
1466 524 1742 596 proposito
1771 529 1818 583 A
1849 521 2070 577 duceret
2098 520 2358 593 populum
2387 521 2627 578 adorare
2647 537 2759 592 cas,
2788 534 2842 580 et
2873 539 2969 596 per
3003 523 3108 581 hoc
3135 524 3283 581 velut
3315 527 3420 580 im-

165 623 267 677 sibi
316 638 438 676 cum
489 631 743 692 serpente
774 620 1096 686 certamine,
1127 635 1251 674 cum
1289 619 1488 675 dicitur
1520 619 1606 674 "z
1664 616 1742 671 Tu

165 713 311 767 illius
352 713 645 767 observabis
672 721 854 780 caput,
883 723 930 766 et
956 712 1067 780 ipse
1115 720 1265 765 tuum
1305 711 1596 765 observabit
1633 711 1744 763 cal-

165 821 386 859 eaneum
412 821 433 870 ;
462 813 515 859 et
563 805 760 859 iterum
789 820 912 858 cum
945 804 1012 858 ad
1061 803 1349 858 mulierem
1401 803 1603 858 dicitur
1647 801 1692 832 ⁷⁸
1726 818 1739 855 :

164 899 290 966 quia
315 913 506 967 ponam
538 898 850 952 inimicitias
878 898 1015 951 inter
1043 905 1093 952 te
1123 906 1170 950 et
1199 897 1392 964 ipsum,
1427 904 1476 950 et
1499 895 1637 949 inter
1663 911 1744 948 se-

163 1003 284 1040 men
317 996 464 1040 tuum
497 999 544 1042 et
600 1004 775 1042 semen
813 987 981 1043 illius.
1019 987 1131 1044 Nec
1176 996 1360 1042 tamen
1409 1000 1504 1041 eos
1553 987 1607 1040 in
1640 986 1744 1040 hoc

164 1081 469 1135 certamine
503 1081 710 1152 positos
746 1081 953 1136 deserit
984 1081 1128 1136 Deus
1159 1119 1176 1145 ,
1238 1079 1332 1134 sed
1385 1093 1603 1149 semper
1658 1087 1746 1132 est

161 1185 291 1226 cum
316 1173 470 1241 ipsis.
497 1173 811 1244 Complacet
847 1173 901 1228 in
929 1173 1088 1238 Abel,
1120 1173 1351 1242 corripit
1389 1171 1547 1229 Cain.
1579 1168 1741 1225 Invo-

162 1276 326 1322 catus
350 1269 502 1323 adest
534 1267 741 1322 Enoch.
798 1266 912 1322 Noe
955 1267 1180 1320 mandat
1232 1267 1284 1320 in
1320 1265 1521 1320 diluvio
1554 1278 1740 1319 arcam

159 1358 359 1414 salutis
387 1369 691 1415 exstruere.
724 1360 1000 1414 Abraham
1034 1357 1254 1413 deducit
1283 1358 1350 1412 de
1374 1358 1534 1412 domo
1571 1358 1743 1426 patris

157 1450 245 1503 sui
277 1452 424 1506 etde
453 1451 777 1521 cognatione
825 1466 945 1506 sua.
983 1451 1133 1506 Isaac
1161 1458 1215 1505 et
1247 1449 1419 1506 Jacob
1447 1450 1740 1517 benedicit,

157 1542 308 1596 filios
336 1542 497 1597 Israel
521 1543 704 1598 educit
736 1557 803 1597 ex
829 1542 1065 1613 Egypto
1087 1544 1156 1596 τί.
1181 1543 1287 1598 Per
1313 1542 1537 1614 Moysen
1568 1541 1740 1610 legem

155 1633 358 1692 litteris
383 1636 608 1700 scribit,
658 1653 753 1707 per
787 1636 1077 1705 prophetas
1108 1651 1229 1706 quae
1255 1636 1480 1692 deerant
1513 1635 1740 1706 implet,

155 1727 267 1783 hoc
291 1738 375 1784 est
404 1744 524 1784 esse
549 1744 674 1783 cum
701 1730 782 1785 eis
811 1730 861 1783 in
898 1728 1156 1800 Egypto.
1190 1728 1343 1797 Quod
1369 1739 1550 1784 autem
1573 1732 1739 1786 dicit:

150 1819 432 1876 Revocabo
473 1834 520 1876 te
545 1823 668 1876 inde
698 1822 753 1876 in
785 1823 978 1893 ﬁnem,
1009 1824 1112 1878 hoc
1140 1833 1244 1892 est,
1287 1825 1562 1890 arbitror,
1603 1826 1743 1880 sicut

1844 614 2036 684 positis
2061 615 2313 668 manibus
2330 615 2442 670 suis
2453 617 2749 672 excaecavit
2765 627 2818 673 et
2841 618 3034 674 clausit
3054 619 3242 674 oculos
3259 618 3422 674 Israel

1846 721 1916 760 ne
1941 706 2185 760 viderent
2215 705 2556 775 impietatem
2582 722 2756 774 suam,
2785 710 2850 764 de
2877 725 2985 778 quo
3014 712 3217 766 dictum
3245 722 3326 767 est
3350 714 3418 766 ":

1844 797 2074 867 Propter
2101 798 2418 866 impietate»:
2439 798 2606 854 Jacob
2635 801 2747 855 ltwc
2773 804 2969 869 omnia,
2993 814 3040 857 et
3071 814 3280 873 propter
3300 822 3423 873 pec-

1843 899 2019 942 catum
2047 888 2235 942 domus
2272 888 2458 943 Israel.
2516 889 2651 954 Qua:
2697 901 2873 944 autent
2925 893 3170 960 impietas
3204 893 3371 948 Jacob
3399 893 3428 948 ἱ-

1846 971 2048 1048 Nonne
2071 974 2324 1030 Samaria
2343 978 2369 1030 Ρ
2394 976 2501 1032 Sed
2533 977 2579 1033 si
2608 979 2733 1048 quis
2761 979 2904 1034 forte
2931 991 3088 1050 neget
3119 983 3313 1039 debere
3357 999 3421 1039 ea

1844 1078 1966 1135 qua:
1998 1067 2102 1120 sub
2141 1067 2325 1136 specie
2365 1068 2583 1138 pietatis
2631 1069 2814 1123 Iutura
2853 1085 2882 1123 a
2920 1070 3033 1125 Deo
3092 1072 3234 1128 dicta
3270 1084 3422 1138 sunt,

1843 1160 1914 1213 ad
1973 1169 2183 1228 partem
2237 1161 2652 1229 vituperabilem
2691 1160 2833 1218 flecti
2860 1203 2876 1229 ,
2923 1163 3164 1221 dicemus
3203 1169 3328 1238 quia
3369 1178 3427 1222 et

1841 1263 2006 1304 verus
2038 1247 2242 1318 Joseph
2294 1249 2556 1305 Dominus
2587 1259 2645 1305 et
2701 1250 2955 1306 Salvator
2994 1259 3180 1306 noster
3210 1292 3225 1318 ,
3282 1255 3427 1308 sicut

1843 1342 2187 1413 corporalem
2215 1358 2435 1398 manum
2467 1358 2624 1397 suam
2653 1343 2838 1413 posuit
2863 1357 3026 1412 super
3055 1343 3244 1398 oculos
3269 1345 3424 1408 caeci,

1843 1443 1898 1490 et
1959 1434 2194 1491 reddidit
2242 1435 2293 1490 ei
2364 1435 2540 1490 visum
2612 1449 2776 1505 quem
2839 1437 3154 1506 perdiderat
3188 1436 3282 1502 “°;
3351 1437 3432 1492 ita

1843 1527 2007 1582 etiam
2040 1526 2315 1597 spiritales
2346 1542 2540 1582 manus
2589 1536 2721 1582 suas
2783 1529 2966 1598 posuit
3015 1543 3180 1598 super
3236 1528 3426 1583 oculos

1844 1619 1980 1690 legis
2005 1621 2097 1690 qui
2115 1635 2211 1690 per
2229 1619 2565 1690 corporalem
2585 1619 3000 1691 intelligentiam
3031 1621 3347 1678 Scribarum
3369 1633 3426 1677 et

1843 1712 2242 1770 Pharisaeorum
2261 1714 2479 1769 fuerant
2493 1716 2772 1780 exotecati,
2793 1725 2848 1770 et
2866 1716 3100 1771 reddidit
3125 1719 3205 1772 eis
3221 1719 3424 1783 visum,

1849 1815 1908 1860 ut
1926 1805 2010 1861 his
2024 1807 2221 1876 quibus
2239 1804 2415 1875 aperit
2434 1806 2692 1861 Dominus
2711 1805 3046 1876 Scripturas,
3064 1809 3342 1879 spiritales
3367 1810 3422 1864 in

149 1917 410 1980 superius
435 1915 686 1980 dicimus,
728 1890 872 1985 (mod
902 1916 954 1969 ει,
984 1917 1089 1971 ﬁne
1123 1890 1447 1972 memorum
1482 1918 1734 1990 υηίεεηί,
1771 1890 1814 1946 Β
1843 1899 1960 1969 lege
1977 1900 2122 1954 visus
2137 1899 2518 1954 etintellectus
2537 1897 2870 1972 aperiat(2).
2913 1901 3091 1971 Atque
3125 1901 3334 1955 utinam
3367 1910 3425 1955 et

150 2012 248 2059 tus
277 2005 448 2061 Filius
474 2007 592 2076 ejus
623 2021 726 2076 pro
766 2007 943 2062 salute
978 2009 1166 2062 mundi
1199 2025 1368 2079 usque
1411 2010 1475 2064 ad
1521 2009 1735 2066 inferna

148 2098 466 2163 descendit,
525 2106 581 2152 et
630 2099 754 2154 inde
787 2100 1182 2169 prot0plastum
1225 2104 1521 2158 revocavit.
1579 2103 1736 2170 Quod

145 2188 305 2243 enim
343 2191 481 2245 dixit
515 2191 584 2245 ad
636 2191 908 2248 latronem
941 2193 1027 2248 ἠε
1084 2193 1254 2250 Hodie
1306 2212 1507 2250 mecum
1547 2197 1648 2252 eris
1679 2199 1736 2252 in

145 2283 450 2351 paradiso,
488 2284 592 2338 hoc
623 2299 730 2339 non
755 2285 831 2340 illi
879 2285 978 2340 soli
1007 2286 1234 2353 dictum,
1264 2288 1358 2342 sed
1391 2297 1446 2342 et
1485 2290 1736 2345 omnibus

146 2376 371 2431 sanctis
402 2377 664 2447 intellige.
694 2393 791 2448 pro
817 2379 1014 2449 quibus
1038 2381 1089 2434 in
1123 2379 1334 2435 inferna
1360 2382 1734 2440 descenderat.

143 2465 210 2520 In
250 2468 355 2523 hoc
389 2485 516 2540 ergo
547 2471 727 2527 verius
760 2486 923 2541 quam
983 2471 1036 2526 in
1085 2471 1254 2528 Jacob
1307 2474 1694 2546 adimplebitur
1717 2518 1734 2545 ,

141 2559 300 2629 quod
336 2561 534 2616 dictum
563 2572 661 2625 est,
697 2564 822 2632 quia
859 2564 1110 2619 revocabo
1139 2574 1188 2620 te
1226 2566 1349 2620 inde
1381 2567 1434 2622 in
1467 2569 1647 2636 ﬁnem.

226 2651 282 2705 6.
317 2651 422 2707 Sed
459 2662 514 2709 et
546 2655 922 2726 unusquisque
983 2665 1229 2711 nostrum
1285 2658 1474 2713 eodem
1521 2659 1733 2730 ordine,

143 2755 326 2814 atque
357 2747 550 2802 eadem
583 2749 694 2815 via,
731 2749 1024 2820 Egyptum
1055 2758 1109 2806 et
1135 2765 1338 2820 agones
1374 2754 1531 2824 102
1558 2754 1738 2826 ingre-

143 2836 335 2901 ditur,
361 2846 414 2892 et
447 2838 491 2892 si
539 2849 815 2894 mereatur
848 2851 906 2894 ut
935 2841 1079 2897 Deus
1113 2856 1330 2913 semper
1356 2855 1579 2902 maneat
1610 2862 1736 2904 cum

141 2943 240 2994 eo,
301 2931 464 2986 faciet
495 2947 616 2987 eum
659 2935 714 2988 in
769 2944 985 3005 gentem
1040 2951 1320 3007 magnam.
1369 2938 1563 3011 Magna
1589 2943 1734 2998 enim

141 3037 288 3094 gens
323 3034 414 3079 est
442 3025 700 3080 virtutum
730 3041 990 3083 numerus
1018 3037 1072 3083 et
1091 3027 1318 3098 iustitiae
1344 3031 1655 3102 multitudo,
1684 3036 1736 3090 in

143 3131 255 3183 qua
294 3119 472 3171 sancti
499 3118 705 3188 quique
731 3119 1076 3188 multiplicari
1104 3121 1360 3178 dicuntur
1382 3133 1436 3180 et
1463 3140 1732 3184 crescere.

1837 1993 1994 2048 nobis
2011 1992 2220 2062 injiciat
2237 1993 2495 2048 Dominus
2509 1991 2666 2048 Jesus
2684 2009 2876 2050 manus
2893 2009 3018 2050 suas
3036 2009 3198 2063 super
3211 1995 3424 2060 oculos,

1836 2096 1893 2143 ut
1911 2086 2232 2154 incipiamus
2248 2096 2302 2140 et
2317 2101 2414 2142 nos
2431 2089 2698 2158 respicere
2713 2102 2817 2143 non
2834 2103 2897 2144 ea
2913 2089 3312 2158 quaevidentur,
3328 2089 3428 2144 sed

1835 2196 1959 2252 qua:
1981 2195 2088 2236 non
2105 2180 2397 2248 videntur;
2428 2189 2485 2236 et
2518 2183 2728 2252 aperiat
2759 2180 2916 2237 nobis
2945 2182 3070 2238 illos
3096 2182 3303 2248 oculos,
3328 2183 3423 2253 qui

1836 2290 1945 2331 non
1999 2275 2280 2331 intuentur
2333 2277 2619 2347 prtesentia
2645 2316 2663 2343 ,
2723 2280 2818 2333 sed
2851 2276 3034 2331 futura
3063 2314 3080 2342 ,
3129 2283 3184 2331 et
3219 2275 3427 2331 revelet

1843 2368 2003 2425 nobis
2024 2368 2208 2424 cordis
2231 2377 2536 2439 aSpectum,
2565 2384 2674 2441 quo
2703 2369 2848 2425 Deus
2875 2370 3093 2424 videtur
3122 2370 3175 2424 in
3201 2369 3424 2438 spiritu,

1839 2475 1938 2531 per
1979 2461 2158 2532 ipsum
2197 2461 2488 2516 Dominum
2519 2460 2709 2516 .Iesum
2731 2460 3041 2526 Christum,
3079 2462 3167 2516 cui
3200 2471 3284 2516 est
3310 2460 3427 2530 glo-

1837 2556 1920 2611 ria
1951 2563 2008 2612 et
2038 2554 2325 2626 imperium
2359 2553 2436 2626 (5)
2463 2555 2518 2609 in
2551 2553 2747 2610 saecula
2781 2552 3126 2611 saeculorum.
3157 2554 3352 2609 Amen.

2405 2665 2689 2722 HOMILIA
2721 2666 2863 2723 XVI.

1837 2781 1916 2838 De
1943 2800 2002 2839 eo
2032 2785 2172 2852 quod
2217 2785 2471 2852 scriptum
2499 2791 2575 2837 est
2607 2782 2648 2814 ⁸⁸
2677 2798 2697 2837 :
2745 2799 2781 2852 CA
2796 2779 2865 2835 Et
2917 2790 3193 2852 acquisivit
3226 2782 3423 2848 Ioseph

1908 2850 2113 2910 omnem
2136 2850 2332 2924 terram
2347 2853 2722 2924 zEgyptiorum
2749 2850 3058 2924 Pharaoni:
3082 2851 3426 2924 vendiderunt

1907 2927 2047 2981 enim
2075 2923 2316 2996 ﬁgyptii
2346 2921 2543 2996 terram
2595 2939 2749 2976 suant
2791 2921 3085 2996 Pharaoni.
3134 2922 3256 2993 quia
3281 2921 3429 2996 obti-

1908 2997 2021 3050 nuit
2052 2992 2370 3065 eos'fames,
2412 3005 2459 3048 et
2496 2994 2640 3063 facta
2697 3003 2784 3065 est
2817 3003 2959 3065 terra
3017 2992 3341 3065 Pharaonis,
3372 3001 3424 3046 et

1909 3063 2286 3136 populumsibi
2306 3066 2359 3118 in
2376 3066 2673 3119 servitutem
2699 3063 2915 3136 redegit,
2940 3081 2972 3136 ᾳ
2990 3064 3206 3118 summis
3225 3063 3422 3132 ﬁnibus

1908 3134 2155 3206 Egyptii
2194 3151 2356 3205 usque
2382 3136 2451 3187 ad
2482 3150 2715 3189 summos
2741 3135 2873 3204 fines
2903 3134 3041 3203 ejus.
3074 3152 3095 3187 ι

141 3209 472 3302 Completur
499 3210 552 3263 in
586 3226 650 3264 eo
690 3212 854 3266 etiam
887 3213 1015 3266 illud
1045 3215 1190 3284 quod
1222 3215 1423 3271 dictum
1465 3228 1568 3284 est,
1607 3221 1731 3290 quia
1762 3242 1810 3302 ε
1913 3230 1967 3285 1.
2001 3228 2314 3284 Secundum
2354 3227 2654 3297 Scriptura:
2703 3227 2863 3282 fidem
2910 3227 3090 3282 nullus
3138 3227 3426 3300 Egyptius

142 3301 408 3355 revocabo
448 3310 496 3355 te
523 3303 644 3356 inde
673 3303 725 3357 in
759 3303 937 3372 ﬁnem.
974 3305 1124 3361 Finis
1179 3307 1326 3362 enim
1362 3309 1627 3379 perfectio
1652 3329 1740 3369 re-

141 3411 270 3449 rum
317 3404 373 3450 et
401 3395 666 3450 virtutum
699 3398 1096 3453 consummatio
1119 3399 1363 3467 ponitur.
1387 3399 1619 3472 Propter
1637 3405 1739 3459 hoc

139 3486 392 3554 denique
422 3495 478 3540 et
506 3486 648 3542 alius
675 3488 897 3557 quidam
932 3496 1244 3544 sanctorum
1285 3489 1504 3548 dicebat
1531 3495 1618 3546 τις
1656 3493 1741 3552 Ne

138 3593 359 3632 reuoces
387 3595 466 3633 me
519 3580 574 3633 in
603 3579 823 3634 dimidio
872 3580 1078 3634 dierum
1117 3597 1373 3638 meorum.
1429 3583 1493 3640 Et
1539 3585 1738 3644 iterum

137 3685 354 3737 magno
373 3669 697 3740 patriarcha:
741 3673 1016 3728 Abraham
1046 3673 1328 3744 Scriptura
1366 3678 1738 3736 testimonium

136 3762 404 3832 perhibet
433 3763 500 3825 ",
531 3765 786 3834 quoniam
813 3764 1106 3822 defunctus
1128 3777 1215 3823 est
1237 3769 1512 3825 Abraham
1549 3771 1740 3843 plenus

137 3854 390 3907 dierum.
427 3852 541 3908 Hoc
569 3864 654 3908 est
682 3870 814 3924 ergo
841 3856 888 3888 ⁷⁸
910 3873 925 3910 :
949 3855 1218 3912 Revocabo
1249 3869 1298 3913 te
1327 3860 1448 3914 inde
1469 3862 1525 3916 in
1553 3863 1738 3931 ﬁnem;

136 3946 301 4000 velut
315 3945 362 4001 si
387 3946 594 4001 diceret
614 3966 629 4002 :
648 3946 916 4013 Quoniam
941 3959 1217 4005 certamen
1250 3949 1452 4006 bonum
1481 3957 1738 4023 certasti,

137 4037 319 4092 fidem
355 4039 612 4103 servasti,
648 4053 869 4093 cursum
898 4043 1292 4098 consummasti
1317 4083 1334 4109 ,
1385 4047 1656 4100 revocabo
1685 4056 1740 4102 te

126 4128 250 4200 jam
304 4128 374 4183 de
409 4129 516 4185 hoc
558 4131 793 4193 mundo,
828 4131 894 4186 ad
943 4132 1340 4190 beatitudinem
1372 4137 1636 4205 futuram,
1669 4139 1738 4195 ad

129 4218 545 4289 perfectionem
594 4222 718 4275 vitze
770 4230 1025 4290 :eterme,
1075 4223 1142 4277 ad
1169 4225 1396 4295 iustitia:
1437 4243 1696 4286 coronam
1722 4270 1738 4297 ,

131 4328 310 4382 quam
339 4313 530 4368 reddet
561 4314 820 4371 Dominus
845 4315 899 4370 in
925 4313 1086 4371 finem
1117 4317 1440 4375 saeculorum
1484 4323 1740 4381 omnibus

131 4407 232 4476 qui
268 4405 507 4477 diligunt
532 4420 678 4463 eum.
1279 4425 1290 4431 ·

207 4522 269 4578 7.
302 4519 603 4575 Videamus
634 4531 814 4574 autem
847 4522 976 4590 quid
1011 4531 1178 4577 etiam
1217 4523 1347 4580 inde
1387 4525 1734 4580 sentiendum

131 4614 212 4670 sit
237 4614 390 4683 quod
424 4613 558 4668 dicit
586 4613 666 4668 ’τε
704 4613 772 4667 Et
795 4612 992 4683 Joseph
1026 4624 1181 4684 ponet
1209 4631 1396 4669 manus
1425 4633 1549 4670 suas
1579 4634 1738 4687 super
1770 4595 1813 4649 θ

131 4709 332 4763 oculos
380 4718 526 4762 tuos.
580 4707 745 4761 Multa
779 4708 996 4777 quidem
1059 4699 1206 4760 intra
1261 4706 1420 4777 hujus
1460 4711 1734 4766 sermonis

129 4801 399 4855 velamen
434 4815 650 4855 arcanae
692 4799 1061 4870 intelligentiae
1092 4800 1308 4867 contegi
1351 4800 1592 4855 arbitror
1640 4817 1730 4857 sa-

131 4900 456 4956 cramenta,
491 4907 612 4959 quae
638 4892 953 4960 contingere
979 4899 1033 4944 et
1063 4889 1281 4960 pulsare
1311 4890 1540 4946 alterius
1597 4901 1734 4948 tem-

132 4985 305 5055 poris
335 4993 438 5038 est.
472 4981 624 5038 Nunc
666 4983 882 5037 interim
924 4997 1029 5036 non
1069 4981 1345 5036 videbitur
1397 4983 1602 5052 absque
1649 5000 1738 5038 ra-

128 5081 296 5133 tione
328 5077 460 5141 dici,
504 5078 646 5145 quod
682 5085 736 5130 et
769 5075 1042 5146 prioribus
1074 5075 1280 5130 nostris
1311 5075 1630 5144 quibusdam
1657 5077 1739 5132 vi-

127 5186 261 5225 sum
297 5178 406 5236 est,
440 5169 778 5239 prophetiam
820 5168 1115 5237 quamdam
1168 5168 1222 5222 in
1257 5167 1362 5223 hoc
1391 5167 1735 5240 designatam

126 5263 320 5318 videri
350 5280 363 5316 :
400 5262 657 5330 quoniam
711 5261 931 5330 quidem
985 5261 1052 5315 de
1089 5260 1235 5316 tribu
1269 5258 1472 5331 Joseph
1511 5261 1613 5316 fuit
1644 5261 1738 5318 Je-

126 5358 376 5410 roboam
396 5354 465 5419 7‘,
503 5353 592 5407 ille
619 5354 707 5422 qui
751 5352 881 5408 fecit
908 5353 1043 5408 duas
1077 5369 1273 5410 vaccas
1313 5367 1530 5420 aureas,
1567 5365 1626 5409 ut
1648 5367 1735 5411 se-

203 5517 261 5591 rs
297 5514 502 5573 cenes,
540 5532 625 5582 ιιι,
653 5518 740 5591 15.
807 5519 894 5591 μη
932 5519 1064 5591 ibid.
1177 5519 1427 5591 "fExod.
1457 5536 1566 5576 xlv.

124 5591 174 5620 "
211 5589 423 5644 Genes.
453 5603 602 5662 xcvi,
635 5590 737 5662 4.“
763 5590 843 5662 _"
871 5589 1000 5662 ibid.
1037 5659 1086 5662 __
1111 5589 1244 5662 ’ξ’-ΙΙΙ
1282 5592 1412 5662 lleg.
1455 5608 1546 5648 xu.

125 5663 176 5694 ⁸³
215 5662 402 5716 Exod.
433 5675 528 5726 xx,
551 5653 608 5714 2'.
690 5653 738 5686 ⁸³
763 5657 937 5715 Exod.
965 5675 1004 5721 ι,
1029 5657 1218 5713 12-14.

208 5755 299 5825 (2)
332 5755 423 5827 Sic
468 5771 642 5822 mss.;
686 5755 842 5823 alias,
894 5757 1098 5823 aperuit
1130 5755 1386 5810 Dominus
1419 5755 1722 5827 Scripturas

130 5825 437 5898 spiritales,
488 5827 546 5880 in
580 5828 688 5896 lege
721 5827 856 5881 uisus
891 5837 940 5882 et
983 5828 1276 5882 intellectus
1312 5825 1580 5898 appareat.

209 5896 301 5969 ('5)
333 5898 504 5966 Alias,
539 5899 623 5954 cui
655 5898 824 5968 gloria
858 5908 932 5953 est
974 5906 1022 5952 et
1050 5907 1296 5968 potestas.

1677 5520 1725 5552 ⁷³
1755 5519 1888 5578 Luc.
1927 5539 2085 5590 xxnt,
2114 5524 2206 5580 43.

1655 5591 1700 5622 "
1749 5590 1912 5650 Mich.
1957 5611 1994 5662 ι,
2023 5596 2077 5652 5.

1843 3322 2004 3378 liber.
2037 3321 2252 3378 Pharao
2288 3322 2432 3377 enim
2487 3318 2743 3391 pepulum
2776 3320 2879 3375 sibi
2909 3320 2962 3375 in
2989 3319 3309 3377 servitutem
3339 3335 3428 3375 re-

1843 3415 2010 3486 degit,
2039 3429 2139 3471 nec
2173 3414 2410 3484 aliquem
2444 3414 2590 3468 intra
2618 3412 2996 3485 IEgyptiorum
3029 3412 3165 3469 lines
3192 3412 3426 3469 liberum

1841 3506 2152 3576 dereliquit,
2211 3507 2305 3562 sed
2347 3507 2400 3561 in
2444 3507 2592 3561 omni
2625 3517 2773 3561 terra
2808 3505 3028 3577 Egypti
3064 3507 3322 3576 adempta
3357 3508 3426 3562 li-

1843 3601 2031 3656 bertas
2081 3609 2185 3653 est.
2218 3598 2283 3652 Et
2307 3609 2595 3669 propterea
2622 3599 2762 3655 forte
2792 3600 3057 3668 scriptum
3088 3610 3172 3654 est
3192 3600 3236 3631 ⁸¹
3264 3618 3278 3654 :
3312 3597 3427 3670 Ego

1841 3708 1960 3748 sum
1983 3690 2242 3745 Dominus
2266 3689 2408 3745 Deus
2447 3701 2567 3745 tuus
2597 3692 2686 3761 qui
2719 3691 2883 3745 eduxi
2914 3700 2961 3745 te
2989 3691 3054 3746 de
3085 3701 3225 3744 terra
3255 3689 3429 3762 Αἴθῃ-

1840 3787 1942 3858 pti,
1975 3787 2040 3841 de
2063 3787 2218 3840 domo
2244 3787 2525 3842 servitutis.
2555 3785 2720 3840 Facta
2754 3794 2838 3840 est
2871 3799 3002 3856 ergo
3024 3783 3295 3856 Egyptus
3329 3786 3428 3840 do-

1842 3895 1965 3935 mus
1993 3878 2289 3943 servitutis,
2325 3886 2403 3942 et,
2433 3876 2577 3948 quod
2610 3884 2693 3931 est
2739 3875 3011 3932 infelicius
3037 3916 3052 3942 ,
3107 3876 3427 3931 voluntariae

1841 3970 2147 4036 servitutis,
2199 3984 2325 4024 nam
2365 3970 2431 4023 de
2461 3967 2706 4023 Hebraeis
2755 3969 3005 4038 quamvis
3045 3968 3314 4024 referatur
3343 3967 3421 4041 (4)

1841 4064 1984 4134 quod
2025 4063 2078 4118 in
2107 4061 2424 4118 servitutem
2453 4061 2655 4116 redacti
2685 4061 2818 4127 sint,
2845 4071 2902 4117 et
2940 4061 3082 4131 quod
3102 4061 3292 4132 jugum
3327 4063 3426 4116 do-

1843 4157 2158 4211 minationis
2181 4163 2370 4225 erepta
2395 4153 2648 4209 libertate
2670 4154 3014 4223 pertulerint,
3049 4155 3315 4209 violenter
3342 4164 3424 4210 ta-

1842 4264 1966 4305 men
2001 4250 2068 4304 ad
2111 4250 2214 4305 hoc
2272 4255 2649 4303 memorantur
2697 4247 2936 4303 adducti.
3012 4247 3287 4319 Scriptum
3340 4256 3427 4304 est

1841 4340 1986 4394 enim
2018 4339 2087 4405 ⁸³,
2126 4337 2253 4408 quia
2305 4335 2546 4408 .«Eggptii
2577 4336 3018 4392 abominabantur
3041 4338 3181 4406 filios
3223 4337 3422 4402 Israel,

1840 4442 1888 4488 et
1918 4448 2010 4503 per
2053 4432 2344 4502 potentiam
2387 4433 2746 4501 opprimebant
2788 4430 3030 4502 .Egyptii
3067 4430 3208 4499 filios
3249 4429 3423 4485 Israel

1841 4525 2126 4590 uiolenter,
2155 4535 2202 4578 et
2227 4525 2524 4596 aﬂiigebant
2555 4526 2714 4578 vitam
2737 4540 2920 4579 eorum
2952 4525 3005 4577 in
3039 4524 3282 4592 operibus
3315 4525 3417 4577 du-

1843 4616 1936 4681 ris,
1970 4621 2080 4668 tuto
2108 4625 2156 4668 et
2186 4619 2350 4670 latere
2374 4657 2389 4680 ,
2435 4626 2482 4669 et
2515 4617 2755 4669 omnibus
2820 4617 3063 4685 operibus
3107 4631 3226 4685 qua:
3271 4624 3423 4670 erant

1841 4707 1897 4760 in
1931 4707 2150 4776 campis,
2177 4707 2228 4762 in
2256 4710 2455 4778 quibus
2476 4710 2731 4765 omnibus
2759 4709 2811 4764 in
2841 4710 3166 4765 servitutem
3197 4723 3292 4765 eos
3330 4724 3421 4762 re-

1842 4799 2101 4868 digebant
2142 4814 2264 4854 cum
2298 4799 2372 4853 vi.
2400 4799 2621 4858 Intende
2645 4817 2778 4872 ergo
2803 4801 3117 4873 diligentius
3145 4802 3421 4871 quomodo

1839 4887 2050 4944 Hebrazi
2102 4892 2421 4946 scribuntur
2457 4891 2722 4948 violenter
2750 4893 2805 4948 in
2835 4893 3154 4949 servitutem
3190 4893 3417 4957 redacti,

1840 4981 2040 5049 quibus
2070 4982 2343 5039 naturalis
2372 4985 2550 5040 inerat
2577 4985 2824 5051 libertas,
2851 5000 2975 5056 qua:
3009 4999 3116 5039 non
3146 4984 3227 5041 eis
3259 4985 3419 5040 facile

1842 5072 1923 5126 vel
1953 5087 2051 5143 per
2077 5073 2454 5145 deceptionem
2486 5076 2747 5147 aliquam,
2772 5077 2866 5133 sed
2889 5092 3011 5132 cum
3041 5077 3092 5131 vi
3121 5085 3420 5144 extorque-

1841 5164 2021 5220 batur.
2052 5164 2268 5221 Pharao
2298 5182 2429 5223 vero
2451 5166 2766 5238 Egyptium
2798 5168 3054 5240 populum
3105 5167 3266 5223 facile
3313 5168 3418 5223 sibi

1840 5257 1896 5311 in
1948 5260 2262 5315 servitutem
2295 5262 2542 5333 redegit,
2598 5277 2698 5317 nec
2726 5262 2989 5317 scribitur
3016 5260 3162 5331 quod
3208 5275 3332 5317 cum
3363 5259 3415 5314 vi

1840 5351 1942 5407 hoc
1973 5349 2183 5408 fecerit.
2210 5352 2489 5410 Proclives
2513 5355 2660 5411 enim
2713 5365 2843 5410 sunt
2871 5351 3118 5424 )Egyptii
3149 5353 3219 5408 ad
3250 5352 3413 5422 dege-

2317 5527 2366 5560 "
2393 5526 2537 5582 Psal.
2583 5540 2659 5592 Cl,
2687 5526 2775 5582 25.
2887 5527 2936 5560 "
2962 5528 3162 5582 Genes.
3197 5539 3326 5586 xxv.
3353 5525 3416 5578 '5.

2189 5597 2235 5629 ⁸⁸
2277 5595 2436 5653 Joan.
2470 5613 2547 5653 ιχ.
2657 5598 2702 5629 ⁸¹
2732 5597 2931 5655 Cenes.
2958 5611 3127 5668 xnvq,
3158 5596 3229 5652 ΞΟ
3253 5638 3269 5665 ,
3317 5596 3420 5651 El.

1905 5759 1991 5832 (4)
2019 5760 2188 5832 Alias.
2217 5760 2441 5832 legatur.
2472 5761 2613 5816 Infra
2648 5777 2807 5830 mss.,
2843 5771 3208 5821 memorantur
3239 5765 3415 5823 addu-

1829 5830 1922 5886 cti.
1958 5830 2144 5900 Editi.,
2167 5830 2521 5888 "remorantur
2545 5834 2763 5888 addicti.
