3902 6502
108 420 215 480 ω

1320 416 1385 471 ΙΝ
1422 410 1722 472 GENESIM
1763 410 2045 467 llOMlLlA
2079 408 2221 465 XVI.

3214 421 3222 429 ‘
3270 407 3378 461 250

107 538 308 602 habita,
341 546 390 591 et
430 549 530 605 ego
552 540 887 590 rerotecum.
917 531 1227 589 Secundum
1252 530 1417 599 hanc,
1453 540 1515 586 ut
1540 531 1689 585 arhi-
1722 533 1770 591 Α
1799 528 1994 593 iantes,
2022 540 2143 597 quae
2183 523 2488 578 invalescat
2532 534 2698 592 super
2732 520 2967 577 terram?
2999 519 3099 587 Qui
3127 520 3271 577 enim
3307 523 3377 576 de

104 641 241 698 tror,
267 630 671 686 observantiam
688 627 855 697 longe
878 637 1000 697 post
1019 627 1120 680 ista
1145 634 1390 695 tempora
1417 625 1687 695 Propheta

106 724 320 778 dicebat
364 722 415 755 ⁸⁸
452 719 723 775 :Jueeni‘s
766 720 847 790 fui
869 760 886 785 ,
914 721 1121 775 etenim
1153 720 1321 780 senui,
1368 730 1416 772 et
1453 732 1555 771 non
1582 719 1689 771 uidi

102 814 303 886 fastum
340 813 678 877 derelictam,
708 824 800 866 nec
846 818 1023 867 semen
1050 810 1165 879 eius
1195 822 1438 881 quazrens
1466 826 1687 880 panem.

104 908 173 961 Et
199 906 331 962 alibi
354 907 441 962 ’δε
472 906 593 961 Non
624 906 823 961 occidet
855 904 1247 974 DominuslS)
1284 904 1426 975 [ante
1456 905 1689 958 animum

100 1001 261 1070 iusti.
288 999 369 1055 Et
390 999 864 1069 quibusomnibus
892 998 1208 1053 declaratur
1233 1007 1435 1052 terram
1471 997 1687 1066 quidem

102 1108 272 1167 posse
300 1093 413 1164 pati
449 1093 675 1158 famem,
700 1102 755 1148 et
790 1106 885 1148 eos
915 1093 1005 1163 qui
1033 1102 1248 1147 terrena
1274 1091 1510 1160 sapiunt.
1545 1090 1693 1158 Quo-

101 1198 227 1241 rum
273 1192 451 1242 autem
490 1185 599 1241 iste
643 1186 800 1241 cibus
844 1194 964 1247 est,
1010 1194 1071 1239 ut
1114 1184 1318 1241 faciant
1357 1185 1689 1241 voluntatem

100 1277 288 1345 Patris
325 1279 415 1348 qui
453 1278 508 1332 in
541 1277 699 1333 caelis
732 1287 855 1344 est,
890 1289 954 1332 et
1000 1291 1232 1346 quorum
1266 1277 1509 1333 animam
1538 1279 1692 1347 panis

100 1369 195 1425 ille
227 1368 348 1435 alit,
379 1369 475 1440 qui
506 1369 575 1425 de
618 1370 762 1424 ctelo
794 1369 1075 1424 descendit
1097 1410 1112 1432 ,
1144 1384 1421 1439 nunquam
1450 1378 1691 1441 possunt

98 1458 269 1516 famis
328 1458 513 1516 inedia
563 1459 836 1515 laborare.
880 1460 1089 1516 Idcirco
1150 1474 1280 1531 ergo
1332 1461 1693 1517 observanter

98 1551 403 1624 Scriptura
426 1552 612 1607 divina
636 1569 744 1609 non
770 1553 903 1609 dicit
922 1568 1023 1608 eos
1056 1552 1200 1608 fatue
1228 1553 1462 1609 obtineri
1491 1554 1693 1623 quibus

98 1646 257 1703 novit
297 1654 422 1704 esse
461 1642 750 1703 scientiam
786 1647 909 1713 Dei,
953 1656 1009 1702 et
1049 1648 1229 1703 cibum
1267 1647 1503 1705 cmiestis
1543 1665 1692 1720 prte-

95 1738 219 1794 beri
275 1740 583 1810 sapientia.
636 1740 753 1795 Sed
794 1746 849 1795 et
906 1741 959 1795 in
1006 1740 1168 1795 tertio
1204 1740 1515 1812 Regnorum
1554 1742 1692 1798 libro

93 1832 339 1889 similem
371 1832 440 1888 de
472 1832 739 1889 relatione
783 1833 949 1889 famis
999 1834 1243 1889 invenies
1288 1836 1526 1890 habitam
1567 1850 1692 1890 esm

92 1923 395 1992 cautelam,
424 1924 511 1978 ubi
546 1932 671 1979 cum
704 1923 879 1979 fames
911 1925 1233 1980 invaluisset
1263 1942 1431 1996 super
1461 1935 1683 1992 terram,

95 2016 377 2072 dicentem
417 2017 575 2072 audis
602 2015 779 2072 Etiam
810 2018 875 2071 ad
915 2014 1103 2073 Achab
1128 2019 1216 2073 πε
1250 2017 1387 2074 Vivit
1433 2016 1688 2075 Deminns

99 2108 246 2164 Deus
280 2109 556 2174 virtutum,
593 2108 737 2165 Deus
777 2108 970 2174 Israel,
1015 2113 1070 2165 in
1098 2110 1251 2182 cujus
1277 2124 1552 2178 conspectu
1582 2123 1684 2178 sto,

92 2204 140 2257 si
164 2203 231 2257 in
283 2202 368 2257 his
417 2203 573 2257 annis
600 2214 601 2219 ‘
626 2218 712 2258 ros
753 2203 829 2258 vel
855 2203 1036 2270 pluvia
1075 2204 1237 2274 fuerit
1275 2210 1436 2274 super
1468 2218 1686 2270 terram,

94 2295 209 2349 nisi
237 2306 333 2364 per
361 2310 665 2375 sermonem,
684 2297 793 2351 oris
823 2296 953 2352 mei."
986 2298 1049 2351 Et
1090 2308 1209 2367 post
1239 2298 1358 2354 hzec
1399 2298 1689 2353 mandatur

94 2396 122 2435 a
172 2380 413 2436 Domino
469 2384 653 2437 corvis
711 2392 770 2438 ut
827 2393 1055 2453 pascant
1110 2387 1474 2455 prephetam,
1531 2396 1588 2442 et
1633 2395 1691 2442 ut

92 2489 300 2557 aquam
348 2474 497 2531 bibat
540 2476 605 2531 de
646 2475 805 2549 105
852 2486 1095 2534 torrente
1142 2478 1373 2534 Corrath
1423 2478 1585 2553 (10).
1625 2480 1693 2536 Et

92 2566 302 2620 iterum
349 2566 425 2620 in
502 2566 731 2637 Sarepta
802 2567 1043 2623 Sidoniae
1113 2570 1411 2625 mandatur
1474 2569 1690 2627 mulieri

100 2654 281 2709 viduae
338 2656 568 2723 paScere
608 2658 968 2728 prophetam,
1035 2669 1095 2714 ut
1154 2660 1239 2715 cui
1297 2676 1411 2717 non
1460 2662 1692 2732 amplius

90 2761 265 2817 quam
303 2749 471 2803 unius
507 2749 617 2803 diei
646 2761 932 2819 supererat
963 2752 1140 2808 victus
1165 2793 1180 2819 ,
1220 2752 1505 2825 largiendo
1537 2756 1715 2811 inde-‘

96 2842 299 2898 ficiens
334 2842 509 2908 fleret,
541 2850 602 2898 et
624 2842 1000 2913 multipliciter
1032 2845 1335 2900 abundaret
1362 2847 1690 2903 exhaustus.

91 2930 306 3005 Hydria
367 2934 514 2988 enim
565 2935 757 2990 farina:
816 2945 871 2991 et
921 2951 1182 3006 capsaces
1231 2936 1337 2992 olei
1388 2940 1691 2994 secundum

86 3026 327 3080 verbum
369 3025 581 3082 Domini
625 3042 730 3081 non
774 3028 977 3083 defecit
1036 3030 1309 3099 pascendo
1352 3029 1692 3100 prophetam.

91 3120 313 3174 Similia
339 3124 559 3190 quoque
588 3122 830 3177 invenies
853 3122 1025 3177 etiam
1051 3122 1101 3176 in
1130 3124 1468 3191 temporibus
1492 3122 1693 3211 Elisari,

1795 632 1941 678 terra
1994 629 2143 686 sunt,
2206 626 2261 673 et
2317 623 2531 670 terrena
2587 615 2827 685 sapiunt,
2875 622 2933 669 et
2980 628 3088 669 non
3152 625 3379 684 possunt

1792 715 2073 787 percipere
2107 727 2226 781 qua:
2259 718 2385 765 sunt
2427 707 2670 776 Spiritus
2696 707 2825 772 Dei,
2864 708 3061 763 famem
3088 707 3246 762 verbi
3283 706 3377 762 Dei

1792 807 2093 879 patiuntur,
2127 803 2258 874 legis
2290 803 2547 856 mandata
2580 814 2688 854 non
2723 800 2973 865 audiunt,
3005 800 3381 870 correptiones

1791 901 2177 972 prephetarum
2238 895 2531 961 nesciant,
2587 893 2918 964 apostolicas
2973 892 3379 949 consolationes

1794 996 2085 1064 ignorant,
2130 1006 2237 1046 non
2279 989 2531 1045 sentiunt
2575 986 2857 1058 Evangelii
2913 986 3258 1041 medicinam.
3314 985 3384 1040 Et

1794 1088 1916 1143 ideo
1961 1089 2029 1142 de
2076 1085 2163 1141 bis
2213 1084 2412 1138 merito
2459 1081 2702 1147 dicitur,
2741 1081 2884 1149 quod
2934 1079 3167 1133 invaluit
3206 1080 3378 1135 fames

1794 1194 1957 1250 super
1985 1192 2101 1233 eos.
2144 1175 2315 1230 Justis
2354 1182 2561 1238 autem,
2605 1182 2660 1228 et
2704 1174 2755 1228 in
2807 1172 2924 1241 lege
2958 1171 3173 1227 Domini
3204 1173 3379 1227 medi-

1794 1272 2036 1328 tantibus
2070 1270 2157 1323 die
2196 1283 2261 1324 ac
2293 1276 2476 1330 nocte,
2508 1266 2778 1338 sapientia
2814 1272 3083 1335 praeparat
3134 1277 3379 1317 mensam

1792 1381 1970 1431 suam,
2030 1364 2233 1421 occidit
2277 1365 2531 1419 victimas
2587 1375 2738 1424 suas,
2794 1359 2990 1414 miscet
3048 1357 3104 1412 in
3167 1364 3382 1411 cratere

1792 1460 1978 1514 vinum
2002 1452 2165 1515 suum
2191 1461 2259 1523 θ’,
2289 1467 2344 1512 et
2365 1470 2575 1512 summa
2608 1469 2741 1510 voce
2770 1453 2993 1518 clamat,
3026 1466 3137 1505 non
3167 1460 3225 1502 ut
3254 1462 3380 1503 oin-

1794 1567 1892 1607 nes
1918 1552 2177 1612 veniant,
2218 1566 2324 1605 non
2378 1559 2436 1603 ut
2474 1548 2841 1611 abundantes,
2895 1560 3003 1599 non
3059 1551 3119 1598 ut
3161 1543 3380 1607 divites,
3420 1566 3429 1600 ς

1795 1657 1974 1713 neque
2028 1650 2087 1697 ut
2124 1643 2403 1713 sapientes
2432 1640 2596 1710 huius
2630 1639 2819 1695 mundi
2870 1638 3143 1693 divertant
3190 1635 3256 1689 ad
3296 1648 3381 1697 se,

1794 1739 1889 1791 sed
1925 1736 1968 1791 si
2018 1735 2110 1805 qui
2154 1742 2308 1801 sunt,
2364 1734 2561 1803 inquit,
2599 1733 2789 1801 inopes
2831 1744 3018 1795 sensu,
3052 1729 3276 1783 veniant
3313 1729 3382 1782 ad

1795 1818 1997 1896 me,‘id
2029 1836 2134 1893 est,
2171 1827 2218 1879 si
2243 1827 2335 1895 qui
2362 1834 2490 1880 sunt
2511 1823 2745 1879 lmmilcs
2770 1825 2956 1882 corde.
2985 1822 3076 1892 qui
3110 1836 3140 1876 a
3163 1820 3383 1876 Christo

1722 1888 1764 1942 Β
1794 1888 2315 1972 didicerunt'mites
2362 1927 2485 1970 esse
2539 1923 2594 1967 et
2634 1912 2871 1967 humiles
2916 1888 3087 1967 corde
3149 1912 3190 1979 ί,
3235 1911 3379 1981 quod

1788 2010 1915 2066 alibi
1952 2010 2151 2065 dicitur
2169 1998 2360 2079 spiritu
2397 2021 2696 2079 pauperes,
2745 2006 2839 2061 sed
2880 2006 2987 2061 lide
3039 2004 3258 2069 divites,
3292 2005 3377 2059 isti

1788 2102 2119 2157 conveniant
2164 2101 2232 2155 ad
2277 2100 2467 2171 epulas
2507 2100 2829 2170 sapientiae,
2883 2108 2937 2153 et
2988 2098 3218 2168 dapibus
3266 2098 3383 2167 ejus

1790 2193 1975 2249 reiecti
2007 2193 2278 2263 depellant
2323 2192 2522 2247 famem
2582 2207 2703 2263 quae
2747 2191 3033 2247 invalescit
3061 2205 3226 2259 super
3272 2199 3383 2242 ter-

1792 2301 1931 2341 ram.
1961 2283 2103 2341 Vide
2124 2300 2256 2357 ergo
2290 2301 2358 2340 ne
2390 2293 2446 2340 et
2485 2295 2539 2341 tu
2574 2285 2714 2341 forte
2746 2283 3043 2339 inveniaris
3067 2281 3380 2352 IEgyptius,

1791 2386 1846 2433 et
1878 2378 2125 2433 obtineat
2150 2386 2201 2433 te
2235 2376 2407 2433 fames
2428 2418 2443 2443 ,
2480 2393 2547 2433 ne
2587 2377 2730 2432 forte
2770 2375 2952 2430 saeculi
2980 2374 3192 2429 actibus
3216 2368 3383 2427 occu-

1792 2485 1953 2541 patus
1999 2480 2093 2526 aut
2136 2470 2389 2525 avaritiae
2432 2469 2669 2525 vinculis
2713 2468 2963 2532 strictus,
3016 2475 3110 2521 aut
3152 2464 3383 2519 luxuriae

1792 2562 2056 2621 effusione
2098 2566 2410 2631 resolutus,
2489 2562 2702 2619 alienus
2748 2560 3002 2617 eiiiciaris
3033 2576 3061 2613 a
3105 2556 3383 2627 sapientiae

1794 2658 1956 2724 cibis,
2005 2660 2097 2728 qui
2145 2672 2360 2727 semper
2397 2657 2448 2711 in
2488 2654 2583 2711 Dei
2635 2655 2891 2711 ecclesiis
2934 2653 3287 2729 exhibentur.
3323 2648 3380 2704 Si

1795 2754 1941 2808 enim
1977 2759 2196 2806 avertas
2229 2748 2477 2805 auditum
2511 2752 2580 2804 ab
2620 2746 2730 2812 bis,
2770 2761 2891 2817 quae
2917 2746 2998 2801 vel
3046 2745 3297 2813 leguntur
3326 2743 3380 2797 in

1807 2836 2062 2907 ecclesia,
2086 2843 2170 2898 vel
2203 2844 2574 2913 diSputautur,
2614 2841 2732 2895 sine
2778 2840 2943 2894 dubio
2993 2838 3195 2893 famem
3224 2838 3376 2892 verbi

1798 2937 1892 2991 Dei
1921 2934 2165 3005 patieris.
2193 2937 2249 2991 Si
2282 2949 2412 2990 vero
2441 2937 2508 2989 de
2539 2935 2816 2988 Abraham
2845 2934 3017 3003 stirpe
3052 2934 3382 2999 descendas,

1798 3041 1852 3085 et
1882 3030 2223 3085 nobilitatem
2258 3029 2541 3085 lsraelitici
2580 3026 2798 3099 generis
2824 3028 3116 3082 custodias
3144 3067 3158 3091 ,
3208 3027 3383 3097 pascit

1803 3134 1853 3176 te
1875 3138 2091 3192 semper
2120 3122 2229 3185 lex,
2270 3132 2502 3192 pascunt
2546 3121 2859 3191 prophetae,
2909 3120 3168 3175 exhibent
3198 3116 3291 3173 tibi
3326 3126 3381 3171 ct

88 3214 213 3268 cdm
262 3213 413 3268 ﬁlius
457 3214 603 3269 Ader
664 3214 816 3285 (ll)
871 3229 963 3269 rex
1006 3214 1178 3287 Syria“:
1212 3217 1461 3271 ascendit
1504 3220 1764 3305 adver-c
1800 3214 2030 3283 apostoli
2103 3215 2358 3284 opulenta
2426 3214 2697 3267 convivia.
2775 3213 2831 3267 ln
2900 3211 3110 3267 sinibus
3161 3225 3381 3280 quoque

87 3322 211 3360 sum
268 3306 615 3371 Samariam,
672 3315 727 3362 et
785 3307 996 3362 obsedit
1059 3322 1225 3362 eam:
1263 3308 1333 3362 Et
1392 3310 1535 3379 facta
1574 3321 1687 3377 est,

87 3400 270 3469 inquit
302 3400 373 3462 “,
406 3400 575 3468 {antes
605 3404 796 3469 magna
833 3400 889 3452 in
928 3396 1179 3455 Samaria
1226 3417 1490 3472 usquequo
1523 3404 1690 3474 ρῇἱσεο

88 3508 238 3548 retur
288 3504 451 3561 caput
499 3494 641 3547 asini
698 3495 1083 3564 quinquaginta
1130 3497 1275 3548 siclis
1313 3498 1592 3564 argenteis,
1643 3507 1690 3551 et

83 3587 434 3658 quartarium
494 3589 740 3642 stercoris
793 3587 1079 3642 columbini
1126 3588 1355 3657 quinque
1402 3595 1686 3660 argenteis.

88 3680 196 3735 Sed
225 3680 418 3735 subito
458 3695 556 3748 per
596 3680 823 3734 verbum
863 3680 1143 3750 prophetae
1183 3680 1243 3734 ﬁt
1285 3682 1419 3735 mira
1455 3696 1688 3738 conver-

84 3774 193 3837 sio,
247 3774 489 3829 dicentis
519 3773 565 3805 "’
603 3789 616 3825 :
653 3774 798 3826 Audi
844 3773 1053 3827 verbum
1100 3770 1332 3826 Domini.
1382 3771 1512 3828 Ηίινο
1559 3776 1689 3831 dicit

86 3863 361 3916 Dominus
422 3863 561 3918 Deus
599 3878 617 3916 :
650 3863 796 3919 Sicut
840 3861 940 3915 huc
987 3862 1121 3916 liora
1163 3863 1395 3919 crastino
1442 3884 1707 3925 mensum

82 3956 418 4025 similaginis
451 3955 581 4010 siclo
623 3971 762 4019 uno,
791 3965 841 4010 et
878 3958 998 4013 dua:
1034 3974 1293 4015 mensura:
1335 3963 1521 4015 hordei
1558 3962 1688 4017 siclo

85 4063 193 4099 uno
225 4046 289 4098 in
315 4046 484 4112 portis
510 4046 773 4101 Samarite
791 4058 967 4104 erunt.
1007 4047 1171 4106 Vides
1198 4066 1328 4123 ergo
1354 4067 1421 4107 ex
1455 4054 1539 4109 his
1569 4069 1688 4108 om-

84 4141 258 4194 nibus
316 4138 451 4209 quid
511 4138 823 4210 colligatur,
889 4141 1022 4210 quia
1071 4158 1191 4197 cum
1254 4154 1456 4200 terram
1514 4146 1687 4202 fames

82 4237 366 4297 obtineat,
396 4246 502 4288 non
532 4234 703 4288 solum
737 4248 842 4288 non
872 4234 1087 4289 obtinet
1112 4236 1316 4306 justos,
1352 4239 1448 4295 sed
1474 4240 1685 4295 medela

82 4331 277 4398 potius
310 4344 408 4398 per
437 4343 531 4382 eos
562 4329 845 4381 intentata:
870 4327 1007 4382 cladi
1047 4329 1317 4386 defertur.

156 4423 215 4475 ι.
256 4421 399 4476 Cum
432 4435 560 4489 ergo
593 4420 780 4473 videas
828 4420 1134 4491 hujusmodi
1177 4424 1586 4480 observantiam
1632 4426 1683 4482 in

82 4514 352 4569 munibus
415 4528 554 4581 pene
614 4512 914 4580 Scriptura:
984 4524 1187 4570 sancta:
1265 4515 1397 4571 locis
1469 4518 1685 4586 integre

1795 3308 2093 3373 Abraham,
2148 3315 2202 3362 et
2260 3308 2429 3371 Isaac,
2484 3317 2539 3361 ct
2592 3306 2784 3372 Jacob,
2844 3308 2897 3360 in
2966 3320 3134 3375 regno
3200 3302 3381 3358 Patris

1795 3394 2119 3457 recumbere
2149 3412 2199 3457 te
2234 3402 2543 3456 invitabunt
2575 3401 2867 3471 Evangelia
2891 3442 2906 3467 ,
2954 3410 3011 3453 ut
3045 3399 3116 3454 ibi
3150 3398 3380 3453 mandu-
3412 3436 3431 3446 -

1793 3502 1886 3548 (res
1917 3494 1985 3547 de
2016 3492 2162 3559 ligno
2204 3493 2361 3555 vita},
2389 3500 2443 3545 et
2478 3489 2632 3545 bibas
2667 3490 2851 3543 vinum
2884 3489 2949 3542 de
2969 3488 3078 3542 vite
3111 3501 3259 3550 vera,
3298 3486 3382 3538 vi-

1794 3580 1923 3637 num
1963 3598 2159 3637 novum
2192 3594 2313 3637 cum
2342 3580 2559 3635 Christo
2588 3581 2640 3634 in
2676 3596 2838 3649 regno
2878 3578 3057 3632 Patris
3099 3577 3241 3645 ejus.
3294 3578 3378 3630 Ab

1793 3676 1877 3730 his
1903 3662 2048 3730 enim
2081 3675 2216 3729 cibis
2250 3670 2884 3744 nonpossnntjejunare,
2907 3686 3005 3726 nec
3038 3671 3231 3724 famem
3262 3669 3372 3739 pati

1793 3768 1885 3823 lilii
1929 3767 2135 3839 sponsi,
2184 3769 2355 3821 donec
2404 3782 2524 3821 cum
2558 3766 2690 3836 ipsis
2718 3774 2801 3819 est
2829 3779 3082 3833 sponsus.

1860 3857 1916 3914 5.
1943 3858 2196 3913 Refertur
2229 3872 2362 3912 sane
2396 3856 2449 3910 in
2488 3856 2955 3925 consequentibus
2978 3855 3019 3920 ’,
3051 3855 3196 3923 quod
3233 3862 3377 3905 terra

1792 3953 2139 4006 sacerdotum
2199 3948 2581 4019 IEgyptiorum
2631 3962 2736 4002 non
2808 3948 2879 4001 sit
2945 3945 2997 4001 in
3055 3945 3374 4000 servitutem

1794 4042 2017 4097 redacta
2073 4039 2383 4106 Pharaoni,
2443 4056 2617 4109 neque
2672 4056 2793 4095 cum
2843 4039 3054 4095 caeteris
3106 4035 3379 4109 [Egyptiis

1790 4136 2137 4191 vendiderint
2163 4135 2511 4204 semetipsos,
2546 4132 2636 4189 sed
2665 4137 2808 4203 quod
2843 4133 3185 4188 extrinsecus
3222 4148 3378 4187 accc-

1791 4232 1994 4299 perint,
2029 4230 2113 4284 vel
2153 4232 2449 4296 frumenta,
2502 4231 2581 4286 vel
2622 4248 2867 4298 munera,
2929 4248 3032 4285 non
3084 4247 3111 4283 a
3155 4228 3376 4299 .loseph,

1690 4338 1693 4339 '
1792 4324 1887 4378 sed
1937 4324 2006 4378 ab
2061 4325 2180 4394 ipso
2212 4322 2519 4386 Pharaone.
2579 4335 2634 4381 et
2689 4337 2916 4396 propter
2962 4326 3064 4379 hoc
3113 4331 3376 4394 tanquam

1790 4415 2176 4471 familiariores
2242 4418 2499 4481 caeteris,
2592 4433 2697 4472 non
2758 4417 3110 4471 vendiderint
3173 4427 3377 4471 terram

1790 4524 1945 4562 suam
1977 4506 2287 4577 Pharaoni;
2324 4509 2418 4565 sed
2449 4525 2545 4580 per
2570 4511 2673 4564 hoc
2702 4509 2991 4578 nequiores
3014 4525 3135 4564 esse
3158 4510 3373 4564 caeteris

82 4606 402 4671 custodiri,
455 4616 714 4662 converte
761 4608 878 4662 lucc
930 4609 998 4662 ad
1043 4611 1310 4678 tropicum
1345 4621 1397 4665 et
1430 4610 1681 4682 allegori-
1714 4595 1759 4650 D
1788 4603 2176 4671 ostenduntur,
2212 4603 2302 4674 qui
2330 4619 2428 4672 pro
2458 4604 2624 4658 nimia
2660 4602 3060 4668 familiaritate,
3106 4619 3227 4674 quae
3251 4611 3371 4658 erat

80 4713 211 4752 cum
248 4713 515 4761 sensum,
566 4714 726 4767 quem
775 4700 1016 4769 ipsorum
1064 4701 1413 4757 nihilominus
1450 4706 1685 4773 prophe-

82 4800 272 4842 tarum
313 4790 660 4845 sermonibus
698 4789 1010 4846 cdocemur.
1057 4790 1209 4846 Unus
1240 4795 1382 4847 enim
1433 4811 1496 4849 ex
1548 4797 1682 4851 duo-

78 4884 266 4937 derim
299 4882 586 4953 prephetis
607 4876 811 4954 aperte
843 4893 897 4937 et
920 4885 1205 4939 evidenter
1239 4887 1536 4955 spiritalem
1575 4889 1679 4944 dici

77 4973 296 5029 famem
339 4975 485 5028 nudo
532 4988 782 5028 sermone
824 4976 1141 5043 pronuntiat
1192 4976 1381 5033 dicens
1421 4977 1468 5011 ⁸⁸
1505 4978 1683 5036 :Ecce

74 5070 192 5122 dies
226 5068 472 5133 ueniunt,
516 5067 639 5120 dicit
667 5067 954 5127 Dominus,
979 5078 1026 5121 et
1051 5070 1285 5122 emittam
1310 5070 1504 5140 famem
1529 5087 1684 5141 super

73 5173 315 5223 terram,
366 5176 469 5213 non
519 5160 713 5230 famem
758 5161 939 5228 panis,
975 5178 1141 5232 neque
1169 5164 1310 5216 sitim
1349 5180 1502 5235 aqua:
1531 5204 1546 5228 ,
1590 5165 1681 5218 sed

74 5253 287 5321 [amem
346 5252 603 5306 audiendi
658 5252 868 5308 verbum
924 5254 1159 5309 Domini.
1224 5254 1387 5310 Vides
1438 5271 1558 5327 quae
1610 5257 1680 5312 sit

72 5346 302 5414 fames,
376 5359 502 5415 qua:
555 5347 765 5402 obtinet
826 5348 1179 5417 peccatores?
1227 5344 1393 5401 Vides
1444 5362 1565 5416 qua:
1607 5347 1678 5401 sit

146 5459 197 5492 ’³
235 5457 389 5515 Psal.
424 5474 611 5520 xxxvi.
628 5458 719 5517 25.

794 5459 841 5493 ’δ
858 5459 1015 5513 Prov.
1049 5476 1105 5531 ιθ,
1150 5459 1206 5515 3.
1258 5460 1328 5531 κν
1355 5459 1421 5514 lll
1455 5458 1734 5531 Reg.xvtt,
1773 5460 1824 5515 l.

1790 4698 1871 4752 eis
1913 4713 2035 4753 cum
2097 4697 2406 4766 Pharaone,
2455 4697 2592 4751 nihil
2642 4696 3038 4751 immutationls
3081 4697 3373 4766 recipiunt,

1790 4789 1884 4843 sed
1931 4794 2257 4858 permanent
2291 4790 2344 4843 in
2388 4788 2527 4843 mala
2577 4789 2960 4859 possessione,
3007 4798 3061 4844 et
3109 4789 3246 4844 sicut
3288 4789 3373 4843 his

1789 4882 1881 4951 qui
1934 4881 1985 4935 in
2017 4881 2123 4936 fide
2155 4882 2550 4939 etsanctitate
2597 4881 2978 4952 profecerant,
3021 4882 3155 4935 dicit
3182 4882 3371 4935 Domi-

1792 4990 1892 5030 nus
1922 4974 1943 5005 ³
1977 4988 1992 5027 :
2023 4974 2147 5028 lam
2191 4991 2293 5027 non
2337 4976 2454 5030 dico
2496 4993 2583 5031 eos
2630 4993 2826 5043 servos,
2873 4979 2961 5031 sed
3010 4977 3237 5040 amicos,
3297 4976 3368 5027 ita

1791 5068 1928 5123 dicit
1986 5080 2042 5123 et
2095 5069 2216 5122 istis
2260 5069 2498 5136 Pharao,
2555 5080 2810 5141 tanquam
2855 5070 2947 5139 qui
2997 5069 3060 5123 ad
3099 5084 3368 5123 sunnnum

1789 5159 2012 5231 gradum
2034 5161 2284 5229 nequitiae
2300 5171 2355 5215 et
2372 5160 2438 5215 ad
2460 5161 2820 5215 sacerdotium
2842 5159 3160 5231 perditionis
3174 5175 3372 5213 ascen-

1788 5250 2146 5305 derintzlam
2183 5269 2287 5306 non
2316 5253 2436 5307 dico
2475 5269 2559 5307 vos
2599 5268 2793 5315 servos,
2823 5257 2911 5305 sed
2942 5254 3159 5305 amicos.
3203 5249 3366 5304 Deni-

1784 5355 1890 5413 que
1914 5346 1995 5399 vis
2020 5346 2161 5401 scire
2185 5347 2313 5418 quid
2355 5348 2569 5404 intersit
2600 5350 2739 5404 inter
2796 5348 3111 5404 sacerdotes
3162 5346 3252 5398 Dei
3309 5352 3367 5396 et

1903 5460 2055 5537 πη
2084 5463 2213 5534 Reg.
2234 5476 2310 5521 vt,
2330 5463 2421 5519 25.
2500 5465 2543 5537 θῖ
2564 5464 2643 5537 νιν
2669 5466 2800 5537 Reg.
2830 5464 3012 5537 vn,_i.
3112 5462 3159 5493 "
3198 5462 3367 5537 An)?“

75 5545 200 5595 vtu,
253 5530 354 5584 11.
430 5532 476 5563 ⁸³
545 5528 717 5589 ,Ρτονκ
750 5546 829 5600 Ix,
878 5531 933 5596 2,
972 5530 1113 5617 5,}.
1186 5532 1209 5591 η¹
1251 5530 1443 5585 Matth.
1502 5528 1559 5597 νζ
1607 5531 1687 5596 4;;

1797 5534 1885 5599 29'.
1960 5532 1980 5565 ²
2019 5528 2219 5592 Cenes.
2284 5551 2452 5601 nvu,
2512 5536 2584 5590 22
2638 5528 2794 5607 seqq.
2872 5536 2894 5567 ³
2931 5534 3087 5591 Joan.
3150 5547 3241 5595 xv,
3272 5528 3363 5584 15.

147 5697 265 5767 (9)
338 5694 716 5766 Alias,Deus;
742 5706 798 5751 at
834 5709 990 5758 mss.,
1032 5694 1311 5767 Dominus.

149 5762 167 5840 ξ
198 5762 316 5840 10)
358 5762 509 5833 Mss,
545 5766 791 5840 Cor-roth.
839 5767 1007 5840 Editi,
1027 5766 1293 5840 Corrupit.
1334 5766 1498 5822 Paulo
1532 5762 1670 5822 infra

78 5838 243 5903 mss.,
286 5838 566 5907 largiendo
621 5839 925 5908 indeﬁciens
972 5838 1139 5906 ﬁeret.
1193 5838 1361 5906 Alias,
1402 5840 1672 5909 largiendo

78 5928 137 5963 ea
168 5910 489 5980 inde/imus
517 5909 687 5981 fieret.

1856 5696 1997 5769 (ll)
2052 5695 2227 5769 filius
2279 5695 2438 5769 fider.
2495 5695 2570 5769 lta
2616 5712 2755 5769 rmss.
2794 5708 3057 5769 .Aquorum
3093 5690 3359 5769 _nonnnl_li

1781 5761 1989 5823 habent
2040 5767 2219 5821 Filius
2271 5762 2454 5824 Iader.
2523 5765 2752 5831 Vulgata
2816 5761 3029 5829 Latina,
3082 5761 3358 5820 Benadab.

1783 5839 1929 5895 Libri
1965 5839 2096 5894 editi
2126 5838 2397 5908 Origenis,
2429 5838 2575 5907 ﬁlius
2600 5838 2894 5892 Adadezer.
