3902 6522
589 405 691 461 251

2067 392 2392 452 ORIGENIS
3684 391 3757 451 23!

591 522 904 580 sacerdotes
953 520 1295 576 Pharaonis?
1361 520 1578 578 Pharao
1666 528 1846 576 terras
1917 520 2171 575 concedit
2199 524 2245 579 Α
2280 526 2389 571 tur.
2414 515 2487 570 At
2520 528 2652 570 vero
2680 512 3015 570 Israeliticae
3060 509 3289 585 populus
3328 507 3545 566 honorat
3567 510 3756 572 decaden

590 615 966 672 sacerdotibus
986 613 1129 680 suis,
1156 613 1422 668 Dominus
1446 622 1629 669 autem
1657 612 2035 669 sacerdotibus
2050 611 2164 667 suis

589 717 801 777 partem
833 721 945 761 non
976 706 1231 762 concedit
1259 705 1312 761 in
1355 715 1533 771 terra,
1567 706 1663 761 sed
1690 705 1924 761 diciteis
1948 706 1971 738 ⁸
1998 723 2014 761 :
2048 705 2162 777 Ego

582 813 703 854 sum
736 813 862 865 pars
891 804 1085 852 vestra.
1151 795 1451 853 Observate
1494 812 1623 868 ergo
1663 797 1753 868 qui
1799 797 1915 854 hinc
1961 797 2162 869 legitis,

586 902 779 943 omnes
806 889 1020 944 Domini
1057 890 1407 957 sacerdotes,
1436 899 1493 943 et
1528 890 1707 945 videte
1748 904 1870 959 quae
1902 890 1975 945 sit
2009 890 2164 946 diﬁ'e-

585 980 765 1036 rentia
798 980 1176 1045 sacerdotum,
1209 995 1276 1034 ne
1307 980 1449 1035 forte
1489 980 1583 1050 qui
1628 988 1835 1049 partem
1879 980 2079 1037 habent
2110 983 2162 1036 in

585 1082 730 1127 terra
808 1083 865 1127 et
894 1074 1128 1128 terrenis
1157 1072 1396 1128 cultibus
1438 1087 1502 1129 ac
1533 1072 1731 1129 studiis
1775 1083 2006 1140 vacant,
2054 1090 2161 1131 non

586 1172 700 1218 tam
736 1162 953 1219 Domini
999 1180 1163 1235 quam
1216 1164 1522 1222 Pharaonis
1570 1168 1881 1223 sacerdotes
1921 1182 2042 1223 esse
2083 1169 2164 1223 vi-

591 1259 847 1313 deantur.
907 1257 1000 1311 ille
1045 1267 1130 1312 est
1185 1257 1329 1311 enim
1358 1258 1447 1326 qui
1500 1257 1616 1314 vult
1670 1259 1985 1315 sacerdotes
2036 1275 2164 1316 suos

585 1348 793 1403 habere
842 1348 1221 1417 possessiones
1266 1358 1555 1415 terrarum,
1618 1357 1674 1405 et
1719 1364 1978 1405 exercere
2023 1352 2161 1421 agri,

588 1455 694 1493 non
755 1440 954 1494 animat
1010 1439 1305 1505 culturam,
1355 1442 1470 1496 ruri
1526 1451 1582 1496 et
1624 1456 1732 1497 non
1781 1441 1883 1513 legi
1937 1458 2161 1513 operam

586 1528 742 1588 dare.
770 1528 1024 1585 Christus
1048 1539 1229 1585 autem
1263 1530 1523 1586 Dominus
1552 1540 1742 1587 noster
1780 1532 2161 1589 sacerdOtibus

584 1619 700 1674 suis
749 1620 879 1691 quid
908 1622 1171 1691 praecepit
1204 1624 1511 1678 audiamus.
1549 1622 1656 1688 Qui
1694 1640 1797 1677 non
1823 1625 2160 1679 abrenuntia-

582 1713 740 1778 eerit,
780 1714 960 1784 inquit
1000 1714 1045 1776 '.
1104 1716 1345 1770 omnibus
1385 1732 1503 1785 qua:
1541 1716 1803 1786 possidet,
1850 1733 1955 1771 non
1996 1726 2163 1786 potest

584 1820 729 1857 meus
764 1820 876 1858 esse
900 1804 1216 1873 discipulus.
1241 1804 1617 1861 Contremisco
1641 1809 1754 1861 haec
1780 1806 1986 1862 dicens.
2015 1806 2165 1863 Meus

2272 605 2627 678 perfectionis
2658 620 2972 662 numerum.
3007 605 3206 661 Decem
3232 603 3373 660 enim
3401 602 3547 659 verba
3576 603 3682 677 legis
3700 624 3759 666 ac.

2270 698 2435 769 cepit,
2474 706 2531 754 et
2559 696 2815 767 Decalogi
2844 697 3052 753 virtute
3080 696 3377 752 instructus
3419 695 3585 765 ignota
3617 702 3759 756 munda

2270 789 2402 844 huic
2428 796 2772 845 sacramenta
2802 788 2989 843 divina
3038 786 3323 857 largitione
3351 786 3594 855 suscepit.
3620 786 3701 843 Sed
3724 802 3759 845 et

2271 880 2325 936 in
2350 881 2499 937 Novo
2526 880 2879 936 Testamento
2914 879 3168 936 similiter
3189 876 3510 933 venerabilis
3533 888 3608 932 est
3630 880 3758 949 decas,

2270 974 2413 1029 sicut
2452 982 2508 1029 et
2536 971 2749 1027 fruetus
2771 971 3002 1042 spiritus
3039 970 3200 1025 denis
3225 967 3505 1039 exponitur
3524 970 3758 1039 germinare

2270 1066 2566 1122 virtutibus
2599 1067 2646 1122 ⁸.
2675 1066 2741 1121 Et
2770 1078 2959 1120 servus
2999 1063 3176 1119 ﬁdelis
3206 1062 3273 1116 de
3314 1060 3663 1133 negotiationis
3686 1078 3758 1120 tua

2270 1158 2439 1213 lueris
2464 1159 2653 1214 decem
2687 1172 2844 1211 mnas
2865 1155 3026 1211 oﬁ'ert
3051 1155 3303 1222 Domino,
3337 1162 3392 1209 et
3429 1153 3597 1209 decem
3624 1156 3759 1209 civiu-

2275 1259 2390 1304 tum
2436 1250 2639 1320 accipit
2667 1257 2994 1319 potestatem
3020 1247 3064 1301 '.
3098 1246 3299 1300 Verum
3326 1245 3451 1314 quia
3480 1260 3604 1298 unus
3626 1259 3758 1301 auctor

2270 1352 2355 1398 est
2376 1343 2645 1406 omnium,
2680 1352 2738 1398 et
2770 1341 2893 1396 ﬁnis
2915 1349 2973 1397 et
3008 1340 3223 1395 initium
3248 1335 3359 1409 (ίῖ)
3404 1346 3625 1392 unusest
3648 1337 3757 1393 Chri-
3838 1354 3839 1399 ;

2271 1444 2408 1498 atus,
2438 1434 2643 1491 idcirco
2669 1442 2726 1488 et
2754 1430 2984 1504 populus
3019 1430 3262 1486 decimas
3306 1428 3520 1499 quidem
3567 1428 3759 1485 ministris
3838 1424 3839 1449 ‘

2269 1537 2326 1583 et
2363 1526 2738 1584 sacerdotibus
2790 1533 3032 1595 praestat,
3083 1521 3443 1595 primogenita
3492 1535 3609 1576 vero
3651 1520 3759 1575 oden

2270 1620 2632 1692 primogenita
2663 1620 2844 1674 omnis
2884 1626 3170 1681 creaturae,
3218 1625 3276 1670 et
3322 1613 3477 1669 initia
3520 1612 3652 1667 initio
3681 1628 3759 1667 omo

2271 1714 2458 1780 nium;
2490 1714 2558 1768 de
2588 1727 2696 1779 quo
2738 1712 3002 1783 scripturn
3046 1719 3132 1766 est
3168 1710 3212 1741 ¹⁰
3266 1726 3281 1765 :
3331 1706 3438 1773 Qui
3478 1716 3547 1760 est
3590 1706 3759 1772 initisa,

2270 1806 2644 1875 primogenitus
2688 1804 2857 1859 omnis
2887 1813 3166 1858 creaturae.
3197 1799 3332 1855 Vide
3363 1813 3490 1870 ergo
3515 1813 3576 1852 ex
3600 1797 3668 1853 his
3683 1812 3759 1852 om.

581 1897 730 1951 enim
773 1897 949 1965 primo
980 1897 1247 1959 omnium,
1282 1911 1460 1959 meus.
1492 1898 1713 1969 inquam
1743 1938 1758 1961 ,
1801 1898 1919 1968 ipse
1942 1914 2167 1953 accusa-
2200 1884 2241 1938 Β
2270 1897 2432 1952 nibus
2459 1894 2820 1951 differentiam
2842 1894 3022 1966 populi
3050 1892 3433 1965 Egyptiorum
3459 1900 3512 1946 et
3532 1890 3680 1961 populi
3708 1889 3758 1944 ls-

582 1996 672 2043 tor
714 1990 941 2055 exsisto,
978 2003 1129 2044 meas
1190 1989 1680 2046 condemnationes
1724 1988 1938 2060 loquor.
1990 1990 2166 2061 Negat

580 2080 833 2137 Christus
887 2096 1044 2135 suum
1077 2094 1198 2135 esse
1238 2080 1600 2151 discipulum,
1644 2097 1805 2151 quem
1833 2082 2032 2138 viderit
2064 2083 2166 2138 ali-

582 2172 715 2240 quid
747 2172 1138 2239 possidentem,
1176 2181 1232 2227 et
1266 2187 1391 2226 eum
1429 2173 1521 2241 qui
1558 2187 1664 2227 non
1692 2174 1966 2228 renuntiat
1989 2175 2165 2229 omni-

578 2262 683 2317 bus
716 2277 838 2331 qna:
879 2263 1142 2332 possidet.
1179 2262 1247 2317 Et
1275 2263 1404 2334 quid
1432 2263 1686 2332 agimus?
1724 2264 2004 2332 Quomodo
2050 2265 2166 2323 haec

576 2362 672 2409 ant
703 2353 809 2422 ipsi
847 2354 1097 2425 legimus,
1144 2365 1241 2409 aut
1286 2355 1496 2425 populis
1539 2357 1889 2427 exponimus,
1925 2357 2016 2426 qui
2054 2372 2163 2413 non

577 2443 754 2527 solum
778 2461 885 2499 non
900 2445 1350 2500 abrenuntiarnus
1374 2445 1460 2501 his
1480 2462 1597 2516 qua:
1622 2447 1983 2516 possidemus,
1998 2447 2091 2501 sed
2109 2454 2166 2501 et

578 2538 866 2607 acquirere
886 2536 1139 2592 volumus
1163 2552 1224 2592 ea
1249 2552 1372 2607 qua:
1402 2553 1679 2607 nunquam
1702 2537 1994 2591 habuimus
2018 2545 2163 2591 ante-

578 2643 745 2699 quatn
792 2628 1105 2683 veniremus
1143 2628 1211 2683 ad
1246 2627 1563 2684 Christum?
1608 2627 1994 2698 Nunquidnam
2035 2628 2163 2698 quia

582 2738 683 2778 nos
705 2714 986 2793 redarguit
1002 2722 1359 2789 conscientia,
1384 2731 1569 2792 tegere
1590 2732 1641 2778 et
1660 2738 1767 2779 non
1788 2721 2033 2794 proferre
2046 2736 2165 2793 qua:

585 2812 743 2885 105
778 2814 980 2884 scripta
1020 2822 1148 2869 sunt
1193 2812 1519 2883 possumus?
1562 2810 1698 2868 Nolo
1742 2811 2002 2883 duplicati
2047 2812 2165 2868 cri-

579 2905 744 2959 minis
800 2903 915 2959 ﬁeri
964 2919 1112 2960 reus.
1188 2903 1464 2960 Confiteor
1511 2912 1568 2958 et
1603 2901 1776 2973 palam
1821 2901 2017 2973 populo
2062 2917 2165 2957 au-

587 2997 795 3061 diente,
830 2998 1097 3053 conﬁteor
1129 2996 1246 3052 haec
1295 2998 1505 3067 scripta
1555 3008 1679 3050 esse
1714 2994 1972 3052 :etiamsi
2030 3009 2165 3050 non-

588 3086 721 3141 dum
752 3086 1009 3158 implesse
1036 3102 1123 3143 me
1157 3086 1305 3142 novi.
1336 3085 1445 3142 Sed
1474 3100 1545 3141 ex
1571 3085 1676 3141 hoc
1699 3084 1895 3141 saltem
1933 3098 2166 3140 commo-

584 3175 686 3232 niti
727 3176 1052 3233 festinemus
1099 3177 1352 3247 implere,
1381 3175 1704 3231 festinemus
1747 3175 1980 3230 transire
2012 3191 2043 3230 a
2078 3189 2166 3231 sa-

580 3269 901 3325 cerdotibus
927 3269 1253 3334 Pharaonis,
1284 3268 1481 3339 quibus
1509 3276 1725 3324 terrena
1762 3266 2036 3337 possessio
2058 3276 2161 3332 est,

585 3362 654 3418 ad
687 3369 1003 3418 sacerdotes
1025 3361 1257 3425 Domini,
1288 3362 1488 3433 quibus
1513 3361 1565 3416 in
1599 3370 1742 3415 terra
1767 3375 1896 3430 pars
1924 3375 2030 3415 non
2056 3368 2163 3427 est,

583 3456 783 3527 quibus
844 3456 1021 3527 portio
1068 3454 1332 3511 Dominus
1379 3462 1488 3512 est.
1521 3452 1669 3509 Talis
1720 3454 1864 3510 enim
1897 3462 2014 3508 erat
2048 3452 2160 3514 ille.

582 3548 678 3619 qui
711 3548 930 3603 dicebat
959 3548 980 3579 ⁸
1014 3561 1031 3602 :
1062 3546 1337 3619 Tanquam
1372 3554 1599 3613 egentes,
1639 3545 1833 3600 multos
1872 3555 2048 3599 autem
2077 3543 2162 3598 lo-

582 3637 928 3708 eupletantes.
965 3634 1032 3692 Ut
1057 3636 1192 3692 nihil
1225 3637 1495 3702 habentes,
1522 3644 1572 3690 et
1606 3637 1783 3690 omnia
1814 3635 2159 3703 possidentes.

581 3727 780 3783 Paulus
809 3730 899 3785 hic
928 3736 1010 3783 est
1037 3727 1129 3799 qui
1159 3728 1213 3781 in
1248 3726 1448 3783 talibus
1503 3725 1788 3797 gloriatur.
1840 3725 1934 3783 Vis
1973 3728 2164 3782 audire

582 3821 912 3891 quidetiam
963 3818 1160 3877 Petrus
1202 3820 1269 3874 de
1321 3819 1502 3889 seipso
1554 3818 1918 3890 pronuntiet?
1967 3818 2164 3876 Audite

586 3927 714 3967 eum
740 3926 865 3966 eum
884 3910 1094 3968 Joanne
1124 3910 1329 3978 pariter
1346 3909 1693 3979 proﬁtentem
1723 3920 1777 3966 et
1805 3911 2081 3967 dicentem
2103 3913 2163 3967 τι

583 4004 791 4057 Aurum
823 4012 871 4057 et
910 4011 1186 4072 argentum
1215 4017 1318 4055 non
1352 4002 1541 4067 habeo,
1576 4003 1664 4057 sed
1695 4003 1836 4073 quod
1867 4003 2034 4058 habeo
2065 4004 2163 4059 hoc

586 4098 683 4151 tibi
737 4099 827 4153 do.
867 4095 936 4151 In
978 4098 1187 4152 nomine
1233 4097 1363 4152 Jesu
1393 4096 1597 4152 Christi
1631 4114 1787 4169 surge
1827 4108 1879 4154 et
1925 4102 2162 4157 ambula.

586 4189 753 4245 Vides
788 4190 1137 4245 sacerdotum
1169 4190 1371 4246 Christi
1404 4191 1643 4256 divitias,
1690 4192 1845 4248 vides
1891 4192 2028 4248 nihil
2066 4194 2164 4249 ha-

585 4282 801 4349 bentes,
832 4292 1040 4355 quanta
1068 4292 1123 4339 et
1152 4284 1335 4353 qualia
1371 4282 1703 4354 largiuntur.
1736 4284 1877 4342 istas
1900 4300 2029 4358 opes
2054 4286 2164 4343 iar-

584 4376 687 4448 giri
714 4390 818 4430 non
846 4383 1025 4445 potest
1056 4385 1273 4431 terrena
1300 4376 1598 4445 possessio.

655 4468 710 4522 6.
773 4468 1111 4524 Contulimus
1170 4468 1489 4524 sacerdotes
1550 4468 1941 4539 sacerdotibus,
1968 4489 2152 4542 nunc,

2269 1986 2475 2054 rael,et
2502 1985 2864 2042 diﬁ'erentiarn
2891 1986 3237 2041 sacerdotum
3281 1983 3592 2049 Pharaonis,
3628 1990 3671 2037 et
3706 1997 3760 2037 sa-

2267 2079 2547 2134 cerdotum
2578 2078 2817 2146 Domini,
2846 2088 2902 2133 et
2953 2076 3253 2133 discutiens
3292 2075 3638 2143 temetipsum,
3678 2088 3758 2143 per-
3838 2144 3839 2161 χ

2268 2172 2390 2227 vide
2414 2172 2480 2227 de
2528 2187 2639 2242 quo
2674 2169 3000 2242 populosis,
3046 2178 3103 2225 et
3150 2166 3306 2238 cujus
3351 2167 3551 2225 ordinis
3576 2170 3759 2226 sacerdo-
3838 2174 3839 2213 ἰ

2268 2265 2400 2320 tium
2430 2275 2641 2321 teneas.
2672 2262 2730 2319 Si
2758 2262 2936 2318 adhuc
2996 2259 3312 2317 carnalibus
3351 2260 3587 2318 sensibus
3622 2262 3757 2329 servis,
3838 2256 3839 2259 “

2265 2356 2313 2414 si
2335 2357 2515 2413 adhuc
2541 2356 2793 2423 quinario
2821 2366 3046 2409 numero
3069 2351 3302 2422 vectigal
3331 2351 3591 2422 exsolvis,
3632 2362 3674 2410 et
3703 2369 3761 2409 re.
3838 2378 3839 2389 ι

2272 2444 2437 2515 spicis
2462 2462 2527 2503 ea
2546 2460 2670 2517 quae
2694 2443 2930 2501 visibilia
2980 2450 3036 2498 et
3077 2442 3404 2514 temporalia
3454 2448 3591 2503 sunt.
3623 2448 3665 2491 et
3688 2453 3757 2490 non
3838 2430 3839 2481 ἐ

2266 2538 2495 2609 respicis
2527 2552 2592 2592 ea
2621 2552 2742 2607 qua:
2792 2537 3085 2594 invisibilia
3130 2545 3187 2591 et
3215 2548 3422 2592 aeterna
3466 2540 3600 2595 sunt,
3623 2530 3673 2583 de
3696 2528 3759 2584 .11-
3838 2526 3839 2591 Ῑ

2266 2638 2430 2702 gypto
2457 2638 2510 2686 te
2536 2630 2735 2702 populo
2764 2645 2886 2687 esse
2911 2644 3197 2703 cognosce.
3238 2628 3296 2684 Si
3335 2640 3469 2682 vero
3509 2623 3759 2693 Decalogrtn

2266 2722 2422 2794 legis,
2468 2732 2525 2778 et
2577 2723 2835 2779 decadem
2882 2720 3016 2778 Novi
3059 2720 3426 2784 Testamenti,
3468 2732 3613 2789 quam
3647 2729 3758 2785 supra

2265 2815 2632 2886 exposuimus,
2666 2829 2882 2884 semper
2920 2824 3047 2871 ante
3093 2814 3279 2870 oculos
3323 2814 3519 2877 habes,
3549 2821 3598 2866 et
3630 2807 3760 2864 dehis

2266 2906 2506 2963 decimas
2537 2905 2722 2972 oﬁers,
2766 2915 2823 2961 et
2865 2905 3231 2976 primogenita
3272 2918 3474 2961 sensus
3512 2900 3581 2955 tui
3620 2899 3661 2954 in
3692 2898 3760 2951 ﬁde

2266 2997 2516 3055 immolas
2539 2997 2898 3069 primogenito
2916 3013 2984 3054 ex
3010 2996 3259 3063 mortuis,
3281 3003 3347 3051 et
3366 2993 3517 3051 initia
3543 3002 3620 3047 tua
3644 2990 3761 3045 refers
3838 3018 3839 3041 ξ

2267 3091 2337 3147 ad
2367 3090 2584 3147 initium
2610 3090 2880 3155 omnium,
2920 3104 3080 3144 verus
3110 3086 3353 3145 Israelita
3394 3100 3474 3151 es,
3511 3085 3560 3139 in
3585 3098 3670 3153 quo
3698 3080 3761 3134 do-

2268 3181 2352 3239 lus
2376 3198 2481 3238 non
2511 3191 2596 3240 est
2626 3183 2691 3238 “.
2724 3182 2832 3238 Sed
2867 3190 2923 3237 et
2946 3181 3263 3237 sacerdotes
3302 3178 3515 3234 Domini
3545 3177 3586 3233 si
3622 3183 3761 3232 semet
3838 3228 3839 3231 η

2270 3275 2415 3346 ipsos
2442 3274 2761 3339 discutiant,
2789 3283 2843 3328 et
2881 3288 2910 3327 a
2944 3270 3176 3327 terrenis
3224 3270 3443 3325 actibus
3468 3267 3607 3323 liberi
3630 3266 3710 3319 sint
3726 3272 3760 3319 et

2265 3367 2610 3438 possessione
2638 3365 2935 3429 mundana,
2958 3380 3088 3420 vere
3111 3371 3339 3433 possunt
3368 3361 3543 3416 dicere
3563 3362 3620 3415 ad
3640 3359 3767 3413 Domi-

2265 3475 2395 3514 num
2416 3460 2458 3491 “
2484 3476 2497 3513 :
2531 3457 2669 3513 Ecce
2694 3473 2787 3511 nos
2824 3456 3123 3510 dimisimus
3153 3456 3352 3522 omnia,
3385 3462 3435 3508 et
3463 3453 3610 3507 secuti
3636 3467 3760 3506 metu

2264 3562 2357 3618 te;
2384 3560 2549 3622 atque
2574 3552 2767 3607 audire
2789 3550 2859 3606 ab
2881 3564 2965 3611 eo,
2996 3550 3125 3620 quia
3159 3563 3247 3603 vos
3271 3548 3365 3619 qui
3394 3547 3552 3602 secuti
3572 3546 3672 3601 estis
3695 3560 3761 3609 me,

2262 3646 2318 3700 in
2347 3645 2739 3715 regeneratione
2760 3643 3021 3705 omnium,
3044 3655 3162 3694 cum
3186 3642 3385 3694 venerit
3408 3636 3457 3692 Ρ
3460 3639 3575 3693 ilius
3598 3635 3760 3691 hominis

2263 3735 2319 3789 in
2347 3750 2503 3806 regno
2526 3749 2644 3798 suo,
2663 3730 2909 3788 sedebitis
2930 3741 2977 3785 et
3002 3745 3090 3785 vos
3115 3746 3273 3799 super
3295 3729 3570 3785 duodecim
3591 3732 3761 3790 thronos,

2255 3826 2560 3898 judicantes
2586 3824 2863 3879 duodecim
2894 3823 3062 3878 tribus
3089 3821 3283 3877 Israel.
3838 3884 3839 3893 χ

2335 3919 2389 3975 7.
2424 3917 2555 3975 Post
2589 3918 2704 3973 hzec
2726 3917 3004 3972 videamus
3030 3916 3158 3986 quid
3190 3915 3326 3971 dicit
3367 3913 3572 3988 Moyses
3596 3933 3609 3970 :
3630 3911 3681 3967 Et
3701 3915 3765 3968 ln-

2265 4011 2469 4077 bitavit,
2498 4010 2673 4081 inquit
2698 4010 2762 4078 ⁸⁸,
2796 4007 2969 4065 Israel
2993 4009 3047 4062 in
3068 4006 3320 4078 digypto,
3357 4009 3416 4063 in
3454 4018 3585 4063 terra
3608 4006 3762 4062 Gesta.

2264 4102 2664 4174 interpretatur
2725 4111 2907 4157 autem
2959 4100 3165 4156 Gessen
3219 4101 3533 4167 proximitas
3572 4098 3681 4170 (l3),
3712 4096 3766 4152 rei

2264 4195 2659 4265 prapinquitas.
2692 4191 2797 4248 Per
2825 4192 2970 4263 quod
3006 4191 3330 4256 ostenditur,
3363 4192 3488 4262 quia
3523 4191 3704 4246 etiamsi
3731 4189 3765 4243 in
3838 4248 3839 4267 η

2268 4285 2506 4357 Egypto
2552 4283 2758 4339 habitet
2784 4283 2971 4348 lsrael,
3011 4297 3118 4337 non
3150 4291 3324 4337 tamen
3352 4283 3511 4353 longe
3530 4292 3652 4338 esta
3676 4280 3765 4341 Deo.
3838 4290 3839 4295 ‘

2266 4378 2360 4432 sed
2384 4378 2666 4447 proximus
2695 4386 2780 4432 est
2809 4377 2857 4432 ei
2893 4386 2949 4432 et
2974 4374 3320 4443 coniunctus,
3352 4377 3495 4431 sicut
3529 4377 3667 4431 etiam
3690 4374 3767 4443 ipse

2266 4470 2399 4525 dicit
2434 4469 2498 4536 “,
2533 4471 2660 4540 quia
2693 4486 2787 4539 ego
2816 4469 3128 4524 descendam
3158 4482 3326 4525 tecum
3359 4470 3418 4524 in
3451 4468 3766 4539 lEgyplltl,¢i

582 4562 628 4617 si
659 4562 892 4628 videtur,
920 4569 977 4616 et
1004 4560 1258 4631 populum
1280 4559 1810 4635 A‘Zgyptiumpopuio
1854 4564 2159 4623 Israelitico
2186 4565 2237 4627 D
2269 4580 2362 4634 ego
2392 4579 2481 4618 era
2507 4573 2697 4618 tecum.
2724 4562 2790 4617 Et
2818 4577 2917 4617 nos
2947 4577 3077 4634 ergo
3098 4563 3263 4618 etiam
3300 4564 3346 4618 si
3376 4563 3613 4617 videmur
3646 4560 3687 4613 in
3705 4554 3768 4612 tE-

584 4652 951 4709 conferamus.
988 4652 1202 4709 Dicitur
1228 4654 1377 4709 enim
1428 4655 1484 4709 in
1515 4658 1999 4725 consequentibus,
2030 4659 2159 4729 quia

584 4753 706 4813 post
733 4741 928 4799 famem
959 4753 1015 4799 et
1050 4745 1372 4799 servitutem
1420 4745 1651 4816 populus
1676 4745 1969 4819 Egyptius
1998 4751 2162 4820 quin-

584 4842 668 4888 tas
695 4833 890 4889 oﬁ’erat
934 4834 1231 4893 Pharaoni.
1289 4834 1611 4893 Econtrario
1641 4852 1775 4894 vero
1827 4838 2164 4898 lsraeliticus

582 4926 815 4996 populus
839 4927 1080 4983 decimas
1109 4926 1267 4983 oﬁert
1291 4929 1692 4986 sacerdotibus.
1724 4928 1861 4987 Vide
1886 4941 1942 4987 et
1974 4933 2029 4988 in
2058 4933 2164 4991 hoc

584 5017 927 5088 Scripturam
956 5020 1196 5075 divinam
1221 5020 1425 5091 ingenti
1462 5022 1674 5077 ratione
1702 5022 2011 5091 subnixam,
2038 5026 2160 5083 vide

580 5108 902 5185 Egyptium
937 5113 1196 5183 pepulum
1232 5114 1488 5184 quinario
1527 5129 1758 5172 numero
1787 5116 1990 5173 tributa
2020 5134 2159 5189 pen-

580 5205 826 5261 dentem.
847 5205 1096 5275 Quinque
1121 5207 1267 5261 enim
1294 5222 1487 5263 sensus
1504 5209 1755 5277 corporei
1781 5208 2157 5281 designantur,

582 5300 784 5370 quibus
825 5298 1057 5370 populus
1085 5299 1325 5357 carnalis
1350 5300 1610 5357 deservit.
1638 5299 1866 5373 Semper
1899 5305 2041 5359 enim
2067 5304 2162 5360 ,Ε-

580 5394 751 5467 gyptii
795 5392 1108 5450 visibilihus
1146 5392 1312 5451 rebus
1355 5402 1412 5450 et
1445 5394 1825 5465 corporalibus
1849 5394 2161 5467 obsequun-

652 5556 676 5589 ⁸
703 5558 868 5613 Num.
892 5569 1052 5616 xvnt.
1079 5554 1170 5610 20.
1247 5554 1268 5588 ⁸
1293 5553 1424 5610 an.
1464 5571 1577 5620 xtv,
1612 5557 1702 5611 35.

580 5741 973 5870 manantis,
1002 5755 1053 5803 et
1084 5746 1227 5820 fons.
1251 5760 1300 5806 et
1327 5748 1555 5806 initium.
1585 5749 1695 5807 Sed
1721 5763 1851 5807 mss.
1886 5759 1943 5805 ut
1983 5750 2036 5810 in
2060 5765 2155 5807 no-

669 5834 699 5867 υ
806 5832 813 5839 ’
855 5833 868 5868 Ι

669 5834 699 5867 υ
724 5832 868 5868 ιεῑιυ

1816 5558 1837 5589 ⁸
1866 5556 1905 5612 ll
1928 5557 2052 5615 Cor.
2089 5573 2165 5620 vr.
2186 5560 2272 5616 10.

583 5625 631 5660 ¹⁹
655 5628 866 5683 Coloss.
902 5643 944 5693 ι,
989 5626 1079 5683 18.
1155 5626 1197 5658 ¹¹
1229 5623 1387 5681 Joan.
1418 5642 1457 5693 ι,
1491 5626 1581 5681 47.
1662 5627 1704 5659 ⁸³
1730 5624 1918 5684 Matth.
1950 5645 2064 5696 xix,
2093 5631 2183 5696 27,
2219 5632 2311 5690 28.

2264 4665 2487 4726 gyptum
2519 4655 2891 4722 descendisse,
2931 4654 3147 4710 etiamsi
3172 4654 3227 4709 in
3254 4669 3423 4710 carne
3450 4655 3599 4725 positi
3626 4664 3769 4723 agones

2266 4748 2450 4803 mundi
2482 4747 2642 4819 hujus
2666 4756 2722 4803 et
2752 4747 3050 4802 certamina
3081 4746 3441 4813 sustinemus,
3480 4747 3627 4801 etiam
3656 4744 3691 4797 si
3716 4743 3770 4795 in-

2268 4850 2351 4895 ter
2377 4855 2471 4896 eos
2500 4839 2809 4896 habitamus
2834 4840 2929 4910 qui
2960 4838 3277 4893 deserviunt
3322 4837 3608 4903 Pharaoni,
3642 4844 3769 4889 tanta:

2266 4933 2313 4987 si
2342 4948 2507 5005 prope
2533 4934 2706 4991 Deum
2734 4934 2925 4997 simus,
2951 4931 2999 4987 si
3027 4930 3082 4985 in
3124 4931 3504 4987 mandatorum
3530 4930 3633 4999 eius
3651 4924 3772 4981 medi-

2266 5027 2471 5083 tatione
2490 5041 2790 5091 versemur,
2836 5035 2892 5082 et
2919 5033 3187 5098 prteeepta
3217 5025 3332 5095 ejus
3370 5039 3440 5081 ac
3476 5022 3659 5093 judicia
3688 5031 3772 5089 per-

2266 5118 2549 5188 quiramus
2590 5117 2738 5189 (hoc
2765 5126 2851 5174 est
2882 5117 3028 5173 enim
3061 5132 3229 5187 prope
3277 5131 3399 5174 esse
3443 5116 3571 5182 Deo,
3616 5122 3772 5179 semper

2268 5224 2389 5279 qum
2426 5210 2522 5266 Dei
2548 5220 2677 5266 sunt
2704 5211 2966 5282 cogitare,
2992 5225 3113 5281 qua:
3152 5209 3247 5266 Dei
3277 5220 3405 5265 sunt
3444 5206 3715 5282 q’uterere).
3737 5209 3771 5254 ei

2271 5304 2415 5360 Deus
2453 5319 2674 5375 semper
2699 5305 2808 5361 erit
2858 5303 3142 5361 nobiscum
3192 5321 3290 5377 per
3333 5303 3519 5362 Jesum
3555 5301 3771 5358 Christum

2359 5568 2380 5600 ⁷
2414 5561 2533 5615 Act.
2553 5559 2711 5625 "1,6.
2785 5559 2807 5591 ⁸
2835 5558 3016 5614 Galat.
3053 5575 3108 5627 ν,
3132 5559 3228 5621 εξ.
3250 5560 3340 5617 23.
3411 5564 3433 5594 ⁹
3474 5555 3653 5614 lauit.
3677 5559 3772 5619 ιινο

2397 5632 2437 5663 “
2473 5630 2673 5687 Genes.
2727 5646 2894 5695 savis,
2948 5631 3040 5689 ‘27.
3096 5626 3164 5664 7“
3193 5632 3391 5689 Cenes.
3425 5626 3641 5695 xavt,£.

2334 5752 2447 5820 (l3)
2488 5750 2691 5833 Gessen
2748 5749 3067 5833 proximitas
3093 5751 3523 5833 “interpretatur
3561 5761 3590 5802 a
3635 5738 3774 5798 ηάἱω

2263 5832 2372 5882 ἰπὶ
2409 5832 2653 5888 accessit,
2691 5832 3148 5892 appropinquavit.
