3902 6510
89 431 190 486 255

1261 424 1346 517 ,ΙΝ
1381 425 1680 482 GENESIM
1712 423 1998 482 HOMILIA
2030 422 2191 479 XVII.

3240 416 3347 474 251

87 553 368 606 Dominum
399 559 672 618 nostrum,
706 550 794 607 cui
824 557 907 606 est
930 548 1098 621 gloria
1129 548 1182 603 in
1214 549 1412 605 stecula
1432 549 1653 606 smculo-
1684 557 1731 612 Α
1765 551 1951 604 Ruben
1985 548 2038 603 in
2076 542 2438 602 concubinam
2474 538 2643 612 patris
2669 537 2986 596 eﬂ'erbuerit
3017 536 3235 592 flamma
3268 537 3342 591 li-

85 656 227 697 rum.
259 642 455 697 Amen.

632 730 913 787 IIOMILIA
947 729 1109 787 XVII.

347 826 424 881 De
465 824 910 879 benedictionibus
940 824 1390 892 patriarcharum.

165 919 222 977 Ι.
254 918 546 974 Sciendum
579 926 661 972 est
688 915 887 984 primo,
915 915 1058 984 quod
1091 915 1144 969 in
1179 914 1408 984 singulis
1436 915 1662 984 quibus-

87 1025 192 1079 que
233 1009 366 1065 locis
413 1009 502 1062 ubi
553 1009 836 1076 Scriptura
886 1006 954 1061 de
979 1006 1280 1079 .duodecim
1332 1006 1661 1077 patriarchis

89 1110 510 1166 commemorat,
554 1100 722 1155 multa
771 1100 841 1153 sit
883 1099 936 1153 in
993 1099 1109 1169 ipsa
1154 1099 1361 1153 ordinis
1418 1099 1670 1153 conseri;

83 1194 272 1263 ptioue
307 1193 609 1247 diversitas.
646 1191 804 1246 Alius
831 1191 964 1245 ordo
997 1198 1081 1244 est
1110 1190 1160 1243 in
1202 1190 1314 1258 ipsa
1352 1204 1537 1245 eorum
1568 1204 1664 1242 na-

87 1284 305 1336 tivitate
338 1281 704 1352 conscriptus,
743 1281 884 1335 alius
915 1296 1038 1335 cum
1068 1288 1266 1334 terram
1298 1279 1519 1351 Egypti
1555 1295 1661 1334 una

83 1389 213 1429 cum
268 1385 427 1445 patre
472 1389 570 1428 suo
613 1372 776 1428 isracl
823 1381 878 1426 et
916 1373 1106 1427 sobole
1140 1373 1474 1441 posteritatis
1523 1371 1668 1426 rele-

87 1477 290 1522 runtur
327 1467 550 1521 intrare.
590 1466 742 1521 Alius
776 1481 921 1520 nunc
953 1480 1073 1518 cum
1116 1466 1518 1520 benedictiones
1547 1465 1668 1520 obi-

85 1559 201 1612 turi
241 1558 487 1628 parentis
513 1557 813 1626 excipiunt,
843 1557 982 1611 alius
1012 1573 1132 1611 cum
1154 1572 1384 1625 egressae
1407 1556 1472 1611 de
1500 1555 1670 1627 Egy-

83 1660 184 1719 pto
227 1650 424 1711 tribus.
459 1649 543 1704 vel
587 1665 708 1703 cum
776 1650 829 1702 in
889 1649 1109 1704 deserto
1165 1661 1666 1704 commemorantur

82 1743 301 1813 aliquid
333 1757 516 1812 agere,
563 1741 649 1796 vel
690 1751 891 1794 terram
938 1740 1375 1811 repromissionis
1412 1741 1671 1810 ingressa:

82 1837 137 1890 in
175 1846 366 1888 monte
403 1833 570 1888 Gebal
609 1848 706 1902 pro
737 1833 1203 1888 benedictionibus
1229 1843 1285 1886 et
1323 1832 1663 1886 maledictio-

1764 1019 1819 1064 et
1859 1007 2075 1062 initium
2137 1003 2373 1057 filiorum
2395 1043 2409 1066 ,

1758 640 1982 705 bidiuis,
2057 647 2112 693 et
2181 645 2464 707 paternum
2533 632 2885 687 maculaverit
2969 640 3184 699 torum,
3251 631 3346 686 sed

1761 733 1902 803 quod
1934 731 1985 785 in
2033 727 2203 782 initiis
2255 723 2429 779 laudis
2469 721 2522 777 ei
2572 721 2775 790 aliquid
2814 720 3029 774 videtur
3065 718 3344 772 ascribere

1761 823 1986 878 dicens:
2019 819 2097 873 Tu
2132 819 2300 872 virtus
2331 831 2471 880 mea,
2506 812 2714 868 idcirco
2752 811 2810 865 llt
2867 820 2926 864 ut
2982 811 3204 880 gravius
3247 823 3348 863 no-

1765 925 1905 970 tetur
1936 914 1987 967 in
2021 911 2269 974 crimine,
2300 906 2391 978 qui
2450 921 2573 961 cum
2608 906 2783 958 virtus
2813 904 2986 974 patris
3031 903 3354 980 haberetur”

2480 997 2676 1052 nesciit
2723 1011 2944 1052 servare
2989 995 3345 1050 reverentiam

1767 1103 1930 1172 patri.
1967 1099 2137 1168 Quale
2169 1106 2255 1152 est
2286 1105 2341 1149 et
2373 1092 2505 1150 illud
2548 1091 2695 1162 quod
2730 1090 2932 1145 dicitur
2973 1105 3070 1158 per
3109 1089 3348 1158 prophe-

1769 1204 1875 1248 tam
1908 1194 1952 1225 ¹⁸
1991 1209 2005 1244 :
2053 1190 2166 1259 Ego
2200 1197 2246 1242 te
2294 1186 2529 1256 plantavi
2560 1186 2766 1240 vineam
2804 1181 3131 1252 fructifera»:
3186 1190 3350 1232 tatam

1769 1299 2004 1339 ueracem
2035 1281 2170 1352 (15),
2205 1278 2464 1351 quomodo
2492 1292 2743 1332 conversa
2772 1291 2826 1329 es
2854 1275 2910 1327 in
2941 1273 3350 1326 amaritudinem

1770 1377 1889 1432 vitis
1927 1375 2161 1430 aliendi?
2198 1372 2506 1428 Secundum
2547 1383 2680 1425 vero
2728 1365 3162 1435 intelligentiam,
3200 1363 3342 1416 vide-

1775 1477 1862 1522 tur
1893 1465 2022 1520 mihi
2044 1463 2234 1518 Ruben
2254 1463 2452 1533 prioris
2478 1459 2659 1530 populi
2684 1457 2996 1513 Judzeorum
3023 1455 3167 1510 ferre
3194 1467 3354 1522 posse

1774 1573 2091 1630 personam,
2129 1557 2219 1626 qui
2258 1567 2315 1610 et
2339 1551 2734 1624 primogenitus
2759 1557 2861 1617 est,
2892 1558 2948 1604 et
2974 1548 3186 1603 initium
3221 1545 3356 1599 lilio—

1776 1668 1894 1706 rum
1932 1652 2071 1706 sicut
2107 1648 2368 1719 propheta
2405 1646 2535 1700 dicit
2575 1645 2618 1676 ι’
2676 1662 2689 1699 :
2748 1641 2923 1696 Israel
2975 1642 3356 1710 primosenitus

1775 1759 1941 1798 naeus.
1988 1741 2172 1795 Primo
2209 1753 2441 1808 namque
2489 1735 2598 1792 illis
2651 1735 2775 1789 data
2830 1742 2959 1788 sunt
2988 1731 3201 1800 eloquia
3235 1728 3354 1782 Dei.

1777 1832 1931 1900 Quod
1969 1841 2147 1885 autem
2174 1830 2340 1883 durus
2373 1827 2536 1882 fuerit
2559 1825 2648 1881 ille
2681 1824 2911 1896 populus
2935 1832 2985 1878 et
3013 1821 3356 1885 temerarius,

81 1927 252 1984 nibus
319 1935 654 1980 statuuntur.
718 1925 865 1980 Alius
921 1927 1084 1980 etiam
1161 1940 1284 1980 cum
1343 1924 1661 1978 divisionem
1699 1906 2074 1995 BScriptura:
2133 1922 2473 1976 denuntiant.
2542 1919 2685 1974 Dicit
2748 1917 2892 1973 enim
2949 1917 3016 1971 de
3089 1915 3170 1970 eis
3227 1928 3356 1984 pro-

82 2028 252 2073 tei-ra:
293 2017 623 2072 haereditatis
675 2027 823 2072 sorte
858 2017 1185 2086 suscipiunt.
1227 2016 1292 2070 Et
1348 2015 1400 2071 in
1456 2025 1664 2069 tantum

80 2116 221 2164 ordo
266 2110 370 2162 iste
417 2109 682 2173 variatur,
721 2117 779 2162 ut
826 2108 1096 2162 interdum
1143 2107 1360 2176 quidam
1405 2122 1471 2162 ex
1515 2106 1665 2174 ipsis,

79 2217 188 2257 nec
223 2202 454 2269 ascripti
503 2201 853 2256 inveniantur
902 2203 954 2255 in
998 2215 1245 2254 numero.
1278 2199 1433 2266 Quod
1483 2199 1670 2266 utique

82 2305 306 2349 certum
350 2307 434 2351 est
477 2310 588 2348 non
632 2295 836 2362 absque
870 2293 1050 2362 aliqua
1095 2292 1306 2348 ratione
1355 2291 1578 2353 variari,
1617 2299 1673 2344 et

82 2398 312 2443 exstare
342 2402 539 2442 causas
567 2384 897 2455 probabiles,
932 2384 1128 2454 quibus
1170 2383 1224 2438 in
1266 2383 1374 2438 alio
1413 2382 1530 2436 loco
1557 2381 1670 2446 ille,

80 2481 134 2536 in
190 2481 304 2534 alio
344 2495 474 2534 vero
513 2478 650 2532 alius
707 2475 1049 2547 prmleratur.
1116 2475 1222 2529 Sed
1285 2475 1349 2530 de
1384 2474 1470 2528 his
1519 2472 1674 2527 nobis

79 2587 230 2628 nunc
278 2572 614 2641 propositum
672 2584 777 2623 non
840 2579 944 2634 est,
997 2568 1102 2623 nisi
1157 2584 1220 2622 ea
1280 2568 1671 2632 tantummodo,

77 2671 244 2730 prout
276 2661 423 2714 Deus
463 2661 694 2725 dederit,
730 2660 1028 2728 explicare,
1066 2675 1186 2728 qua:
1237 2659 1291 2713 in
1342 2657 1679 2712 benedictio-

78 2752 246 2807 nibus
273 2768 411 2820 quas
445 2753 634 2806 mortis
660 2763 903 2820 tempore
933 2767 962 2804 a
995 2761 1147 2820 patre
1169 2749 1468 2818 suscipiunt
1497 2748 1676 2802 conti-

82 2853 311 2900 nentur.
323 2845 483 2916 106
497 2846 624 2911 Quae
637 2844 854 2914 quidem
874 2844 1276 2900 benedictiones
1292 2858 1356 2896 ex
1377 2855 1440 2894 eo
1458 2840 1685 2895 fortasse

78 2935 436 2990 solummodo
480 2934 739 3004 appellari
771 2943 1083 3004 potuerunt,
1108 2934 1252 3004 quod
1281 2933 1332 2986 in
1374 2931 1686 2987 novissimis

76 3030 292 3083 dicitur
319 3027 364 3058 “
385 3044 401 3082 :
423 3025 491 3080 Et
518 3027 629 3081 lucc
659 3025 861 3080 locutus
884 3036 958 3080 est
987 3027 1060 3078 eis
1085 3037 1234 3093 pater
1252 3041 1428 3078 eorum
1459 3033 1504 3077 et
1535 3023 1689 3077 bene.

75 3122 220 3174 dixit
273 3119 418 3182 illos,
477 3135 894 3188 unumquemque
936 3116 1222 3171 secundant
1271 3113 1686 3169 benedictionem

72 3231 236 3270 suam
270 3212 532 3267 benedixit
569 3210 1060 3266 illos.C:eterumin
1083 3208 1252 3262 initiis
1298 3207 1386 3261 ubi
1410 3215 1682 3260 convocat

75 3324 180 3379 eos
199 3318 386 3378 pater,
409 3322 513 3361 non
532 3307 687 3376 quasi
712 3306 775 3359 ad
806 3303 1236 3358 benedictionem
1265 3311 1551 3364 convocat,
1578 3299 1674 3354 sed

76 3402 154 3456 ita
188 3398 468 3470 scriptum
505 3406 589 3453 est
626 3396 670 3426 “
703 3413 717 3450 :
756 3394 963 3450 Vocavit
988 3406 1163 3448 autem
1183 3393 1348 3447 Jacob
1376 3391 1518 3460 filios
1541 3406 1664 3444 suos

75 3500 128 3549 et
165 3492 316 3546 dixit
349 3507 368 3545 :
403 3490 801 3561 Congregamini
833 3498 887 3542 ut
921 3487 1226 3545 annuntiem
1264 3485 1405 3540 vobis
1444 3499 1564 3554 qua:
1593 3499 1679 3536 oc-

76 3601 321 3641 cursum
355 3594 476 3638 sunt
501 3584 644 3637 vobis
667 3585 722 3636 in
747 3581 1038 3636 novissimis
1068 3580 1272 3633 diebus.
1303 3577 1456 3645 Quod
1493 3577 1678 3644 utique

78 3679 266 3747 magis
313 3676 659 3746 prophetiam
710 3674 1016 3746 signiﬁcat,
1072 3688 1169 3744 per
1214 3686 1376 3740 quam
1433 3685 1553 3738 qua:
1600 3670 1680 3724 eis

87 3783 374 3830 eventura
404 3782 532 3826 sunt
563 3771 986 3840 priesignantur.
1011 3767 1067 3821 In
1103 3767 1220 3834 ipso
1250 3776 1428 3819 autem
1453 3777 1681 3832 corpore

80 3880 137 3925 et
183 3868 345 3925 serie
396 3867 712 3929 verborum,
761 3876 939 3930 neque
988 3858 1396 3915 benedictiones
1442 3866 1677 3919 tantum,

81 3977 273 4032 neque
309 3961 618 4015 futurorum
665 3955 778 4012 sola
817 3952 1224 4024 praenuntiatio,
1268 3958 1528 4022 quantum
1559 3963 1678 4004 mo-

80 4071 196 4122 res,
227 4051 325 4107 vel
363 4049 698 4122 pr0positum
725 4061 938 4112 eorum,
977 4047 1064 4098 vel
1103 4045 1266 4098 etiam
1307 4042 1559 4111 quaedam
1612 4040 1680 4095 ab

77 4150 164 4204 eis
227 4154 394 4217 gesta
452 4142 770 4198 notabiliter
819 4146 1144 4208 arguuntur.
1192 4137 1325 4202 Quae
1388 4149 1476 4189 res
1527 4132 1682 4188 nobis

83 4239 460 4311 tripertitam,
497 4245 556 4290 ut
587 4236 639 4288 in
670 4234 791 4287 aliis
843 4231 1094 4294 fecimus,
1138 4227 1536 4299 explanationis
1568 4241 1682 4279 ma-

79 4332 293 4386 teriam
327 4327 574 4398 subjicit,
608 4326 681 4379 ita
715 4335 773 4379 ut
801 4322 1207 4379 benedictiones
1229 4319 1470 4374 historiae
1498 4319 1674 4372 locum

79 4430 346 4486 servent,
396 4417 681 4490 prophetia
711 4431 839 4472 vero
875 4413 1162 4485 mysticum
1209 4420 1372 4480 atque
1415 4408 1682 4477 dogmati-

80 4532 242 4585 cum,
280 4529 498 4570 urorum
539 4510 812 4581 correptio
846 4508 956 4581 (14)
998 4515 1053 4561 et
1089 4503 1396 4576 obiurgatio
1425 4501 1681 4557 moralem

81 4609 305 4679 dirigat
339 4604 563 4675 stylum.

155 4697 220 4752 2.
283 4695 497 4759 Ruben,
546 4693 718 4765 inquit
759 4693 824 4757 ",
872 4689 1249 4760 primogenitus
1292 4703 1470 4752 meus,
1525 4685 1687 4738 virtus

79 4808 207 4846 mea
245 4802 300 4844 et
343 4788 552 4842 initium
585 4787 818 4856 filiorum
850 4797 1106 4848 meorum,
1161 4781 1325 4832 durus
1373 4777 1428 4830 in
1471 4791 1687 4829 conver-

80 4885 334 4945 satione,
366 4881 533 4934 durus
562 4891 607 4933 et
661 4877 974 4932 temerarius
1017 4870 1364 4928 contumelias
1408 4868 1680 4938 irrogasti.

76 4976 388 5042 Tanquam
426 4989 564 5043 aqua
594 4989 698 5027 non
731 4972 1061 5041 eﬂ'eruescas.
1092 4964 1390 5020 Ascendiin
1429 4963 1568 5016 enim
1591 4978 1685 5015 su-

69 5086 171 5138 per
214 5067 404 5123 cubile
460 5067 624 5136 patris
669 5066 769 5119 tui.
831 5062 910 5116 Tu
961 5060 1195 5133 polluisti
1247 5067 1421 5111 torum
1481 5055 1571 5108 ubi
1602 5069 1690 5107 as-

69 5159 353 5215 cendisti.
393 5156 636 5212 Incestus
664 5153 889 5210 historia
929 5152 1202 5207 neminem
1235 5148 1388 5211 latet,
1414 5145 1686 5214 quomodo

58 5308 62 5310 -
150 5277 201 5308 “
247 5275 461 5331 Genes.
495 5285 641 5331 sm,
666 5268 757 5322 98.
830 5266 874 5298 “
904 5266 1057 5328 ἰδία-ν
1091 5267 1143 5320 1-

71 5348 119 5382 ¹¹
161 5329 442 5411 Δείζνιι,
478 5343 565 5398 51.
629 5329 684 5370 ⁷²²
719 5337 897 5392 Galat.
924 5336 1105 5401 tv,2%.
1180 5335 1226 5368 ³³
1253 5333 1415 5389 lCor.
1454 5345 1547 5395 xv,
1579 5329 1669 5387 47.

156 5535 289 5608 (ﬂ)
315 5532 541 5608 diorum
573 5534 849 5596 correptio.
906 5527 1096 5608 ﬂecte.
1116 5538 1306 5608 omnes
1357 5539 1514 5608 mss...
1539 5523 1689 5608 ‘male

81 5593 222 5662 vero
250 5593 424 5669 éditi,
454 5617 676 5672 quorum
703 5593 981 5672 correptio.
1008 5595 1154 5672 inira
1187 5595 1277 5672 ubi
1308 5611 1438 5672 mss.
1468 5593 1688 5659 habent,

82 5665 490 5757 effervescas...
513 5669 849 5743 eﬁ'erbuerit;
879 5673 931 5723 in
954 5667 1116 5724 editis
1142 5665 1339 5736 legitur
1362 5665 1688 5735 fervescas...

85 5750 506 5961 ίεΐὲἒῖΐίίίῑω.
537 5813 782 5896 feracem,
812 5820 869 5866 at
893 5825 1050 5872 mss.,
1079 5823 1312 5887 ueracem
1339 5804 1574 5886 rectius:
1608 5875 1616 5883 .

194 5890 290 5960 I6)
328 5885 508 5942 Ruben
543 5893 916 5954 interpretatus
969 5890 1043 5936 est
1092 5896 1122 5931 a
1175 5877 1486 5947 majoribus,
1547 5876 1616 5928 bit

194 5876 290 5960 I63
328 5885 508 5942 Ruben
537 5876 916 5954 interpretatus
969 5890 1043 5936 est
1092 5896 1122 5931 a
1175 5877 1486 5947 majoribus,
1547 5876 1687 5930 ﬁlius

1222 5264 1264 5295 "
1292 5263 1488 5319 Cenes.
1533 5275 1677 5323 sus,
1710 5260 1825 5318 Μ.

1774 2019 1937 2089 pheta
1975 2016 2020 2047 '°
2059 2031 2074 2069 :
2108 2013 2276 2069 Omne
2325 2012 2467 2081 quod
2497 2012 2732 2082 loquitur
2762 2009 2986 2079 papulus
3025 2007 3128 2073 hic,
3164 2008 3358 2059 durum
3455 2017 3460 2022 '

1773 2121 1871 2166 est.
1907 2109 1973 2164 Et
2009 2108 2205 2162 iterum
2251 2106 2384 2160 alibi
2423 2105 2488 2160 de
2537 2104 2668 2172 ipsis
2713 2101 2915 2158 dicit“
2951 2116 2966 2154 :
3007 2097 3111 2154 Vos
3157 2113 3358 2168 semper

1777 2203 1913 2255 dura
1965 2199 2161 2253 ceruice
2194 2208 2240 2251 et
2275 2195 2633 2250 incircumcisi
2668 2195 2844 2250 corde.
2895 2191 3044 2246 Patri
3084 2205 3215 2244 vero
3252 2190 3359 2242 Deo

1779 2292 2042 2362 irrogavit
2075 2290 2325 2358 injurias,
2377 2304 2496 2342 cum
2544 2286 2817 2341 convertit
2852 2283 2917 2338 ad
2957 2298 3080 2339 eum
3113 2283 3360 2348 dorsum,

1779 2394 1836 2442 et
1891 2400 1999 2441 non
2051 2385 2244 2440 faciem
2302 2397 2480 2438 suam.
2539 2379 2744 2435 Torum
2804 2389 2985 2433 autem
3041 2375 3361 2432 concubium

1783 2478 1972 2548 polluit
2008 2492 2167 2546 quem
2228 2475 2493 2538 ascendit,
2534 2472 2587 2527 id
2637 2481 2720 2526 est
2782 2471 2952 2540 legem
3011 2469 3214 2523 veteris
3283 2477 3361 2524 te.-

1785 2570 2038 2627 stamenti
2089 2581 2252 2638 quam
2281 2581 2422 2633 saepe
2451 2562 2856 2634 praevaricando
2876 2560 3183 2615 maculavit.
3209 2557 3362 2625 Quod

1788 2673 1968 2717 autem
2033 2662 2087 2716 in
2139 2659 2455 2713 concubinae
2513 2662 2742 2727 persona
2800 2655 2886 2708 lex
2930 2653 3131 2706 veteris
3196 2659 3362 2705 testa-

1790 2755 1957 2811 menti
2001 2767 2257 2822 ponatur,
2293 2749 2492 2803 Paulus
2529 2747 2709 2802 docuit
2754 2746 2941 2799 dicens
2971 2746 3014 2775 ²¹
3047 2759 3060 2795 :
3097 2740 3366 2796 Abraham

1790 2854 1920 2902 duos
1945 2846 2084 2915 ﬁlios
2113 2844 2316 2908 habuit,
2354 2857 2513 2895 unum
2539 2841 2602 2894 de
2632 2838 2852 2905 ancilla,
2900 2845 2950 2891 et
2982 2852 3144 2890 unum
3200 2835 3265 2888 de
3299 2833 3366 2886 li-

1795 2941 1936 2994 bera.
1966 2937 2097 2991 Haec
2119 2945 2291 2988 autem
2321 2941 2441 2986 sunt
2485 2933 2591 2985 duo
2621 2940 2959 2985 testamenta.
2992 2927 3049 2982 ln
3082 2942 3188 2996 quo
3220 2927 3368 2995 Agar

1793 3043 1912 3100 qua:
1948 3027 2251 3082 concubina
2290 3023 2409 3088 fuit,
2453 3022 2506 3076 in
2541 3021 2745 3077 veteris
2793 3019 3100 3074 testamenti
3149 3017 3367 3086 ponitur

1797 3130 1945 3195 typo.
1998 3119 2115 3176 Una
2146 3117 2348 3172 etenim
2380 3125 2499 3170 erat
2538 3114 2775 3184 perfecta
2809 3113 3057 3167 columba
3090 3107 3369 3178 genitricis

1797 3230 1926 3274 suae.
1961 3228 2081 3283 qua:
2114 3214 2267 3280 virgo
2309 3217 2455 3264 casta
2490 3209 2679 3278 regina
2725 3221 2922 3276 sponso
2978 3203 3088 3274 regi
3127 3201 3365 3257 Ecclesia

1782 3323 1879 3378 per
1909 3304 2259 3376 Evangelium
2288 3302 2536 3372 jungitur
2586 3299 2830 3354 Christo.
2882 3297 2988 3352 Sed
3039 3307 3095 3351 et
3146 3292 3369 3348 moralis

1781 3399 1942 3455 nobis
1975 3399 2028 3453 in
2063 3397 2166 3453 hoc
2197 3397 2271 3450 ita
2301 3391 2631 3449 tractabitur
2661 3391 2832 3446 locus.
2864 3390 3056 3444 Ruben
3089 3389 3366 3458 interpreo

1782 3503 1922 3549 tatus
1969 3502 2054 3546 est
2087 3507 2117 3544 a
2172 3489 2493 3557 majoribus,
2532 3488 2675 3556 ﬁlius
2715 3487 2807 3555 qui
2855 3485 3066 3537 videtur
3095 3480 3228 3552 (16),
3267 3479 3368 3534 hoc

1779 3596 1862 3641 est
1893 3581 2121 3638 visibilis
2169 3592 2223 3634 et
2277 3578 2537 3643 carnalis,
2586 3577 2724 3646 ipse,
2759 3575 2948 3636 credo,
2975 3572 3041 3626 de
3086 3585 3193 3640 quo
3235 3569 3369 3623 dicit

1780 3673 2076 3744 Apostolus
2113 3672 2160 3703 "
2199 3685 2214 3724 :
2255 3668 2469 3723 Primus
2503 3668 2657 3722 homo
2699 3667 2763 3719 de
2820 3674 2962 3718 terra
3010 3676 3263 3714 terrenus.
3302 3659 3369 3713 Et

1781 3766 1908 3820 alibi
1949 3763 1997 3796 "’
2028 3782 2044 3819 :
2077 3760 2136 3817 Si
2196 3762 2334 3815 enim
2375 3760 2420 3813 is
2470 3758 2561 3824 qui
2606 3756 2813 3810 videtur
2858 3761 3033 3805 noster
3064 3750 3218 3802 homo
3251 3763 3370 3800 cor—

1781 3861 2062 3927 rumpitur,
2089 3859 2178 3910 sed
2205 3855 2292 3925 qui
2315 3855 2455 3907 intus
2488 3861 2562 3905 est
2593 3858 2908 3909 renovatur;
2939 3845 3080 3898 hunc
3109 3839 3363 3895 eumdem

1787 3950 1879 4020 qui
1904 3949 2120 4003 videtur
2163 3944 2489 3999 exteriorem
2527 3940 2805 3995 hominem
2834 3935 3134 4006 appellans.
3175 3931 3240 3985 Et
3267 3931 3368 3984 ite-

1784 4057 1903 4096 rum
1947 4040 2078 4095 dicit
2112 4040 2180 4102 ’⁵,
2210 4037 2337 4106 quia
2371 4051 2473 4088 non
2509 4034 2678 4100 primo
2708 4030 2847 4102 quod
2883 4025 3121 4098 spiritale
3154 4034 3252 4088 est,
3278 4021 3370 4077 sed

1782 4135 1921 4205 quod
1985 4131 2237 4186 animale.
2279 4129 2461 4183 Primo
2511 4139 2642 4195 ergo
2694 4122 2872 4177 omnis
2932 4121 3092 4175 homo
3153 4117 3207 4170 in
3270 4117 3371 4169 hoc

1786 4224 1991 4280 mundo
2023 4222 2318 4277 carnaliter
2353 4219 2505 4284 vivit,
2549 4226 2603 4272 et
2651 4212 2955 4269 secundum
2994 4223 3218 4264 carnem
3253 4221 3372 4260 mo-

1785 4326 1964 4370 vetur.
1996 4315 2065 4368 Et
2109 4314 2321 4383 primus
2373 4322 2456 4365 est
2493 4307 2731 4364 carnalis
2779 4315 2961 4358 motus
3015 4302 3068 4356 in
3118 4297 3372 4367 concupi-

1784 4409 1992 4464 scentia
2023 4408 2282 4472 libidinis,
2313 4405 2401 4474 qui
2426 4419 2550 4458 cum
2593 4402 2782 4471 primae
2807 4395 3108 4466 iuventutis
3159 4405 3371 4461 tempus

1788 4501 2085 4566 obsederit,
2118 4501 2312 4553 durum
2341 4506 2396 4551 et
2427 4495 2775 4550 temerarium
2813 4487 2972 4544 simul
3020 4496 3074 4541 et
3105 4485 3368 4541 lascivum

1718 4627 1762 4681 ι)
1784 4593 2042 4663 juvenem
2088 4593 2283 4658 reddit,
2339 4590 2722 4643 ascendentem
2782 4583 2947 4637 etiam
2990 4594 3154 4650 super
3194 4577 3371 4631 cubile

1796 4685 1986 4757 patris,
2034 4693 2090 4740 et
2135 4684 2460 4755 pollnentem
2516 4690 2694 4735 torum
2768 4687 3093 4748 paternum',
3151 4671 3204 4725 id
3263 4680 3369 4732 est,

1800 4778 1964 4832 etiam
2021 4785 2287 4847 praecepta
2317 4784 2372 4828 et
2406 4774 2608 4827 monita
2662 4767 2927 4825 naturalis
2977 4764 3129 4834 legis,
3165 4776 3284 4830 qua:
3319 4760 3370 4814 in

1795 4869 1954 4925 nobis
1976 4878 2059 4924 est
2088 4877 2142 4924 et
2173 4882 2315 4922 nunc
2359 4875 2616 4937 paternus
2662 4875 2812 4918 torus
2846 4859 3070 4921 dicitur,
3122 4851 3378 4924 praevari-

1791 4971 2030 5018 cantem.
2061 4961 2157 5016 ESt
2184 4962 2328 5016 enim
2360 4962 2504 5014 intra
2550 4975 2646 5014 nos
2693 4959 2777 5012 lex
2803 4957 3049 5025 quadam
3095 4947 3374 5005 naturalis

1791 5071 1911 5127 qua:
1955 5057 2132 5128 arguit
2197 5068 2634 5124 unumquemque
2687 5058 3026 5120 peccantem,
3072 5055 3128 5099 et
3171 5040 3373 5098 malum

1795 5147 1845 5202 ci
1870 5163 1991 5204 esse
2022 5148 2268 5218 suggerit
2293 5147 2439 5217 quod
2482 5145 2773 5213 delinquit.
2813 5139 3004 5196 Cubile
3057 5150 3187 5207 ergo
3239 5131 3375 5201 legis

1905 5264 1946 5295 ⁸⁸
1969 5264 2079 5319 Jer.
2126 5280 2188 5328 tt,
2218 5264 2311 5318 21.
2389 5262 2431 5293 ¹⁹
2464 5261 2632 5316 Exod.
2667 5275 2740 5320 IV,
2763 5258 2854 5314 22.
2929 5255 2974 5289 ²⁰
3005 5256 3107 5311 lsa.
3135 5269 3253 5317 vm,
3286 5251 3373 5304 12.

1749 5334 1796 5363 ³³
1828 5334 1868 5389 il
1899 5335 2026 5389 Cor.
2059 5352 2138 5401 tv,
2166 5334 2253 5390 16.
2326 5334 2373 5367 ’⁸
2405 5331 2571 5387 lCor.
2599 5348 2688 5396 xv,
2716 5329 2806 5383 46.

1789 5523 1880 5592 qui
1907 5523 2143 5578 videtur.
2183 5519 2447 5575 Nimirum
2482 5534 2513 5592 7a
2538 5527 2611 5592 κβ
2655 5513 2823 5584 ﬁlius,
2856 5520 2908 5567 et
2939 5518 3052 5570 nm
3081 5504 3378 5592 _vidit."ln-

1789 5575 1880 5648 ri};
1899 5575 2060 5648 antea
2089 5592 2247 5655 editi,
2281 5593 2371 5647 sed
2403 5591 2491 5661 qui
2529 5575 2672 5661 iinra
2728 5575 2823 5661 est,
2877 5588 3174 5635 renovatur.
3219 5575 3377 5661 Mss.,

1789 5647 1878 5720 sed
1903 5647 1992 5736 qui
2010 5647 2165 5718 intus
2190 5647 2266 5736 es}
2291 5647 2818 5736 renobatupui’aulo'
2832 5661 2955 5733 post
2999 5664 3159 5736 mss”
3184 5658 3234 5703 et
3266 5647 3378 5736 pri-

1791 5715 1928 5790 inii
1942 5715 2294 5792 hibernans
2321 5715 2514 5790 uitiatus.
2544 5727 2714 5794 Alias,
2757 5731 2807 5780 et
2831 5715 2983 5794 prius
3013 5730 3090 5776 est
3130 5715 3372 5775 carnalis

1790 5816 1984 5864 ηιοιιη.
