  <div class='ocr_page' id='page_1' title='image "/cluster/home/n/w/nwhite01/storage/ocr_20150623/12/hvd.32044019207638/131.png"; bbox 0 0 3902 6530; ppageno 0'>
   <div class='ocr_carea' id='block_1_1' title="bbox 484 387 590 447">
    <p class='ocr_par' dir='ltr' id='par_1_1' title="bbox 484 387 590 447">
     <span class='ocr_line' id='line_1_1' title="bbox 484 387 590 447; baseline 0.038 -4"><span class='ocrx_word' id='word_1_1' title='bbox 484 387 590 447; x_wconf 68' lang='lat'><strong><em>253</em></strong></span> 
     </span>
    </p>
   </div>
   <div class='ocr_carea' id='block_1_2' title="bbox 1956 385 2279 442">
    <p class='ocr_par' dir='ltr' id='par_1_2' title="bbox 1956 385 2279 442">
     <span class='ocr_line' id='line_1_2' title="bbox 1956 385 2279 442; baseline -0.003 -1"><span class='ocrx_word' id='word_1_2' title='bbox 1956 385 2279 442; x_wconf 77' lang='lat' dir='ltr'><strong><em>ORIGENIS</em></strong></span> 
     </span>
    </p>
   </div>
   <div class='ocr_carea' id='block_1_3' title="bbox 3664 382 3758 438">
    <p class='ocr_par' dir='ltr' id='par_1_3' title="bbox 3664 382 3758 438">
     <span class='ocr_line' id='line_1_3' title="bbox 3664 382 3758 438; baseline 0 -3"><span class='ocrx_word' id='word_1_3' title='bbox 3664 382 3758 438; x_wconf 67' lang='grc'><strong><em>256</em></strong></span> 
     </span>
    </p>
   </div>
   <div class='ocr_carea' id='block_1_4' title="bbox 489 495 3762 577">
    <p class='ocr_par' dir='ltr' id='par_1_4' title="bbox 489 495 3762 577">
     <span class='ocr_line' id='line_1_4' title="bbox 489 495 3762 577; baseline -0.004 -16"><span class='ocrx_word' id='word_1_4' title='bbox 489 506 649 577; x_wconf 85' lang='lat' dir='ltr'><strong><em>hujus</em></strong></span> <span class='ocrx_word' id='word_1_5' title='bbox 676 510 922 568; x_wconf 86' lang='lat' dir='ltr'><strong><em>temerat,</em></strong></span> <span class='ocrx_word' id='word_1_6' title='bbox 951 516 1014 557; x_wconf 88' lang='lat' dir='ltr'><strong><em>ae</em></strong></span> <span class='ocrx_word' id='word_1_7' title='bbox 1046 501 1228 558; x_wconf 85' lang='lat' dir='ltr'><strong><em>sedem</em></strong></span> <span class='ocrx_word' id='word_1_8' title='bbox 1274 500 1471 556; x_wconf 89' lang='lat' dir='ltr'><strong><em>secreti</em></strong></span> <span class='ocrx_word' id='word_1_9' title='bbox 1519 498 1634 569; x_wconf 86' lang='lat' dir='ltr'><strong><em>ejus</em></strong></span> <span class='ocrx_word' id='word_1_10' title='bbox 1662 499 1915 564; x_wconf 84' lang='lat' dir='ltr'><strong><em>maculat,</em></strong></span> <span class='ocrx_word' id='word_1_11' title='bbox 1979 503 2066 571; x_wconf 87' lang='lat' dir='ltr'><strong><em>qui</em></strong></span> <span class='ocrx_word' id='word_1_12' title='bbox 2102 505 2142 561; x_wconf 82' lang='grc' dir='ltr'>Α</span> <span class='ocrx_word' id='word_1_13' title='bbox 2178 498 2502 554; x_wconf 82' lang='lat' dir='ltr'><strong><em>maledictus</em></strong></span> <span class='ocrx_word' id='word_1_14' title='bbox 2534 495 2707 563; x_wconf 89' lang='lat' dir='ltr'><strong><em>furor,</em></strong></span> <span class='ocrx_word' id='word_1_15' title='bbox 2745 497 2877 568; x_wconf 81' lang='lat' dir='ltr'><strong><em>quia</em></strong></span> <span class='ocrx_word' id='word_1_16' title='bbox 2911 495 3242 552; x_wconf 86' lang='lat' dir='ltr'><strong><em>temerarius</em></strong></span> <span class='ocrx_word' id='word_1_17' title='bbox 3288 505 3392 561; x_wconf 90' lang='lat' dir='ltr'><strong><em>est,</em></strong></span> <span class='ocrx_word' id='word_1_18' title='bbox 3421 504 3483 551; x_wconf 89' lang='lat' dir='ltr'><strong><em>et</em></strong></span> <span class='ocrx_word' id='word_1_19' title='bbox 3525 496 3613 550; x_wconf 91' lang='lat' dir='ltr'><strong><em>ira</em></strong></span> <span class='ocrx_word' id='word_1_20' title='bbox 3655 496 3762 550; x_wconf 80' lang='lat' dir='ltr'><strong><em>ilio-</em></strong></span> 
     </span>
    </p>
   </div>
   <div class='ocr_carea' id='block_1_5' title="bbox 489 594 1555 672">
    <p class='ocr_par' dir='ltr' id='par_1_5' title="bbox 489 594 1555 672">
     <span class='ocr_line' id='line_1_5' title="bbox 489 594 1555 672; baseline -0.005 -18"><span class='ocrx_word' id='word_1_21' title='bbox 489 611 729 672; x_wconf 62' lang='lat' dir='ltr'><strong><em>praaceps</em></strong></span> <span class='ocrx_word' id='word_1_22' title='bbox 756 604 808 651; x_wconf 92' lang='lat' dir='ltr'><strong><em>et</em></strong></span> <span class='ocrx_word' id='word_1_23' title='bbox 839 595 1069 649; x_wconf 80' lang='lat' dir='ltr'><strong><em>infrenis</em></strong></span> <span class='ocrx_word' id='word_1_24' title='bbox 1108 594 1279 650; x_wconf 88' lang='lat' dir='ltr'><strong><em>fertur</em></strong></span> <span class='ocrx_word' id='word_1_25' title='bbox 1302 596 1367 650; x_wconf 88' lang='lat' dir='ltr'><strong><em>ad</em></strong></span> <span class='ocrx_word' id='word_1_26' title='bbox 1403 596 1555 649; x_wconf 86' lang='lat' dir='ltr'><strong><em>vitia.</em></strong></span> 
     </span>
    </p>
   </div>
   <div class='ocr_carea' id='block_1_6' title="bbox 559 685 2073 758">
    <p class='ocr_par' dir='ltr' id='par_1_6' title="bbox 559 685 2073 758">
     <span class='ocr_line' id='line_1_6' title="bbox 559 685 2073 758; baseline -0.005 -15"><span class='ocrx_word' id='word_1_27' title='bbox 559 690 612 743; x_wconf 81' lang='lat'><strong><em>5.</em></strong></span> <span class='ocrx_word' id='word_1_28' title='bbox 639 687 849 741; x_wconf 84' lang='lat' dir='ltr'><strong><em>Simeon</em></strong></span> <span class='ocrx_word' id='word_1_29' title='bbox 869 697 915 739; x_wconf 91' lang='lat' dir='ltr'><strong><em>et</em></strong></span> <span class='ocrx_word' id='word_1_30' title='bbox 933 685 1054 741; x_wconf 78' lang='lat' dir='ltr'><strong><em>Levi</em></strong></span> <span class='ocrx_word' id='word_1_31' title='bbox 1074 687 1270 756; x_wconf 85' lang='lat' dir='ltr'><strong><em>fratres</em></strong></span> <span class='ocrx_word' id='word_1_32' title='bbox 1285 689 1613 758; x_wconf 86' lang='lat' dir='ltr'><strong><em>perfecerunt</em></strong></span> <span class='ocrx_word' id='word_1_33' title='bbox 1639 688 1969 756; x_wconf 72' lang='lat' dir='ltr'><strong><em>iniquitatem</em></strong></span> <span class='ocrx_word' id='word_1_34' title='bbox 1990 702 2073 738; x_wconf 80' lang='lat' dir='ltr'><strong><em>ro-</em></strong></span> 
     </span>
    </p>
   </div>
   <div class='ocr_carea' id='block_1_7' title="bbox 486 778 2069 839">
    <p class='ocr_par' dir='ltr' id='par_1_7' title="bbox 486 778 2069 839">
     <span class='ocr_line' id='line_1_7' title="bbox 486 778 2069 839; baseline -0.001 -5"><span class='ocrx_word' id='word_1_35' title='bbox 486 779 707 836; x_wconf 85' lang='lat' dir='ltr'><strong><em>luntatis</em></strong></span> <span class='ocrx_word' id='word_1_36' title='bbox 730 796 860 834; x_wconf 73' lang='lat' dir='ltr'><strong><em>sure.</em></strong></span> <span class='ocrx_word' id='word_1_37' title='bbox 892 778 957 833; x_wconf 87' lang='lat' dir='ltr'><strong><em>In</em></strong></span> <span class='ocrx_word' id='word_1_38' title='bbox 988 782 1267 836; x_wconf 73' lang='lat' dir='ltr'><strong><em>consilium</em></strong></span> <span class='ocrx_word' id='word_1_39' title='bbox 1290 798 1469 839; x_wconf 86' lang='lat' dir='ltr'><strong><em>eorum</em></strong></span> <span class='ocrx_word' id='word_1_40' title='bbox 1499 800 1598 835; x_wconf 91' lang='lat' dir='ltr'><strong><em>non</em></strong></span> <span class='ocrx_word' id='word_1_41' title='bbox 1624 783 1851 835; x_wconf 84' lang='lat' dir='ltr'><strong><em>introeat</em></strong></span> <span class='ocrx_word' id='word_1_42' title='bbox 1888 782 2069 833; x_wconf 85' lang='lat' dir='ltr'><strong><em>anima</em></strong></span> 
     </span>
    </p>
   </div>
   <div class='ocr_carea' id='block_1_8' title="bbox 485 875 2066 938">
    <p class='ocr_par' dir='ltr' id='par_1_8' title="bbox 485 875 2066 938">
     <span class='ocr_line' id='line_1_8' title="bbox 485 875 2066 938; baseline -0.001 -11"><span class='ocrx_word' id='word_1_43' title='bbox 485 891 620 938; x_wconf 74' lang='lat' dir='ltr'><strong><em>mea,</em></strong></span> <span class='ocrx_word' id='word_1_44' title='bbox 637 883 688 929; x_wconf 88' lang='lat' dir='ltr'><strong><em>et</em></strong></span> <span class='ocrx_word' id='word_1_45' title='bbox 713 876 766 929; x_wconf 89' lang='lat' dir='ltr'><strong><em>in</em></strong></span> <span class='ocrx_word' id='word_1_46' title='bbox 793 876 1018 931; x_wconf 83' lang='lat' dir='ltr'><strong><em>consilio</em></strong></span> <span class='ocrx_word' id='word_1_47' title='bbox 1043 892 1220 929; x_wconf 87' lang='lat' dir='ltr'><strong><em>eorum</em></strong></span> <span class='ocrx_word' id='word_1_48' title='bbox 1245 892 1345 929; x_wconf 89' lang='lat' dir='ltr'><strong><em>non</em></strong></span> <span class='ocrx_word' id='word_1_49' title='bbox 1374 875 1674 928; x_wconf 86' lang='lat' dir='ltr'><strong><em>innituntur</em></strong></span> <span class='ocrx_word' id='word_1_50' title='bbox 1698 875 1891 928; x_wconf 85' lang='lat' dir='ltr'><strong><em>t-iscera</em></strong></span> <span class='ocrx_word' id='word_1_51' title='bbox 1917 891 2030 926; x_wconf 75' lang='lat' dir='ltr'><strong><em>mea</em></strong></span> <span class='ocrx_word' id='word_1_52' title='bbox 2053 914 2066 935; x_wconf 91' lang='lat'><strong><em>,</em></strong></span> 
     </span>
    </p>
   </div>
   <div class='ocr_carea' id='block_1_9' title="bbox 475 966 2068 1037">
    <p class='ocr_par' dir='ltr' id='par_1_9' title="bbox 475 966 2068 1037">
     <span class='ocr_line' id='line_1_9' title="bbox 475 966 2068 1037; baseline -0.001 -16"><span class='ocrx_word' id='word_1_53' title='bbox 475 968 732 1037; x_wconf 64' lang='lat' dir='ltr'><strong><em>quoniam</em></strong></span> <span class='ocrx_word' id='word_1_54' title='bbox 760 969 811 1022; x_wconf 89' lang='lat' dir='ltr'><strong><em>in</em></strong></span> <span class='ocrx_word' id='word_1_55' title='bbox 838 970 919 1020; x_wconf 88' lang='lat' dir='ltr'><strong><em>ira</em></strong></span> <span class='ocrx_word' id='word_1_56' title='bbox 941 984 1037 1021; x_wconf 90' lang='lat' dir='ltr'><strong><em>sua</em></strong></span> <span class='ocrx_word' id='word_1_57' title='bbox 1063 967 1366 1021; x_wconf 85' lang='lat' dir='ltr'><strong><em>occiderunt</em></strong></span> <span class='ocrx_word' id='word_1_58' title='bbox 1392 968 1652 1031; x_wconf 84' lang='lat' dir='ltr'><strong><em>homines,</em></strong></span> <span class='ocrx_word' id='word_1_59' title='bbox 1677 976 1723 1019; x_wconf 93' lang='lat' dir='ltr'><strong><em>et</em></strong></span> <span class='ocrx_word' id='word_1_60' title='bbox 1751 966 1805 1018; x_wconf 90' lang='lat' dir='ltr'><strong><em>in</em></strong></span> <span class='ocrx_word' id='word_1_61' title='bbox 1857 966 2068 1035; x_wconf 76' lang='lat' dir='ltr'><strong><em>cupidi-</em></strong></span> 
     </span>
    </p>
   </div>
   <div class='ocr_carea' id='block_1_10' title="bbox 484 1057 2075 1127">
    <p class='ocr_par' dir='ltr' id='par_1_10' title="bbox 484 1057 2075 1127">
     <span class='ocr_line' id='line_1_10' title="bbox 484 1057 2075 1127; baseline 0 -14"><span class='ocrx_word' id='word_1_62' title='bbox 484 1071 589 1113; x_wconf 84' lang='lat' dir='ltr'><strong><em>tate</em></strong></span> <span class='ocrx_word' id='word_1_63' title='bbox 624 1076 721 1113; x_wconf 91' lang='lat' dir='ltr'><strong><em>sua</em></strong></span> <span class='ocrx_word' id='word_1_64' title='bbox 766 1066 1215 1115; x_wconf 87' lang='lat' dir='ltr'><strong><em>subnervaverunt</em></strong></span> <span class='ocrx_word' id='word_1_65' title='bbox 1283 1067 1519 1115; x_wconf 86' lang='lat' dir='ltr'><strong><em>taurum.</em></strong></span> <span class='ocrx_word' id='word_1_66' title='bbox 1561 1057 1878 1115; x_wconf 80' lang='lat' dir='ltr'><strong><em>Maledictus</em></strong></span> <span class='ocrx_word' id='word_1_67' title='bbox 1924 1059 2075 1127; x_wconf 81' lang='lat' dir='ltr'><strong><em>furor</em></strong></span> 
     </span>
    </p>
   </div>
   <div class='ocr_carea' id='block_1_11' title="bbox 483 1154 2068 1224">
    <p class='ocr_par' dir='ltr' id='par_1_11' title="bbox 483 1154 2068 1224">
     <span class='ocr_line' id='line_1_11' title="bbox 483 1154 2068 1224; baseline 0 -18"><span class='ocrx_word' id='word_1_68' title='bbox 483 1170 688 1219; x_wconf 61' lang='lat' dir='ltr'><strong><em>eorum,</em></strong></span> <span class='ocrx_word' id='word_1_69' title='bbox 749 1156 875 1223; x_wconf 88' lang='lat' dir='ltr'><strong><em>quia</em></strong></span> <span class='ocrx_word' id='word_1_70' title='bbox 939 1155 1251 1208; x_wconf 83' lang='lat' dir='ltr'><strong><em>temerarius</em></strong></span> <span class='ocrx_word' id='word_1_71' title='bbox 1314 1162 1414 1219; x_wconf 87' lang='lat' dir='ltr'><strong><em>est,</em></strong></span> <span class='ocrx_word' id='word_1_72' title='bbox 1464 1166 1511 1208; x_wconf 90' lang='lat' dir='ltr'><strong><em>et</em></strong></span> <span class='ocrx_word' id='word_1_73' title='bbox 1554 1154 1636 1208; x_wconf 89' lang='lat' dir='ltr'><strong><em>ira</em></strong></span> <span class='ocrx_word' id='word_1_74' title='bbox 1684 1154 1901 1209; x_wconf 87' lang='lat' dir='ltr'><strong><em>illorum</em></strong></span> <span class='ocrx_word' id='word_1_75' title='bbox 1943 1154 2068 1224; x_wconf 85' lang='lat' dir='ltr'><strong><em>quia</em></strong></span> 
     </span>
    </p>
   </div>
   <div class='ocr_carea' id='block_1_12' title="bbox 484 1246 2069 1317">
    <p class='ocr_par' dir='ltr' id='par_1_12' title="bbox 484 1246 2069 1317">
     <span class='ocr_line' id='line_1_12' title="bbox 484 1246 2069 1317; baseline 0 -17"><span class='ocrx_word' id='word_1_76' title='bbox 484 1247 743 1301; x_wconf 82' lang='lat' dir='ltr'><strong><em>indurata</em></strong></span> <span class='ocrx_word' id='word_1_77' title='bbox 777 1259 875 1303; x_wconf 89' lang='lat' dir='ltr'><strong><em>est.</em></strong></span> <span class='ocrx_word' id='word_1_78' title='bbox 928 1247 1169 1301; x_wconf 86' lang='lat' dir='ltr'><strong><em>Dividam</em></strong></span> <span class='ocrx_word' id='word_1_79' title='bbox 1215 1246 1332 1302; x_wconf 91' lang='lat' dir='ltr'><strong><em>illos</em></strong></span> <span class='ocrx_word' id='word_1_80' title='bbox 1383 1248 1436 1302; x_wconf 86' lang='lat' dir='ltr'><strong><em>in</em></strong></span> <span class='ocrx_word' id='word_1_81' title='bbox 1472 1246 1661 1314; x_wconf 87' lang='lat' dir='ltr'><strong><em>Iacob,</em></strong></span> <span class='ocrx_word' id='word_1_82' title='bbox 1702 1257 1748 1301; x_wconf 86' lang='lat' dir='ltr'><strong><em>et</em></strong></span> <span class='ocrx_word' id='word_1_83' title='bbox 1777 1249 2069 1317; x_wconf 71' lang='lat' dir='ltr'><strong><em>dispergam</em></strong></span> 
     </span>
    </p>
   </div>
   <div class='ocr_carea' id='block_1_13' title="bbox 486 1337 2071 1408">
    <p class='ocr_par' dir='ltr' id='par_1_13' title="bbox 486 1337 2071 1408">
     <span class='ocr_line' id='line_1_13' title="bbox 486 1337 2071 1408; baseline 0.002 -17"><span class='ocrx_word' id='word_1_84' title='bbox 486 1339 609 1391; x_wconf 89' lang='lat' dir='ltr'><strong><em>illos</em></strong></span> <span class='ocrx_word' id='word_1_85' title='bbox 660 1338 712 1391; x_wconf 90' lang='lat' dir='ltr'><strong><em>in</em></strong></span> <span class='ocrx_word' id='word_1_86' title='bbox 746 1338 917 1392; x_wconf 77' lang='lat' dir='ltr'><strong><em>Israel</em></strong></span> <span class='ocrx_word' id='word_1_87' title='bbox 958 1338 1025 1395; x_wconf 78' lang='lat'><strong><em>&quot;.</em></strong></span> <span class='ocrx_word' id='word_1_88' title='bbox 1079 1337 1351 1404; x_wconf 87' lang='lat' dir='ltr'><strong><em>Quantum</em></strong></span> <span class='ocrx_word' id='word_1_89' title='bbox 1403 1338 1621 1408; x_wconf 87' lang='lat' dir='ltr'><strong><em>quidem</em></strong></span> <span class='ocrx_word' id='word_1_90' title='bbox 1679 1339 1744 1392; x_wconf 86' lang='lat' dir='ltr'><strong><em>ad</em></strong></span> <span class='ocrx_word' id='word_1_91' title='bbox 1792 1340 2071 1394; x_wconf 76' lang='lat' dir='ltr'><strong><em>historiam</em></strong></span> 
     </span>
    </p>
   </div>
   <div class='ocr_carea' id='block_1_14' title="bbox 488 1430 2073 1501">
    <p class='ocr_par' dir='ltr' id='par_1_14' title="bbox 488 1430 2073 1501">
     <span class='ocr_line' id='line_1_14' title="bbox 488 1430 2073 1501; baseline 0.001 -17"><span class='ocrx_word' id='word_1_92' title='bbox 488 1430 753 1499; x_wconf 77' lang='lat' dir='ltr'><strong><em>pertinet,</em></strong></span> <span class='ocrx_word' id='word_1_93' title='bbox 785 1430 1000 1485; x_wconf 92' lang='lat' dir='ltr'><strong><em>videtur</em></strong></span> <span class='ocrx_word' id='word_1_94' title='bbox 1040 1430 1170 1485; x_wconf 84' lang='lat' dir='ltr'><strong><em>illud</em></strong></span> <span class='ocrx_word' id='word_1_95' title='bbox 1210 1445 1395 1485; x_wconf 89' lang='lat' dir='ltr'><strong><em>eorum</em></strong></span> <span class='ocrx_word' id='word_1_96' title='bbox 1440 1432 1665 1501; x_wconf 81' lang='lat' dir='ltr'><strong><em>culpare</em></strong></span> <span class='ocrx_word' id='word_1_97' title='bbox 1698 1432 2073 1501; x_wconf 87' lang='lat' dir='ltr'><strong><em>commissum,</em></strong></span> 
     </span>
    </p>
   </div>
   <div class='ocr_carea' id='block_1_15' title="bbox 486 1522 2073 1594">
    <p class='ocr_par' dir='ltr' id='par_1_15' title="bbox 486 1522 2073 1594">
     <span class='ocr_line' id='line_1_15' title="bbox 486 1522 2073 1594; baseline 0.003 -21"><span class='ocrx_word' id='word_1_98' title='bbox 486 1522 629 1592; x_wconf 89' lang='lat' dir='ltr'><strong><em>quod</em></strong></span> <span class='ocrx_word' id='word_1_99' title='bbox 666 1522 884 1577; x_wconf 89' lang='lat' dir='ltr'><strong><em>Emmor</em></strong></span> <span class='ocrx_word' id='word_1_100' title='bbox 910 1523 1079 1578; x_wconf 86' lang='lat' dir='ltr'><strong><em>filium</em></strong></span> <span class='ocrx_word' id='word_1_101' title='bbox 1105 1522 1351 1590; x_wconf 86' lang='lat' dir='ltr'><strong><em>Sicbem,</em></strong></span> <span class='ocrx_word' id='word_1_102' title='bbox 1378 1524 1467 1594; x_wconf 88' lang='lat' dir='ltr'><strong><em>qui</em></strong></span> <span class='ocrx_word' id='word_1_103' title='bbox 1495 1532 1615 1594; x_wconf 86' lang='lat' dir='ltr'><strong><em>post</em></strong></span> <span class='ocrx_word' id='word_1_104' title='bbox 1656 1526 1862 1581; x_wconf 87' lang='lat' dir='ltr'><strong><em>sororis</em></strong></span> <span class='ocrx_word' id='word_1_105' title='bbox 1886 1540 2073 1580; x_wconf 87' lang='lat' dir='ltr'><strong><em>eorum</em></strong></span> 
     </span>
    </p>
   </div>
   <div class='ocr_carea' id='block_1_16' title="bbox 485 1612 2076 1683">
    <p class='ocr_par' dir='ltr' id='par_1_16' title="bbox 485 1612 2076 1683">
     <span class='ocr_line' id='line_1_16' title="bbox 485 1612 2076 1683; baseline 0.003 -15"><span class='ocrx_word' id='word_1_106' title='bbox 485 1614 839 1668; x_wconf 86' lang='lat' dir='ltr'><strong><em>concubitum</em></strong></span> <span class='ocrx_word' id='word_1_107' title='bbox 879 1613 1099 1668; x_wconf 78' lang='lat' dir='ltr'><strong><em>familiae</em></strong></span> <span class='ocrx_word' id='word_1_108' title='bbox 1152 1612 1314 1670; x_wconf 84' lang='lat' dir='ltr'><strong><em>Israel</em></strong></span> <span class='ocrx_word' id='word_1_109' title='bbox 1355 1616 1601 1672; x_wconf 85' lang='lat' dir='ltr'><strong><em>voluerat</em></strong></span> <span class='ocrx_word' id='word_1_110' title='bbox 1630 1617 1855 1683; x_wconf 89' lang='lat' dir='ltr'><strong><em>sociari,</em></strong></span> <span class='ocrx_word' id='word_1_111' title='bbox 1889 1617 2076 1672; x_wconf 88' lang='lat' dir='ltr'><strong><em>iraud&#39;e</em></strong></span> 
     </span>
    </p>
   </div>
   <div class='ocr_carea' id='block_1_17' title="bbox 486 1707 2076 1779">
    <p class='ocr_par' dir='ltr' id='par_1_17' title="bbox 486 1707 2076 1779">
     <span class='ocr_line' id='line_1_17' title="bbox 486 1707 2076 1779; baseline 0.003 -18"><span class='ocrx_word' id='word_1_112' title='bbox 486 1718 541 1761; x_wconf 90' lang='lat' dir='ltr'><strong><em>et</em></strong></span> <span class='ocrx_word' id='word_1_113' title='bbox 577 1707 1045 1763; x_wconf 81' lang='lat' dir='ltr'><strong><em>rircumventinne</em></strong></span> <span class='ocrx_word' id='word_1_114' title='bbox 1089 1709 1434 1779; x_wconf 87' lang='lat' dir='ltr'><strong><em>jugularunt,</em></strong></span> <span class='ocrx_word' id='word_1_115' title='bbox 1492 1717 1655 1777; x_wconf 87' lang='lat' dir='ltr'><strong><em>atque</em></strong></span> <span class='ocrx_word' id='word_1_116' title='bbox 1704 1725 1897 1765; x_wconf 89' lang='lat' dir='ltr'><strong><em>omnes</em></strong></span> <span class='ocrx_word' id='word_1_117' title='bbox 1958 1709 2076 1777; x_wconf 88' lang='lat' dir='ltr'><strong><em>ejus</em></strong></span> 
     </span>
    </p>
   </div>
   <div class='ocr_carea' id='block_1_18' title="bbox 491 1800 2074 1872">
    <p class='ocr_par' dir='ltr' id='par_1_18' title="bbox 491 1800 2074 1872">
     <span class='ocr_line' id='line_1_18' title="bbox 491 1800 2074 1872; baseline 0.003 -19"><span class='ocrx_word' id='word_1_118' title='bbox 491 1800 716 1870; x_wconf 83' lang='lat' dir='ltr'><strong><em>populos</em></strong></span> <span class='ocrx_word' id='word_1_119' title='bbox 748 1810 1132 1872; x_wconf 90' lang='lat' dir='ltr'><strong><em>peremerunt;</em></strong></span> <span class='ocrx_word' id='word_1_120' title='bbox 1178 1803 1394 1870; x_wconf 79' lang='lat' dir='ltr'><strong><em>quando</em></strong></span> <span class='ocrx_word' id='word_1_121' title='bbox 1422 1810 1476 1857; x_wconf 89' lang='lat' dir='ltr'><strong><em>et</em></strong></span> <span class='ocrx_word' id='word_1_122' title='bbox 1503 1802 1723 1858; x_wconf 91' lang='lat' dir='ltr'><strong><em>dicebat</em></strong></span> <span class='ocrx_word' id='word_1_123' title='bbox 1766 1802 1845 1857; x_wconf 89' lang='lat' dir='ltr'><strong><em>eis</em></strong></span> <span class='ocrx_word' id='word_1_124' title='bbox 1909 1803 2074 1858; x_wconf 83' lang='lat' dir='ltr'><strong><em>Israel</em></strong></span> 
     </span>
    </p>
   </div>
   <div class='ocr_carea' id='block_1_19' title="bbox 2179 588 3760 663">
    <p class='ocr_par' dir='ltr' id='par_1_19' title="bbox 2179 588 3760 663">
     <span class='ocr_line' id='line_1_19' title="bbox 2179 588 3760 663; baseline -0.001 -18"><span class='ocrx_word' id='word_1_125' title='bbox 2179 608 2320 658; x_wconf 91' lang='lat' dir='ltr'><strong><em>rum,</em></strong></span> <span class='ocrx_word' id='word_1_126' title='bbox 2352 591 2477 660; x_wconf 83' lang='lat' dir='ltr'><strong><em>quia</em></strong></span> <span class='ocrx_word' id='word_1_127' title='bbox 2504 590 2752 645; x_wconf 88' lang='lat' dir='ltr'><strong><em>indurata</em></strong></span> <span class='ocrx_word' id='word_1_128' title='bbox 2772 600 2877 647; x_wconf 91' lang='lat' dir='ltr'><strong><em>est.</em></strong></span> <span class='ocrx_word' id='word_1_129' title='bbox 2914 590 3161 644; x_wconf 87' lang='lat' dir='ltr'><strong><em>Dividam</em></strong></span> <span class='ocrx_word' id='word_1_130' title='bbox 3206 590 3327 663; x_wconf 85' lang='lat' dir='ltr'><strong><em>illos</em></strong></span> <span class='ocrx_word' id='word_1_131' title='bbox 3368 591 3423 643; x_wconf 85' lang='lat' dir='ltr'><strong><em>in</em></strong></span> <span class='ocrx_word' id='word_1_132' title='bbox 3465 588 3683 652; x_wconf 84' lang='lat' dir='ltr'><strong><em>Iacob,</em></strong></span> <span class='ocrx_word' id='word_1_133' title='bbox 3720 602 3760 643; x_wconf 82' lang='lat' dir='ltr'><strong><em>et</em></strong></span> 
     </span>
    </p>
   </div>
   <div class='ocr_carea' id='block_1_20' title="bbox 2174 681 3763 754">
    <p class='ocr_par' dir='ltr' id='par_1_20' title="bbox 2174 681 3763 754">
     <span class='ocr_line' id='line_1_20' title="bbox 2174 681 3763 754; baseline -0.004 -16"><span class='ocrx_word' id='word_1_134' title='bbox 2174 686 2472 754; x_wconf 76' lang='lat' dir='ltr'><strong><em>dispergam</em></strong></span> <span class='ocrx_word' id='word_1_135' title='bbox 2499 700 2588 737; x_wconf 92' lang='lat' dir='ltr'><strong><em>eos</em></strong></span> <span class='ocrx_word' id='word_1_136' title='bbox 2605 686 2663 737; x_wconf 81' lang='lat' dir='ltr'><strong><em>in</em></strong></span> <span class='ocrx_word' id='word_1_137' title='bbox 2695 682 2890 738; x_wconf 84' lang='lat' dir='ltr'><strong><em>Israel.</em></strong></span> <span class='ocrx_word' id='word_1_138' title='bbox 2925 683 3224 739; x_wconf 82' lang='lat' dir='ltr'><strong><em>Videndum</em></strong></span> <span class='ocrx_word' id='word_1_139' title='bbox 3264 694 3349 739; x_wconf 89' lang='lat' dir='ltr'><strong><em>est</em></strong></span> <span class='ocrx_word' id='word_1_140' title='bbox 3393 698 3465 736; x_wconf 88' lang='lat' dir='ltr'><strong><em>ne</em></strong></span> <span class='ocrx_word' id='word_1_141' title='bbox 3510 683 3668 734; x_wconf 81' lang='lat' dir='ltr'><strong><em>forte</em></strong></span> <span class='ocrx_word' id='word_1_142' title='bbox 3693 681 3763 732; x_wconf 82' lang='lat' dir='ltr'><strong><em>di-</em></strong></span> 
     </span>
    </p>
   </div>
   <div class='ocr_carea' id='block_1_21' title="bbox 2176 773 3765 848">
    <p class='ocr_par' dir='ltr' id='par_1_21' title="bbox 2176 773 3765 848">
     <span class='ocr_line' id='line_1_21' title="bbox 2176 773 3765 848; baseline -0.001 -17"><span class='ocrx_word' id='word_1_143' title='bbox 2176 779 2312 831; x_wconf 91' lang='lat' dir='ltr'><strong><em>visio</em></strong></span> <span class='ocrx_word' id='word_1_144' title='bbox 2346 778 2445 831; x_wconf 89' lang='lat' dir='ltr'><strong><em>ista</em></strong></span> <span class='ocrx_word' id='word_1_145' title='bbox 2479 794 2600 848; x_wconf 62' lang='lat' dir='ltr'><strong><em>quas</em></strong></span> <span class='ocrx_word' id='word_1_146' title='bbox 2658 777 2746 832; x_wconf 88' lang='lat' dir='ltr'><strong><em>hic</em></strong></span> <span class='ocrx_word' id='word_1_147' title='bbox 2792 787 3280 841; x_wconf 84' lang='lat' dir='ltr'><strong><em>commemoratur,</em></strong></span> <span class='ocrx_word' id='word_1_148' title='bbox 3315 777 3437 831; x_wconf 85' lang='lat' dir='ltr'><strong><em>talis</em></strong></span> <span class='ocrx_word' id='word_1_149' title='bbox 3473 777 3555 831; x_wconf 85' lang='lat' dir='ltr'><strong><em>sit</em></strong></span> <span class='ocrx_word' id='word_1_150' title='bbox 3592 773 3765 843; x_wconf 84' lang='lat' dir='ltr'><strong><em>qualis</em></strong></span> 
     </span>
    </p>
   </div>
   <div class='ocr_carea' id='block_1_22' title="bbox 2174 868 3763 940">
    <p class='ocr_par' dir='ltr' id='par_1_22' title="bbox 2174 868 3763 940">
     <span class='ocr_line' id='line_1_22' title="bbox 2174 868 3763 940; baseline -0.006 -12"><span class='ocrx_word' id='word_1_151' title='bbox 2174 883 2227 928; x_wconf 90' lang='lat' dir='ltr'><strong><em>et</em></strong></span> <span class='ocrx_word' id='word_1_152' title='bbox 2267 872 2354 928; x_wconf 87' lang='lat' dir='ltr'><strong><em>illa</em></strong></span> <span class='ocrx_word' id='word_1_153' title='bbox 2387 872 2452 926; x_wconf 92' lang='lat' dir='ltr'><strong><em>de</em></strong></span> <span class='ocrx_word' id='word_1_154' title='bbox 2484 886 2591 940; x_wconf 90' lang='lat' dir='ltr'><strong><em>qua</em></strong></span> <span class='ocrx_word' id='word_1_155' title='bbox 2661 871 2715 925; x_wconf 90' lang='lat' dir='ltr'><strong><em>in</em></strong></span> <span class='ocrx_word' id='word_1_156' title='bbox 2773 870 3068 940; x_wconf 79' lang='lat' dir='ltr'><strong><em>Evangelio</em></strong></span> <span class='ocrx_word' id='word_1_157' title='bbox 3110 870 3315 926; x_wconf 79' lang='lat' dir='ltr'><strong><em>dicitur</em></strong></span> <span class='ocrx_word' id='word_1_158' title='bbox 3350 869 3416 937; x_wconf 74' lang='lat'><strong><em>“,</em></strong></span> <span class='ocrx_word' id='word_1_159' title='bbox 3469 868 3610 938; x_wconf 82' lang='lat' dir='ltr'><strong><em>quia</em></strong></span> <span class='ocrx_word' id='word_1_160' title='bbox 3653 878 3763 920; x_wconf 80' lang='lat' dir='ltr'><strong><em>eum</em></strong></span> 
     </span>
    </p>
   </div>
   <div class='ocr_carea' id='block_1_23' title="bbox 2176 963 3764 1030">
    <p class='ocr_par' dir='ltr' id='par_1_23' title="bbox 2176 963 3764 1030">
     <span class='ocr_line' id='line_1_23' title="bbox 2176 963 3764 1030; baseline -0.006 -10"><span class='ocrx_word' id='word_1_161' title='bbox 2176 967 2386 1020; x_wconf 62' lang='lat' dir='ltr'><strong><em>Venerit</em></strong></span> <span class='ocrx_word' id='word_1_162' title='bbox 2425 966 2681 1022; x_wconf 80' lang='lat' dir='ltr'><strong><em>dominus</em></strong></span> <span class='ocrx_word' id='word_1_163' title='bbox 2705 964 2850 1017; x_wconf 81' lang='lat' dir='ltr'><strong><em>servi</em></strong></span> <span class='ocrx_word' id='word_1_164' title='bbox 2886 964 3051 1029; x_wconf 85' lang='lat' dir='ltr'><strong><em>illius,</em></strong></span> <span class='ocrx_word' id='word_1_165' title='bbox 3088 963 3285 1018; x_wconf 77' lang='lat' dir='ltr'><strong><em>dividet</em></strong></span> <span class='ocrx_word' id='word_1_166' title='bbox 3336 979 3480 1029; x_wconf 88' lang='lat' dir='ltr'><strong><em>eum,</em></strong></span> <span class='ocrx_word' id='word_1_167' title='bbox 3520 971 3764 1030; x_wconf 76' lang='lat' dir='ltr'><strong><em>parte-</em></strong></span> 
     </span>
    </p>
   </div>
   <div class='ocr_carea' id='block_1_24' title="bbox 2177 1052 3767 1129">
    <p class='ocr_par' dir='ltr' id='par_1_24' title="bbox 2177 1052 3767 1129">
     <span class='ocr_line' id='line_1_24' title="bbox 2177 1052 3767 1129; baseline -0.004 -18"><span class='ocrx_word' id='word_1_168' title='bbox 2177 1076 2273 1129; x_wconf 89' lang='lat' dir='ltr'><strong><em>que</em></strong></span> <span class='ocrx_word' id='word_1_169' title='bbox 2298 1058 2439 1112; x_wconf 88' lang='lat' dir='ltr'><strong><em>illius</em></strong></span> <span class='ocrx_word' id='word_1_170' title='bbox 2472 1075 2591 1113; x_wconf 88' lang='lat' dir='ltr'><strong><em>cum</em></strong></span> <span class='ocrx_word' id='word_1_171' title='bbox 2618 1055 2916 1126; x_wconf 79' lang='lat' dir='ltr'><strong><em>inﬁdelibus</em></strong></span> <span class='ocrx_word' id='word_1_172' title='bbox 2949 1067 3126 1126; x_wconf 88' lang='lat' dir='ltr'><strong><em>ponet,</em></strong></span> <span class='ocrx_word' id='word_1_173' title='bbox 3155 1056 3239 1111; x_wconf 88' lang='lat' dir='ltr'><strong><em>vel</em></strong></span> <span class='ocrx_word' id='word_1_174' title='bbox 3274 1066 3445 1118; x_wconf 86' lang='lat' dir='ltr'><strong><em>certe,</em></strong></span> <span class='ocrx_word' id='word_1_175' title='bbox 3481 1064 3545 1108; x_wconf 86' lang='lat' dir='ltr'><strong><em>ut</em></strong></span> <span class='ocrx_word' id='word_1_176' title='bbox 3587 1052 3767 1105; x_wconf 73' lang='lat' dir='ltr'><strong><em>audivi</em></strong></span> 
     </span>
    </p>
   </div>
   <div class='ocr_carea' id='block_1_25' title="bbox 2178 1144 3768 1217">
    <p class='ocr_par' dir='ltr' id='par_1_25' title="bbox 2178 1144 3768 1217">
     <span class='ocr_line' id='line_1_25' title="bbox 2178 1144 3768 1217; baseline -0.001 -18"><span class='ocrx_word' id='word_1_177' title='bbox 2178 1148 2466 1217; x_wconf 78' lang='lat' dir='ltr'><strong><em>quemdam</em></strong></span> <span class='ocrx_word' id='word_1_178' title='bbox 2513 1164 2579 1204; x_wconf 76' lang='lat' dir='ltr'><strong><em>ex</em></strong></span> <span class='ocrx_word' id='word_1_179' title='bbox 2626 1146 2837 1202; x_wconf 89' lang='lat' dir='ltr'><strong><em>sanctis</em></strong></span> <span class='ocrx_word' id='word_1_180' title='bbox 2887 1146 3144 1203; x_wconf 82' lang='lat' dir='ltr'><strong><em>Patribtls</em></strong></span> <span class='ocrx_word' id='word_1_181' title='bbox 3190 1146 3592 1207; x_wconf 82' lang='lat' dir='ltr'><strong><em>disserentem,</em></strong></span> <span class='ocrx_word' id='word_1_182' title='bbox 3649 1144 3768 1211; x_wconf 73' lang='lat' dir='ltr'><strong><em>quia</em></strong></span> 
     </span>
    </p>
   </div>
   <div class='ocr_carea' id='block_1_26' title="bbox 2179 1238 3770 1310">
    <p class='ocr_par' dir='ltr' id='par_1_26' title="bbox 2179 1238 3770 1310">
     <span class='ocr_line' id='line_1_26' title="bbox 2179 1238 3770 1310; baseline 0.001 -18"><span class='ocrx_word' id='word_1_183' title='bbox 2179 1241 2373 1295; x_wconf 79' lang='lat' dir='ltr'><strong><em>divisio</em></strong></span> <span class='ocrx_word' id='word_1_184' title='bbox 2401 1241 2561 1296; x_wconf 84' lang='lat' dir='ltr'><strong><em>simul</em></strong></span> <span class='ocrx_word' id='word_1_185' title='bbox 2596 1250 2651 1296; x_wconf 88' lang='lat' dir='ltr'><strong><em>et</em></strong></span> <span class='ocrx_word' id='word_1_186' title='bbox 2690 1241 2959 1310; x_wconf 82' lang='lat' dir='ltr'><strong><em>dispersio</em></strong></span> <span class='ocrx_word' id='word_1_187' title='bbox 2996 1239 3332 1301; x_wconf 89' lang='lat' dir='ltr'><strong><em>nominatur,</em></strong></span> <span class='ocrx_word' id='word_1_188' title='bbox 3367 1255 3467 1309; x_wconf 87' lang='lat' dir='ltr'><strong><em>pro</em></strong></span> <span class='ocrx_word' id='word_1_189' title='bbox 3512 1238 3770 1309; x_wconf 70' lang='lat' dir='ltr'><strong><em>ecquod</em></strong></span> 
     </span>
    </p>
   </div>
   <div class='ocr_carea' id='block_1_27' title="bbox 2180 1332 3774 1404">
    <p class='ocr_par' dir='ltr' id='par_1_27' title="bbox 2180 1332 3774 1404">
     <span class='ocr_line' id='line_1_27' title="bbox 2180 1332 3774 1404; baseline -0.002 -19"><span class='ocrx_word' id='word_1_190' title='bbox 2180 1334 2420 1387; x_wconf 88' lang='lat' dir='ltr'><strong><em>nonnulli</em></strong></span> <span class='ocrx_word' id='word_1_191' title='bbox 2453 1349 2518 1388; x_wconf 83' lang='lat' dir='ltr'><strong><em>cx</em></strong></span> <span class='ocrx_word' id='word_1_192' title='bbox 2554 1334 2687 1404; x_wconf 85' lang='lat' dir='ltr'><strong><em>ipsis</em></strong></span> <span class='ocrx_word' id='word_1_193' title='bbox 2719 1334 2948 1389; x_wconf 90' lang='lat' dir='ltr'><strong><em>Domino</em></strong></span> <span class='ocrx_word' id='word_1_194' title='bbox 2971 1334 3346 1394; x_wconf 85' lang='lat' dir='ltr'><strong><em>crediderunt.</em></strong></span> <span class='ocrx_word' id='word_1_195' title='bbox 3382 1344 3436 1387; x_wconf 92' lang='lat' dir='ltr'><strong><em>et</em></strong></span> <span class='ocrx_word' id='word_1_196' title='bbox 3469 1333 3572 1387; x_wconf 83' lang='lat' dir='ltr'><strong><em>alii</em></strong></span> <span class='ocrx_word' id='word_1_197' title='bbox 3608 1333 3666 1384; x_wconf 89' lang='lat' dir='ltr'><strong><em>in</em></strong></span> <span class='ocrx_word' id='word_1_198' title='bbox 3706 1332 3774 1383; x_wconf 87' lang='lat' dir='ltr'><strong><em>in-</em></strong></span> 
     </span>
    </p>
   </div>
   <div class='ocr_carea' id='block_1_28' title="bbox 2182 1425 3776 1497">
    <p class='ocr_par' dir='ltr' id='par_1_28' title="bbox 2182 1425 3776 1497">
     <span class='ocr_line' id='line_1_28' title="bbox 2182 1425 3776 1497; baseline -0.002 -17"><span class='ocrx_word' id='word_1_199' title='bbox 2182 1426 2441 1481; x_wconf 77' lang='lat' dir='ltr'><strong><em>ﬁdelitate</em></strong></span> <span class='ocrx_word' id='word_1_200' title='bbox 2476 1437 2922 1497; x_wconf 80' lang='lat' dir='ltr'><strong><em>permanserunt,</em></strong></span> <span class='ocrx_word' id='word_1_201' title='bbox 2980 1428 3140 1482; x_wconf 80' lang='lat' dir='ltr'><strong><em>divisi</em></strong></span> <span class='ocrx_word' id='word_1_202' title='bbox 3182 1427 3436 1482; x_wconf 85' lang='lat' dir='ltr'><strong><em>dicantur</em></strong></span> <span class='ocrx_word' id='word_1_203' title='bbox 3479 1428 3537 1480; x_wconf 87' lang='lat' dir='ltr'><strong><em>hi</em></strong></span> <span class='ocrx_word' id='word_1_204' title='bbox 3591 1425 3776 1494; x_wconf 64' lang='lat' dir='ltr'><strong><em>quiat</em></strong></span> 
     </span>
    </p>
   </div>
   <div class='ocr_carea' id='block_1_29' title="bbox 2182 1519 3773 1588">
    <p class='ocr_par' dir='ltr' id='par_1_29' title="bbox 2182 1519 3773 1588">
     <span class='ocr_line' id='line_1_29' title="bbox 2182 1519 3773 1588; baseline -0.004 -13"><span class='ocrx_word' id='word_1_205' title='bbox 2182 1522 2264 1575; x_wconf 88' lang='lat' dir='ltr'><strong><em>eis</em></strong></span> <span class='ocrx_word' id='word_1_206' title='bbox 2289 1530 2636 1588; x_wconf 85' lang='lat' dir='ltr'><strong><em>separantur,</em></strong></span> <span class='ocrx_word' id='word_1_207' title='bbox 2668 1530 2725 1575; x_wconf 87' lang='lat' dir='ltr'><strong><em>et</em></strong></span> <span class='ocrx_word' id='word_1_208' title='bbox 2752 1522 2972 1576; x_wconf 89' lang='lat' dir='ltr'><strong><em>veniunt</em></strong></span> <span class='ocrx_word' id='word_1_209' title='bbox 3010 1523 3076 1575; x_wconf 91' lang='lat' dir='ltr'><strong><em>ad</em></strong></span> <span class='ocrx_word' id='word_1_210' title='bbox 3110 1522 3295 1587; x_wconf 84' lang='lat' dir='ltr'><strong><em>fidem,</em></strong></span> <span class='ocrx_word' id='word_1_211' title='bbox 3342 1532 3395 1575; x_wconf 87' lang='lat' dir='ltr'><strong><em>et</em></strong></span> <span class='ocrx_word' id='word_1_212' title='bbox 3440 1519 3697 1588; x_wconf 54' lang='lat' dir='ltr'><strong><em>dispersi</em></strong></span> <span class='ocrx_word' id='word_1_213' title='bbox 3731 1519 3773 1569; x_wconf 66' lang='lat' dir='ltr'><strong><em>iii</em></strong></span> 
     </span>
    </p>
   </div>
   <div class='ocr_carea' id='block_1_30' title="bbox 2180 1614 3777 1687">
    <p class='ocr_par' dir='ltr' id='par_1_30' title="bbox 2180 1614 3777 1687">
     <span class='ocr_line' id='line_1_30' title="bbox 2180 1614 3777 1687; baseline 0 -23"><span class='ocrx_word' id='word_1_214' title='bbox 2180 1629 2410 1683; x_wconf 91' lang='lat' dir='ltr'><strong><em>quorum</em></strong></span> <span class='ocrx_word' id='word_1_215' title='bbox 2440 1616 2613 1684; x_wconf 86' lang='lat' dir='ltr'><strong><em>patria</em></strong></span> <span class='ocrx_word' id='word_1_216' title='bbox 2645 1616 2955 1686; x_wconf 85' lang='lat' dir='ltr'><strong><em>temploque</em></strong></span> <span class='ocrx_word' id='word_1_217' title='bbox 3008 1632 3105 1687; x_wconf 82' lang='lat' dir='ltr'><strong><em>per</em></strong></span> <span class='ocrx_word' id='word_1_218' title='bbox 3138 1616 3325 1671; x_wconf 86' lang='lat' dir='ltr'><strong><em>urbem</em></strong></span> <span class='ocrx_word' id='word_1_219' title='bbox 3370 1626 3537 1669; x_wconf 71' lang='lat' dir='ltr'><strong><em>terrae</em></strong></span> <span class='ocrx_word' id='word_1_220' title='bbox 3596 1614 3777 1665; x_wconf 60' lang='lat' dir='ltr'><strong><em>iocre.</em></strong></span> 
     </span>
    </p>
   </div>
   <div class='ocr_carea' id='block_1_31' title="bbox 2180 1706 3779 1779">
    <p class='ocr_par' dir='ltr' id='par_1_31' title="bbox 2180 1706 3779 1779">
     <span class='ocr_line' id='line_1_31' title="bbox 2180 1706 3779 1779; baseline -0.003 -19"><span class='ocrx_word' id='word_1_221' title='bbox 2180 1708 2366 1761; x_wconf 89' lang='lat' dir='ltr'><strong><em>dulum</em></strong></span> <span class='ocrx_word' id='word_1_222' title='bbox 2428 1707 2764 1777; x_wconf 77' lang='lat' dir='ltr'><strong><em>dispergitur</em></strong></span> <span class='ocrx_word' id='word_1_223' title='bbox 2827 1725 3003 1778; x_wconf 82' lang='lat' dir='ltr'><strong><em>genus</em></strong></span> <span class='ocrx_word' id='word_1_224' title='bbox 3075 1707 3212 1779; x_wconf 81' lang='grc'><strong>(17).</strong></span> <span class='ocrx_word' id='word_1_225' title='bbox 3288 1706 3516 1762; x_wconf 74' lang='lat' dir='ltr'><strong><em>Videtur</em></strong></span> <span class='ocrx_word' id='word_1_226' title='bbox 3578 1716 3642 1759; x_wconf 90' lang='lat' dir='ltr'><strong><em>et</em></strong></span> <span class='ocrx_word' id='word_1_227' title='bbox 3697 1719 3779 1773; x_wconf 76' lang='lat' dir='ltr'><strong><em>prs</em></strong></span> 
     </span>
    </p>
   </div>
   <div class='ocr_carea' id='block_1_32' title="bbox 2187 1798 3779 1871">
    <p class='ocr_par' dir='ltr' id='par_1_32' title="bbox 2187 1798 3779 1871">
     <span class='ocr_line' id='line_1_32' title="bbox 2187 1798 3779 1871; baseline -0.003 -19"><span class='ocrx_word' id='word_1_228' title='bbox 2187 1800 2333 1867; x_wconf 86' lang='lat' dir='ltr'><strong><em>ipsos</em></strong></span> <span class='ocrx_word' id='word_1_229' title='bbox 2368 1800 2676 1871; x_wconf 87' lang='lat' dir='ltr'><strong><em>tripartitus</em></strong></span> <span class='ocrx_word' id='word_1_230' title='bbox 2708 1802 2812 1855; x_wconf 87' lang='lat' dir='ltr'><strong><em>iste</em></strong></span> <span class='ocrx_word' id='word_1_231' title='bbox 2841 1811 3021 1856; x_wconf 89' lang='lat' dir='ltr'><strong><em>motus</em></strong></span> <span class='ocrx_word' id='word_1_232' title='bbox 3055 1802 3225 1855; x_wconf 87' lang='lat' dir='ltr'><strong><em>totius</em></strong></span> <span class='ocrx_word' id='word_1_233' title='bbox 3260 1798 3779 1865; x_wconf 63' lang='lat' dir='ltr'><strong><em>animaedesignari.</em></strong></span> 
     </span>
    </p>
   </div>
   <div class='ocr_carea' id='block_1_33' title="bbox 497 1872 3783 1965">
    <p class='ocr_par' dir='ltr' id='par_1_33' title="bbox 497 1872 3783 1965">
     <span class='ocr_line' id='line_1_33' title="bbox 497 1872 3783 1965; baseline -0.001 -20"><span class='ocrx_word' id='word_1_234' title='bbox 497 1904 651 1961; x_wconf 87' lang='lat' dir='ltr'><strong><em>pater</em></strong></span> <span class='ocrx_word' id='word_1_235' title='bbox 697 1909 923 1957; x_wconf 80' lang='lat' dir='ltr'><strong><em>eorum,</em></strong></span> <span class='ocrx_word' id='word_1_236' title='bbox 975 1895 1100 1964; x_wconf 91' lang='lat' dir='ltr'><strong><em>quia</em></strong></span> <span class='ocrx_word' id='word_1_237' title='bbox 1160 1894 1404 1948; x_wconf 86' lang='lat' dir='ltr'><strong><em>odibilem</em></strong></span> <span class='ocrx_word' id='word_1_238' title='bbox 1472 1912 1552 1955; x_wconf 81' lang='lat' dir='ltr'><strong><em>me</em></strong></span> <span class='ocrx_word' id='word_1_239' title='bbox 1608 1896 1808 1963; x_wconf 73' lang='lat' dir='ltr'><strong><em>fecistis</em></strong></span> <span class='ocrx_word' id='word_1_240' title='bbox 1861 1897 1915 1952; x_wconf 89' lang='lat' dir='ltr'><strong><em>in</em></strong></span> <span class='ocrx_word' id='word_1_241' title='bbox 1976 1899 2075 1950; x_wconf 79' lang='lat' dir='ltr'><strong><em>Itoc</em></strong></span> <span class='ocrx_word' id='word_1_242' title='bbox 2108 1872 2149 1926; x_wconf 70' lang='grc' dir='ltr'><strong>Β</strong></span> <span class='ocrx_word' id='word_1_243' title='bbox 2181 1894 2235 1947; x_wconf 89' lang='lat' dir='ltr'><strong><em>In</em></strong></span> <span class='ocrx_word' id='word_1_244' title='bbox 2273 1894 2470 1965; x_wconf 85' lang='lat' dir='ltr'><strong><em>quibus</em></strong></span> <span class='ocrx_word' id='word_1_245' title='bbox 2523 1894 2714 1949; x_wconf 86' lang='lat' dir='ltr'><strong><em>Ruben</em></strong></span> <span class='ocrx_word' id='word_1_246' title='bbox 2752 1906 2938 1950; x_wconf 85' lang='lat' dir='ltr'><strong><em>servat</em></strong></span> <span class='ocrx_word' id='word_1_247' title='bbox 2974 1895 3204 1964; x_wconf 81' lang='lat' dir='ltr'><strong><em>primam</em></strong></span> <span class='ocrx_word' id='word_1_248' title='bbox 3260 1904 3440 1947; x_wconf 87' lang='lat' dir='ltr'><strong><em>notam</em></strong></span> <span class='ocrx_word' id='word_1_249' title='bbox 3474 1892 3783 1957; x_wconf 71' lang='lat' dir='ltr'><strong><em>sanguinis</em></strong></span> 
     </span>
    </p>
   </div>
   <div class='ocr_carea' id='block_1_34' title="bbox 493 1983 2078 2058">
    <p class='ocr_par' dir='ltr' id='par_1_34' title="bbox 493 1983 2078 2058">
     <span class='ocr_line' id='line_1_34' title="bbox 493 1983 2078 2058; baseline 0.005 -23"><span class='ocrx_word' id='word_1_250' title='bbox 493 1984 690 2037; x_wconf 86' lang='lat' dir='ltr'><strong><em>mundo</em></strong></span> <span class='ocrx_word' id='word_1_251' title='bbox 716 1984 795 2049; x_wconf 83' lang='grc'><strong><em>²⁷;</em></strong></span> <span class='ocrx_word' id='word_1_252' title='bbox 830 1983 1177 2040; x_wconf 81' lang='lat' dir='ltr'><strong><em>maledictum</em></strong></span> <span class='ocrx_word' id='word_1_253' title='bbox 1214 2001 1404 2040; x_wconf 80' lang='lat' dir='ltr'><strong><em>eorum</em></strong></span> <span class='ocrx_word' id='word_1_254' title='bbox 1456 1986 1625 2042; x_wconf 89' lang='lat' dir='ltr'><strong><em>furori</em></strong></span> <span class='ocrx_word' id='word_1_255' title='bbox 1669 1988 2078 2058; x_wconf 87' lang='lat' dir='ltr'><strong><em>temeritatique</em></strong></span> 
     </span>
    </p>
   </div>
   <div class='ocr_carea' id='block_1_35' title="bbox 495 2074 2079 2149">
    <p class='ocr_par' dir='ltr' id='par_1_35' title="bbox 495 2074 2079 2149">
     <span class='ocr_line' id='line_1_35' title="bbox 495 2074 2079 2149; baseline 0.004 -21"><span class='ocrx_word' id='word_1_256' title='bbox 495 2074 857 2145; x_wconf 86' lang='lat' dir='ltr'><strong><em>imprecatur,</em></strong></span> <span class='ocrx_word' id='word_1_257' title='bbox 892 2086 948 2132; x_wconf 92' lang='lat' dir='ltr'><strong><em>et</em></strong></span> <span class='ocrx_word' id='word_1_258' title='bbox 984 2076 1300 2133; x_wconf 87' lang='lat' dir='ltr'><strong><em>dividendos</em></strong></span> <span class='ocrx_word' id='word_1_259' title='bbox 1350 2092 1444 2133; x_wconf 89' lang='lat' dir='ltr'><strong><em>eos</em></strong></span> <span class='ocrx_word' id='word_1_260' title='bbox 1482 2093 1579 2149; x_wconf 87' lang='lat' dir='ltr'><strong><em>per</em></strong></span> <span class='ocrx_word' id='word_1_261' title='bbox 1610 2078 1867 2148; x_wconf 80' lang='lat' dir='ltr'><strong><em>populum</em></strong></span> <span class='ocrx_word' id='word_1_262' title='bbox 1910 2079 2079 2137; x_wconf 90' lang='lat' dir='ltr'><strong><em>Israel</em></strong></span> 
     </span>
    </p>
   </div>
   <div class='ocr_carea' id='block_1_36' title="bbox 493 2174 2079 2244">
    <p class='ocr_par' dir='ltr' id='par_1_36' title="bbox 493 2174 2079 2244">
     <span class='ocr_line' id='line_1_36' title="bbox 493 2174 2079 2244; baseline 0.006 -21"><span class='ocrx_word' id='word_1_263' title='bbox 493 2179 859 2240; x_wconf 84' lang='lat' dir='ltr'><strong><em>proleslatur;</em></strong></span> <span class='ocrx_word' id='word_1_264' title='bbox 913 2183 1101 2243; x_wconf 88' lang='lat' dir='ltr'><strong><em>utpote</em></strong></span> <span class='ocrx_word' id='word_1_265' title='bbox 1156 2190 1223 2229; x_wconf 81' lang='lat' dir='ltr'><strong><em>ex</em></strong></span> <span class='ocrx_word' id='word_1_266' title='bbox 1275 2174 1407 2244; x_wconf 84' lang='lat' dir='ltr'><strong><em>ipsis</em></strong></span> <span class='ocrx_word' id='word_1_267' title='bbox 1446 2176 1643 2232; x_wconf 87' lang='lat' dir='ltr'><strong><em>levitas</em></strong></span> <span class='ocrx_word' id='word_1_268' title='bbox 1672 2185 1727 2231; x_wconf 89' lang='lat' dir='ltr'><strong><em>ct</em></strong></span> <span class='ocrx_word' id='word_1_269' title='bbox 1766 2178 2079 2233; x_wconf 86' lang='lat' dir='ltr'><strong><em>sacerdotes</em></strong></span> 
     </span>
    </p>
   </div>
   <div class='ocr_carea' id='block_1_37' title="bbox 487 2262 2078 2336">
    <p class='ocr_par' dir='ltr' id='par_1_37' title="bbox 487 2262 2078 2336">
     <span class='ocr_line' id='line_1_37' title="bbox 487 2262 2078 2336; baseline 0.006 -21"><span class='ocrx_word' id='word_1_270' title='bbox 487 2262 722 2329; x_wconf 70' lang='lat' dir='ltr'><strong><em>finituros,</em></strong></span> <span class='ocrx_word' id='word_1_271' title='bbox 756 2265 845 2335; x_wconf 85' lang='lat' dir='ltr'><strong><em>qui</em></strong></span> <span class='ocrx_word' id='word_1_272' title='bbox 884 2275 1033 2320; x_wconf 88' lang='lat' dir='ltr'><strong><em>sorte</em></strong></span> <span class='ocrx_word' id='word_1_273' title='bbox 1062 2274 1263 2323; x_wconf 87' lang='lat' dir='ltr'><strong><em>terram</em></strong></span> <span class='ocrx_word' id='word_1_274' title='bbox 1302 2267 1580 2336; x_wconf 89' lang='lat' dir='ltr'><strong><em>propriam</em></strong></span> <span class='ocrx_word' id='word_1_275' title='bbox 1610 2282 1717 2323; x_wconf 90' lang='lat' dir='ltr'><strong><em>non</em></strong></span> <span class='ocrx_word' id='word_1_276' title='bbox 1746 2268 2078 2325; x_wconf 89' lang='lat' dir='ltr'><strong><em>habuerunt.</em></strong></span> 
     </span>
    </p>
   </div>
   <div class='ocr_carea' id='block_1_38' title="bbox 488 2352 2079 2432">
    <p class='ocr_par' dir='ltr' id='par_1_38' title="bbox 488 2352 2079 2432">
     <span class='ocr_line' id='line_1_38' title="bbox 488 2352 2079 2432; baseline 0.004 -23"><span class='ocrx_word' id='word_1_277' title='bbox 488 2352 765 2425; x_wconf 90' lang='lat' dir='ltr'><strong><em>Spiritalis</em></strong></span> <span class='ocrx_word' id='word_1_278' title='bbox 787 2367 968 2415; x_wconf 88' lang='lat' dir='ltr'><strong><em>autem</em></strong></span> <span class='ocrx_word' id='word_1_279' title='bbox 992 2358 1164 2414; x_wconf 82' lang='lat' dir='ltr'><strong><em>dehis</em></strong></span> <span class='ocrx_word' id='word_1_280' title='bbox 1188 2360 1501 2428; x_wconf 82' lang='lat' dir='ltr'><strong><em>explanatio</em></strong></span> <span class='ocrx_word' id='word_1_281' title='bbox 1525 2359 1650 2415; x_wconf 89' lang='lat' dir='ltr'><strong><em>talis</em></strong></span> <span class='ocrx_word' id='word_1_282' title='bbox 1676 2361 1807 2417; x_wconf 90' lang='lat' dir='ltr'><strong><em>mihi</em></strong></span> <span class='ocrx_word' id='word_1_283' title='bbox 1829 2362 2079 2432; x_wconf 70' lang='lat' dir='ltr'><strong><em>quredam</em></strong></span> 
     </span>
    </p>
   </div>
   <div class='ocr_carea' id='block_1_39' title="bbox 483 2450 2078 2522">
    <p class='ocr_par' dir='ltr' id='par_1_39' title="bbox 483 2450 2078 2522">
     <span class='ocr_line' id='line_1_39' title="bbox 483 2450 2078 2522; baseline 0.008 -22"><span class='ocrx_word' id='word_1_284' title='bbox 483 2463 645 2519; x_wconf 87' lang='lat' dir='ltr'><strong><em>posse</em></strong></span> <span class='ocrx_word' id='word_1_285' title='bbox 664 2450 877 2506; x_wconf 89' lang='lat' dir='ltr'><strong><em>videtur</em></strong></span> <span class='ocrx_word' id='word_1_286' title='bbox 898 2460 1020 2522; x_wconf 83' lang='lat' dir='ltr'><strong><em>apta</em></strong></span> <span class='ocrx_word' id='word_1_287' title='bbox 1031 2452 1094 2517; x_wconf 90' lang='lat' dir='ltr'><strong><em>ri,</em></strong></span> <span class='ocrx_word' id='word_1_288' title='bbox 1115 2454 1256 2522; x_wconf 89' lang='lat' dir='ltr'><strong><em>quod</em></strong></span> <span class='ocrx_word' id='word_1_289' title='bbox 1280 2452 1499 2510; x_wconf 86' lang='lat' dir='ltr'><strong><em>Simeon</em></strong></span> <span class='ocrx_word' id='word_1_290' title='bbox 1516 2464 1569 2510; x_wconf 92' lang='lat' dir='ltr'><strong><em>et</em></strong></span> <span class='ocrx_word' id='word_1_291' title='bbox 1585 2453 1738 2521; x_wconf 87' lang='lat' dir='ltr'><strong><em>Levi,</em></strong></span> <span class='ocrx_word' id='word_1_292' title='bbox 1758 2454 2078 2513; x_wconf 84' lang='lat' dir='ltr'><strong><em>Scribarum</em></strong></span> 
     </span>
    </p>
   </div>
   <div class='ocr_carea' id='block_1_40' title="bbox 487 2538 2081 2616">
    <p class='ocr_par' dir='ltr' id='par_1_40' title="bbox 487 2538 2081 2616">
     <span class='ocr_line' id='line_1_40' title="bbox 487 2538 2081 2616; baseline 0.008 -24"><span class='ocrx_word' id='word_1_293' title='bbox 487 2550 541 2593; x_wconf 90' lang='lat' dir='ltr'><strong><em>et</em></strong></span> <span class='ocrx_word' id='word_1_294' title='bbox 565 2538 966 2598; x_wconf 79' lang='lat' dir='ltr'><strong><em>Pharisaeorum</em></strong></span> <span class='ocrx_word' id='word_1_295' title='bbox 1003 2542 1215 2600; x_wconf 76' lang='lat' dir='ltr'><strong><em>Iudaici</em></strong></span> <span class='ocrx_word' id='word_1_296' title='bbox 1247 2545 1427 2614; x_wconf 87' lang='lat' dir='ltr'><strong><em>populi</em></strong></span> <span class='ocrx_word' id='word_1_297' title='bbox 1459 2547 1673 2615; x_wconf 89' lang='lat' dir='ltr'><strong><em>possint</em></strong></span> <span class='ocrx_word' id='word_1_298' title='bbox 1707 2549 1853 2602; x_wconf 88' lang='lat' dir='ltr'><strong><em>ferre</em></strong></span> <span class='ocrx_word' id='word_1_299' title='bbox 1891 2562 2081 2616; x_wconf 86' lang='lat' dir='ltr'><strong><em>perso-</em></strong></span> 
     </span>
    </p>
   </div>
   <div class='ocr_carea' id='block_1_41' title="bbox 494 2635 2079 2705">
    <p class='ocr_par' dir='ltr' id='par_1_41' title="bbox 494 2635 2079 2705">
     <span class='ocr_line' id='line_1_41' title="bbox 494 2635 2079 2705; baseline 0.006 -18"><span class='ocrx_word' id='word_1_300' title='bbox 494 2649 639 2698; x_wconf 88' lang='lat' dir='ltr'><strong><em>nam,</em></strong></span> <span class='ocrx_word' id='word_1_301' title='bbox 672 2635 740 2690; x_wconf 85' lang='lat' dir='ltr'><strong><em>de</em></strong></span> <span class='ocrx_word' id='word_1_302' title='bbox 789 2636 987 2704; x_wconf 88' lang='lat' dir='ltr'><strong><em>quibus</em></strong></span> <span class='ocrx_word' id='word_1_303' title='bbox 1016 2637 1221 2693; x_wconf 90' lang='lat' dir='ltr'><strong><em>dictum</em></strong></span> <span class='ocrx_word' id='word_1_304' title='bbox 1252 2647 1338 2693; x_wconf 89' lang='lat' dir='ltr'><strong><em>est</em></strong></span> <span class='ocrx_word' id='word_1_305' title='bbox 1381 2639 1427 2671; x_wconf 80' lang='grc'><strong><em>⁸⁸</em></strong></span> <span class='ocrx_word' id='word_1_306' title='bbox 1459 2656 1474 2693; x_wconf 87' lang='lat'><strong>:</strong></span> <span class='ocrx_word' id='word_1_307' title='bbox 1504 2637 1798 2693; x_wconf 85' lang='lat' dir='ltr'><strong><em>Consilium</em></strong></span> <span class='ocrx_word' id='word_1_308' title='bbox 1846 2640 2079 2705; x_wconf 74' lang='lat' dir='ltr'><strong><em>fecerunt</em></strong></span> 
     </span>
    </p>
   </div>
   <div class='ocr_carea' id='block_1_42' title="bbox 491 2724 2081 2800">
    <p class='ocr_par' dir='ltr' id='par_1_42' title="bbox 491 2724 2081 2800">
     <span class='ocr_line' id='line_1_42' title="bbox 491 2724 2081 2800; baseline 0.004 -19"><span class='ocrx_word' id='word_1_309' title='bbox 491 2724 697 2781; x_wconf 72' lang='lat' dir='ltr'><strong><em>Scriba:</em></strong></span> <span class='ocrx_word' id='word_1_310' title='bbox 715 2737 765 2781; x_wconf 84' lang='lat' dir='ltr'><strong><em>et</em></strong></span> <span class='ocrx_word' id='word_1_311' title='bbox 796 2727 1059 2783; x_wconf 64' lang='lat' dir='ltr'><strong><em>Pharisaei</em></strong></span> <span class='ocrx_word' id='word_1_312' title='bbox 1077 2738 1133 2782; x_wconf 83' lang='lat' dir='ltr'><strong><em>ut</em></strong></span> <span class='ocrx_word' id='word_1_313' title='bbox 1152 2730 1333 2785; x_wconf 83' lang='lat' dir='ltr'><strong><em>Iesum</em></strong></span> <span class='ocrx_word' id='word_1_314' title='bbox 1361 2739 1611 2796; x_wconf 86' lang='lat' dir='ltr'><strong><em>tenerent,</em></strong></span> <span class='ocrx_word' id='word_1_315' title='bbox 1635 2731 1700 2785; x_wconf 91' lang='lat' dir='ltr'><strong><em>de</em></strong></span> <span class='ocrx_word' id='word_1_316' title='bbox 1729 2746 1834 2800; x_wconf 88' lang='lat' dir='ltr'><strong><em>quo</em></strong></span> <span class='ocrx_word' id='word_1_317' title='bbox 1852 2731 2081 2788; x_wconf 88' lang='lat' dir='ltr'><strong><em>consilio</em></strong></span> 
     </span>
    </p>
   </div>
   <div class='ocr_carea' id='block_1_43' title="bbox 489 2819 2083 2891">
    <p class='ocr_par' dir='ltr' id='par_1_43' title="bbox 489 2819 2083 2891">
     <span class='ocr_line' id='line_1_43' title="bbox 489 2819 2083 2891; baseline 0.005 -20"><span class='ocrx_word' id='word_1_318' title='bbox 489 2819 621 2875; x_wconf 87' lang='lat' dir='ltr'><strong><em>dicit</em></strong></span> <span class='ocrx_word' id='word_1_319' title='bbox 658 2830 885 2875; x_wconf 89' lang='lat' dir='ltr'><strong><em>sanctus</em></strong></span> <span class='ocrx_word' id='word_1_320' title='bbox 911 2822 1002 2891; x_wconf 80' lang='lat' dir='ltr'><strong><em>qui</em></strong></span> <span class='ocrx_word' id='word_1_321' title='bbox 1036 2832 1214 2876; x_wconf 83' lang='lat' dir='ltr'><strong><em>mente</em></strong></span> <span class='ocrx_word' id='word_1_322' title='bbox 1246 2823 1413 2877; x_wconf 88' lang='lat' dir='ltr'><strong><em>Deum</em></strong></span> <span class='ocrx_word' id='word_1_323' title='bbox 1443 2823 1661 2879; x_wconf 81' lang='lat' dir='ltr'><strong><em>videbat</em></strong></span> <span class='ocrx_word' id='word_1_324' title='bbox 1707 2826 1750 2857; x_wconf 82' lang='grc'><strong><em>¹⁹</em></strong></span> <span class='ocrx_word' id='word_1_325' title='bbox 1785 2842 1801 2881; x_wconf 87' lang='lat'><strong>:</strong></span> <span class='ocrx_word' id='word_1_326' title='bbox 1835 2823 1903 2879; x_wconf 89' lang='lat' dir='ltr'><strong><em>In</em></strong></span> <span class='ocrx_word' id='word_1_327' title='bbox 1951 2841 2083 2879; x_wconf 84' lang='lat' dir='ltr'><strong><em>con-</em></strong></span> 
     </span>
    </p>
   </div>
   <div class='ocr_carea' id='block_1_44' title="bbox 486 2911 2081 2973">
    <p class='ocr_par' dir='ltr' id='par_1_44' title="bbox 486 2911 2081 2973">
     <span class='ocr_line' id='line_1_44' title="bbox 486 2911 2081 2973; baseline 0.003 -7"><span class='ocrx_word' id='word_1_328' title='bbox 486 2911 669 2966; x_wconf 80' lang='lat' dir='ltr'><strong><em>silium</em></strong></span> <span class='ocrx_word' id='word_1_329' title='bbox 692 2926 876 2965; x_wconf 90' lang='lat' dir='ltr'><strong><em>eorum</em></strong></span> <span class='ocrx_word' id='word_1_330' title='bbox 904 2929 1007 2966; x_wconf 88' lang='lat' dir='ltr'><strong><em>non</em></strong></span> <span class='ocrx_word' id='word_1_331' title='bbox 1032 2914 1259 2967; x_wconf 85' lang='lat' dir='ltr'><strong><em>introeat</em></strong></span> <span class='ocrx_word' id='word_1_332' title='bbox 1285 2914 1465 2968; x_wconf 87' lang='lat' dir='ltr'><strong><em>anima</em></strong></span> <span class='ocrx_word' id='word_1_333' title='bbox 1490 2930 1627 2969; x_wconf 88' lang='lat' dir='ltr'><strong><em>mea.</em></strong></span> <span class='ocrx_word' id='word_1_334' title='bbox 1649 2913 1829 2971; x_wconf 85' lang='lat' dir='ltr'><strong><em>Falsis</em></strong></span> <span class='ocrx_word' id='word_1_335' title='bbox 1851 2914 2081 2973; x_wconf 75' lang='lat' dir='ltr'><strong><em>tesubus</em></strong></span> 
     </span>
    </p>
   </div>
   <div class='ocr_carea' id='block_1_45' title="bbox 490 3002 2082 3075">
    <p class='ocr_par' dir='ltr' id='par_1_45' title="bbox 490 3002 2082 3075">
     <span class='ocr_line' id='line_1_45' title="bbox 490 3002 2082 3075; baseline 0.002 -17"><span class='ocrx_word' id='word_1_336' title='bbox 490 3002 752 3059; x_wconf 83' lang='lat' dir='ltr'><strong><em>adhibitis</em></strong></span> <span class='ocrx_word' id='word_1_337' title='bbox 783 3003 942 3074; x_wconf 83' lang='lat'><strong><em>107</em></strong></span> <span class='ocrx_word' id='word_1_338' title='bbox 965 3004 1616 3061; x_wconf 85' lang='lat' dir='ltr'><strong><em>condemnabautIesum.</em></strong></span> <span class='ocrx_word' id='word_1_339' title='bbox 1638 3004 1787 3070; x_wconf 84' lang='lat' dir='ltr'><strong><em>Non,</em></strong></span> <span class='ocrx_word' id='word_1_340' title='bbox 1810 3006 2007 3075; x_wconf 91' lang='lat' dir='ltr'><strong><em>inquit,</em></strong></span> <span class='ocrx_word' id='word_1_341' title='bbox 2025 3007 2082 3061; x_wconf 84' lang='lat' dir='ltr'><strong><em>in</em></strong></span> 
     </span>
    </p>
   </div>
   <div class='ocr_carea' id='block_1_46' title="bbox 489 3096 2083 3157">
    <p class='ocr_par' dir='ltr' id='par_1_46' title="bbox 489 3096 2083 3157">
     <span class='ocr_line' id='line_1_46' title="bbox 489 3096 2083 3157; baseline 0.004 -7"><span class='ocrx_word' id='word_1_342' title='bbox 489 3096 710 3151; x_wconf 88' lang='lat' dir='ltr'><strong><em>consilio</em></strong></span> <span class='ocrx_word' id='word_1_343' title='bbox 733 3112 913 3151; x_wconf 83' lang='lat' dir='ltr'><strong><em>eorum</em></strong></span> <span class='ocrx_word' id='word_1_344' title='bbox 941 3098 1239 3152; x_wconf 84' lang='lat' dir='ltr'><strong><em>innituntur</em></strong></span> <span class='ocrx_word' id='word_1_345' title='bbox 1267 3099 1465 3153; x_wconf 68' lang='lat' dir='ltr'><strong><em>viscera</em></strong></span> <span class='ocrx_word' id='word_1_346' title='bbox 1512 3116 1651 3154; x_wconf 90' lang='lat' dir='ltr'><strong><em>mea.</em></strong></span> <span class='ocrx_word' id='word_1_347' title='bbox 1688 3099 1808 3155; x_wconf 81' lang='lat' dir='ltr'><strong><em>Non</em></strong></span> <span class='ocrx_word' id='word_1_348' title='bbox 1849 3100 1944 3155; x_wconf 86' lang='lat' dir='ltr'><strong><em>tibi</em></strong></span> <span class='ocrx_word' id='word_1_349' title='bbox 1976 3102 2083 3157; x_wconf 86' lang='lat' dir='ltr'><strong><em>hoc</em></strong></span> 
     </span>
    </p>
   </div>
   <div class='ocr_carea' id='block_1_47' title="bbox 2179 1983 3781 2049">
    <p class='ocr_par' dir='ltr' id='par_1_47' title="bbox 2179 1983 3781 2049">
     <span class='ocr_line' id='line_1_47' title="bbox 2179 1983 3781 2049; baseline -0.004 -8"><span class='ocrx_word' id='word_1_350' title='bbox 2179 2003 2300 2041; x_wconf 89' lang='lat' dir='ltr'><strong><em>cum</em></strong></span> <span class='ocrx_word' id='word_1_351' title='bbox 2333 1985 2539 2040; x_wconf 85' lang='lat' dir='ltr'><strong><em>macula</em></strong></span> <span class='ocrx_word' id='word_1_352' title='bbox 2568 1985 2747 2041; x_wconf 83' lang='lat' dir='ltr'><strong><em>eil&#39;usi.</em></strong></span> <span class='ocrx_word' id='word_1_353' title='bbox 2781 1985 3085 2043; x_wconf 87' lang='lat' dir='ltr'><strong><em>Secundam</em></strong></span> <span class='ocrx_word' id='word_1_354' title='bbox 3117 1986 3213 2039; x_wconf 70' lang='lat' dir='ltr'><strong><em>ira:</em></strong></span> <span class='ocrx_word' id='word_1_355' title='bbox 3264 1984 3345 2038; x_wconf 84' lang='lat' dir='ltr'><strong><em>vel</em></strong></span> <span class='ocrx_word' id='word_1_356' title='bbox 3383 1983 3611 2037; x_wconf 84' lang='lat' dir='ltr'><strong><em>furoris</em></strong></span> <span class='ocrx_word' id='word_1_357' title='bbox 3661 1996 3781 2049; x_wconf 50' lang='lat' dir='ltr'><strong><em>spe.</em></strong></span> 
     </span>
    </p>
   </div>
   <div class='ocr_carea' id='block_1_48' title="bbox 2179 2074 3783 2149">
    <p class='ocr_par' dir='ltr' id='par_1_48' title="bbox 2179 2074 3783 2149">
     <span class='ocr_line' id='line_1_48' title="bbox 2179 2074 3783 2149; baseline -0.005 -14"><span class='ocrx_word' id='word_1_358' title='bbox 2179 2082 2320 2135; x_wconf 84' lang='lat' dir='ltr'><strong><em>ciem</em></strong></span> <span class='ocrx_word' id='word_1_359' title='bbox 2363 2088 2511 2136; x_wconf 90' lang='lat' dir='ltr'><strong><em>tenet</em></strong></span> <span class='ocrx_word' id='word_1_360' title='bbox 2556 2081 2799 2143; x_wconf 76' lang='lat' dir='ltr'><strong><em>Simeon,</em></strong></span> <span class='ocrx_word' id='word_1_361' title='bbox 2844 2081 2937 2149; x_wconf 90' lang='lat' dir='ltr'><strong><em>qni</em></strong></span> <span class='ocrx_word' id='word_1_362' title='bbox 2971 2089 3024 2135; x_wconf 86' lang='lat' dir='ltr'><strong><em>et</em></strong></span> <span class='ocrx_word' id='word_1_363' title='bbox 3055 2079 3168 2148; x_wconf 86' lang='lat' dir='ltr'><strong><em>ipse</em></strong></span> <span class='ocrx_word' id='word_1_364' title='bbox 3196 2092 3262 2132; x_wconf 77' lang='lat' dir='ltr'><strong><em>ex</em></strong></span> <span class='ocrx_word' id='word_1_365' title='bbox 3299 2076 3498 2131; x_wconf 81' lang='lat' dir='ltr'><strong><em>furoris</em></strong></span> <span class='ocrx_word' id='word_1_366' title='bbox 3528 2074 3669 2143; x_wconf 79' lang='lat' dir='ltr'><strong><em>ejus</em></strong></span> <span class='ocrx_word' id='word_1_367' title='bbox 3696 2075 3783 2127; x_wconf 83' lang='lat' dir='ltr'><strong><em>de-</em></strong></span> 
     </span>
    </p>
   </div>
   <div class='ocr_carea' id='block_1_49' title="bbox 2183 2168 3787 2243">
    <p class='ocr_par' dir='ltr' id='par_1_49' title="bbox 2183 2168 3787 2243">
     <span class='ocr_line' id='line_1_49' title="bbox 2183 2168 3787 2243; baseline -0.004 -17"><span class='ocrx_word' id='word_1_368' title='bbox 2183 2183 2521 2228; x_wconf 81' lang='lat' dir='ltr'><strong><em>monstratur</em></strong></span> <span class='ocrx_word' id='word_1_369' title='bbox 2552 2174 2873 2243; x_wconf 89' lang='lat' dir='ltr'><strong><em>opprobrio.</em></strong></span> <span class='ocrx_word' id='word_1_370' title='bbox 2902 2172 3149 2227; x_wconf 83' lang='lat' dir='ltr'><strong><em>Tertiam</em></strong></span> <span class='ocrx_word' id='word_1_371' title='bbox 3194 2172 3427 2227; x_wconf 85' lang='lat' dir='ltr'><strong><em>formam</em></strong></span> <span class='ocrx_word' id='word_1_372' title='bbox 3478 2177 3689 2224; x_wconf 90' lang='lat' dir='ltr'><strong><em>motus</em></strong></span> <span class='ocrx_word' id='word_1_373' title='bbox 3719 2168 3787 2220; x_wconf 70' lang='lat' dir='ltr'><strong><em>ir-</em></strong></span> 
     </span>
    </p>
   </div>
   <div class='ocr_carea' id='block_1_50' title="bbox 2181 2262 3790 2334">
    <p class='ocr_par' dir='ltr' id='par_1_50' title="bbox 2181 2262 3790 2334">
     <span class='ocr_line' id='line_1_50' title="bbox 2181 2262 3790 2334; baseline -0.006 -13"><span class='ocrx_word' id='word_1_374' title='bbox 2181 2265 2522 2321; x_wconf 75' lang='lat' dir='ltr'><strong><em>rationabilis</em></strong></span> <span class='ocrx_word' id='word_1_375' title='bbox 2559 2274 2707 2321; x_wconf 87' lang='lat' dir='ltr'><strong><em>tenet</em></strong></span> <span class='ocrx_word' id='word_1_376' title='bbox 2734 2264 2885 2329; x_wconf 87' lang='lat' dir='ltr'><strong><em>Levi,</em></strong></span> <span class='ocrx_word' id='word_1_377' title='bbox 2916 2264 3115 2334; x_wconf 84' lang='lat' dir='ltr'><strong><em>quippe</em></strong></span> <span class='ocrx_word' id='word_1_378' title='bbox 3141 2264 3230 2319; x_wconf 91' lang='lat' dir='ltr'><strong><em>cui</em></strong></span> <span class='ocrx_word' id='word_1_379' title='bbox 3261 2263 3422 2318; x_wconf 83' lang='lat' dir='ltr'><strong><em>etiam</em></strong></span> <span class='ocrx_word' id='word_1_380' title='bbox 3452 2262 3647 2331; x_wconf 82' lang='lat' dir='ltr'><strong><em>legem</em></strong></span> <span class='ocrx_word' id='word_1_381' title='bbox 3682 2274 3790 2314; x_wconf 81' lang='lat' dir='ltr'><strong><em>ser-</em></strong></span> 
     </span>
    </p>
   </div>
   <div class='ocr_carea' id='block_1_51' title="bbox 2182 2354 3788 2430">
    <p class='ocr_par' dir='ltr' id='par_1_51' title="bbox 2182 2354 3788 2430">
     <span class='ocr_line' id='line_1_51' title="bbox 2182 2354 3788 2430; baseline -0.005 -17"><span class='ocrx_word' id='word_1_382' title='bbox 2182 2372 2313 2413; x_wconf 80' lang='lat' dir='ltr'><strong><em>vare</em></strong></span> <span class='ocrx_word' id='word_1_383' title='bbox 2342 2360 2666 2430; x_wconf 84' lang='lat' dir='ltr'><strong><em>permissum</em></strong></span> <span class='ocrx_word' id='word_1_384' title='bbox 2698 2368 2803 2414; x_wconf 88' lang='lat' dir='ltr'><strong><em>est.</em></strong></span> <span class='ocrx_word' id='word_1_385' title='bbox 2841 2358 2949 2413; x_wconf 83' lang='lat' dir='ltr'><strong><em>llas</em></strong></span> <span class='ocrx_word' id='word_1_386' title='bbox 2990 2372 3124 2425; x_wconf 78' lang='lat' dir='ltr'><strong><em>ergo</em></strong></span> <span class='ocrx_word' id='word_1_387' title='bbox 3165 2366 3278 2412; x_wconf 87' lang='lat' dir='ltr'><strong><em>tres</em></strong></span> <span class='ocrx_word' id='word_1_388' title='bbox 3310 2356 3522 2426; x_wconf 83' lang='lat' dir='ltr'><strong><em>Species</em></strong></span> <span class='ocrx_word' id='word_1_389' title='bbox 3558 2354 3788 2408; x_wconf 74' lang='lat' dir='ltr'><strong><em>videtur</em></strong></span> 
     </span>
    </p>
   </div>
   <div class='ocr_carea' id='block_1_52' title="bbox 2183 2448 3792 2521">
    <p class='ocr_par' dir='ltr' id='par_1_52' title="bbox 2183 2448 3792 2521">
     <span class='ocr_line' id='line_1_52' title="bbox 2183 2448 3792 2521; baseline -0.002 -16"><span class='ocrx_word' id='word_1_390' title='bbox 2183 2452 2312 2506; x_wconf 88' lang='lat' dir='ltr'><strong><em>mihi</em></strong></span> <span class='ocrx_word' id='word_1_391' title='bbox 2340 2453 2521 2506; x_wconf 90' lang='lat' dir='ltr'><strong><em>omnis</em></strong></span> <span class='ocrx_word' id='word_1_392' title='bbox 2546 2466 2714 2521; x_wconf 88' lang='lat' dir='ltr'><strong><em>prope</em></strong></span> <span class='ocrx_word' id='word_1_393' title='bbox 2747 2452 2929 2505; x_wconf 88' lang='lat' dir='ltr'><strong><em>anima</em></strong></span> <span class='ocrx_word' id='word_1_394' title='bbox 2956 2465 3079 2517; x_wconf 72' lang='lat' dir='ltr'><strong><em>qua:</em></strong></span> <span class='ocrx_word' id='word_1_395' title='bbox 3120 2450 3173 2504; x_wconf 91' lang='lat' dir='ltr'><strong><em>in</em></strong></span> <span class='ocrx_word' id='word_1_396' title='bbox 3205 2449 3347 2504; x_wconf 88' lang='lat' dir='ltr'><strong><em>hunc</em></strong></span> <span class='ocrx_word' id='word_1_397' title='bbox 3382 2448 3667 2503; x_wconf 85' lang='lat' dir='ltr'><strong><em>mundum</em></strong></span> <span class='ocrx_word' id='word_1_398' title='bbox 3702 2460 3792 2501; x_wconf 77' lang='lat' dir='ltr'><strong><em>ve-</em></strong></span> 
     </span>
    </p>
   </div>
   <div class='ocr_carea' id='block_1_53' title="bbox 2184 2541 3795 2613">
    <p class='ocr_par' dir='ltr' id='par_1_53' title="bbox 2184 2541 3795 2613">
     <span class='ocr_line' id='line_1_53' title="bbox 2184 2541 3795 2613; baseline -0.004 -16"><span class='ocrx_word' id='word_1_399' title='bbox 2184 2544 2264 2597; x_wconf 88' lang='lat' dir='ltr'><strong><em>nit</em></strong></span> <span class='ocrx_word' id='word_1_400' title='bbox 2315 2543 2510 2613; x_wconf 84' lang='lat' dir='ltr'><strong><em>primis</em></strong></span> <span class='ocrx_word' id='word_1_401' title='bbox 2575 2542 2816 2597; x_wconf 84' lang='lat' dir='ltr'><strong><em>mmihns</em></strong></span> <span class='ocrx_word' id='word_1_402' title='bbox 2860 2541 3218 2611; x_wconf 84' lang='lat' dir='ltr'><strong><em>.cuipabiliter</em></strong></span> <span class='ocrx_word' id='word_1_403' title='bbox 3256 2554 3435 2611; x_wconf 81' lang='lat' dir='ltr'><strong><em>agere,</em></strong></span> <span class='ocrx_word' id='word_1_404' title='bbox 3480 2552 3795 2608; x_wconf 83' lang='lat' dir='ltr'><strong><em>usquequo</em></strong></span> 
     </span>
    </p>
   </div>
   <div class='ocr_carea' id='block_1_54' title="bbox 2183 2633 3797 2705">
    <p class='ocr_par' dir='ltr' id='par_1_54' title="bbox 2183 2633 3797 2705">
     <span class='ocr_line' id='line_1_54' title="bbox 2183 2633 3797 2705; baseline -0.004 -14"><span class='ocrx_word' id='word_1_405' title='bbox 2183 2645 2533 2705; x_wconf 82' lang='lat' dir='ltr'><strong><em>peccatorum</em></strong></span> <span class='ocrx_word' id='word_1_406' title='bbox 2566 2634 2714 2689; x_wconf 83' lang='lat' dir='ltr'><strong><em>vitiis</em></strong></span> <span class='ocrx_word' id='word_1_407' title='bbox 2738 2642 3076 2704; x_wconf 66' lang='lat' dir='ltr'><strong><em>praegravata</em></strong></span> <span class='ocrx_word' id='word_1_408' title='bbox 3105 2643 3161 2688; x_wconf 89' lang='lat' dir='ltr'><strong><em>et</em></strong></span> <span class='ocrx_word' id='word_1_409' title='bbox 3206 2633 3469 2687; x_wconf 83' lang='lat' dir='ltr'><strong><em>maiorum</em></strong></span> <span class='ocrx_word' id='word_1_410' title='bbox 3507 2633 3797 2687; x_wconf 69' lang='lat' dir='ltr'><strong><em>societate</em></strong></span> 
     </span>
    </p>
   </div>
   <div class='ocr_carea' id='block_1_55' title="bbox 2185 2724 3795 2797">
    <p class='ocr_par' dir='ltr' id='par_1_55' title="bbox 2185 2724 3795 2797">
     <span class='ocr_line' id='line_1_55' title="bbox 2185 2724 3795 2797; baseline -0.004 -14"><span class='ocrx_word' id='word_1_411' title='bbox 2185 2730 2348 2794; x_wconf 89' lang='lat' dir='ltr'><strong><em>fessa,</em></strong></span> <span class='ocrx_word' id='word_1_412' title='bbox 2376 2731 2441 2783; x_wconf 89' lang='lat' dir='ltr'><strong><em>ad</em></strong></span> <span class='ocrx_word' id='word_1_413' title='bbox 2469 2730 2645 2784; x_wconf 80' lang='lat' dir='ltr'><strong><em>locum</em></strong></span> <span class='ocrx_word' id='word_1_414' title='bbox 2667 2730 2847 2797; x_wconf 86' lang='lat' dir='ltr'><strong><em>possit</em></strong></span> <span class='ocrx_word' id='word_1_415' title='bbox 2889 2728 3227 2796; x_wconf 72' lang='lat' dir='ltr'><strong><em>ptenituntite</em></strong></span> <span class='ocrx_word' id='word_1_416' title='bbox 3258 2727 3576 2796; x_wconf 83' lang='lat' dir='ltr'><strong><em>pervenire.</em></strong></span> <span class='ocrx_word' id='word_1_417' title='bbox 3612 2724 3795 2781; x_wconf 80' lang='lat' dir='ltr'><strong><em>Iudas</em></strong></span> 
     </span>
    </p>
   </div>
   <div class='ocr_carea' id='block_1_56' title="bbox 2182 2810 3794 2889">
    <p class='ocr_par' dir='ltr' id='par_1_56' title="bbox 2182 2810 3794 2889">
     <span class='ocr_line' id='line_1_56' title="bbox 2182 2810 3794 2889; baseline -0.004 -15"><span class='ocrx_word' id='word_1_418' title='bbox 2182 2820 2327 2874; x_wconf 87' lang='lat' dir='ltr'><strong><em>enim</em></strong></span> <span class='ocrx_word' id='word_1_419' title='bbox 2373 2828 2492 2889; x_wconf 85' lang='lat' dir='ltr'><strong><em>post</em></strong></span> <span class='ocrx_word' id='word_1_420' title='bbox 2540 2820 2653 2874; x_wconf 78' lang='lat' dir='ltr'><strong><em>inec</em></strong></span> <span class='ocrx_word' id='word_1_421' title='bbox 2702 2820 2980 2888; x_wconf 82' lang='lat' dir='ltr'><strong><em>sequitur,</em></strong></span> <span class='ocrx_word' id='word_1_422' title='bbox 3027 2817 3125 2887; x_wconf 89' lang='lat' dir='ltr'><strong><em>qui</em></strong></span> <span class='ocrx_word' id='word_1_423' title='bbox 3175 2827 3369 2887; x_wconf 79' lang='lat' dir='ltr'><strong><em>purgat</em></strong></span> <span class='ocrx_word' id='word_1_424' title='bbox 3400 2810 3794 2870; x_wconf 60' lang='lat' dir='ltr'><strong><em>confessionis</em></strong></span> 
     </span>
    </p>
   </div>
   <div class='ocr_carea' id='block_1_57' title="bbox 2183 2909 3795 2983">
    <p class='ocr_par' dir='ltr' id='par_1_57' title="bbox 2183 2909 3795 2983">
     <span class='ocr_line' id='line_1_57' title="bbox 2183 2909 3795 2983; baseline -0.002 -16"><span class='ocrx_word' id='word_1_425' title='bbox 2183 2923 2428 2983; x_wconf 80' lang='lat' dir='ltr'><strong><em>peccata,</em></strong></span> <span class='ocrx_word' id='word_1_426' title='bbox 2482 2914 2607 2982; x_wconf 84' lang='lat' dir='ltr'><strong><em>quia</em></strong></span> <span class='ocrx_word' id='word_1_427' title='bbox 2663 2912 2832 2967; x_wconf 82' lang='lat' dir='ltr'><strong><em>Iudas</em></strong></span> <span class='ocrx_word' id='word_1_428' title='bbox 2884 2912 3149 2980; x_wconf 72' lang='lat' dir='ltr'><strong><em>confessio</em></strong></span> <span class='ocrx_word' id='word_1_429' title='bbox 3206 2912 3623 2981; x_wconf 84' lang='lat' dir='ltr'><strong><em>interpretatur</em></strong></span> <span class='ocrx_word' id='word_1_430' title='bbox 3676 2909 3795 2979; x_wconf 67' lang='lat'><strong><em>(18)</em></strong></span> 
     </span>
    </p>
   </div>
   <div class='ocr_carea' id='block_1_58' title="bbox 2184 3002 2651 3072">
    <p class='ocr_par' dir='ltr' id='par_1_58' title="bbox 2184 3002 2651 3072">
     <span class='ocr_line' id='line_1_58' title="bbox 2184 3002 2651 3072; baseline 0.004 -16"><span class='ocrx_word' id='word_1_431' title='bbox 2184 3003 2367 3072; x_wconf 79' lang='lat' dir='ltr'><strong><em>lingua</em></strong></span> <span class='ocrx_word' id='word_1_432' title='bbox 2402 3002 2651 3059; x_wconf 71' lang='lat' dir='ltr'><strong><em>Hebraea.</em></strong></span> 
     </span>
    </p>
   </div>
   <div class='ocr_carea' id='block_1_59' title="bbox 2255 3094 3795 3167">
    <p class='ocr_par' dir='ltr' id='par_1_59' title="bbox 2255 3094 3795 3167">
     <span class='ocr_line' id='line_1_59' title="bbox 2255 3094 3795 3167; baseline 0 -18"><span class='ocrx_word' id='word_1_433' title='bbox 2255 3096 2309 3150; x_wconf 71' lang='grc'><strong><em>4.</em></strong></span> <span class='ocrx_word' id='word_1_434' title='bbox 2348 3098 2435 3152; x_wconf 79' lang='lat' dir='ltr'><strong><em>Ait</em></strong></span> <span class='ocrx_word' id='word_1_435' title='bbox 2472 3112 2604 3167; x_wconf 82' lang='lat' dir='ltr'><strong><em>ergo</em></strong></span> <span class='ocrx_word' id='word_1_436' title='bbox 2630 3098 2677 3132; x_wconf 80' lang='grc'><strong><em>³³</em></strong></span> <span class='ocrx_word' id='word_1_437' title='bbox 2709 3116 2723 3155; x_wconf 85' lang='lat'><strong>:</strong></span> <span class='ocrx_word' id='word_1_438' title='bbox 2754 3096 2923 3158; x_wconf 83' lang='lat' dir='ltr'><strong><em>Iuda,</em></strong></span> <span class='ocrx_word' id='word_1_439' title='bbox 2971 3104 3021 3149; x_wconf 84' lang='lat' dir='ltr'><strong><em>te</em></strong></span> <span class='ocrx_word' id='word_1_440' title='bbox 3065 3095 3367 3149; x_wconf 80' lang='lat' dir='ltr'><strong><em>collaudem</em></strong></span> <span class='ocrx_word' id='word_1_441' title='bbox 3418 3094 3636 3163; x_wconf 75' lang='lat' dir='ltr'><strong><em>fratres</em></strong></span> <span class='ocrx_word' id='word_1_442' title='bbox 3691 3095 3795 3160; x_wconf 72' lang='lat' dir='ltr'><strong><em>tui,</em></strong></span> 
     </span>
    </p>
   </div>
   <div class='ocr_carea' id='block_1_60' title="bbox 488 3188 3800 3277">
    <p class='ocr_par' dir='ltr' id='par_1_60' title="bbox 488 3188 3800 3277">
     <span class='ocr_line' id='line_1_60' title="bbox 488 3188 3800 3277; baseline -0.001 -34"><span class='ocrx_word' id='word_1_443' title='bbox 488 3189 706 3245; x_wconf 84' lang='lat' dir='ltr'><strong><em>videtur</em></strong></span> <span class='ocrx_word' id='word_1_444' title='bbox 732 3190 913 3245; x_wconf 88' lang='lat' dir='ltr'><strong><em>dicere</em></strong></span> <span class='ocrx_word' id='word_1_445' title='bbox 938 3191 985 3223; x_wconf 85' lang='grc'>³⁰</span> <span class='ocrx_word' id='word_1_446' title='bbox 1016 3208 1032 3245; x_wconf 87' lang='lat'><strong>:</strong></span> <span class='ocrx_word' id='word_1_447' title='bbox 1067 3189 1304 3246; x_wconf 82' lang='lat' dir='ltr'><strong><em>Mundus</em></strong></span> <span class='ocrx_word' id='word_1_448' title='bbox 1329 3209 1424 3263; x_wconf 88' lang='lat' dir='ltr'><strong><em>ego</em></strong></span> <span class='ocrx_word' id='word_1_449' title='bbox 1455 3210 1571 3248; x_wconf 88' lang='lat' dir='ltr'><strong><em>sum</em></strong></span> <span class='ocrx_word' id='word_1_450' title='bbox 1604 3211 1634 3246; x_wconf 92' lang='lat' dir='ltr'><strong><em>a</em></strong></span> <span class='ocrx_word' id='word_1_451' title='bbox 1670 3194 1928 3264; x_wconf 87' lang='lat' dir='ltr'><strong><em>sanguine</em></strong></span> <span class='ocrx_word' id='word_1_452' title='bbox 1943 3194 2080 3261; x_wconf 86' lang='lat' dir='ltr'><strong><em>justi</em></strong></span> <span class='ocrx_word' id='word_1_453' title='bbox 2108 3219 2151 3277; x_wconf 68' lang='grc' dir='ltr'>α</span> <span class='ocrx_word' id='word_1_454' title='bbox 2184 3206 2375 3246; x_wconf 85' lang='lat' dir='ltr'><strong><em>manus</em></strong></span> <span class='ocrx_word' id='word_1_455' title='bbox 2406 3201 2515 3246; x_wconf 77' lang='lat' dir='ltr'><strong><em>tua:</em></strong></span> <span class='ocrx_word' id='word_1_456' title='bbox 2539 3206 2700 3263; x_wconf 85' lang='lat' dir='ltr'><strong><em>super</em></strong></span> <span class='ocrx_word' id='word_1_457' title='bbox 2768 3192 2987 3244; x_wconf 82' lang='lat' dir='ltr'><strong><em>dorsum</em></strong></span> <span class='ocrx_word' id='word_1_458' title='bbox 3029 3190 3364 3243; x_wconf 82' lang='lat' dir='ltr'><strong><em>inimicorum</em></strong></span> <span class='ocrx_word' id='word_1_459' title='bbox 3396 3198 3658 3242; x_wconf 78' lang='lat' dir='ltr'><strong><em>tuorum.</em></strong></span> <span class='ocrx_word' id='word_1_460' title='bbox 3694 3188 3800 3243; x_wconf 85' lang='lat' dir='ltr'><strong><em>Po-</em></strong></span> 
     </span>
    </p>
   </div>
   <div class='ocr_carea' id='block_1_61' title="bbox 491 3282 2074 3355">
    <p class='ocr_par' dir='ltr' id='par_1_61' title="bbox 491 3282 2074 3355">
     <span class='ocr_line' id='line_1_61' title="bbox 491 3282 2074 3355; baseline 0.004 -19"><span class='ocrx_word' id='word_1_461' title='bbox 491 3282 678 3352; x_wconf 83' lang='lat' dir='ltr'><strong><em>lmjus,</em></strong></span> <span class='ocrx_word' id='word_1_462' title='bbox 709 3290 941 3338; x_wconf 85' lang='lat' dir='ltr'><strong><em>mundus</em></strong></span> <span class='ocrx_word' id='word_1_463' title='bbox 968 3299 1066 3353; x_wconf 88' lang='lat' dir='ltr'><strong><em>ego</em></strong></span> <span class='ocrx_word' id='word_1_464' title='bbox 1097 3299 1215 3340; x_wconf 89' lang='lat' dir='ltr'><strong><em>sum</em></strong></span> <span class='ocrx_word' id='word_1_465' title='bbox 1244 3300 1274 3338; x_wconf 93' lang='lat' dir='ltr'><strong><em>a</em></strong></span> <span class='ocrx_word' id='word_1_466' title='bbox 1306 3285 1581 3340; x_wconf 86' lang='lat' dir='ltr'><strong><em>sententia</em></strong></span> <span class='ocrx_word' id='word_1_467' title='bbox 1614 3301 1781 3355; x_wconf 88' lang='lat' dir='ltr'><strong><em>quam</em></strong></span> <span class='ocrx_word' id='word_1_468' title='bbox 1812 3286 2074 3342; x_wconf 78' lang='lat' dir='ltr'><strong><em>decerni-</em></strong></span> 
     </span>
    </p>
   </div>
   <div class='ocr_carea' id='block_1_62' title="bbox 492 3375 2079 3450">
    <p class='ocr_par' dir='ltr' id='par_1_62' title="bbox 492 3375 2079 3450">
     <span class='ocr_line' id='line_1_62' title="bbox 492 3375 2079 3450; baseline 0.005 -21"><span class='ocrx_word' id='word_1_469' title='bbox 492 3375 562 3430; x_wconf 88' lang='lat' dir='ltr'><strong><em>tis</em></strong></span> <span class='ocrx_word' id='word_1_470' title='bbox 599 3376 860 3431; x_wconf 85' lang='lat' dir='ltr'><strong><em>adversus</em></strong></span> <span class='ocrx_word' id='word_1_471' title='bbox 908 3377 1280 3432; x_wconf 84' lang='lat' dir='ltr'><strong><em>innocentem?</em></strong></span> <span class='ocrx_word' id='word_1_472' title='bbox 1316 3377 1457 3444; x_wconf 86' lang='lat' dir='ltr'><strong><em>Quia</em></strong></span> <span class='ocrx_word' id='word_1_473' title='bbox 1486 3379 1544 3432; x_wconf 82' lang='lat' dir='ltr'><strong><em>in</em></strong></span> <span class='ocrx_word' id='word_1_474' title='bbox 1585 3378 1665 3433; x_wconf 90' lang='lat' dir='ltr'><strong><em>ira</em></strong></span> <span class='ocrx_word' id='word_1_475' title='bbox 1700 3396 1823 3446; x_wconf 89' lang='lat' dir='ltr'><strong><em>sua,</em></strong></span> <span class='ocrx_word' id='word_1_476' title='bbox 1881 3381 2079 3450; x_wconf 87' lang='lat' dir='ltr'><strong><em>inquit,</em></strong></span> 
     </span>
    </p>
   </div>
   <div class='ocr_carea' id='block_1_63' title="bbox 487 3468 2083 3535">
    <p class='ocr_par' dir='ltr' id='par_1_63' title="bbox 487 3468 2083 3535">
     <span class='ocr_line' id='line_1_63' title="bbox 487 3468 2083 3535; baseline 0.004 -13"><span class='ocrx_word' id='word_1_477' title='bbox 487 3468 794 3523; x_wconf 83' lang='lat' dir='ltr'><strong><em>occiderunt</em></strong></span> <span class='ocrx_word' id='word_1_478' title='bbox 822 3470 1078 3535; x_wconf 86' lang='lat' dir='ltr'><strong><em>homines,</em></strong></span> <span class='ocrx_word' id='word_1_479' title='bbox 1119 3480 1165 3525; x_wconf 90' lang='lat' dir='ltr'><strong><em>et</em></strong></span> <span class='ocrx_word' id='word_1_480' title='bbox 1210 3470 1267 3524; x_wconf 90' lang='lat' dir='ltr'><strong><em>in</em></strong></span> <span class='ocrx_word' id='word_1_481' title='bbox 1317 3471 1611 3534; x_wconf 77' lang='lat' dir='ltr'><strong><em>cupiditate</em></strong></span> <span class='ocrx_word' id='word_1_482' title='bbox 1645 3489 1745 3526; x_wconf 84' lang='lat' dir='ltr'><strong><em>sua</em></strong></span> <span class='ocrx_word' id='word_1_483' title='bbox 1789 3472 2083 3528; x_wconf 67' lang='lat' dir='ltr'><strong><em>subuenia-</em></strong></span> 
     </span>
    </p>
   </div>
   <div class='ocr_carea' id='block_1_64' title="bbox 486 3561 2080 3632">
    <p class='ocr_par' dir='ltr' id='par_1_64' title="bbox 486 3561 2080 3632">
     <span class='ocr_line' id='line_1_64' title="bbox 486 3561 2080 3632; baseline 0.003 -18"><span class='ocrx_word' id='word_1_484' title='bbox 486 3570 670 3614; x_wconf 75' lang='lat' dir='ltr'><strong><em>uerunt</em></strong></span> <span class='ocrx_word' id='word_1_485' title='bbox 700 3570 936 3615; x_wconf 87' lang='lat' dir='ltr'><strong><em>taurum.</em></strong></span> <span class='ocrx_word' id='word_1_486' title='bbox 968 3561 1218 3631; x_wconf 83' lang='lat' dir='ltr'><strong><em>Requiro</em></strong></span> <span class='ocrx_word' id='word_1_487' title='bbox 1256 3578 1395 3632; x_wconf 84' lang='lat' dir='ltr'><strong><em>quos</em></strong></span> <span class='ocrx_word' id='word_1_488' title='bbox 1444 3563 1698 3619; x_wconf 85' lang='lat' dir='ltr'><strong><em>homines</em></strong></span> <span class='ocrx_word' id='word_1_489' title='bbox 1727 3564 2080 3630; x_wconf 89' lang='lat' dir='ltr'><strong><em>occiderunt,</em></strong></span> 
     </span>
    </p>
   </div>
   <div class='ocr_carea' id='block_1_65' title="bbox 488 3652 2081 3723">
    <p class='ocr_par' dir='ltr' id='par_1_65' title="bbox 488 3652 2081 3723">
     <span class='ocr_line' id='line_1_65' title="bbox 488 3652 2081 3723; baseline 0.002 -16"><span class='ocrx_word' id='word_1_490' title='bbox 488 3665 611 3707; x_wconf 90' lang='lat' dir='ltr'><strong><em>cum</em></strong></span> <span class='ocrx_word' id='word_1_491' title='bbox 668 3661 878 3708; x_wconf 89' lang='lat' dir='ltr'><strong><em>certum</em></strong></span> <span class='ocrx_word' id='word_1_492' title='bbox 930 3654 999 3708; x_wconf 90' lang='lat' dir='ltr'><strong><em>sit</em></strong></span> <span class='ocrx_word' id='word_1_493' title='bbox 1035 3660 1165 3710; x_wconf 85' lang='lat' dir='ltr'><strong><em>ante</em></strong></span> <span class='ocrx_word' id='word_1_494' title='bbox 1194 3652 1502 3723; x_wconf 86' lang='lat' dir='ltr'><strong><em>passionem</em></strong></span> <span class='ocrx_word' id='word_1_495' title='bbox 1545 3654 1760 3709; x_wconf 90' lang='lat' dir='ltr'><strong><em>Domini</em></strong></span> <span class='ocrx_word' id='word_1_496' title='bbox 1806 3656 2081 3711; x_wconf 79' lang='lat' dir='ltr'><strong><em>neminem</em></strong></span> 
     </span>
    </p>
   </div>
   <div class='ocr_carea' id='block_1_66' title="bbox 489 3744 2082 3819">
    <p class='ocr_par' dir='ltr' id='par_1_66' title="bbox 489 3744 2082 3819">
     <span class='ocr_line' id='line_1_66' title="bbox 489 3744 2082 3819; baseline 0.004 -22"><span class='ocrx_word' id='word_1_497' title='bbox 489 3744 831 3799; x_wconf 87' lang='lat' dir='ltr'><strong><em>credentium</em></strong></span> <span class='ocrx_word' id='word_1_498' title='bbox 886 3760 1006 3801; x_wconf 83' lang='lat' dir='ltr'><strong><em>esse</em></strong></span> <span class='ocrx_word' id='word_1_499' title='bbox 1057 3746 1349 3814; x_wconf 88' lang='lat' dir='ltr'><strong><em>punitum,</em></strong></span> <span class='ocrx_word' id='word_1_500' title='bbox 1401 3746 1508 3801; x_wconf 91' lang='lat' dir='ltr'><strong><em>nisi</em></strong></span> <span class='ocrx_word' id='word_1_501' title='bbox 1566 3747 1710 3803; x_wconf 87' lang='lat' dir='ltr'><strong><em>forte</em></strong></span> <span class='ocrx_word' id='word_1_502' title='bbox 1760 3747 1889 3818; x_wconf 88' lang='lat' dir='ltr'><strong><em>quis</em></strong></span> <span class='ocrx_word' id='word_1_503' title='bbox 1945 3748 2082 3819; x_wconf 87' lang='lat' dir='ltr'><strong><em>ipsis</em></strong></span> 
     </span>
    </p>
   </div>
   <div class='ocr_carea' id='block_1_67' title="bbox 492 3834 2081 3905">
    <p class='ocr_par' dir='ltr' id='par_1_67' title="bbox 492 3834 2081 3905">
     <span class='ocr_line' id='line_1_67' title="bbox 492 3834 2081 3905; baseline 0.004 -18"><span class='ocrx_word' id='word_1_504' title='bbox 492 3834 735 3889; x_wconf 87' lang='lat' dir='ltr'><strong><em>ascribat</em></strong></span> <span class='ocrx_word' id='word_1_505' title='bbox 762 3836 927 3890; x_wconf 87' lang='lat' dir='ltr'><strong><em>etiam</em></strong></span> <span class='ocrx_word' id='word_1_506' title='bbox 974 3838 1293 3905; x_wconf 90' lang='lat' dir='ltr'><strong><em>sanguinem</em></strong></span> <span class='ocrx_word' id='word_1_507' title='bbox 1341 3838 1780 3905; x_wconf 84' lang='lat' dir='ltr'><strong><em>prophetarum;</em></strong></span> <span class='ocrx_word' id='word_1_508' title='bbox 1826 3838 1984 3905; x_wconf 77' lang='lat' dir='ltr'><strong><em>quia,</em></strong></span> <span class='ocrx_word' id='word_1_509' title='bbox 2023 3848 2081 3894; x_wconf 86' lang='lat' dir='ltr'><strong><em>ut</em></strong></span> 
     </span>
    </p>
   </div>
   <div class='ocr_carea' id='block_1_68' title="bbox 491 3924 2083 3999">
    <p class='ocr_par' dir='ltr' id='par_1_68' title="bbox 491 3924 2083 3999">
     <span class='ocr_line' id='line_1_68' title="bbox 491 3924 2083 3999; baseline 0.007 -24"><span class='ocrx_word' id='word_1_510' title='bbox 491 3924 625 3978; x_wconf 90' lang='lat' dir='ltr'><strong><em>dicit</em></strong></span> <span class='ocrx_word' id='word_1_511' title='bbox 680 3924 945 3980; x_wconf 87' lang='lat' dir='ltr'><strong><em>Dominus</em></strong></span> <span class='ocrx_word' id='word_1_512' title='bbox 1001 3926 1068 3992; x_wconf 82' lang='grc'><strong><em>³¹,</em></strong></span> <span class='ocrx_word' id='word_1_513' title='bbox 1104 3928 1420 3996; x_wconf 87' lang='lat' dir='ltr'><strong><em>asanguiue</em></strong></span> <span class='ocrx_word' id='word_1_514' title='bbox 1455 3927 1587 3981; x_wconf 80' lang='lat' dir='ltr'><strong><em>Abel</em></strong></span> <span class='ocrx_word' id='word_1_515' title='bbox 1614 3926 1747 3995; x_wconf 86' lang='lat' dir='ltr'><strong><em>justi</em></strong></span> <span class='ocrx_word' id='word_1_516' title='bbox 1806 3944 1983 3999; x_wconf 87' lang='lat' dir='ltr'><strong><em>usque</em></strong></span> <span class='ocrx_word' id='word_1_517' title='bbox 2013 3930 2083 3985; x_wconf 88' lang='lat' dir='ltr'><strong><em>ad</em></strong></span> 
     </span>
    </p>
   </div>
   <div class='ocr_carea' id='block_1_69' title="bbox 493 4017 2085 4092">
    <p class='ocr_par' dir='ltr' id='par_1_69' title="bbox 493 4017 2085 4092">
     <span class='ocr_line' id='line_1_69' title="bbox 493 4017 2085 4092; baseline 0.006 -24"><span class='ocrx_word' id='word_1_518' title='bbox 493 4017 815 4085; x_wconf 84' lang='lat' dir='ltr'><strong><em>sanguinem</em></strong></span> <span class='ocrx_word' id='word_1_519' title='bbox 849 4017 1128 4074; x_wconf 63' lang='lat' dir='ltr'><strong><em>Zacharias</em></strong></span> <span class='ocrx_word' id='word_1_520' title='bbox 1152 4020 1333 4074; x_wconf 89' lang='lat' dir='ltr'><strong><em>omnis</em></strong></span> <span class='ocrx_word' id='word_1_521' title='bbox 1359 4020 1452 4089; x_wconf 90' lang='lat' dir='ltr'><strong><em>qui</em></strong></span> <span class='ocrx_word' id='word_1_522' title='bbox 1477 4017 1685 4074; x_wconf 78' lang='lat' dir='ltr'><strong><em>effusus</em></strong></span> <span class='ocrx_word' id='word_1_523' title='bbox 1734 4030 1819 4076; x_wconf 89' lang='lat' dir='ltr'><strong><em>est</em></strong></span> <span class='ocrx_word' id='word_1_524' title='bbox 1861 4021 2085 4092; x_wconf 80' lang='lat' dir='ltr'><strong><em>sanguis</em></strong></span> 
     </span>
    </p>
   </div>
   <div class='ocr_carea' id='block_1_70' title="bbox 486 4108 2085 4180">
    <p class='ocr_par' dir='ltr' id='par_1_70' title="bbox 486 4108 2085 4180">
     <span class='ocr_line' id='line_1_70' title="bbox 486 4108 2085 4180; baseline 0.006 -21"><span class='ocrx_word' id='word_1_525' title='bbox 486 4108 761 4177; x_wconf 82' lang='lat' dir='ltr'><strong><em>justorum</em></strong></span> <span class='ocrx_word' id='word_1_526' title='bbox 798 4110 867 4164; x_wconf 92' lang='lat' dir='ltr'><strong><em>ab</em></strong></span> <span class='ocrx_word' id='word_1_527' title='bbox 909 4110 1023 4179; x_wconf 85' lang='lat' dir='ltr'><strong><em>ipsa</em></strong></span> <span class='ocrx_word' id='word_1_528' title='bbox 1070 4112 1422 4179; x_wconf 79' lang='lat' dir='ltr'><strong><em>generatione</em></strong></span> <span class='ocrx_word' id='word_1_529' title='bbox 1472 4111 1809 4180; x_wconf 84' lang='lat' dir='ltr'><strong><em>requiratur.</em></strong></span> <span class='ocrx_word' id='word_1_530' title='bbox 1863 4114 1970 4170; x_wconf 84' lang='lat' dir='ltr'><strong><em>Sed</em></strong></span> <span class='ocrx_word' id='word_1_531' title='bbox 2003 4116 2085 4170; x_wconf 84' lang='lat' dir='ltr'><strong><em>vi-</em></strong></span> 
     </span>
    </p>
   </div>
   <div class='ocr_carea' id='block_1_71' title="bbox 495 4199 2084 4277">
    <p class='ocr_par' dir='ltr' id='par_1_71' title="bbox 495 4199 2084 4277">
     <span class='ocr_line' id='line_1_71' title="bbox 495 4199 2084 4277; baseline 0.006 -24"><span class='ocrx_word' id='word_1_532' title='bbox 495 4199 720 4256; x_wconf 88' lang='lat' dir='ltr'><strong><em>deamus</em></strong></span> <span class='ocrx_word' id='word_1_533' title='bbox 760 4216 830 4257; x_wconf 84' lang='lat' dir='ltr'><strong><em>ne</em></strong></span> <span class='ocrx_word' id='word_1_534' title='bbox 874 4202 1013 4257; x_wconf 80' lang='lat' dir='ltr'><strong><em>forte</em></strong></span> <span class='ocrx_word' id='word_1_535' title='bbox 1049 4211 1097 4259; x_wconf 89' lang='lat' dir='ltr'><strong><em>et</em></strong></span> <span class='ocrx_word' id='word_1_536' title='bbox 1136 4203 1259 4258; x_wconf 89' lang='lat' dir='ltr'><strong><em>illos</em></strong></span> <span class='ocrx_word' id='word_1_537' title='bbox 1303 4206 1553 4261; x_wconf 86' lang='lat' dir='ltr'><strong><em>homines</em></strong></span> <span class='ocrx_word' id='word_1_538' title='bbox 1595 4207 1903 4261; x_wconf 90' lang='lat' dir='ltr'><strong><em>occiderint</em></strong></span> <span class='ocrx_word' id='word_1_539' title='bbox 1940 4222 2084 4277; x_wconf 89' lang='lat' dir='ltr'><strong><em>quos</em></strong></span> 
     </span>
    </p>
   </div>
   <div class='ocr_carea' id='block_1_72' title="bbox 494 4297 2082 4374">
    <p class='ocr_par' dir='ltr' id='par_1_72' title="bbox 494 4297 2082 4374">
     <span class='ocr_line' id='line_1_72' title="bbox 494 4297 2082 4374; baseline 0.005 -24"><span class='ocrx_word' id='word_1_540' title='bbox 494 4307 887 4364; x_wconf 89' lang='lat' dir='ltr'><strong><em>persuaserunt</em></strong></span> <span class='ocrx_word' id='word_1_541' title='bbox 923 4297 1164 4353; x_wconf 89' lang='lat' dir='ltr'><strong><em>clamare</em></strong></span> <span class='ocrx_word' id='word_1_542' title='bbox 1196 4300 1238 4334; x_wconf 82' lang='lat'><strong>&quot;</strong></span> <span class='ocrx_word' id='word_1_543' title='bbox 1275 4320 1289 4357; x_wconf 85' lang='lat'><strong>:</strong></span> <span class='ocrx_word' id='word_1_544' title='bbox 1327 4300 1559 4371; x_wconf 84' lang='lat' dir='ltr'><strong><em>Sanguis</em></strong></span> <span class='ocrx_word' id='word_1_545' title='bbox 1604 4304 1751 4357; x_wconf 85' lang='lat' dir='ltr'><strong><em>illius</em></strong></span> <span class='ocrx_word' id='word_1_546' title='bbox 1788 4320 1951 4374; x_wconf 83' lang='lat' dir='ltr'><strong><em>super</em></strong></span> <span class='ocrx_word' id='word_1_547' title='bbox 1986 4318 2082 4359; x_wconf 87' lang='lat' dir='ltr'><strong><em>nos</em></strong></span> 
     </span>
    </p>
   </div>
   <div class='ocr_carea' id='block_1_73' title="bbox 491 4390 2086 4468">
    <p class='ocr_par' dir='ltr' id='par_1_73' title="bbox 491 4390 2086 4468">
     <span class='ocr_line' id='line_1_73' title="bbox 491 4390 2086 4468; baseline 0.004 -25"><span class='ocrx_word' id='word_1_548' title='bbox 491 4399 542 4444; x_wconf 85' lang='lat' dir='ltr'><strong><em>et</em></strong></span> <span class='ocrx_word' id='word_1_549' title='bbox 570 4406 730 4459; x_wconf 85' lang='lat' dir='ltr'><strong><em>super</em></strong></span> <span class='ocrx_word' id='word_1_550' title='bbox 761 4390 902 4460; x_wconf 87' lang='lat' dir='ltr'><strong><em>ﬁlios</em></strong></span> <span class='ocrx_word' id='word_1_551' title='bbox 937 4402 1164 4448; x_wconf 89' lang='lat' dir='ltr'><strong><em>nostros.</em></strong></span> <span class='ocrx_word' id='word_1_552' title='bbox 1196 4393 1263 4448; x_wconf 85' lang='lat' dir='ltr'><strong><em>Et</em></strong></span> <span class='ocrx_word' id='word_1_553' title='bbox 1302 4396 1355 4450; x_wconf 89' lang='lat' dir='ltr'><strong><em>in</em></strong></span> <span class='ocrx_word' id='word_1_554' title='bbox 1378 4399 1673 4468; x_wconf 84' lang='lat' dir='ltr'><strong><em>cupiditate</em></strong></span> <span class='ocrx_word' id='word_1_555' title='bbox 1718 4412 1819 4452; x_wconf 87' lang='lat' dir='ltr'><strong><em>sua</em></strong></span> <span class='ocrx_word' id='word_1_556' title='bbox 1859 4398 2086 4452; x_wconf 80' lang='lat' dir='ltr'><strong><em>subner-</em></strong></span> 
     </span>
    </p>
   </div>
   <div class='ocr_carea' id='block_1_74' title="bbox 492 4484 2083 4559">
    <p class='ocr_par' dir='ltr' id='par_1_74' title="bbox 492 4484 2083 4559">
     <span class='ocr_line' id='line_1_74' title="bbox 492 4484 2083 4559; baseline 0.005 -24"><span class='ocrx_word' id='word_1_557' title='bbox 492 4491 740 4536; x_wconf 77' lang='lat' dir='ltr'><strong><em>vauerunt</em></strong></span> <span class='ocrx_word' id='word_1_558' title='bbox 772 4492 1003 4539; x_wconf 84' lang='lat' dir='ltr'><strong><em>taurum.</em></strong></span> <span class='ocrx_word' id='word_1_559' title='bbox 1041 4484 1282 4542; x_wconf 79' lang='lat' dir='ltr'><strong><em>Taurum</em></strong></span> <span class='ocrx_word' id='word_1_560' title='bbox 1319 4489 1581 4559; x_wconf 86' lang='lat' dir='ltr'><strong><em>appellari</em></strong></span> <span class='ocrx_word' id='word_1_561' title='bbox 1636 4489 1832 4544; x_wconf 81' lang='lat' dir='ltr'><strong><em>Filium</em></strong></span> <span class='ocrx_word' id='word_1_562' title='bbox 1866 4489 1959 4545; x_wconf 86' lang='lat' dir='ltr'><strong><em>Dei</em></strong></span> <span class='ocrx_word' id='word_1_563' title='bbox 2002 4488 2083 4544; x_wconf 89' lang='lat' dir='ltr'><strong><em>le-</em></strong></span> 
     </span>
    </p>
   </div>
   <div class='ocr_carea' id='block_1_75' title="bbox 2189 3278 3798 3354">
    <p class='ocr_par' dir='ltr' id='par_1_75' title="bbox 2189 3278 3798 3354">
     <span class='ocr_line' id='line_1_75' title="bbox 2189 3278 3798 3354; baseline -0.002 -15"><span class='ocrx_word' id='word_1_564' title='bbox 2189 3294 2294 3339; x_wconf 83' lang='lat' dir='ltr'><strong><em>test</em></strong></span> <span class='ocrx_word' id='word_1_565' title='bbox 2327 3284 2432 3339; x_wconf 89' lang='lat' dir='ltr'><strong><em>hoc</em></strong></span> <span class='ocrx_word' id='word_1_566' title='bbox 2482 3284 2569 3339; x_wconf 84' lang='lat' dir='ltr'><strong><em>vel</em></strong></span> <span class='ocrx_word' id='word_1_567' title='bbox 2615 3283 2683 3338; x_wconf 88' lang='lat' dir='ltr'><strong><em>ad</em></strong></span> <span class='ocrx_word' id='word_1_568' title='bbox 2735 3284 2916 3354; x_wconf 78' lang='lat' dir='ltr'><strong><em>ipsum</em></strong></span> <span class='ocrx_word' id='word_1_569' title='bbox 2964 3278 3180 3345; x_wconf 82' lang='lat' dir='ltr'><strong><em>Judam,</em></strong></span> <span class='ocrx_word' id='word_1_570' title='bbox 3226 3282 3309 3336; x_wconf 84' lang='lat' dir='ltr'><strong><em>vel</em></strong></span> <span class='ocrx_word' id='word_1_571' title='bbox 3359 3282 3425 3334; x_wconf 83' lang='lat' dir='ltr'><strong><em>ad</em></strong></span> <span class='ocrx_word' id='word_1_572' title='bbox 3457 3293 3557 3335; x_wconf 84' lang='lat' dir='ltr'><strong><em>eos</em></strong></span> <span class='ocrx_word' id='word_1_573' title='bbox 3590 3281 3699 3349; x_wconf 83' lang='lat' dir='ltr'><strong><em>qui</em></strong></span> <span class='ocrx_word' id='word_1_574' title='bbox 3736 3298 3798 3335; x_wconf 76' lang='lat' dir='ltr'><strong><em>es</em></strong></span> 
     </span>
    </p>
   </div>
   <div class='ocr_carea' id='block_1_76' title="bbox 2187 3374 3797 3446">
    <p class='ocr_par' dir='ltr' id='par_1_76' title="bbox 2187 3374 3797 3446">
     <span class='ocr_line' id='line_1_76' title="bbox 2187 3374 3797 3446; baseline -0.004 -14"><span class='ocrx_word' id='word_1_575' title='bbox 2187 3379 2357 3446; x_wconf 84' lang='lat' dir='ltr'><strong><em>ipsius</em></strong></span> <span class='ocrx_word' id='word_1_576' title='bbox 2379 3377 2636 3433; x_wconf 89' lang='lat' dir='ltr'><strong><em>videntur</em></strong></span> <span class='ocrx_word' id='word_1_577' title='bbox 2662 3388 2787 3432; x_wconf 88' lang='lat' dir='ltr'><strong><em>esse</em></strong></span> <span class='ocrx_word' id='word_1_578' title='bbox 2820 3377 3089 3446; x_wconf 79' lang='lat' dir='ltr'><strong><em>progenie</em></strong></span> <span class='ocrx_word' id='word_1_579' title='bbox 3131 3374 3349 3437; x_wconf 88' lang='lat' dir='ltr'><strong><em>referri,</em></strong></span> <span class='ocrx_word' id='word_1_580' title='bbox 3389 3374 3482 3440; x_wconf 85' lang='lat' dir='ltr'><strong><em>qui</em></strong></span> <span class='ocrx_word' id='word_1_581' title='bbox 3536 3376 3797 3442; x_wconf 74' lang='lat' dir='ltr'><strong><em>regnum</em></strong></span> 
     </span>
    </p>
   </div>
   <div class='ocr_carea' id='block_1_77' title="bbox 2185 3466 3803 3539">
    <p class='ocr_par' dir='ltr' id='par_1_77' title="bbox 2185 3466 3803 3539">
     <span class='ocr_line' id='line_1_77' title="bbox 2185 3466 3803 3539; baseline -0.001 -16"><span class='ocrx_word' id='word_1_582' title='bbox 2185 3471 2365 3539; x_wconf 84' lang='lat' dir='ltr'><strong><em>gentis</em></strong></span> <span class='ocrx_word' id='word_1_583' title='bbox 2393 3469 2539 3525; x_wconf 87' lang='lat' dir='ltr'><strong><em>illius</em></strong></span> <span class='ocrx_word' id='word_1_584' title='bbox 2586 3471 3033 3525; x_wconf 72' lang='lat' dir='ltr'><strong><em>administramus</em></strong></span> <span class='ocrx_word' id='word_1_585' title='bbox 3073 3468 3422 3523; x_wconf 82' lang='lat' dir='ltr'><strong><em>inimicorum</em></strong></span> <span class='ocrx_word' id='word_1_586' title='bbox 3468 3474 3647 3536; x_wconf 82' lang='lat' dir='ltr'><strong><em>terga</em></strong></span> <span class='ocrx_word' id='word_1_587' title='bbox 3704 3466 3803 3521; x_wconf 78' lang='lat' dir='ltr'><strong><em>do-</em></strong></span> 
     </span>
    </p>
   </div>
   <div class='ocr_carea' id='block_1_78' title="bbox 2187 3559 3805 3632">
    <p class='ocr_par' dir='ltr' id='par_1_78' title="bbox 2187 3559 3805 3632">
     <span class='ocr_line' id='line_1_78' title="bbox 2187 3559 3805 3632; baseline -0.003 -14"><span class='ocrx_word' id='word_1_588' title='bbox 2187 3572 2460 3618; x_wconf 88' lang='lat' dir='ltr'><strong><em>muerunt.</em></strong></span> <span class='ocrx_word' id='word_1_589' title='bbox 2499 3561 2606 3617; x_wconf 90' lang='lat' dir='ltr'><strong><em>Sed</em></strong></span> <span class='ocrx_word' id='word_1_590' title='bbox 2640 3562 2773 3617; x_wconf 89' lang='lat' dir='ltr'><strong><em>etin</em></strong></span> <span class='ocrx_word' id='word_1_591' title='bbox 2805 3562 3027 3619; x_wconf 77' lang='lat' dir='ltr'><strong><em>Christto</em></strong></span> <span class='ocrx_word' id='word_1_592' title='bbox 3082 3566 3457 3632; x_wconf 85' lang='lat' dir='ltr'><strong><em>competenter</em></strong></span> <span class='ocrx_word' id='word_1_593' title='bbox 3502 3559 3805 3630; x_wconf 76' lang='lat' dir='ltr'><strong><em>accipitur</em></strong></span> 
     </span>
    </p>
   </div>
   <div class='ocr_carea' id='block_1_79' title="bbox 2189 3649 3801 3726">
    <p class='ocr_par' dir='ltr' id='par_1_79' title="bbox 2189 3649 3801 3726">
     <span class='ocr_line' id='line_1_79' title="bbox 2189 3649 3801 3726; baseline 0.001 -17"><span class='ocrx_word' id='word_1_594' title='bbox 2189 3656 2283 3726; x_wconf 90' lang='lat' dir='ltr'><strong><em>qui</em></strong></span> <span class='ocrx_word' id='word_1_595' title='bbox 2316 3671 2345 3708; x_wconf 92' lang='lat' dir='ltr'><strong><em>a</em></strong></span> <span class='ocrx_word' id='word_1_596' title='bbox 2378 3655 2641 3710; x_wconf 77' lang='lat' dir='ltr'><strong><em>fratribus</em></strong></span> <span class='ocrx_word' id='word_1_597' title='bbox 2668 3654 2804 3719; x_wconf 89' lang='lat' dir='ltr'><strong><em>suis,</em></strong></span> <span class='ocrx_word' id='word_1_598' title='bbox 2853 3654 2905 3708; x_wconf 91' lang='lat' dir='ltr'><strong><em>id</em></strong></span> <span class='ocrx_word' id='word_1_599' title='bbox 2943 3662 3026 3710; x_wconf 85' lang='lat' dir='ltr'><strong><em>est</em></strong></span> <span class='ocrx_word' id='word_1_600' title='bbox 3069 3653 3139 3709; x_wconf 86' lang='lat' dir='ltr'><strong><em>ab</em></strong></span> <span class='ocrx_word' id='word_1_601' title='bbox 3180 3653 3447 3724; x_wconf 78' lang='lat' dir='ltr'><strong><em>apdstolis</em></strong></span> <span class='ocrx_word' id='word_1_602' title='bbox 3479 3666 3639 3723; x_wconf 82' lang='lat' dir='ltr'><strong><em>quos</em></strong></span> <span class='ocrx_word' id='word_1_603' title='bbox 3676 3649 3801 3725; x_wconf 80' lang='lat' dir='ltr'><strong><em>ipse</em></strong></span> 
     </span>
    </p>
   </div>
   <div class='ocr_carea' id='block_1_80' title="bbox 2186 3747 3807 3820">
    <p class='ocr_par' dir='ltr' id='par_1_80' title="bbox 2186 3747 3807 3820">
     <span class='ocr_line' id='line_1_80' title="bbox 2186 3747 3807 3820; baseline -0.003 -16"><span class='ocrx_word' id='word_1_604' title='bbox 2186 3749 2387 3805; x_wconf 84' lang='lat' dir='ltr'><strong><em>fratres</em></strong></span> <span class='ocrx_word' id='word_1_605' title='bbox 2414 3749 2467 3804; x_wconf 90' lang='lat' dir='ltr'><strong><em>in</em></strong></span> <span class='ocrx_word' id='word_1_606' title='bbox 2500 3748 2798 3820; x_wconf 79' lang='lat' dir='ltr'><strong><em>Evangelio</em></strong></span> <span class='ocrx_word' id='word_1_607' title='bbox 2820 3748 3145 3813; x_wconf 82' lang='lat' dir='ltr'><strong><em>nominavit,</em></strong></span> <span class='ocrx_word' id='word_1_608' title='bbox 3177 3748 3374 3803; x_wconf 85' lang='lat' dir='ltr'><strong><em>merito</em></strong></span> <span class='ocrx_word' id='word_1_609' title='bbox 3400 3747 3807 3803; x_wconf 80' lang='lat' dir='ltr'><strong><em>collaudatur:</em></strong></span> 
     </span>
    </p>
   </div>
   <div class='ocr_carea' id='block_1_81' title="bbox 2187 3839 3806 3909">
    <p class='ocr_par' dir='ltr' id='par_1_81' title="bbox 2187 3839 3806 3909">
     <span class='ocr_line' id='line_1_81' title="bbox 2187 3839 3806 3909; baseline -0.002 -14"><span class='ocrx_word' id='word_1_610' title='bbox 2187 3839 2393 3895; x_wconf 82' lang='lat' dir='ltr'><strong><em>inimici</em></strong></span> <span class='ocrx_word' id='word_1_611' title='bbox 2433 3852 2562 3895; x_wconf 85' lang='lat' dir='ltr'><strong><em>vero</em></strong></span> <span class='ocrx_word' id='word_1_612' title='bbox 2596 3839 2715 3907; x_wconf 88' lang='lat' dir='ltr'><strong><em>ejus</em></strong></span> <span class='ocrx_word' id='word_1_613' title='bbox 2737 3848 2905 3908; x_wconf 87' lang='lat' dir='ltr'><strong><em>super</em></strong></span> <span class='ocrx_word' id='word_1_614' title='bbox 2939 3852 3173 3909; x_wconf 81' lang='lat' dir='ltr'><strong><em>quoer</em></strong></span> <span class='ocrx_word' id='word_1_615' title='bbox 3212 3839 3375 3895; x_wconf 84' lang='lat' dir='ltr'><strong><em>dorsa</em></strong></span> <span class='ocrx_word' id='word_1_616' title='bbox 3417 3853 3639 3895; x_wconf 87' lang='lat' dir='ltr'><strong><em>manus</em></strong></span> <span class='ocrx_word' id='word_1_617' title='bbox 3684 3841 3806 3908; x_wconf 85' lang='lat' dir='ltr'><strong><em>ejus</em></strong></span> 
     </span>
    </p>
   </div>
   <div class='ocr_carea' id='block_1_82' title="bbox 2186 3931 3807 4003">
    <p class='ocr_par' dir='ltr' id='par_1_82' title="bbox 2186 3931 3807 4003">
     <span class='ocr_line' id='line_1_82' title="bbox 2186 3931 3807 4003; baseline -0.001 -14"><span class='ocrx_word' id='word_1_618' title='bbox 2186 3942 2292 3999; x_wconf 89' lang='lat' dir='ltr'><strong><em>est,</em></strong></span> <span class='ocrx_word' id='word_1_619' title='bbox 2326 3933 2400 3989; x_wconf 90' lang='lat' dir='ltr'><strong><em>illi</em></strong></span> <span class='ocrx_word' id='word_1_620' title='bbox 2425 3933 2801 4003; x_wconf 81' lang='lat' dir='ltr'><strong><em>intelliguntur</em></strong></span> <span class='ocrx_word' id='word_1_621' title='bbox 2827 3931 3151 4003; x_wconf 72' lang='lat' dir='ltr'><strong><em>quos&#39;P‘ater</em></strong></span> <span class='ocrx_word' id='word_1_622' title='bbox 3181 3933 3455 4001; x_wconf 84' lang='lat' dir='ltr'><strong><em>promittit</em></strong></span> <span class='ocrx_word' id='word_1_623' title='bbox 3478 3933 3593 3987; x_wconf 87' lang='lat' dir='ltr'><strong><em>sub</em></strong></span> <span class='ocrx_word' id='word_1_624' title='bbox 3626 3933 3807 4002; x_wconf 75' lang='lat' dir='ltr'><strong><em>pedes</em></strong></span> 
     </span>
    </p>
   </div>
   <div class='ocr_carea' id='block_1_83' title="bbox 2187 4025 3806 4097">
    <p class='ocr_par' dir='ltr' id='par_1_83' title="bbox 2187 4025 3806 4097">
     <span class='ocr_line' id='line_1_83' title="bbox 2187 4025 3806 4097; baseline -0.001 -15"><span class='ocrx_word' id='word_1_625' title='bbox 2187 4027 2304 4097; x_wconf 89' lang='lat' dir='ltr'><strong><em>ejus</em></strong></span> <span class='ocrx_word' id='word_1_626' title='bbox 2335 4042 2396 4084; x_wconf 87' lang='lat' dir='ltr'><strong><em>se</em></strong></span> <span class='ocrx_word' id='word_1_627' title='bbox 2422 4027 2747 4097; x_wconf 83' lang='lat' dir='ltr'><strong><em>positurum,</em></strong></span> <span class='ocrx_word' id='word_1_628' title='bbox 2784 4027 2975 4082; x_wconf 85' lang='lat' dir='ltr'><strong><em>dicens</em></strong></span> <span class='ocrx_word' id='word_1_629' title='bbox 3007 4025 3054 4058; x_wconf 82' lang='lat'><strong>&quot;</strong></span> <span class='ocrx_word' id='word_1_630' title='bbox 3090 4046 3102 4082; x_wconf 91' lang='lat'><strong>:</strong></span> <span class='ocrx_word' id='word_1_631' title='bbox 3144 4025 3334 4082; x_wconf 86' lang='lat' dir='ltr'><strong><em>Sedea</em></strong></span> <span class='ocrx_word' id='word_1_632' title='bbox 3372 4026 3591 4080; x_wconf 71' lang='lat' dir='ltr'><strong><em>dextris</em></strong></span> <span class='ocrx_word' id='word_1_633' title='bbox 3639 4028 3806 4089; x_wconf 75' lang='lat' dir='ltr'><strong><em>meis,</em></strong></span> 
     </span>
    </p>
   </div>
   <div class='ocr_carea' id='block_1_84' title="bbox 2187 4119 3809 4190">
    <p class='ocr_par' dir='ltr' id='par_1_84' title="bbox 2187 4119 3809 4190">
     <span class='ocr_line' id='line_1_84' title="bbox 2187 4119 3809 4190; baseline 0 -16"><span class='ocrx_word' id='word_1_634' title='bbox 2187 4123 2351 4175; x_wconf 79' lang='lat' dir='ltr'><strong><em>donec</em></strong></span> <span class='ocrx_word' id='word_1_635' title='bbox 2400 4137 2594 4190; x_wconf 87' lang='lat' dir='ltr'><strong><em>ponam</em></strong></span> <span class='ocrx_word' id='word_1_636' title='bbox 2631 4119 2878 4175; x_wconf 81' lang='lat' dir='ltr'><strong><em>inimicos</em></strong></span> <span class='ocrx_word' id='word_1_637' title='bbox 2920 4121 3180 4174; x_wconf 79' lang='lat' dir='ltr'><strong><em>tuossub</em></strong></span> <span class='ocrx_word' id='word_1_638' title='bbox 3210 4119 3429 4189; x_wconf 85' lang='lat' dir='ltr'><strong><em>pedibus</em></strong></span> <span class='ocrx_word' id='word_1_639' title='bbox 3464 4120 3612 4176; x_wconf 74' lang='lat' dir='ltr'><strong><em>tuis.</em></strong></span> <span class='ocrx_word' id='word_1_640' title='bbox 3657 4121 3809 4176; x_wconf 77' lang='lat' dir='ltr'><strong><em>Sunt</em></strong></span> 
     </span>
    </p>
   </div>
   <div class='ocr_carea' id='block_1_85' title="bbox 2187 4210 3810 4284">
    <p class='ocr_par' dir='ltr' id='par_1_85' title="bbox 2187 4210 3810 4284">
     <span class='ocr_line' id='line_1_85' title="bbox 2187 4210 3810 4284; baseline 0.001 -17"><span class='ocrx_word' id='word_1_641' title='bbox 2187 4227 2320 4284; x_wconf 84' lang='lat' dir='ltr'><strong><em>ergo</em></strong></span> <span class='ocrx_word' id='word_1_642' title='bbox 2355 4212 2586 4279; x_wconf 86' lang='lat' dir='ltr'><strong><em>inimici,</em></strong></span> <span class='ocrx_word' id='word_1_643' title='bbox 2618 4210 2793 4269; x_wconf 86' lang='lat' dir='ltr'><strong><em>donec</em></strong></span> <span class='ocrx_word' id='word_1_644' title='bbox 2853 4212 3122 4268; x_wconf 84' lang='lat' dir='ltr'><strong><em>increduli</em></strong></span> <span class='ocrx_word' id='word_1_645' title='bbox 3161 4222 3289 4268; x_wconf 89' lang='lat' dir='ltr'><strong><em>sunt</em></strong></span> <span class='ocrx_word' id='word_1_646' title='bbox 3324 4222 3378 4269; x_wconf 83' lang='lat' dir='ltr'><strong><em>et</em></strong></span> <span class='ocrx_word' id='word_1_647' title='bbox 3415 4213 3721 4280; x_wconf 58' lang='lat' dir='ltr'><strong><em>infideles,</em></strong></span> <span class='ocrx_word' id='word_1_648' title='bbox 3752 4224 3810 4269; x_wconf 85' lang='lat' dir='ltr'><strong><em>et</em></strong></span> 
     </span>
    </p>
   </div>
   <div class='ocr_carea' id='block_1_86' title="bbox 2190 4302 3809 4378">
    <p class='ocr_par' dir='ltr' id='par_1_86' title="bbox 2190 4302 3809 4378">
     <span class='ocr_line' id='line_1_86' title="bbox 2190 4302 3809 4378; baseline 0 -15"><span class='ocrx_word' id='word_1_649' title='bbox 2190 4309 2312 4363; x_wconf 87' lang='lat' dir='ltr'><strong><em>ideo</em></strong></span> <span class='ocrx_word' id='word_1_650' title='bbox 2342 4308 2631 4363; x_wconf 71' lang='lat' dir='ltr'><strong><em>caeduntur</em></strong></span> <span class='ocrx_word' id='word_1_651' title='bbox 2664 4302 2719 4362; x_wconf 87' lang='lat' dir='ltr'><strong><em>in</em></strong></span> <span class='ocrx_word' id='word_1_652' title='bbox 2768 4314 2928 4376; x_wconf 82' lang='lat' dir='ltr'><strong><em>tergo</em></strong></span> <span class='ocrx_word' id='word_1_653' title='bbox 2983 4306 3075 4376; x_wconf 89' lang='lat' dir='ltr'><strong><em>qui</em></strong></span> <span class='ocrx_word' id='word_1_654' title='bbox 3118 4306 3469 4378; x_wconf 83' lang='lat' dir='ltr'><strong><em>posteaquam</em></strong></span> <span class='ocrx_word' id='word_1_655' title='bbox 3517 4309 3809 4363; x_wconf 63' lang='grc' dir='ltr'><strong><em>ποοτετςί</em></strong></span> 
     </span>
    </p>
   </div>
   <div class='ocr_carea' id='block_1_87' title="bbox 2190 4395 3801 4471">
    <p class='ocr_par' dir='ltr' id='par_1_87' title="bbox 2190 4395 3801 4471">
     <span class='ocr_line' id='line_1_87' title="bbox 2190 4395 3801 4471; baseline 0 -18"><span class='ocrx_word' id='word_1_656' title='bbox 2190 4396 2396 4453; x_wconf 82' lang='lat' dir='ltr'><strong><em>fuerint</em></strong></span> <span class='ocrx_word' id='word_1_657' title='bbox 2446 4395 2757 4452; x_wconf 77' lang='lat' dir='ltr'><strong><em>efﬁciuntur</em></strong></span> <span class='ocrx_word' id='word_1_658' title='bbox 2796 4397 3018 4465; x_wconf 77' lang='lat' dir='ltr'><strong><em>fratres,</em></strong></span> <span class='ocrx_word' id='word_1_659' title='bbox 3054 4408 3109 4453; x_wconf 93' lang='lat' dir='ltr'><strong><em>et</em></strong></span> <span class='ocrx_word' id='word_1_660' title='bbox 3154 4396 3469 4454; x_wconf 81' lang='lat' dir='ltr'><strong><em>collaudant</em></strong></span> <span class='ocrx_word' id='word_1_661' title='bbox 3515 4413 3667 4455; x_wconf 78' lang='lat' dir='ltr'><strong><em>eum</em></strong></span> <span class='ocrx_word' id='word_1_662' title='bbox 3702 4401 3801 4471; x_wconf 88' lang='lat' dir='ltr'><strong><em>qni</em></strong></span> 
     </span>
    </p>
   </div>
   <div class='ocr_carea' id='block_1_88' title="bbox 2188 4484 3809 4560">
    <p class='ocr_par' dir='ltr' id='par_1_88' title="bbox 2188 4484 3809 4560">
     <span class='ocr_line' id='line_1_88' title="bbox 2188 4484 3809 4560; baseline 0.002 -17"><span class='ocrx_word' id='word_1_663' title='bbox 2188 4504 2282 4544; x_wconf 91' lang='lat' dir='ltr'><strong><em>eos</em></strong></span> <span class='ocrx_word' id='word_1_664' title='bbox 2313 4488 2366 4543; x_wconf 89' lang='lat' dir='ltr'><strong><em>in</em></strong></span> <span class='ocrx_word' id='word_1_665' title='bbox 2391 4489 2734 4560; x_wconf 85' lang='lat' dir='ltr'><strong><em>adoptionem</em></strong></span> <span class='ocrx_word' id='word_1_666' title='bbox 2769 4484 2950 4544; x_wconf 82' lang='lat' dir='ltr'><strong><em>Patris</em></strong></span> <span class='ocrx_word' id='word_1_667' title='bbox 2982 4496 3209 4546; x_wconf 78' lang='lat' dir='ltr'><strong><em>vocatOs</em></strong></span> <span class='ocrx_word' id='word_1_668' title='bbox 3248 4489 3350 4546; x_wconf 82' lang='lat' dir='ltr'><strong><em>sibi</em></strong></span> <span class='ocrx_word' id='word_1_669' title='bbox 3382 4496 3435 4547; x_wconf 84' lang='lat' dir='ltr'><strong><em>et</em></strong></span> <span class='ocrx_word' id='word_1_670' title='bbox 3455 4490 3809 4548; x_wconf 57' lang='lat' dir='ltr'><strong><em>contr-edes</em></strong></span> 
     </span>
    </p>
   </div>
   <div class='ocr_carea' id='block_1_89' title="bbox 494 4570 3809 4652">
    <p class='ocr_par' dir='ltr' id='par_1_89' title="bbox 494 4570 3809 4652">
     <span class='ocr_line' id='line_1_89' title="bbox 494 4570 3809 4652; baseline 0.004 -27"><span class='ocrx_word' id='word_1_671' title='bbox 494 4572 674 4641; x_wconf 83' lang='lat' dir='ltr'><strong><em>gimus</em></strong></span> <span class='ocrx_word' id='word_1_672' title='bbox 708 4575 761 4629; x_wconf 91' lang='lat' dir='ltr'><strong><em>in</em></strong></span> <span class='ocrx_word' id='word_1_673' title='bbox 803 4576 1213 4646; x_wconf 87' lang='lat' dir='ltr'><strong><em>Scripturarum</em></strong></span> <span class='ocrx_word' id='word_1_674' title='bbox 1237 4578 1450 4651; x_wconf 79' lang='lat' dir='ltr'><strong><em>ﬁguris,</em></strong></span> <span class='ocrx_word' id='word_1_675' title='bbox 1500 4581 1759 4636; x_wconf 90' lang='lat' dir='ltr'><strong><em>nimirum</em></strong></span> <span class='ocrx_word' id='word_1_676' title='bbox 1811 4582 1867 4635; x_wconf 91' lang='lat' dir='ltr'><strong><em>in</em></strong></span> <span class='ocrx_word' id='word_1_677' title='bbox 1908 4581 2080 4635; x_wconf 82' lang='lat' dir='ltr'><strong><em>Evan-</em></strong></span> <span class='ocrx_word' id='word_1_678' title='bbox 2111 4570 2159 4627; x_wconf 81' lang='grc' dir='ltr'><strong><em>Ι)</em></strong></span> <span class='ocrx_word' id='word_1_679' title='bbox 2188 4578 2318 4634; x_wconf 86' lang='lat' dir='ltr'><strong><em>fecit</em></strong></span> <span class='ocrx_word' id='word_1_680' title='bbox 2347 4590 2401 4634; x_wconf 92' lang='lat' dir='ltr'><strong><em>et</em></strong></span> <span class='ocrx_word' id='word_1_681' title='bbox 2425 4579 2645 4635; x_wconf 89' lang='lat' dir='ltr'><strong><em>fratres.</em></strong></span> <span class='ocrx_word' id='word_1_682' title='bbox 2683 4579 2829 4637; x_wconf 86' lang='lat' dir='ltr'><strong><em>Bene</em></strong></span> <span class='ocrx_word' id='word_1_683' title='bbox 2865 4591 3049 4637; x_wconf 87' lang='lat' dir='ltr'><strong><em>autem</em></strong></span> <span class='ocrx_word' id='word_1_684' title='bbox 3084 4590 3238 4652; x_wconf 82' lang='lat' dir='ltr'><strong><em>terga</em></strong></span> <span class='ocrx_word' id='word_1_685' title='bbox 3263 4581 3629 4637; x_wconf 78' lang='lat' dir='ltr'><strong><em>inimicorum</em></strong></span> <span class='ocrx_word' id='word_1_686' title='bbox 3663 4584 3809 4639; x_wconf 65' lang='lat' dir='ltr'><strong><em>caedi</em></strong></span> 
     </span>
    </p>
   </div>
   <div class='ocr_carea' id='block_1_90' title="bbox 493 4665 2081 4741">
    <p class='ocr_par' dir='ltr' id='par_1_90' title="bbox 493 4665 2081 4741">
     <span class='ocr_line' id='line_1_90' title="bbox 493 4665 2081 4741; baseline 0.004 -22"><span class='ocrx_word' id='word_1_687' title='bbox 493 4665 751 4736; x_wconf 82' lang='lat' dir='ltr'><strong><em>gelio,ubi</em></strong></span> <span class='ocrx_word' id='word_1_688' title='bbox 778 4669 1038 4738; x_wconf 89' lang='lat' dir='ltr'><strong><em>scriptum</em></strong></span> <span class='ocrx_word' id='word_1_689' title='bbox 1068 4680 1251 4727; x_wconf 78' lang='lat' dir='ltr'><strong><em>estex</em></strong></span> <span class='ocrx_word' id='word_1_690' title='bbox 1288 4687 1523 4741; x_wconf 86' lang='lat' dir='ltr'><strong><em>persona</em></strong></span> <span class='ocrx_word' id='word_1_691' title='bbox 1565 4674 1660 4729; x_wconf 83' lang='lat' dir='ltr'><strong><em>ﬁlii</em></strong></span> <span class='ocrx_word' id='word_1_692' title='bbox 1705 4674 1946 4731; x_wconf 88' lang='lat' dir='ltr'><strong><em>senioris</em></strong></span> <span class='ocrx_word' id='word_1_693' title='bbox 1994 4673 2081 4726; x_wconf 83' lang='lat' dir='ltr'><strong><em>di-</em></strong></span> 
     </span>
    </p>
   </div>
   <div class='ocr_carea' id='block_1_91' title="bbox 490 4758 2080 4837">
    <p class='ocr_par' dir='ltr' id='par_1_91' title="bbox 490 4758 2080 4837">
     <span class='ocr_line' id='line_1_91' title="bbox 490 4758 2080 4837; baseline 0.004 -26"><span class='ocrx_word' id='word_1_694' title='bbox 490 4758 667 4814; x_wconf 88' lang='lat' dir='ltr'><strong><em>centis</em></strong></span> <span class='ocrx_word' id='word_1_695' title='bbox 700 4759 765 4814; x_wconf 88' lang='lat' dir='ltr'><strong><em>ad</em></strong></span> <span class='ocrx_word' id='word_1_696' title='bbox 803 4771 1009 4829; x_wconf 88' lang='lat' dir='ltr'><strong><em>patrem</em></strong></span> <span class='ocrx_word' id='word_1_697' title='bbox 1034 4762 1079 4794; x_wconf 85' lang='grc'><strong><em>³³</em></strong></span> <span class='ocrx_word' id='word_1_698' title='bbox 1116 4782 1128 4818; x_wconf 91' lang='lat'><strong>:</strong></span> <span class='ocrx_word' id='word_1_699' title='bbox 1162 4763 1279 4835; x_wconf 77' lang='lat' dir='ltr'><strong><em>Ego</em></strong></span> <span class='ocrx_word' id='word_1_700' title='bbox 1300 4782 1507 4837; x_wconf 83' lang='lat' dir='ltr'><strong><em>semper</em></strong></span> <span class='ocrx_word' id='word_1_701' title='bbox 1533 4777 1708 4821; x_wconf 82' lang='lat' dir='ltr'><strong><em>tecum</em></strong></span> <span class='ocrx_word' id='word_1_702' title='bbox 1726 4766 1830 4836; x_wconf 85' lang='lat' dir='ltr'><strong><em>fui,</em></strong></span> <span class='ocrx_word' id='word_1_703' title='bbox 1854 4775 1902 4820; x_wconf 81' lang='lat' dir='ltr'><strong><em>et</em></strong></span> <span class='ocrx_word' id='word_1_704' title='bbox 1931 4781 2080 4818; x_wconf 60' lang='lat' dir='ltr'><strong><em>man.</em></strong></span> 
     </span>
    </p>
   </div>
   <div class='ocr_carea' id='block_1_92' title="bbox 491 4850 2117 4929">
    <p class='ocr_par' dir='ltr' id='par_1_92' title="bbox 491 4850 2117 4929">
     <span class='ocr_line' id='line_1_92' title="bbox 491 4850 2117 4929; baseline 0.004 -26"><span class='ocrx_word' id='word_1_705' title='bbox 491 4850 674 4904; x_wconf 88' lang='lat' dir='ltr'><strong><em>datum</em></strong></span> <span class='ocrx_word' id='word_1_706' title='bbox 704 4860 850 4906; x_wconf 90' lang='lat' dir='ltr'><strong><em>tuum</em></strong></span> <span class='ocrx_word' id='word_1_707' title='bbox 875 4870 1141 4926; x_wconf 88' lang='lat' dir='ltr'><strong><em>nunquam</em></strong></span> <span class='ocrx_word' id='word_1_708' title='bbox 1166 4859 1451 4926; x_wconf 77' lang='lat' dir='ltr'><strong><em>prwterivi,</em></strong></span> <span class='ocrx_word' id='word_1_709' title='bbox 1486 4870 1532 4913; x_wconf 88' lang='lat' dir='ltr'><strong><em>et</em></strong></span> <span class='ocrx_word' id='word_1_710' title='bbox 1568 4875 1834 4929; x_wconf 81' lang='lat' dir='ltr'><strong><em>nunquam</em></strong></span> <span class='ocrx_word' id='word_1_711' title='bbox 1880 4857 2075 4912; x_wconf 80' lang='lat' dir='ltr'><strong><em>dedisti</em></strong></span> <span class='ocrx_word' id='word_1_712' title='bbox 2114 4882 2117 4897; x_wconf 69' lang='grc' dir='ltr'><strong>ε</strong></span> 
     </span>
    </p>
   </div>
   <div class='ocr_carea' id='block_1_93' title="bbox 492 4942 2077 5017">
    <p class='ocr_par' dir='ltr' id='par_1_93' title="bbox 492 4942 2077 5017">
     <span class='ocr_line' id='line_1_93' title="bbox 492 4942 2077 5017; baseline 0.007 -25"><span class='ocrx_word' id='word_1_713' title='bbox 492 4942 621 4994; x_wconf 85' lang='lat' dir='ltr'><strong><em>mihi</em></strong></span> <span class='ocrx_word' id='word_1_714' title='bbox 646 4942 854 4997; x_wconf 72' lang='lat' dir='ltr'><strong><em>haedum</em></strong></span> <span class='ocrx_word' id='word_1_715' title='bbox 885 4956 940 5001; x_wconf 86' lang='lat' dir='ltr'><strong><em>ut</em></strong></span> <span class='ocrx_word' id='word_1_716' title='bbox 965 4962 1085 5001; x_wconf 87' lang='lat' dir='ltr'><strong><em>cum</em></strong></span> <span class='ocrx_word' id='word_1_717' title='bbox 1112 4949 1297 5003; x_wconf 85' lang='lat' dir='ltr'><strong><em>amicis</em></strong></span> <span class='ocrx_word' id='word_1_718' title='bbox 1325 4952 1454 5003; x_wconf 85' lang='lat' dir='ltr'><strong><em>meis</em></strong></span> <span class='ocrx_word' id='word_1_719' title='bbox 1493 4952 1759 5017; x_wconf 80' lang='lat' dir='ltr'><strong><em>epularer.</em></strong></span> <span class='ocrx_word' id='word_1_720' title='bbox 1812 4947 1945 5003; x_wconf 76' lang='lat' dir='ltr'><strong><em>Cum</em></strong></span> <span class='ocrx_word' id='word_1_721' title='bbox 1978 4966 2077 5003; x_wconf 83' lang='lat' dir='ltr'><strong><em>au-</em></strong></span> 
     </span>
    </p>
   </div>
   <div class='ocr_carea' id='block_1_94' title="bbox 491 5035 2083 5111">
    <p class='ocr_par' dir='ltr' id='par_1_94' title="bbox 491 5035 2083 5111">
     <span class='ocr_line' id='line_1_94' title="bbox 491 5035 2083 5111; baseline 0.005 -26"><span class='ocrx_word' id='word_1_722' title='bbox 491 5043 594 5086; x_wconf 89' lang='lat' dir='ltr'><strong><em>tem</em></strong></span> <span class='ocrx_word' id='word_1_723' title='bbox 629 5036 762 5087; x_wconf 69' lang='lat' dir='ltr'><strong><em>venit</em></strong></span> <span class='ocrx_word' id='word_1_724' title='bbox 798 5035 941 5104; x_wconf 85' lang='lat' dir='ltr'><strong><em>ﬁlius</em></strong></span> <span class='ocrx_word' id='word_1_725' title='bbox 967 5046 1090 5093; x_wconf 87' lang='lat' dir='ltr'><strong><em>tuus</em></strong></span> <span class='ocrx_word' id='word_1_726' title='bbox 1117 5039 1203 5093; x_wconf 82' lang='lat' dir='ltr'><strong><em>hic</em></strong></span> <span class='ocrx_word' id='word_1_727' title='bbox 1240 5041 1452 5110; x_wconf 86' lang='lat' dir='ltr'><strong><em>junior,</em></strong></span> <span class='ocrx_word' id='word_1_728' title='bbox 1478 5042 1569 5111; x_wconf 82' lang='lat' dir='ltr'><strong><em>qui</em></strong></span> <span class='ocrx_word' id='word_1_729' title='bbox 1614 5040 1925 5109; x_wconf 78' lang='lat' dir='ltr'><strong><em>dilapidauit</em></strong></span> <span class='ocrx_word' id='word_1_730' title='bbox 1963 5056 2083 5093; x_wconf 74' lang='lat' dir='ltr'><strong><em>omo</em></strong></span> 
     </span>
    </p>
   </div>
   <div class='ocr_carea' id='block_1_95' title="bbox 491 5128 2081 5205">
    <p class='ocr_par' dir='ltr' id='par_1_95' title="bbox 491 5128 2081 5205">
     <span class='ocr_line' id='line_1_95' title="bbox 491 5128 2081 5205; baseline 0.006 -28"><span class='ocrx_word' id='word_1_731' title='bbox 491 5139 611 5179; x_wconf 86' lang='lat' dir='ltr'><strong><em>nem</em></strong></span> <span class='ocrx_word' id='word_1_732' title='bbox 641 5128 992 5183; x_wconf 86' lang='lat' dir='ltr'><strong><em>substantiam</em></strong></span> <span class='ocrx_word' id='word_1_733' title='bbox 1019 5147 1195 5196; x_wconf 87' lang='lat' dir='ltr'><strong><em>suam,</em></strong></span> <span class='ocrx_word' id='word_1_734' title='bbox 1222 5133 1465 5188; x_wconf 85' lang='lat' dir='ltr'><strong><em>occidisti</em></strong></span> <span class='ocrx_word' id='word_1_735' title='bbox 1509 5134 1556 5188; x_wconf 86' lang='lat' dir='ltr'><strong><em>ei</em></strong></span> <span class='ocrx_word' id='word_1_736' title='bbox 1598 5134 1821 5189; x_wconf 71' lang='lat' dir='ltr'><strong><em>vitulum</em></strong></span> <span class='ocrx_word' id='word_1_737' title='bbox 1859 5135 2081 5205; x_wconf 85' lang='lat' dir='ltr'><strong><em>sagina-</em></strong></span> 
     </span>
    </p>
   </div>
   <div class='ocr_carea' id='block_1_96' title="bbox 493 5221 2077 5291">
    <p class='ocr_par' dir='ltr' id='par_1_96' title="bbox 493 5221 2077 5291">
     <span class='ocr_line' id='line_1_96' title="bbox 493 5221 2077 5291; baseline 0.006 -22"><span class='ocrx_word' id='word_1_738' title='bbox 493 5226 628 5276; x_wconf 90' lang='lat' dir='ltr'><strong><em>tum.</em></strong></span> <span class='ocrx_word' id='word_1_739' title='bbox 655 5221 822 5274; x_wconf 90' lang='lat' dir='ltr'><strong><em>Istum</em></strong></span> <span class='ocrx_word' id='word_1_740' title='bbox 852 5236 983 5291; x_wconf 83' lang='lat' dir='ltr'><strong><em>ergo</em></strong></span> <span class='ocrx_word' id='word_1_741' title='bbox 1009 5232 1221 5279; x_wconf 89' lang='lat' dir='ltr'><strong><em>taurum</em></strong></span> <span class='ocrx_word' id='word_1_742' title='bbox 1255 5224 1368 5280; x_wconf 88' lang='lat' dir='ltr'><strong><em>sive</em></strong></span> <span class='ocrx_word' id='word_1_743' title='bbox 1406 5226 1636 5281; x_wconf 87' lang='lat' dir='ltr'><strong><em>vitulum</em></strong></span> <span class='ocrx_word' id='word_1_744' title='bbox 1683 5225 1919 5281; x_wconf 91' lang='lat' dir='ltr'><strong><em>consilio</em></strong></span> <span class='ocrx_word' id='word_1_745' title='bbox 1976 5240 2077 5281; x_wconf 90' lang='lat' dir='ltr'><strong><em>suo</em></strong></span> 
     </span>
    </p>
   </div>
   <div class='ocr_carea' id='block_1_97' title="bbox 495 5306 2076 5387">
    <p class='ocr_par' dir='ltr' id='par_1_97' title="bbox 495 5306 2076 5387">
     <span class='ocr_line' id='line_1_97' title="bbox 495 5306 2076 5387; baseline 0.008 -26"><span class='ocrx_word' id='word_1_746' title='bbox 495 5306 705 5363; x_wconf 68' lang='lat' dir='ltr'><strong><em>Scriba:</em></strong></span> <span class='ocrx_word' id='word_1_747' title='bbox 741 5318 797 5364; x_wconf 88' lang='lat' dir='ltr'><strong><em>et</em></strong></span> <span class='ocrx_word' id='word_1_748' title='bbox 822 5308 1086 5368; x_wconf 67' lang='lat' dir='ltr'><strong><em>Pharisaei</em></strong></span> <span class='ocrx_word' id='word_1_749' title='bbox 1115 5310 1481 5372; x_wconf 76' lang='lat' dir='ltr'><strong><em>subnervasse</em></strong></span> <span class='ocrx_word' id='word_1_750' title='bbox 1505 5316 1803 5383; x_wconf 88' lang='lat' dir='ltr'><strong><em>dicuntur;</em></strong></span> <span class='ocrx_word' id='word_1_751' title='bbox 1842 5332 2076 5387; x_wconf 82' lang='lat' dir='ltr'><strong><em>quorum</em></strong></span> 
     </span>
    </p>
   </div>
   <div class='ocr_carea' id='block_1_98' title="bbox 566 5449 1478 5524">
    <p class='ocr_par' dir='ltr' id='par_1_98' title="bbox 566 5449 1478 5524">
     <span class='ocr_line' id='line_1_98' title="bbox 566 5449 1478 5524; baseline 0.009 -18"><span class='ocrx_word' id='word_1_752' title='bbox 566 5449 614 5483; x_wconf 77' lang='lat'><strong>&quot;</strong></span> <span class='ocrx_word' id='word_1_753' title='bbox 656 5451 858 5524; x_wconf 80' lang='lat' dir='ltr'><strong><em>Cenes.</em></strong></span> <span class='ocrx_word' id='word_1_754' title='bbox 902 5471 1046 5519; x_wconf 63' lang='lat' dir='ltr'><strong><em>XLIX,</em></strong></span> <span class='ocrx_word' id='word_1_755' title='bbox 1106 5455 1161 5521; x_wconf 79' lang='lat'><strong><em>5,</em></strong></span> <span class='ocrx_word' id='word_1_756' title='bbox 1222 5457 1275 5521; x_wconf 90' lang='lat'><strong><em>6,</em></strong></span> <span class='ocrx_word' id='word_1_757' title='bbox 1326 5457 1377 5524; x_wconf 86' lang='lat'><strong><em>7,</em></strong></span> <span class='ocrx_word' id='word_1_758' title='bbox 1426 5460 1478 5514; x_wconf 93' lang='lat'><strong><em>8.</em></strong></span> 
     </span>
    </p>
   </div>
   <div class='ocr_carea' id='block_1_99' title="bbox 489 5523 783 5585">
    <p class='ocr_par' dir='ltr' id='par_1_99' title="bbox 489 5523 783 5585">
     <span class='ocr_line' id='line_1_99' title="bbox 489 5523 783 5585; baseline 0.017 -10"><span class='ocrx_word' id='word_1_759' title='bbox 489 5532 667 5585; x_wconf 78' lang='lat' dir='ltr'><strong><em>nvn,</em></strong></span> <span class='ocrx_word' id='word_1_760' title='bbox 691 5523 783 5580; x_wconf 69' lang='grc'><strong>24.</strong></span> 
     </span>
    </p>
   </div>
   <div class='ocr_carea' id='block_1_100' title="bbox 493 5588 1098 5665">
    <p class='ocr_par' dir='ltr' id='par_1_100' title="bbox 493 5588 1098 5665">
     <span class='ocr_line' id='line_1_100' title="bbox 493 5588 1098 5665; baseline 0.003 -15"><span class='ocrx_word' id='word_1_761' title='bbox 493 5588 549 5646; x_wconf 88' lang='grc'><strong><em>8.</em></strong></span> <span class='ocrx_word' id='word_1_762' title='bbox 626 5594 672 5625; x_wconf 77' lang='grc'><strong><em>³⁸</em></strong></span> <span class='ocrx_word' id='word_1_763' title='bbox 703 5596 847 5651; x_wconf 88' lang='lat' dir='ltr'><strong><em>Psai.</em></strong></span> <span class='ocrx_word' id='word_1_764' title='bbox 885 5613 1000 5665; x_wconf 84' lang='lat' dir='ltr'><strong><em>clx,</em></strong></span> <span class='ocrx_word' id='word_1_765' title='bbox 1042 5598 1098 5652; x_wconf 74' lang='grc'><strong>2.</strong></span> 
     </span>
    </p>
   </div>
   <div class='ocr_carea' id='block_1_101' title="bbox 570 5702 2074 5791">
    <p class='ocr_par' dir='ltr' id='par_1_101' title="bbox 570 5702 2074 5791">
     <span class='ocr_line' id='line_1_101' title="bbox 570 5702 2074 5791; baseline 0.005 -23"><span class='ocrx_word' id='word_1_766' title='bbox 570 5716 682 5785; x_wconf 85' lang='lat' dir='ltr'><strong><em>(l7)</em></strong></span> <span class='ocrx_word' id='word_1_767' title='bbox 706 5706 878 5780; x_wconf 75' lang='lat' dir='ltr'><strong><em>Alias.</em></strong></span> <span class='ocrx_word' id='word_1_768' title='bbox 908 5736 1131 5788; x_wconf 88' lang='lat' dir='ltr'><strong><em>quorum</em></strong></span> <span class='ocrx_word' id='word_1_769' title='bbox 1166 5702 1360 5786; x_wconf 65' lang='lat' dir='ltr'><strong><em>/patria</em></strong></span> <span class='ocrx_word' id='word_1_770' title='bbox 1414 5729 1686 5791; x_wconf 88' lang='lat' dir='ltr'><strong><em>totumque</em></strong></span> <span class='ocrx_word' id='word_1_771' title='bbox 1722 5724 1829 5789; x_wconf 87' lang='lat' dir='ltr'><strong><em>&#39;per</em></strong></span> <span class='ocrx_word' id='word_1_772' title='bbox 1878 5720 2074 5775; x_wconf 86' lang='lat' dir='ltr'><strong><em>orbem.</em></strong></span> 
     </span>
    </p>
   </div>
   <div class='ocr_carea' id='block_1_102' title="bbox 498 5784 1334 5845">
    <p class='ocr_par' dir='ltr' id='par_1_102' title="bbox 498 5784 1334 5845">
     <span class='ocr_line' id='line_1_102' title="bbox 498 5784 1334 5845; baseline 0.006 -6"><span class='ocrx_word' id='word_1_773' title='bbox 498 5784 566 5839; x_wconf 83' lang='lat' dir='ltr'><strong><em>At</em></strong></span> <span class='ocrx_word' id='word_1_774' title='bbox 609 5784 737 5841; x_wconf 85' lang='lat' dir='ltr'><strong><em>mss.</em></strong></span> <span class='ocrx_word' id='word_1_775' title='bbox 772 5800 829 5841; x_wconf 91' lang='lat' dir='ltr'><strong><em>nt</em></strong></span> <span class='ocrx_word' id='word_1_776' title='bbox 857 5784 1131 5845; x_wconf 40' lang='lat' dir='ltr'><strong><em>in&#39;nosm)</em></strong></span> <span class='ocrx_word' id='word_1_777' title='bbox 1163 5784 1334 5845; x_wconf 81' lang='lat' dir='ltr'><strong><em>textu.</em></strong></span> 
     </span>
    </p>
   </div>
   <div class='ocr_carea' id='block_1_103' title="bbox 579 5858 2077 5931">
    <p class='ocr_par' dir='ltr' id='par_1_103' title="bbox 579 5858 2077 5931">
     <span class='ocr_line' id='line_1_103' title="bbox 579 5858 2077 5931; baseline 0.008 -20"><span class='ocrx_word' id='word_1_778' title='bbox 579 5858 690 5927; x_wconf 75' lang='lat'><strong><em>(18)</em></strong></span> <span class='ocrx_word' id='word_1_779' title='bbox 718 5859 885 5911; x_wconf 84' lang='lat' dir='ltr'><strong><em>Iudas</em></strong></span> <span class='ocrx_word' id='word_1_780' title='bbox 939 5862 1210 5916; x_wconf 66' lang='lat' dir='ltr'><strong><em>confessio</em></strong></span> <span class='ocrx_word' id='word_1_781' title='bbox 1259 5862 1637 5931; x_wconf 84' lang='lat' dir='ltr'><strong><em>interpretatur</em></strong></span> <span class='ocrx_word' id='word_1_782' title='bbox 1673 5878 1699 5917; x_wconf 92' lang='lat' dir='ltr'><strong><em>a</em></strong></span> <span class='ocrx_word' id='word_1_783' title='bbox 1765 5863 1940 5915; x_wconf 77' lang='lat' dir='ltr'><strong><em>razlicc</em></strong></span> <span class='ocrx_word' id='word_1_784' title='bbox 1984 5872 2077 5922; x_wconf 61' lang='lat' dir='ltr'><strong><em>m9</em></strong></span> 
     </span>
    </p>
   </div>
   <div class='ocr_carea' id='block_1_104' title="bbox 1176 5594 1671 5665">
    <p class='ocr_par' dir='ltr' id='par_1_104' title="bbox 1176 5594 1671 5665">
     <span class='ocr_line' id='line_1_104' title="bbox 1176 5594 1671 5665; baseline 0.004 -12"><span class='ocrx_word' id='word_1_785' title='bbox 1176 5599 1219 5630; x_wconf 89' lang='grc'><strong><em>³⁷</em></strong></span> <span class='ocrx_word' id='word_1_786' title='bbox 1248 5594 1447 5655; x_wconf 82' lang='lat' dir='ltr'><strong><em>Ierem.</em></strong></span> <span class='ocrx_word' id='word_1_787' title='bbox 1479 5614 1542 5665; x_wconf 90' lang='lat' dir='ltr'><strong><em>n,</em></strong></span> <span class='ocrx_word' id='word_1_788' title='bbox 1580 5600 1671 5655; x_wconf 72' lang='lat'><strong><em>27.</em></strong></span> 
     </span>
    </p>
   </div>
   <div class='ocr_carea' id='block_1_105' title="bbox 1558 5458 2771 5524">
    <p class='ocr_par' dir='ltr' id='par_1_105' title="bbox 1558 5458 2771 5524">
     <span class='ocr_line' id='line_1_105' title="bbox 1558 5458 2771 5524; baseline -0.001 -10"><span class='ocrx_word' id='word_1_789' title='bbox 1558 5460 1601 5489; x_wconf 77' lang='grc'><strong><em>’⁷</em></strong></span> <span class='ocrx_word' id='word_1_790' title='bbox 1629 5458 1825 5514; x_wconf 88' lang='lat' dir='ltr'><strong><em>Genes.</em></strong></span> <span class='ocrx_word' id='word_1_791' title='bbox 1854 5474 2042 5524; x_wconf 77' lang='lat' dir='ltr'><strong><em>xxxiv,</em></strong></span> <span class='ocrx_word' id='word_1_792' title='bbox 2071 5460 2160 5515; x_wconf 84' lang='lat'><strong><em>&#39;50.</em></strong></span> <span class='ocrx_word' id='word_1_793' title='bbox 2236 5460 2282 5491; x_wconf 81' lang='lat'><strong><em>”&#39;</em></strong></span> <span class='ocrx_word' id='word_1_794' title='bbox 2311 5458 2500 5515; x_wconf 83' lang='lat' dir='ltr'><strong><em>Matth.</em></strong></span> <span class='ocrx_word' id='word_1_795' title='bbox 2536 5476 2686 5523; x_wconf 77' lang='lat' dir='ltr'><strong><em>xxvr,</em></strong></span> <span class='ocrx_word' id='word_1_796' title='bbox 2717 5460 2771 5514; x_wconf 73' lang='grc'><strong><em>4.</em></strong></span> 
     </span>
    </p>
   </div>
   <div class='ocr_carea' id='block_1_106' title="bbox 861 5526 3239 5600">
    <p class='ocr_par' dir='ltr' id='par_1_106' title="bbox 861 5526 3239 5600">
     <span class='ocr_line' id='line_1_106' title="bbox 861 5526 3239 5600; baseline 0.003 -21"><span class='ocrx_word' id='word_1_797' title='bbox 861 5527 904 5558; x_wconf 79' lang='grc'><strong><em>³⁸</em></strong></span> <span class='ocrx_word' id='word_1_798' title='bbox 932 5526 1117 5600; x_wconf 76' lang='lat' dir='ltr'><strong><em>Matth.</em></strong></span> <span class='ocrx_word' id='word_1_799' title='bbox 1147 5543 1302 5600; x_wconf 55' lang='lat' dir='ltr'><strong><em>sunt.</em></strong></span> <span class='ocrx_word' id='word_1_800' title='bbox 1330 5529 1421 5583; x_wconf 73' lang='lat'><strong><em>55’.</em></strong></span> <span class='ocrx_word' id='word_1_801' title='bbox 1496 5528 1539 5560; x_wconf 82' lang='grc'>³³</span> <span class='ocrx_word' id='word_1_802' title='bbox 1565 5528 1752 5582; x_wconf 71' lang='lat' dir='ltr'><strong><em>Matth.</em></strong></span> <span class='ocrx_word' id='word_1_803' title='bbox 1779 5544 1952 5600; x_wconf 81' lang='lat' dir='ltr'><strong><em>_xxvn,</em></strong></span> <span class='ocrx_word' id='word_1_804' title='bbox 1979 5530 2070 5583; x_wconf 72' lang='lat'><strong><em>‘25.</em></strong></span> <span class='ocrx_word' id='word_1_805' title='bbox 2128 5530 2198 5561; x_wconf 80' lang='grc'><strong><em>’³³</em></strong></span> <span class='ocrx_word' id='word_1_806' title='bbox 2232 5528 2360 5587; x_wconf 82' lang='lat' dir='ltr'><strong><em>Luc.</em></strong></span> <span class='ocrx_word' id='word_1_807' title='bbox 2380 5547 2470 5597; x_wconf 74' lang='lat' dir='ltr'><strong><em>XV,</em></strong></span> <span class='ocrx_word' id='word_1_808' title='bbox 2504 5533 2591 5600; x_wconf 73' lang='lat'><strong><em>29,</em></strong></span> <span class='ocrx_word' id='word_1_809' title='bbox 2619 5530 2709 5586; x_wconf 78' lang='lat' dir='ltr'><strong><em>3t).</em></strong></span> <span class='ocrx_word' id='word_1_810' title='bbox 2784 5532 2830 5563; x_wconf 69' lang='lat'><strong>“</strong></span> <span class='ocrx_word' id='word_1_811' title='bbox 2860 5530 2993 5587; x_wconf 81' lang='lat' dir='ltr'><strong><em>an.</em></strong></span> <span class='ocrx_word' id='word_1_812' title='bbox 3016 5547 3116 5596; x_wconf 79' lang='lat' dir='ltr'><strong><em>xu,</em></strong></span> <span class='ocrx_word' id='word_1_813' title='bbox 3150 5530 3180 5585; x_wconf 70' lang='grc'>4</span> <span class='ocrx_word' id='word_1_814' title='bbox 3200 5538 3239 5586; x_wconf 75' lang='lat' dir='ltr'><strong><em>i.</em></strong></span> 
     </span>
    </p>
   </div>
   <div class='ocr_carea' id='block_1_107' title="bbox 1747 5598 2277 5661">
    <p class='ocr_par' dir='ltr' id='par_1_107' title="bbox 1747 5598 2277 5661">
     <span class='ocr_line' id='line_1_107' title="bbox 1747 5598 2277 5661; baseline 0 -5"><span class='ocrx_word' id='word_1_815' title='bbox 1747 5598 1792 5630; x_wconf 78' lang='grc'><em>³³</em></span> <span class='ocrx_word' id='word_1_816' title='bbox 1820 5600 2017 5656; x_wconf 81' lang='lat' dir='ltr'><strong><em>Cenes.</em></strong></span> <span class='ocrx_word' id='word_1_817' title='bbox 2050 5618 2194 5661; x_wconf 65' lang='grc' dir='ltr'><strong><em>ηις,</em></strong></span> <span class='ocrx_word' id='word_1_818' title='bbox 2225 5606 2277 5656; x_wconf 84' lang='grc'><strong>8.</strong></span> 
     </span>
    </p>
   </div>
   <div class='ocr_carea' id='block_1_108' title="bbox 2189 4658 3809 4744">
    <p class='ocr_par' dir='ltr' id='par_1_108' title="bbox 2189 4658 3809 4744">
     <span class='ocr_line' id='line_1_108' title="bbox 2189 4658 3809 4744; baseline 0.004 -20"><span class='ocrx_word' id='word_1_819' title='bbox 2189 4672 2327 4726; x_wconf 85' lang='lat' dir='ltr'><strong><em>dixit</em></strong></span> <span class='ocrx_word' id='word_1_820' title='bbox 2352 4685 2383 4726; x_wconf 87' lang='lat' dir='ltr'><strong><em>a</em></strong></span> <span class='ocrx_word' id='word_1_821' title='bbox 2410 4672 2652 4728; x_wconf 85' lang='lat' dir='ltr'><strong><em>Christo.</em></strong></span> <span class='ocrx_word' id='word_1_822' title='bbox 2687 4673 2893 4729; x_wconf 81' lang='lat' dir='ltr'><strong><em>Omnes</em></strong></span> <span class='ocrx_word' id='word_1_823' title='bbox 2924 4666 3072 4729; x_wconf 90' lang='lat' dir='ltr'><strong><em>enim</em></strong></span> <span class='ocrx_word' id='word_1_824' title='bbox 3114 4674 3208 4744; x_wconf 89' lang='lat' dir='ltr'><strong><em>qui</em></strong></span> <span class='ocrx_word' id='word_1_825' title='bbox 3262 4673 3578 4729; x_wconf 83' lang='lat' dir='ltr'><strong><em>adorabanl</em></strong></span> <span class='ocrx_word' id='word_1_826' title='bbox 3614 4658 3809 4739; x_wconf 71' lang='lat' dir='ltr'><strong><em>tuor...</em></strong></span> 
     </span>
    </p>
   </div>
   <div class='ocr_carea' id='block_1_109' title="bbox 2192 4764 3813 4837">
    <p class='ocr_par' dir='ltr' id='par_1_109' title="bbox 2192 4764 3813 4837">
     <span class='ocr_line' id='line_1_109' title="bbox 2192 4764 3813 4837; baseline 0.004 -20"><span class='ocrx_word' id='word_1_827' title='bbox 2192 4775 2340 4834; x_wconf 87' lang='lat' dir='ltr'><strong><em>terga</em></strong></span> <span class='ocrx_word' id='word_1_828' title='bbox 2376 4764 2581 4819; x_wconf 86' lang='lat' dir='ltr'><strong><em>dabant</em></strong></span> <span class='ocrx_word' id='word_1_829' title='bbox 2606 4765 2715 4820; x_wconf 84' lang='lat' dir='ltr'><strong><em>Deo</em></strong></span> <span class='ocrx_word' id='word_1_830' title='bbox 2741 4780 2753 4819; x_wconf 88' lang='lat'><strong>:</strong></span> <span class='ocrx_word' id='word_1_831' title='bbox 2780 4769 2923 4821; x_wconf 87' lang='lat' dir='ltr'><strong><em>sicut</em></strong></span> <span class='ocrx_word' id='word_1_832' title='bbox 2955 4777 3010 4821; x_wconf 91' lang='lat' dir='ltr'><strong><em>et</em></strong></span> <span class='ocrx_word' id='word_1_833' title='bbox 3031 4774 3129 4837; x_wconf 86' lang='lat' dir='ltr'><strong><em>per</em></strong></span> <span class='ocrx_word' id='word_1_834' title='bbox 3159 4766 3475 4837; x_wconf 86' lang='lat' dir='ltr'><strong><em>prophetam</em></strong></span> <span class='ocrx_word' id='word_1_835' title='bbox 3506 4766 3813 4825; x_wconf 84' lang='lat' dir='ltr'><strong><em>Dominus</em></strong></span> 
     </span>
    </p>
   </div>
   <div class='ocr_carea' id='block_1_110' title="bbox 2184 4856 3813 4924">
    <p class='ocr_par' dir='ltr' id='par_1_110' title="bbox 2184 4856 3813 4924">
     <span class='ocr_line' id='line_1_110' title="bbox 2184 4856 3813 4924; baseline 0.003 -15"><span class='ocrx_word' id='word_1_836' title='bbox 2184 4856 2481 4924; x_wconf 78' lang='lat' dir='ltr'><strong><em>exprobrat</em></strong></span> <span class='ocrx_word' id='word_1_837' title='bbox 2511 4856 2697 4911; x_wconf 89' lang='lat' dir='ltr'><strong><em>dicens</em></strong></span> <span class='ocrx_word' id='word_1_838' title='bbox 2727 4856 2771 4888; x_wconf 86' lang='grc'><strong><em>³⁷</em></strong></span> <span class='ocrx_word' id='word_1_839' title='bbox 2805 4872 2817 4910; x_wconf 88' lang='lat'><strong>:</strong></span> <span class='ocrx_word' id='word_1_840' title='bbox 2852 4856 2957 4922; x_wconf 83' lang='lat' dir='ltr'><strong><em>Qui</em></strong></span> <span class='ocrx_word' id='word_1_841' title='bbox 2994 4860 3357 4911; x_wconf 80' lang='lat' dir='ltr'><strong><em>converterunt</em></strong></span> <span class='ocrx_word' id='word_1_842' title='bbox 3400 4857 3471 4910; x_wconf 80' lang='lat' dir='ltr'><strong><em>ad</em></strong></span> <span class='ocrx_word' id='word_1_843' title='bbox 3497 4873 3586 4912; x_wconf 83' lang='lat' dir='ltr'><strong><em>me</em></strong></span> <span class='ocrx_word' id='word_1_844' title='bbox 3630 4862 3813 4914; x_wconf 79' lang='lat' dir='ltr'><strong><em>dorsa</em></strong></span> 
     </span>
    </p>
   </div>
   <div class='ocr_carea' id='block_1_111' title="bbox 2182 4946 3809 5020">
    <p class='ocr_par' dir='ltr' id='par_1_111' title="bbox 2182 4946 3809 5020">
     <span class='ocr_line' id='line_1_111' title="bbox 2182 4946 3809 5020; baseline 0.004 -21"><span class='ocrx_word' id='word_1_845' title='bbox 2182 4962 2279 4999; x_wconf 84' lang='lat' dir='ltr'><strong><em>sua</em></strong></span> <span class='ocrx_word' id='word_1_846' title='bbox 2308 4958 2361 5001; x_wconf 90' lang='lat' dir='ltr'><strong><em>et</em></strong></span> <span class='ocrx_word' id='word_1_847' title='bbox 2386 4963 2491 5001; x_wconf 89' lang='lat' dir='ltr'><strong><em>non</em></strong></span> <span class='ocrx_word' id='word_1_848' title='bbox 2526 4947 2737 5017; x_wconf 83' lang='lat' dir='ltr'><strong><em>faciem.</em></strong></span> <span class='ocrx_word' id='word_1_849' title='bbox 2772 4946 2899 5003; x_wconf 66' lang='lat' dir='ltr'><strong><em>Haec</em></strong></span> <span class='ocrx_word' id='word_1_850' title='bbox 2936 4962 3070 5020; x_wconf 85' lang='lat' dir='ltr'><strong><em>ergo</em></strong></span> <span class='ocrx_word' id='word_1_851' title='bbox 3101 4950 3261 5005; x_wconf 86' lang='lat' dir='ltr'><strong><em>dorsa</em></strong></span> <span class='ocrx_word' id='word_1_852' title='bbox 3304 4950 3481 5013; x_wconf 66' lang='lat' dir='ltr'><strong><em>ctedit,</em></strong></span> <span class='ocrx_word' id='word_1_853' title='bbox 3529 4958 3597 5004; x_wconf 85' lang='lat' dir='ltr'><strong><em>nt</em></strong></span> <span class='ocrx_word' id='word_1_854' title='bbox 3654 4968 3809 5008; x_wconf 69' lang='lat' dir='ltr'><strong><em>con-</em></strong></span> 
     </span>
    </p>
   </div>
   <div class='ocr_carea' id='block_1_112' title="bbox 2186 5038 3809 5117">
    <p class='ocr_par' dir='ltr' id='par_1_112' title="bbox 2186 5038 3809 5117">
     <span class='ocr_line' id='line_1_112' title="bbox 2186 5038 3809 5117; baseline 0.006 -25"><span class='ocrx_word' id='word_1_855' title='bbox 2186 5042 2330 5095; x_wconf 89' lang='lat' dir='ltr'><strong><em>versi</em></strong></span> <span class='ocrx_word' id='word_1_856' title='bbox 2368 5040 2663 5111; x_wconf 86' lang='lat' dir='ltr'><strong><em>aliquando</em></strong></span> <span class='ocrx_word' id='word_1_857' title='bbox 2684 5051 2833 5113; x_wconf 87' lang='lat' dir='ltr'><strong><em>terga</em></strong></span> <span class='ocrx_word' id='word_1_858' title='bbox 2863 5038 3203 5107; x_wconf 78' lang='lat' dir='ltr'><strong><em>deutidolis‘,</em></strong></span> <span class='ocrx_word' id='word_1_859' title='bbox 3237 5054 3289 5097; x_wconf 87' lang='lat' dir='ltr'><strong><em>ct</em></strong></span> <span class='ocrx_word' id='word_1_860' title='bbox 3334 5042 3530 5098; x_wconf 82' lang='lat' dir='ltr'><strong><em>faciem</em></strong></span> <span class='ocrx_word' id='word_1_861' title='bbox 3554 5058 3809 5117; x_wconf 75' lang='lat' dir='ltr'><strong><em>erigant</em></strong></span> 
     </span>
    </p>
   </div>
   <div class='ocr_carea' id='block_1_113' title="bbox 2189 5122 3813 5205">
    <p class='ocr_par' dir='ltr' id='par_1_113' title="bbox 2189 5122 3813 5205">
     <span class='ocr_line' id='line_1_113' title="bbox 2189 5122 3813 5205; baseline 0.004 -19"><span class='ocrx_word' id='word_1_862' title='bbox 2189 5135 2257 5187; x_wconf 91' lang='lat' dir='ltr'><strong><em>ad</em></strong></span> <span class='ocrx_word' id='word_1_863' title='bbox 2290 5135 2478 5199; x_wconf 89' lang='lat' dir='ltr'><strong><em>Deum,</em></strong></span> <span class='ocrx_word' id='word_1_864' title='bbox 2526 5142 2579 5189; x_wconf 86' lang='lat' dir='ltr'><strong><em>et</em></strong></span> <span class='ocrx_word' id='word_1_865' title='bbox 2615 5135 2825 5189; x_wconf 88' lang='lat' dir='ltr'><strong><em>faciant</em></strong></span> <span class='ocrx_word' id='word_1_866' title='bbox 2883 5135 2987 5188; x_wconf 92' lang='lat' dir='ltr'><strong><em>hoc</em></strong></span> <span class='ocrx_word' id='word_1_867' title='bbox 3016 5138 3158 5204; x_wconf 88' lang='lat' dir='ltr'><strong><em>quod</em></strong></span> <span class='ocrx_word' id='word_1_868' title='bbox 3210 5137 3261 5189; x_wconf 89' lang='lat' dir='ltr'><strong><em>in</em></strong></span> <span class='ocrx_word' id='word_1_869' title='bbox 3307 5122 3813 5205; x_wconf 79' lang='lat' dir='ltr'><strong><em>consequentibus</em></strong></span> 
     </span>
    </p>
   </div>
   <div class='ocr_carea' id='block_1_114' title="bbox 2188 5226 3811 5296">
    <p class='ocr_par' dir='ltr' id='par_1_114' title="bbox 2188 5226 3811 5296">
     <span class='ocr_line' id='line_1_114' title="bbox 2188 5226 3811 5296; baseline 0.004 -15"><span class='ocrx_word' id='word_1_870' title='bbox 2188 5226 2454 5295; x_wconf 79' lang='lat' dir='ltr'><strong><em>scriptum</em></strong></span> <span class='ocrx_word' id='word_1_871' title='bbox 2485 5237 2569 5283; x_wconf 88' lang='lat' dir='ltr'><strong><em>est</em></strong></span> <span class='ocrx_word' id='word_1_872' title='bbox 2608 5227 2654 5258; x_wconf 78' lang='lat'><strong>&quot;</strong></span> <span class='ocrx_word' id='word_1_873' title='bbox 2686 5244 2698 5280; x_wconf 91' lang='lat'><strong>:</strong></span> <span class='ocrx_word' id='word_1_874' title='bbox 2731 5227 2797 5281; x_wconf 86' lang='lat' dir='ltr'><strong><em>Et</em></strong></span> <span class='ocrx_word' id='word_1_875' title='bbox 2825 5230 3047 5283; x_wconf 87' lang='lat' dir='ltr'><strong><em>adorent</em></strong></span> <span class='ocrx_word' id='word_1_876' title='bbox 3079 5237 3126 5282; x_wconf 87' lang='lat' dir='ltr'><strong><em>te</em></strong></span> <span class='ocrx_word' id='word_1_877' title='bbox 3148 5228 3249 5295; x_wconf 88' lang='lat' dir='ltr'><strong><em>ﬁlii</em></strong></span> <span class='ocrx_word' id='word_1_878' title='bbox 3276 5230 3443 5296; x_wconf 77' lang='lat' dir='ltr'><strong><em>patris</em></strong></span> <span class='ocrx_word' id='word_1_879' title='bbox 3485 5229 3590 5281; x_wconf 86' lang='lat' dir='ltr'><strong><em>tui.</em></strong></span> <span class='ocrx_word' id='word_1_880' title='bbox 3638 5229 3811 5287; x_wconf 79' lang='lat' dir='ltr'><strong><em>Tunc</em></strong></span> 
     </span>
    </p>
   </div>
   <div class='ocr_carea' id='block_1_115' title="bbox 2184 5316 3807 5390">
    <p class='ocr_par' dir='ltr' id='par_1_115' title="bbox 2184 5316 3807 5390">
     <span class='ocr_line' id='line_1_115' title="bbox 2184 5316 3807 5390; baseline 0.002 -19"><span class='ocrx_word' id='word_1_881' title='bbox 2184 5318 2330 5371; x_wconf 91' lang='lat' dir='ltr'><strong><em>enim</em></strong></span> <span class='ocrx_word' id='word_1_882' title='bbox 2353 5332 2475 5373; x_wconf 89' lang='lat' dir='ltr'><strong><em>eum</em></strong></span> <span class='ocrx_word' id='word_1_883' title='bbox 2509 5319 2762 5384; x_wconf 85' lang='lat' dir='ltr'><strong><em>adorant,</em></strong></span> <span class='ocrx_word' id='word_1_884' title='bbox 2802 5336 2925 5374; x_wconf 88' lang='lat' dir='ltr'><strong><em>cum</em></strong></span> <span class='ocrx_word' id='word_1_885' title='bbox 2977 5320 3069 5374; x_wconf 77' lang='lat' dir='ltr'><strong><em>ﬁlii</em></strong></span> <span class='ocrx_word' id='word_1_886' title='bbox 3105 5316 3284 5375; x_wconf 83' lang='lat' dir='ltr'><strong><em>Patris</em></strong></span> <span class='ocrx_word' id='word_1_887' title='bbox 3326 5320 3530 5374; x_wconf 87' lang='lat' dir='ltr'><strong><em>fuerint</em></strong></span> <span class='ocrx_word' id='word_1_888' title='bbox 3561 5321 3807 5390; x_wconf 77' lang='lat' dir='ltr'><strong><em>effecti,</em></strong></span> 
     </span>
    </p>
   </div>
   <div class='ocr_carea' id='block_1_116' title="bbox 3496 5460 3806 5517">
    <p class='ocr_par' dir='ltr' id='par_1_116' title="bbox 3496 5460 3806 5517">
     <span class='ocr_line' id='line_1_116' title="bbox 3496 5460 3806 5517; baseline 0 0"><span class='ocrx_word' id='word_1_889' title='bbox 3496 5461 3553 5517; x_wconf 79' lang='grc'><strong><em>,³⁸</em></strong></span> <span class='ocrx_word' id='word_1_890' title='bbox 3578 5460 3806 5517; x_wconf 64' lang='lat' dir='ltr'><strong><em>Matth.</em></strong></span> 
     </span>
    </p>
   </div>
   <div class='ocr_carea' id='block_1_117' title="bbox 3316 5528 3796 5599">
    <p class='ocr_par' dir='ltr' id='par_1_117' title="bbox 3316 5528 3796 5599">
     <span class='ocr_line' id='line_1_117' title="bbox 3316 5528 3796 5599; baseline 0.006 -15"><span class='ocrx_word' id='word_1_891' title='bbox 3316 5529 3359 5561; x_wconf 83' lang='grc'><strong><em>³⁸</em></strong></span> <span class='ocrx_word' id='word_1_892' title='bbox 3382 5528 3580 5587; x_wconf 81' lang='lat' dir='ltr'><strong><em>Genes.</em></strong></span> <span class='ocrx_word' id='word_1_893' title='bbox 3618 5548 3796 5599; x_wconf 66' lang='grc' dir='ltr'><strong><em>χιιι,</em></strong></span> 
     </span>
    </p>
   </div>
   <div class='ocr_carea' id='block_1_118' title="bbox 2853 5457 3401 5526">
    <p class='ocr_par' dir='ltr' id='par_1_118' title="bbox 2853 5457 3401 5526">
     <span class='ocr_line' id='line_1_118' title="bbox 2853 5457 3401 5526; baseline -0.011 -9"><span class='ocrx_word' id='word_1_894' title='bbox 2853 5462 2901 5492; x_wconf 79' lang='grc'><strong><em>²⁹</em></strong></span> <span class='ocrx_word' id='word_1_895' title='bbox 2929 5460 3126 5516; x_wconf 78' lang='lat' dir='ltr'><strong><em>Cenes.</em></strong></span> <span class='ocrx_word' id='word_1_896' title='bbox 3170 5474 3318 5526; x_wconf 77' lang='lat' dir='ltr'><strong><em>xm,</em></strong></span> <span class='ocrx_word' id='word_1_897' title='bbox 3347 5457 3401 5512; x_wconf 86' lang='lat'><strong><em>6.</em></strong></span> 
     </span>
    </p>
   </div>
   <div class='ocr_carea' id='block_1_119' title="bbox 2191 5718 3805 5793">
    <p class='ocr_par' dir='ltr' id='par_1_119' title="bbox 2191 5718 3805 5793">
     <span class='ocr_line' id='line_1_119' title="bbox 2191 5718 3805 5793; baseline 0.002 -20"><span class='ocrx_word' id='word_1_898' title='bbox 2191 5739 2308 5789; x_wconf 71' lang='lat' dir='ltr'><strong><em>qua}</em></strong></span> <span class='ocrx_word' id='word_1_899' title='bbox 2351 5724 2400 5776; x_wconf 91' lang='lat' dir='ltr'><strong><em>iu</em></strong></span> <span class='ocrx_word' id='word_1_900' title='bbox 2442 5723 2625 5793; x_wconf 75' lang='lat' dir='ltr'><strong><em>&quot;ip/ti!</em></strong></span> <span class='ocrx_word' id='word_1_901' title='bbox 2661 5732 2818 5777; x_wconf 87' lang='lat' dir='ltr'><strong><em>sonat</em></strong></span> <span class='ocrx_word' id='word_1_902' title='bbox 2864 5721 3122 5793; x_wconf 79' lang='lat' dir='ltr'><strong><em>conﬁteri.</em></strong></span> <span class='ocrx_word' id='word_1_903' title='bbox 3173 5719 3315 5793; x_wconf 72' lang='lat' dir='ltr'><strong><em>Infra</em></strong></span> <span class='ocrx_word' id='word_1_904' title='bbox 3356 5718 3805 5793; x_wconf 70' lang='lat' dir='ltr'><strong><em>editi,Regr:urta</em></strong></span> 
     </span>
    </p>
   </div>
   <div class='ocr_carea' id='block_1_120' title="bbox 2188 5790 3630 5864">
    <p class='ocr_par' dir='ltr' id='par_1_120' title="bbox 2188 5790 3630 5864">
     <span class='ocr_line' id='line_1_120' title="bbox 2188 5790 3630 5864; baseline -0.001 -17"><span class='ocrx_word' id='word_1_905' title='bbox 2188 5797 2352 5864; x_wconf 70' lang='lat' dir='ltr'><strong><em>gentis</em></strong></span> <span class='ocrx_word' id='word_1_906' title='bbox 2385 5790 2529 5848; x_wconf 82' lang='lat' dir='ltr'><strong><em>illius</em></strong></span> <span class='ocrx_word' id='word_1_907' title='bbox 2561 5797 2941 5849; x_wconf 82' lang='lat' dir='ltr'><strong><em>ministrantes.</em></strong></span> <span class='ocrx_word' id='word_1_908' title='bbox 2978 5792 3132 5858; x_wconf 57' lang='lat' dir='ltr'><strong><em>Mss,</em></strong></span> <span class='ocrx_word' id='word_1_909' title='bbox 3167 5790 3630 5845; x_wconf 80' lang='lat' dir='ltr'><strong><em>adntinistrantes.</em></strong></span> 
     </span>
    </p>
   </div>
  </div>
