3902 6510
101 372 205 428 ,5.

1311 375 1375 430 lN
1417 372 1715 430 GENESIM
1752 371 2036 428 llOMlldA
2072 371 2234 426 XVII.

3242 376 3350 437 258

106 501 158 543 et
186 488 449 560 Spiritum
485 487 788 558 adoptionis
816 492 1148 562 acceperint,
1179 492 1232 550 in
1263 510 1373 566 quo
1395 495 1671 550 clament:
1701 496 1748 554 Α
1776 493 2100 548 ostenditur.
2139 490 2246 548 Sed
2278 491 2556 547 videamus
2602 507 2771 561 qua-re
2803 503 2859 549 ut
2899 492 2983 550 leo
3009 503 3063 548 et
3095 500 3161 554 ut
3193 507 3350 552 catu-

103 580 246 635 Abba
290 588 439 648 pater
476 579 540 632 ³⁹.
571 577 740 633 Nemo
778 580 925 634 enim
958 581 1108 636 dicit
1159 583 1443 640 Dominum
1490 585 1671 641 Iesum

102 673 206 728 nisi
236 673 304 736 in,
329 671 536 740 Spiritu
576 680 758 724 sancto
790 671 864 726 ⁸⁸.
910 671 1018 729 Iste
1050 688 1233 732 sermo
1274 678 1435 746 paulo
1488 678 1676 734 durius

104 765 338 822 refertur
363 765 430 818 ad
459 761 678 827 Judam,
709 764 813 818 nisi
849 765 1078 822 abusive
1124 767 1374 824 dicamus
1417 771 1675 826 adoratas

103 872 222 914 esse
251 857 406 927 quasi
443 869 598 926 reges
630 871 658 910 a
713 857 971 912 fratribus
1007 859 1141 924 suis,
1179 863 1230 915 id
1276 871 1359 918 est
1461 865 1674 919 caeteris

103 949 518 1014 contribulibus,
544 948 686 1005 ﬁlios
709 947 870 1003 Jnda.

171 1041 224 1096 5.
259 1041 480 1096 Catulus
509 1042 674 1096 leonis
702 1040 872 1106 Juda,
902 1042 970 1097 de
997 1045 1232 1114 germine
1251 1045 1366 1114 ejus
1391 1047 1626 1102 ascendit
1653 1065 1672 1102 :

103 1136 357 1188 recubans
389 1131 633 1186 domisti
669 1133 805 1186 sicut
841 1132 945 1199 leo,
977 1145 1026 1187 et
1053 1137 1190 1190 sicut
1245 1139 1452 1194 catulus
1482 1139 1670 1197 leonis.

104 1226 240 1292 Quis
263 1226 535 1281 suscitabit
571 1241 691 1279 eum
737 1225 817 1280 “l
863 1224 918 1280 In
971 1225 1053 1282 his
1093 1229 1377 1285 versiculis
1413 1246 1522 1286 non
1559 1231 1672 1299 jam

101 1319 503 1383 concludimur,
539 1318 633 1374 sed
663 1332 806 1386 pene
845 1319 1188 1375 excludimur
1219 1339 1232 1374 :
1266 1337 1391 1375 nam
1433 1323 1671 1378 catulum

101 1411 275 1466 leonis
300 1412 345 1467 si
375 1425 639 1481 ponamus
661 1410 856 1466 ludam
880 1412 988 1468 dici
1017 1427 1177 1481 posse
1203 1428 1303 1482 pro
1326 1414 1528 1470 virtute
1555 1415 1671 1470 ιρι-

97 1509 266 1570 landi,
299 1508 577 1576 quomodo
604 1508 900 1576 exponitur
918 1507 1062 1576 quod
1099 1507 1166 1562 de
1187 1509 1430 1577 germine
1457 1508 1574 1577 ejus
1600 1510 1675 1564 tli-

99 1601 250 1655 citur
281 1599 628 1657 ascendisse?
649 1597 882 1654 Germen
905 1607 1090 1656 autem
1120 1599 1207 1654 hic
1245 1600 1295 1654 in
1335 1600 1523 1656 Grmco
1549 1599 1674 1670 βλαο

97 1692 228 1754 πός
255 1691 458 1745 dicitur
484 1689 622 1758 (l9),
663 1687 805 1756 quod
833 1690 1007 1761 magis
1040 1689 1330 1760 virgultum
1365 1690 1447 1745 vel
1493 1706 1673 1744 ramus

93 1786 304 1849 rectius
361 1785 772 1852 interpretatur,
816 1784 907 1854 qui
950 1783 1018 1839 de
1069 1783 1261 1838 radice
1309 1783 1670 1855 repullulare,

89 1877 177 1930 vel
211 1879 276 1932 de
313 1879 432 1946 ipso
462 1877 660 1930 robore
697 1878 908 1931 arboris
933 1877 1092 1932 solet.
1126 1875 1207 1931 Ex
1255 1891 1363 1946 quo
1395 1891 1526 1948 ergo
1561 1879 1674 1932 vir-

90 1968 264 2039 gulto,
294 1967 379 2022 vel
410 1983 476 2022 ex
501 1983 610 2037 quo
667 1983 815 2023 ramo
863 1967 1029 2024 ludas
1067 1969 1378 2024 ascendisse
1421 1969 1672 2024 dicitur?

91 2060 177 2115 vel
201 2059 473 2130 quomodo
500 2062 825 2116 recumbens
850 2061 1121 2117 dormisse
1148 2069 1211 2115 ιιι
1241 2060 1324 2116 leo
1357 2070 1408 2117 et
1439 2071 1498 2116 ut
1525 2072 1674 2118 catu-

90 2153 176 2208 lus
208 2153 402 2215 leonis,
428 2153 502 2206 ita
535 2161 593 2206 ut
621 2163 900 2224 quaaratur
922 2157 1045 2224 quis
1082 2168 1206 2208 eum
1244 2155 1503 2210 suscitet?
1552 2155 1669 2212 Nisi

89 2244 235 2300 forte
282 2243 480 2314 aliquis
530 2245 638 2299 vim
689 2245 896 2302 faciens
948 2246 1080 2302 velit
1143 2247 1215 2300 ita
1247 2259 1567 2303 asseverare
1598 2263 1666 2304 ex

89 2339 337 2406 germine
384 2337 990 2408 processisseuludam,
1045 2338 1099 2394 id
1147 2349 1256 2404 est,
1306 2346 1368 2394 ut
1420 2341 1670 2408 superius

89 2431 351 2496 diximus,
396 2431 482 2487 vel
524 2447 589 2487 ex
623 2432 889 2502 virgulto,
932 2431 1015 2486 vel
1044 2446 1110 2486 ex
1157 2447 1351 2498 ramo;
1406 2433 1550 2502 quod
1604 2434 1671 2488 de

89 2519 208 2589 ipsa
227 2520 416 2590 patris
443 2519 762 2576 fortitudine
787 2530 842 2575 et
871 2522 1072 2575 virtute
1098 2518 1390 2590 signiticet,
1423 2519 1512 2588 qui
1553 2520 1668 2573 vir-

91 2614 227 2668 tutis
255 2615 594 2670 eorundemia
649 2615 890 2676 recubet,
938 2621 992 2669 et
1026 2611 1337 2682 requiescat
1368 2621 1430 2667 ut
1473 2612 1560 2667 leo
1613 2621 1669 2668 et

86 2715 144 2758 ιιι
171 2708 394 2762 catulus
416 2706 614 2772 leonis,
649 2721 747 2762 nec
779 2719 903 2762 eum
928 2713 1097 2761 ausus
1143 2703 1345 2774 aliquis
1384 2711 1455 2758 sit
1487 2705 1669 2760 susci-

87 2807 228 2864 tare,
257 2799 388 2852 dum
417 2813 516 2867 pro
543 2797 920 2869 magnitudine
940 2796 1150 2851 virium
1182 2806 1238 2851 et
1260 2797 1505 2866 potentia
1549 2795 1670 2851 bel-

85 2891 330 2947 latorum
378 2892 820 2969 suscitare'eum
861 2889 1042 2945 nullos
1098 2891 1297 2945 audeat
1353 2890 1420 2945 ad
1457 2889 1664 2961 praelia.

85 2981 189 3038 Sed
215 2981 393 3035 tnulto
424 2981 837 3038 convenientius
865 2981 1142 3050 aptabitur
1165 2981 1292 3036 huic
1329 2979 1450 3037 loco
1481 2981 1675 3052 mysti-

83 3089 142 3127 ca
169 3074 472 3141 expositio,
526 3074 686 3146 108
727 3075 780 3129 in
812 3089 918 3144 qua
949 3074 1158 3129 catulus
1197 3072 1371 3129 leonis
1415 3071 1667 3130 Christus

1778 583 1860 640 lus
1891 584 2064 640 leonis
2097 584 2319 639 dormit.
2370 585 2448 640 De
2505 585 2670 640 catuli
2718 586 2938 656 quidem
2998 602 3191 644 somno
3231 587 3345 654 jam

1776 674 2028 744 superius
2055 674 2263 730 dictum
2298 683 2386 729 est
2425 677 2570 745 quod
2619 675 2776 731 valde
2818 678 3219 736 convenienter
3250 695 3347 749 ap-

1779 774 1925 819 tatur
1954 765 2010 820 in
2035 765 2276 832 Christo,
2305 766 2398 836 qui
2431 766 2607 824 tribus
2649 767 2841 824 diebus
2866 777 2922 823 et
2948 769 3122 826 tribus
3162 770 3348 826 nocti-

1775 857 1880 911 bus
1919 857 1972 910 in
2018 857 2184 912 corde
2207 867 2364 912 terrae
2410 856 2654 928 sepultus
2696 872 2954 914 somnum
2996 861 3192 919 mortis
3238 861 3351 918 io

1776 948 1962 1017 plevit.
1995 949 2066 1005 Ut
2096 949 2180 1005 leo
2203 959 2385 1008 autem
2422 951 2526 1007 hoc
2572 952 2735 1009 modo
2765 954 2964 1009 debere
2997 954 3222 1026 intelligi
3249 969 3343 1009 ar-

1774 1039 1966 1096 bitror.
1996 1039 2139 1096 Mors
2157 1040 2362 1097 Christi
2405 1043 2688 1113 oppressio
2721 1053 2776 1100 et
2819 1045 3125 1114 triumphus
3147 1048 3350 1102 daemo-

1776 1147 1904 1185 num
1950 1133 2073 1190 fuit.
2106 1134 2332 1190 Omnem
2377 1151 2623 1206 namque.
2642 1138 2880 1207 praedam
2940 1151 3101 1206 quam
3136 1139 3218 1193 leo
3250 1139 3343 1194 ille

1775 1229 2085 1282 contrarius
2126 1227 2404 1282 invaserat
2437 1237 2717 1297 prostrato
2755 1229 2974 1284 homine
3009 1240 3062 1284 et
3110 1231 3350 1299 deiecto.

1777 1318 1864 1372 hic
1894 1318 1980 1374 leo
2014 1320 2344 1390 interripuit.
2383 1315 2624 1391 Denique
2651 1321 2867 1376 rediens
2897 1323 2967 1376 ab
3013 1320 3203 1376 inferis
3233 1319 3348 1393 (22)

1774 1419 1829 1463 et
1876 1410 2161 1464 ascendens
2202 1412 2254 1465 in
2309 1410 2498 1476 altum,
2552 1410 2814 1480 captivam
2861 1411 3016 1474 duxit
3067 1412 3350 1478 captivita-

1775 1507 1877 1553 tem
1917 1499 1982 1554 δ’.
2011 1500 2126 1556 Hoc
2152 1516 2282 1569 ergo
2305 1502 2465 1556 modo
2487 1502 2622 1557 etin
2649 1517 2843 1558 somno
2867 1517 2967 1558 suo
2992 1502 3075 1558 leo
3100 1503 3206 1558 fuit
3237 1504 3352 1559 vin-

1775 1606 1905 1646 cens
1955 1593 2136 1648 omnia
2201 1604 2257 1649 et
2310 1593 2609 1660 debellans,
2656 1606 2712 1650 et
2773 1597 3048 1652 destruxit
3093 1612 3214 1653 eum
3252 1597 3348 1668 qui

1774 1681 2013 1739 habebat
2041 1684 2236 1740 mortis
2279 1685 2586 1754 imperium,
2624 1695 2679 1741 et
2719 1687 2868 1742 velut
2911 1688 3128 1743 catulus
3175 1689 3351 1746 leonis

1775 1775 1864 1830 die
1903 1778 2064 1831 tertia
2098 1778 2421 1832 suscitatur.
2473 1760 2604 1844 Quis
2643 1780 2921 1833 suscitabit
2969 1781 3132 1834 eum?
3178 1779 3348 1838 Recte

1777 1869 1932 1938 quasi
1965 1868 2290 1938 inquirentis
2317 1872 2596 1940 prapheta:
2635 1885 2923 1940 personam
2961 1887 3082 1940 quae
3113 1875 3348 1929 suscita-

1772 1960 1845 2016 rit
1874 1959 2150 2016 Christum
2186 1977 2368 2016 sermo
2394 1963 2688 2032 signiﬁcat.
2735 1964 2871 2030 Quia
2897 1964 3193 2034 Apostolus
3231 1967 3350 2034 qui-

1771 2054 1894 2109 dem
1928 2053 2062 2109 dicit
2080 2053 2154 2118 ",
2183 2054 2309 2124 quia
2341 2054 2484 2110 Deus
2525 2057 2618 2124 qui
2645 2059 2922 2110 suscitavit
2966 2072 3090 2110 eum
3121 2075 3152 2110 a
3199 2074 3344 2111 inor-

1771 2146 1896 2210 tuis,
1941 2146 2218 2200 suscitabit
2258 2156 2307 2202 et
2349 2148 2593 2200 mortalia
2645 2163 2872 2214 corpora
2913 2157 3081 2203 vestra
3133 2157 3350 2219 prapter

1770 2239 2154 2295 inhabitantent
2221 2242 2467 2310 spiritum
2550 2241 2666 2310 ejus
2713 2244 2767 2296 in
2812 2244 2978 2297 vobis.
3036 2243 3102 2298 Et
3151 2245 3348 2299 iterum

1770 2329 2023 2387 Christus
2076 2331 2206 2385 dicit
2252 2332 2305 2384 in
2373 2331 2678 2398 Evangeliis
2715 2332 2813 2386 διε
2862 2331 3060 2387 Solvite
3097 2333 3346 2401 templum

1770 2422 1889 2488 hoc,
1937 2431 1988 2475 et
2030 2437 2122 2490 ego
2167 2423 2221 2476 in
2263 2422 2434 2476 tri-bus
2487 2423 2674 2476 diebus
2719 2425 2984 2478 suscitabo
3023 2424 3154 2476 illud
3195 2439 3212 2476 :
3253 2425 3351 2479 Iwc

1772 2521 1948 2566 autem
1977 2512 2180 2566 dicebat
2212 2514 2276 2566 de
2295 2511 2491 2582 templo
2517 2513 2756 2581 corporis
2784 2514 2888 2566 sui.
2933 2513 3072 2580 Quia
3110 2528 3239 2584 ergo
3290 2524 3353 2571 et

1771 2604 1888 2673 ipse
1939 2617 1997 2658 se
2025 2604 2160 2660 dicit
2225 2604 2498 2660 suscitare
2536 2604 2792 2672 templum
2872 2619 3054 2671 suum,
3105 2615 3158 2661 et
3207 2607 3353 2662 Deus

1774 2695 1926 2750 illum
1987 2695 2189 2752 dicitur
2225 2696 2554 2759 suscitasse,
2604 2700 2752 2753 recte
2801 2697 3065 2767 propheta
3126 2705 3352 2766 stupore

1776 2795 1939 2842 tanta
1967 2787 2150 2844 Patris
2201 2796 2257 2842 et
2303 2786 2429 2842 Filii
2466 2787 2687 2843 unitatis
2731 2797 2894 2856 atque
2947 2788 3355 2845 indiscretionis

1774 2878 2035 2934 attonitus
2059 2878 2136 2933 ait
2165 2897 2178 2933 :
2209 2878 2340 2944 Quis
2365 2880 2634 2934 suscitabit
2664 2895 2782 2933 eum
2810 2878 2961 2950 (23)?

1844 2969 1897 3023 6.
1929 2967 2055 3024 Non
2095 2969 2301 3039 deﬁciet
2343 2975 2582 3041 princeps
2629 2987 2696 3025 ea:
2740 2971 2908 3038 Iuda,
2947 2988 3112 3040 neque
3140 2974 3255 3030 dua:
3282 2974 3350 3028 a's

1775 3064 2062 3134 [sutoribus
2121 3063 2234 3133 ejus
2281 3077 2546 3134 usquequo
2607 3063 2813 3117 veniant
2851 3081 2915 3118 ea
2963 3081 3082 3134 qua:
3120 3069 3347 3135 reposita

84 3161 189 3218 non
241 3165 427 3220 solum
469 3167 698 3236 tropice,
741 3181 937 3222 verum
987 3167 1150 3222 etiam
1187 3166 1406 3238 physice
1433 3166 1545 3239 (20)
1576 3169 1670 3223 de-
1697 3191 1738 3250 ο
1774 3162 1895 3250 “mi
1917 3158 1964 3210 εί
1996 3155 2131 3227 (ει),
2161 3155 2262 3216 νεΙι
2303 3167 2361 3250 "l
2407 3158 2458 3210 ίη
2503 3154 2624 3210 θυῖε
2660 3155 3063 3250 θιθνηιβλδτίιηιε
3093 3157 3350 3223 habetur.

80 3257 339 3327 signatur
370 3273 386 3313 :
419 3267 542 3311 nam
588 3257 1056 3328 Physiologus'de
1100 3257 1280 3313 catulo
1341 3259 1514 3314 leonis
1546 3260 1663 3315 hzec

80 3349 284 3404 scribit
337 3348 481 3417 quod
530 3364 650 3402 cum
702 3347 869 3423 fuerit
933 3359 1099 3404 natus
1149 3348 1328 3404 tribus
1385 3349 1578 3405 diebus
1608 3361 1664 3407 et

81 3440 260 3494 tribus
293 3441 546 3496 noctibus
568 3440 824 3505 dormiat,
854 3448 968 3495 tum
997 3439 1198 3496 deinde
1230 3441 1400 3512 patris
1438 3440 1663 3497 fremitu

80 3532 162 3586 vel
192 3529 385 3601 rugitu
421 3540 675 3601 tanquam
702 3533 1054 3588 tremefactus
1089 3532 1288 3588 cubilis
1315 3533 1467 3588 locus
1491 3534 1668 3590 susci-

82 3634 155 3679 te:
173 3625 432 3681 catulum
455 3625 834 3681 dormientem.
865 3623 972 3681 iste
1006 3620 1220 3680 catulus
1247 3639 1380 3696 ergo
1411 3625 1666 3680 ascendit

78 3730 142 3769 ex
174 3716 480 3785 germine:
513 3729 581 3770 ex
613 3717 821 3786 virgine
869 3716 1014 3771 enim
1065 3725 1226 3770 natus
1283 3723 1387 3770 est.
1437 3713 1553 3770 Non
1598 3726 1664 3771 ex

78 3813 316 3875 semine,
355 3810 448 3866 sed
485 3825 547 3864 ex
590 3809 796 3880 virgine
834 3811 1040 3880 absque
1093 3809 1385 3884 concubitu
1434 3805 1563 3871 viri,
1614 3816 1669 3861 et

77 3909 296 3975 absque
340 3904 552 3959 semine
595 3901 829 3956 naturali
891 3903 1140 3956 nascitur
1196 3901 1470 3968 Christus,
1519 3901 1664 3954 velut

77 3999 388 4071 virgultum
436 3997 550 4052 sive
601 4003 806 4050 ramus.
848 3995 903 4049 In
949 4007 1056 4064 quo
1121 3993 1568 4049 manifestissime
1614 3999 1667 4047 cl

78 4095 288 4147 veritas
322 4089 504 4146 carnis
549 4091 842 4157 aSsumpta:
893 4091 957 4143 ex
1002 4088 1219 4157 virgine
1267 4087 1578 4142 deciara'tur
1608 4087 1664 4140 in

77 4199 240 4238 sacro
279 4187 475 4238 Sancto
501 4181 842 4251 germine,et
867 4195 895 4232 a
917 4179 1171 4246 contagio
1203 4177 1425 4231 humani
1455 4182 1510 4231 et
1539 4185 1666 4230 ear-

79 4277 226 4332 nalis
263 4277 498 4332 seminis
530 4283 823 4329 excusatur
867 4269 1003 4343 (ιι).
1054 4268 1378 4324 Recumbens
1423 4267 1668 4321 dormlsti

76 4374 212 4424 sicut
244 4369 358 4433 leo,
386 4379 434 4422 et
465 4358 600 4421 sicut
625 4365 830 4420 catulus
869 4364 1056 4418 leonis.
1089 4361 1527 4417 Manifestissitne
1578 4375 1668 4414 re-

75 4459 348 4516 cubuisse
405 4469 460 4513 et
509 4455 778 4512 dormisse
819 4453 1026 4508 dictum
1074 4448 1142 4506 de
1176 4451 1434 4521 passione
1477 4449 1671 4503 mortis

147 4585 193 4616 "
231 4584 402 4644 Rom,
437 4594 554 4644 νιιι,
594 4578 683 4633 15.

804 4575 848 4605 ⁸⁰
871 4573 1048 4632 lCor.
1082 4589 1184 4638 xu,-
1214 4573 1269 4640 5.
1343 4569 1670 4640 “Genesar

1776 4564 1828 4624 9.
1898 4563 1944 4597 ⁸¹
1972 4562 2169 4634 Ε’βιιθε.
2195 4577 2269 4628 tv,
2305 4561 2359 4617 5.
2437 4560 2481 4593 ⁸³
2504 4559 2662 4616 Rom.
2701 4577 2782 4626 ιιι,
2815 4561 2902 4616 ll.

79 4655 167 4708 l9.
232 4637 238 4638 ⁷
276 4653 330 4684 ’⁵⁸
367 4637 564 4707 Cenes.
602 4663 750 4712 xux,
784 4644 870 4700 10.
964 4641 1008 4676 ⁸⁸
1053 4637 1177 4701 Aut.
1210 4637 1304 4699 lib.
1333 4637 1444 4706 xtv,
1477 4657 1595 4729 cap.
1625 4640 1679 4694 ‘2.

1770 3249 1942 3302 veniat
1976 3249 2024 3302 is
2062 3250 2147 3302 cui
2189 3248 2476 3317 repositum
2521 3258 2617 3316 est,
2658 3259 2705 3302 et
2752 3249 2864 3312 ipse
2893 3251 2992 3304 erit
3031 3253 3348 3318 exspectatio

1767 3341 1996 3410 gentium
2019 3340 2083 3400 Ψ.
2106 3338 2202 3394 llic
2241 3340 2388 3406 locus
2425 3341 2708 3394 manifeste
2735 3341 2972 3394 refertur
2994 3341 3062 3394 ad
3086 3340 3277 3396 ludam
3327 3357 3344 3394 :

1772 3442 1980 3486 constat
2011 3433 2159 3486 enim
2194 3445 2366 3501 usque
2397 3433 2464 3486 ad
2503 3431 2841 3486 nativitatem
2870 3431 3075 3488 Christi
3107 3447 3216 3488 non
3252 3431 3349 3488 de-

1772 3522 1967 3578 fecisse
2014 3525 2282 3595 principes
2336 3541 2402 3579 ex
2442 3534 2644 3595 genere
2689 3523 2862 3588 Jndte,
2909 3540 3015 3580 nec
3062 3525 3229 3586 duces
3279 3527 3349 3584 de

1776 3616 2068 3671 femoribus
2093 3616 2206 3684 eius
2228 3633 2398 3687 usque
2443 3617 2511 3670 ad
2550 3617 2820 3671 Herodem
2877 3631 3082 3686 regem,
3126 3618 3217 3687 qui
3259 3635 3347 3676 se-

1774 3707 2274 3763 cundmnbistoriai
2322 3707 2481 3762 tidem
2528 3721 2696 3776 quam.
2727 3704 2992 3776 Josephus
3041 3709 3234 3763 scribit
3276 3709 3348 3777 “,

1777 3801 2078 3871 alienigena
2136 3797 2322 3864 fuisse,
2364 3808 2421 3855 et
2465 3813 2562 3870 per
2607 3799 2962 3854 ambitionem
3014 3799 3068 3853 in
3123 3817 3345 3871 regnum

1775 3894 2080 3949 Judacorum
2129 3893 2329 3946 dicitur
2382 3891 2702 3962 irrepsisse;
2743 3894 2929 3947 statim
2968 3908 3097 3963 ergo
3143 3903 3201 3948 ut
3243 3895 3350 3953 hut:

1776 3985 1976 4040 factum
2029 3996 2132 4050 est,
2179 3995 2238 4039 et
2283 3985 2572 4039 utdefecit
2614 3987 2720 4039 dux
2750 3986 2815 4040 de
2845 3985 3134 4041 femoribus
3176 3987 3348 4055 Judze,

1778 4075 1994 4131 advenit
2050 4076 2139 4130 ille
2187 4076 2272 4130 cui
2323 4083 2442 4130 erat
2495 4089 2722 4146 regnum
2772 4077 3087 4145 repositum.
3136 4078 3191 4132 In
3241 4094 3352 4149 quo

1776 4169 2048 4238 qttotnodo
2097 4177 2284 4236 gentes
2306 4176 2546 4236 sperent,
2591 4167 2866 4239 Evangelii
2901 4170 3032 4226 lides
3066 4180 3119 4224 et
3159 4171 3351 4228 Eccle-

1777 4261 1978 4314 siarum
1997 4258 2156 4314 docet
2182 4261 2520 4328 prepagatio.
2553 4258 2813 4330 Reposito
2864 4273 3046 4316 autem
3094 4263 3353 4319 dicuntur

1777 4365 1842 4408 ea
1876 4365 1997 4422 quae
2021 4362 2328 4421 opportuno
2369 4361 2610 4421 tempore
2656 4352 2976 4422 proferenda
3013 4363 3160 4408 sunt.
3192 4355 3350 4410 Sicut

1777 4458 1834 4500 et
1857 4443 2105 4500 Christus
2134 4443 2188 4497 in
2229 4442 2398 4496 tinctu"
2440 4441 2759 4496 saeculorum
2796 4443 3081 4498 advenisse
3126 4444 3349 4513 dit-iur,

3005 4561 3052 4594 “
3091 4561 3246 4617 Junii.
3281 4578 3348 4632 115

149 4772 300 4844 (l9)._
332 4771 608 4844 Βλαστός
679 4735 900 4822 dicitur.
975 4763 1066 4818 Sic
1103 4777 1265 4844 mss.
1337 4760 1485 4815 Libri
1541 4775 1670 4813 vero

1779 4755 2052 4838 Tryphone
2091 4739 2294 4844 illudi?)
2337 4744 2625 4844 ἀπξκῗιται
2653 4817 2668 4844 ι
2693 4761 3050 4844 vct‘am.e§sel
3278 4750 3355 4805 le-

76 4841 430 4912 εςιίιί,”βαῖον
459 4843 673 4912 dicitur.

150 4899 288 4987 (2(3).
316 4913 488 4987 Alias,
526 4910 1005 4987 tropieus,‘uet'ttnt
1042 4901 1515 4987 etiamnpftysicus.
1565 4899 1672 4955 Sed

79 4974 213 5040 mss.
249 4974 324 5039 ill.
367 4983 419 5036 in
451 4974 641 5054 nostro
661 4976 1039 5054 itextu._'_P_aulo
1061 4985 1191 5054 post
1215 4974 1376 5054 iidem
1401 4986 1557 5054 mss,
1579 4988 1674 5054 pa-

79 5059 174 5108 tris
194 5055 430 5124 fremitu
451 5051 528 5106 vel
553 5053 730 5120 rugitu
747 5065 767 5106 :
785 5049 940 5115 editi,
962 5043 1130 5117 patris
1141 5043 1334 5115 gemitu
1354 5043 1430 5098 uel
1449 5043 1672 5112 mugitu.

149 5139 275 5212 (2|)
313 5134 642 5212 Excusatum
677 5135 774 5198 Sic,
798 5133 928 5206 libb.
960 5130 1098 5212 editi
1119 5139 1173 5184 et
1212 5143 1376 5191 mss.;
1421 5126 1677 5212 mihi-ta.

80 5199 206 5273 men
253 5199 559 5263 'admodum
615 5213 861 5273 suspecta
914 5199 996 5258 est
1035 5201 1137 5256 ista
1184 5215 1311 5264 vox,
1360 5207 1666 5259 excusatur,

79 5298 179 5351 pro
208 5295 345 5351 qua;
364 5277 567 5351 malim,
596 5275 922 5351 excluditur.

152 5340 254 5419 (ἳέ
319 5348 492 5408 Alias,
514 5340 706 5418 quique
746 5347 949 5398 rediens
977 5342 1039 5395 ab
1067 5340 1272 5412 inferis.

152 5356 280 5493 θοός
321 5420 417 5474 Sic
440 5433 568 5472 tuss.
592 5418 798 5493 rectius
819 5430 978 5493 quam
1008 5412 1142 5493 editi
1161 5412 1213 5465 in
1234 5425 1270 5481 (ι

225 5440 254 5477 ί)

151 5425 279 5495 {9.5)
321 5425 417 5474 Sic
440 5433 568 5472 mss.
596 5425 794 5473 rectius
819 5430 978 5484 quam
1008 5425 1134 5465 eunt

81 5498 362 5551 attonitus
381 5498 477 5548 est,
513 5489 629 5557 quis
658 5487 928 5542 suscitavit
964 5499 1081 5536 eunt
1117 5482 1143 5535 2

154 5578 282 5648 (24)
331 5574 554 5648 Veniant
582 5591 643 5629 ea
673 5589 790 5648 qua:
839 5571 1077 5648 reposita
1105 5575 1230 5648 sunt
1276 5569 1348 5648 ei,
1392 5567 1497 5629 vel,
1527 5574 1586 5648 ut
1618 5565 1671 5618 in

87 5639 210 5713 aliis
231 5639 648 5720 exemplaribus
677 5639 926 5720 habetur,
968 5641 1135 5720 ueniat
1177 5639 1348 5720 iacui
1387 5639 1670 5720 repositum

87 5707 184 5774 est.
235 5707 420 5772 Priur'
449 5715 631 5778 lectio,
676 5709 744 5766 ’ἑὰ
799 5710 1134 5780 ἀποκείμενα
1189 5707 1378 5780 αὐτῷ.
1405 5707 1584 5780 Altera
1629 5707 1674 5773 ᾧ

90 5791 408 5842 ἀπόκειται.
451 5777 636 5842 Sancti
668 5784 853 5838 Patres
876 5777 1034 5836 modo
1063 5780 1228 5842 illam,
1259 5777 1416 5832 modo
1448 5777 1672 5830 alteram

91 5863 393 5916 adhibent.
421 5856 710 5914 Contendit
751 5864 927 5909 autem
951 5851 1195 5907 Justinus
1229 5851 1281 5905 in
1311 5847 1527 5918 Dialogo
1555 5863 1672 5899 cum

321 5420 417 5474 Sic
440 5407 568 5472 mss.
596 5407 794 5473 rectius
819 5430 978 5484 quam
1008 5407 1137 5484 editi
1161 5412 1213 5465 in
1234 5409 1432 5481 quibus
1457 5407 1678 5480 legitur,

1777 4816 2036 4886 ctionem,
2055 4834 2159 4889 non
2182 4829 2361 4872 autem
2380 4817 2451 4870 τὰ
2473 4817 2812 4888 ἀποκείμενα
2842 4816 3009 4889 αὐτῷ.
3033 4817 3088 4872 In
3122 4819 3350 4876 chrmo

1776 4905 2008 4964 habetur
2058 4886 2204 4963 η’νιιγ
2243 4910 2340 4961 snt
2381 4909 2437 4959 ’Ξ
2474 4908 2546 4965 'tv
2604 4886 2870 4970 usaueqao
2923 4886 3095 4956 veniat
3148 4901 3349 4962 Schilo.

1778 4978 2138 5046 Hieronymus
2185 4973 2364 5046 vertit.
2392 4973 2555 5026 donec
2595 4974 2764 5046 veniat
2798 4972 2890 5041 qui
2928 4972 3212 5027 mittendus
3245 4986 3346 5030 est.

1778 5061 1942 5129 Quasi
1983 5033 2205 5128 legisset
2253 5033 2440 5120 m‘th,
2487 5057 2568 5111 vel
2629 5033 3100 5124 nBVw,'tlecepttts
3154 5057 3350 5129 simili-

1784 5126 1970 5186 tudine
2004 5126 2326 5190 litterarum,
2364 5139 2402 5186 rt
2439 5135 2492 5180 et
2532 5138 2592 5187 Π.
2639 5129 2899 5181 Vitiosum
2947 5136 3126 5180 autem
3181 5126 3353 5185 fuisse

1781 5197 2094 5270 Hieronymi
2134 5195 2419 5251 lectionem
2453 5196 2576 5250 inde
2605 5207 2770 5266 patet,
2824 5201 2964 5266 quod
3006 5205 3224 5270 veteres
3265 5199 3349 5250 in-'-

1776 5264 2040 5356 terpretes
2109 5279 2459 5350 Septuaginta
2514 5287 2568 5332 et
2606 5264 2807 5349 VAquila
2842 5264 2986 5335 vnon
3047 5264 3197 5342 n57!)
3254 5279 3348 5334 sed

1774 5352 1919 5429 n'nw
1957 5366 2205 5433 legerint.
2255 5363 2448 5433 Aquila
2500 5365 2658 5416 vertit
2692 5356 2736 5430 ᾧ
2775 5363 3080 5427 ἀπόκειται,
3125 5363 3350 5432 Septua-

1776 5443 1924 5509 ginta
1982 5433 2052 5491 τᾶ
2110 5433 2666 5504 attonitum/actiui),
2716 5436 2893 5503 quasi
2923 5450 2990 5488 ex
3041 5444 3122 5509 ut,
3169 5433 3218 5487 id
3265 5443 3351 5487 est

1777 5499 1882 5589 Eua,
1913 5522 2018 5586 vel,
2061 5536 2198 5591 quia,
2249 5499 2530 5591 spectato?
2557 5499 2629 5571 ,ιιι
2670 5499 2844 5591 vocali
2875 5533 2923 5580 e,
2956 5499 3120 5574 et'n'7
3148 5517 3220 5578 ei,
3249 5530 3347 5584 po-

1778 5584 1883 5662 sito
1920 5617 1958 5666 Π
1990 5584 2087 5675 pro
2115 5613 2136 5663 Ἰ
2161 5584 2193 5669 ,-
2217 5584 2412 5670 nempe
2459 5585 2530 5661 ΠΒ
2583 5616 2680 5671 pro
2720 5584 2806 5667 ’ὣς
2843 5609 2970 5655 sunt
3007 5599 3152 5654 enim
3207 5597 3352 5675 litte-

1777 5707 1851 5744 ra:
1893 5667 2297 5758 permutabiles.
2349 5667 2680 5739 'Dividebant
2727 5687 2910 5754 itaque
2964 5692 3148 5736 vocem

1781 5777 1830 5829 in
1869 5756 1943 5832 ’ὡ
1976 5783 2024 5824 et
2057 5756 2128 5830 rh
2161 5785 2279 5838 qurc
2306 5768 2375 5831 ei,
2399 5770 2572 5836 suppl.
2608 5771 2830 5829 reposita
2856 5777 2993 5822 sunt.
3031 5767 3122 5821 Sic
3147 5767 3346 5824 lin-ch.

1786 5863 1871 5899 XII
1910 5862 1922 5898 :
1961 5845 2129 5896 Douec
2177 5841 2342 5894 rcuiat
2377 5845 2457 5891 rut
2485 5852 2553 5892 est
2577 5841 2858 5909 judicium.
