3902 6500
123 379 210 436 εει
1277 360 1342 418 ΙΝ
1382 355 1684 418 GENESIM
1713 355 2000 413 llOMlLlA
2033 355 2196 412 XVII.
3234 357 3348 414 262

125 500 242 553 dare
274 487 460 546 lumbis
487 484 621 550 suis,
653 494 707 540 et
741 482 958 538 auferre
1001 496 1216 548 rursus,
1252 491 1415 552 atque
1442 481 1496 536 in
1545 478 1656 533 Eu-
1686 475 1734 534 Α
1763 471 1934 544 Super
1957 487 2050 530 eos
2075 473 2169 544 qui
2197 471 2338 529 lacte
2354 471 2592 542 aluntur,
2614 474 2802 530 dentes
2817 472 2933 543 ejus
2953 480 3080 530 sunt
3105 473 3347 530 candidi.

125 589 324 660 phraten
348 579 562 650 iubetur
598 578 931 633 abscondere
957 577 1026 630 ".
1763 565 1816 619 id
1850 574 1956 630 est,
1973 566 2030 621 hi
2077 565 2168 637 qni
2207 567 2510 636 perfectum
2564 567 2746 623 cibum
2795 580 2991 637 capere
3031 575 3258 636 possunt
3289 573 3349 622 et

181 681 224 735 9.
267 672 499 740 Gratiﬁci
523 670 662 724 oculi
693 669 806 737 ejus
837 685 869 722 a
912 668 1052 732 vino,
1073 677 1122 721 et
1149 665 1324 720 dentes
1364 665 1479 735 ejus
1527 663 1663 716 lacte
1763 659 2069 723 comedere,
2097 675 2263 730 super
2292 658 2412 715 illos
2435 668 2560 715 sunt
2591 660 2682 731 qui
2714 670 2969 729 tanquam
2997 659 3203 730 parvuli
3243 659 3344 714 ad-

123 771 419 828 candidiom
449 767 515 823 ".
575 765 738 819 Vides
793 763 1061 833 quomodo
1109 760 1448 816 historialem
1503 756 1662 811 intcl-
1763 749 1871 803 huc
1894 749 2035 805 lacte
2069 751 2329 820 indigem.
2363 749 2604 819 Denique
2636 752 2765 806 etin
2811 752 2958 822 lege,
2990 766 3054 806 ea
3098 751 3347 807 animan-

122 869 294 921 lectum
330 876 450 931 erga
485 859 644 912 linem
684 855 958 926 praecipue
1014 861 1258 923 amputat
1288 863 1342 908 et
1373 851 1661 906 abscindit.
1767 843 1836 896 tia
1873 857 1992 913 quae
2027 844 2318 910 ruminant,
2355 851 2411 898 et
2466 854 2738 914 sumptum
2792 844 2972 900 cibum
3033 845 3101 899 ad
3150 845 3340 900 dentes

123 961 171 1013 Si
206 957 334 1012 enim
380 953 553 1005 adhuc
597 948 988 1006 contentiosius
1022 954 1243 1017 agentes
1295 945 1478 1000 dicere
1530 943 1664 996 veli-
1766 935 1945 990 denuo
2019 943 2323 1001 revocant,
2371 950 2531 1004 quem
2595 935 2870 990 subtiliter
2925 935 3343 1004 minutatimqne

123 1066 242 1112 mus,
292 1045 411 1115 quia
455 1042 682 1114 gratifici
721 1049 846 1095 sunt
891 1039 1030 1095 oculi
1084 1039 1235 1093 Judte
1265 1052 1330 1094 ex
1377 1038 1526 1099 vino,
1564 1050 1664 1104 pro
1765 1027 2149 1082 sustentationi
2209 1026 2320 1100 (28)
2370 1019 2630 1096 corporis
2661 1029 2900 1091 tradunt,
2955 1028 3153 1081 munda
3218 1041 3344 1082 esse

123 1137 448 1203 abundantia,
474 1146 530 1190 ut
558 1150 721 1204 supra
769 1133 1031 1198 diximus,
1063 1130 1197 1195 vini,
1229 1138 1285 1184 et
1334 1126 1663 1184 abundantia
1766 1117 2022 1172 animalia
2061 1117 2432 1187 designantur.
2460 1115 2754 1186 Aptissime
2782 1131 2914 1172 sane
2944 1115 3105 1169 etiam
3151 1115 3346 1170 candi-

121 1235 409 1306 poculorum
448 1246 462 1283 :
506 1230 635 1300 quid
666 1229 734 1284 de
780 1226 1026 1283 candidis
1073 1225 1326 1280 dentibus
1363 1223 1665 1294 responde-
1766 1209 1862 1266 dos
1891 1208 2224 1306 dentes-ejus
2255 1209 2409 1264 dicit.
2431 1208 2630 1264 Omnes
2651 1210 2798 1262 enim
2828 1208 2918 1277 qui
2947 1207 3168 1277 perfecti
3194 1217 3343 1274 sunt,

120 1299 297 1391 pimus,
333 1332 386 1379 et
417 1321 666 1392 qualitati
717 1318 875 1374 lactis
913 1317 1192 1387 praelatis?
1231 1316 1287 1371 In
1319 1331 1426 1385 quo
1467 1315 1665 1370 θάνεν-
1764 1312 1821 1358 et
1851 1307 1942 1372 qui
1979 1300 2386 1371 Scripturarum
2423 1301 2575 1355 cibos
2605 1300 2782 1369 dignis
2821 1309 2873 1355 et
2910 1299 3344 1368 competentibus

115 1436 217 1477 sum
250 1390 528 1471 veritatem
577 1413 922 1483 impudenter
962 1425 1068 1464 non
1110 1418 1194 1465 est,
1247 1409 1536 1480 agendum,
1568 1407 1664 1463 sed
1767 1391 2308 1462 interpretationibus
2359 1391 2714 1460 explanantes
2767 1390 3016 1446 subtilem
3060 1402 3115 1445 et
3166 1390 3346 1445 minu-

114 1508 489 1578 interruptione
553 1479 922 1576 intelligentia:
991 1502 1288 1559 historialis
1336 1500 1542 1557 exclusi
1598 1499 1664 1553 ad

1771 1493 1880 1541 tum
1931 1483 2297 1548 intellectum,
2345 1485 2435 1552 qui
2488 1481 2785 1552 spiritualis
2831 1482 3052 1545 dicitur,
3085 1479 3344 1536 Ecclesia:

111 1600 384 1674 spiritualis
406 1571 761 1666 expositionis
786 1596 1030 1651 ordinem
1056 1595 1362 1649 redeamus.
1398 1589 1663 1657 Gratiﬁci,
1767 1575 1985 1644 corpori
2021 1573 2456 1635 subministrant,
2484 1571 2699 1626 candidi
2735 1572 2929 1626 debent
2959 1584 3079 1624 esse
3124 1580 3176 1626 et
3199 1571 3341 1639 puri,

111 1662 283 1764 inquit,
307 1691 446 1744 oculi
475 1662 591 1759 ejus
621 1706 652 1742 a
679 1687 818 1744 uiuo.
853 1685 1114 1755 Superius
1145 1682 1485 1738 ostendimus
1533 1696 1665 1751 apo—
1767 1677 1929 1736 διίιιιε
1948 1667 2015 1720 ab
2040 1666 2186 1723 omni
2228 1665 2368 1720 malo
2400 1665 2577 1731 liberi,
2619 1679 2687 1719 ne
2717 1663 2856 1718 ΐονιθ
2901 1663 3110 1718 dicatur
3143 1662 3222 1716 eis
3248 1662 3292 1694 "
3328 1682 3341 1717 ε

111 1754 282 1843 stolica
337 1754 733 1836 auctoritate”
767 1754 1009 1832 membra
1051 1775 1254 1831 Christi
1311 1773 1418 1830 dici
1470 1774 1660 1845 dignos

1773 1759 1876 1824 Qui
1911 1758 2045 1812 alios
2068 1758 2470 1828 doces,teipsum
2497 1773 2602 1811 non
2645 1756 2820 1810 doces.
2854 1754 3051 1808 Verum
3087 1754 3341 1822 quoniam

1771 1853 1945 1877 12-3..-
1977 1851 2257 1877 ΕΑ-ἶηιη-ιι
2317 1863 2420 1877 ..Α-ι
2465 1847 2635 1877 οΛΙηΜ
2673 1858 3136 1877 οηηηηΜΔηΙΛιοΙΙΜ
3186 1847 3341 1877 ,Ιιιιιρι

108 1891 327 1948 quosque
350 1872 613 1937 fidelium,
644 1878 700 1926 et
752 1871 964 1924 diversa
1022 1867 1372 1937 singulariter
1414 1866 1658 1920 membra
1691 1847 1734 1877 ”
1765 1853 1948 1908 divina
1977 1851 2260 1920 Scriptura
2317 1863 2421 1903 non
2465 1847 2636 1904 solum
2673 1858 3137 1903 sacramentorum
3185 1847 3347 1903 debet

109 1965 373 2028 nominari,
406 1979 506 2034 pro
530 1978 594 2018 eo
634 1962 776 2032 quod
829 1962 1198 2033 unusquisque
1222 1959 1366 2013 omni
1399 1957 1661 2013 Ecclesia:
1764 1944 2051 2001 SClenllam
2100 1944 2403 2005 (Ὂηιίηθτθ.
2432 1956 2619 1997 verum
2652 1943 2814 1996 etiam
2863 1954 3042 1994 mores
3087 1946 3345 2008 gestaque

107 2060 295 2130 corpori
326 2029 855 2126 dependitoliiciutn.
881 2029 1212 2108 Ertintenim
1243 2051 1404 2121 pedes
1432 2049 1659 2114 Christi,
1765 2038 2070 2093 informare
2120 2035 2443 2089 discentium
2481 2053 2496 2101 ;
2535 2033 2614 2087 sic
2655 2034 2798 2088 enim
2839 2039 2893 2085 et
2937 2029 3212 2096 Sapientia
3249 2043 3349 2098 per

107 2121 442 2223 qui'currnnt
483 2148 550 2201 ad
605 2145 905 2201 faciendam
954 2159 1142 2213 pacem
1163 2185 1178 2210 ,
1211 2143 1300 2209 qui
1330 2151 1564 2213 pergunt
1591 2139 1662 2195 ad
1765 2131 2110 2186 Salomonem
2144 2129 2275 2182 dicit
2297 2127 2342 2159 ⁸⁸
2370 2143 2384 2179 :
2423 2126 2672 2180 Describe
2706 2126 2815 2178 haec
2848 2123 2940 2176 tibi
2982 2121 3264 2190 dupliciter
3296 2129 3348 2177 et

106 2214 509 2298 subveniendum
559 2238 642 2290 his
691 2237 782 2304 qni
828 2235 879 2288 in
923 2235 1246 2290 necessitate
1284 2242 1414 2287 sunt
1473 2230 1658 2300 positi.
1765 2224 2047 2292 tripliciter
2077 2222 2134 2275 in
2161 2221 2455 2282 cordetuo,
2486 2230 2540 2274 et
2565 2232 2689 2272 arca
2725 2232 2845 2286 qua:
2878 2214 3345 2270 construebzttnra

108 2333 255 2386 Erunt
277 2345 466 2383 manus
493 2303 721 2389 Christi,
753 2341 872 2394 qua:
896 2325 961 2379 ad
1003 2324 1433 2380 misericordiam
1466 2331 1661 2376 exten-
1766 2314 1900 2378 Noe,
1933 2313 2266 2368 bicamerata
2318 2320 2371 2365 et
2415 2310 2764 2363 tricamerata
2817 2303 2931 2360 fieri
2959 2303 3182 2368 jubetnr
3210 2317 3227 2366 ;
3260 2315 3352 2355 co-

106 2425 304 2489 duntur,
337 2437 460 2490 qua:
489 2419 749 2474 auxilium
797 2417 1160 2488 indigentibus
1191 2417 1390 2476 ferunt,
1420 2431 1540 2486 qua:
1577 2416 1663 2469 in-
1766 2419 1961 2460 nemur
1982 2416 2035 2459 et
2075 2417 2172 2458 nos
2199 2409 2548 2470 posteaquam
2573 2397 2857 2467 dupliciter
2894 2395 3029 2462 ista,
3063 2402 3222 2462 prout
3247 2405 3351 2462 po-

106 2486 298 2571 valitlis'
322 2486 389 2570 ad
429 2513 818 2569 adminiculum
853 2486 1219 2581 porriguntur.
1254 2509 1346 2563 Sic
1394 2517 1555 2564 erunt
1605 2516 1662 2563 ct
1766 2499 1968 2554 luimus
2001 2496 2234 2559 senlim.
2258 2492 2666 2562 descripsimus.
2718 2490 2769 2543 id
2807 2497 2890 2544 est.
2920 2489 3214 2542 secundum
3265 2486 3351 2542 hi-

104 2611 223 2666 oculi
251 2610 474 2675 Christi,
505 2609 596 2680 qui
646 2606 884 2662 scientiae
933 2605 1112 2659 lumen
1152 2604 1404 2659 universo
1450 2601 1662 2671 corpori
1766 2591 1995 2649 leI‘iam
2040 2597 2099 2644 ει
2131 2586 2425 2643 secundum
2474 2582 2761 2651 mYSllcum
2802 2579 3156 2642 Ῐῐιιθηθειυιη,
3203 2592 3348 2633 nunc

104 2712 357 2772 Praismtl-
393 2667 552 2756 Si'cul
596 2701 649 2755 in
691 2698 979 2769 Evangelia
1030 2697 1288 2766 scriptum
1327 2705 1412 2750 εει
1433 2694 1478 2726 ⁸³
1508 2711 1522 2748 :
1549 2667 1665 2747 iLu-
1765 2685 1819 2740 in
1845 2691 2108 2754 quantum
2141 2677 2388 2748 recipere
2415 2675 2566 2730 locus
2587 2679 2788 2743 potest,
2818 2672 2982 2724 etiam
3005 2667 3265 2724 moralem
3295 2667 3346 2721 in

1766 2789 1829 2830 eo
1861 2774 2136 2827 discutere
2181 2781 2493 2824 sermonem
2531 2781 2544 2818 :
2579 2775 2636 2818 ut
2689 2761 3028 2829 Scripturam
3091 2758 3348 2824 studiosi,

1767 2879 1873 2919 non
1921 2861 2092 2917 solum
2131 2857 2265 2931 quid
2297 2859 2348 2911 in
2379 2855 2532 2920 aliis,
2596 2852 2681 2907 vel
2724 2852 2794 2905 ab
2837 2849 2956 2904 aliis
3005 2857 3211 2918 gestum
3251 2848 3352 2912 sit,

1765 2958 1858 3012 sed
1884 2956 2050 3011 etiam
2089 2955 2189 3025 ipsi
2228 2956 2368 3008 intra
2402 2960 2460 3004 se
2489 2945 2616 3019 quid
2649 2958 2840 3015 gerere
2861 2943 3094 2995 debeant
3124 2942 3356 2994 docean-

1767 3057 1874 3106 tur.
1898 3046 2065 3102 Jndas
2102 3045 2365 3113 confessio
2392 3039 2804 3111 interpretatur.
2832 3033 2932 3105 Qui
2969 3047 3096 3105 ergo
3121 3031 3200 3086 vel
3233 3045 3354 3098 pec-

1688 3156 1732 3214 c
1767 3146 1886 3193 cata
1923 3151 2020 3192 sua
2049 3134 2334 3190 confessus
2377 3132 2752 3201 paenitentiam
2783 3129 2938 3198 gerit,
2964 3128 3049 3181 vei
3077 3127 3350 3180 Cbristmn

1768 3230 1823 3285 in
1865 3229 2246 3298 persecutione
2294 3239 2478 3280 coram
2523 3221 2837 3276 hominibus
2877 3221 3189 3282 confitetur,
3235 3217 3351 3271 col-

1769 3321 2023 3376 laudatur
2050 3335 2080 3373 a
2111 3317 2377 3372 fratribus
2408 3316 2541 3369 suis.
2570 3312 2783 3366 Laetitia
2815 3312 2961 3365 enim
3012 3321 3057 3363 et
3093 3309 3345 3379 gaudium

1769 3425 1843 3469 est
1874 3411 2071 3483 angelis
2104 3411 2161 3465 in
2201 3409 2328 3464 caelo
2374 3423 2532 3474 super
2562 3421 2665 3457 uno
2695 3413 2968 3472 peccatore
2994 3401 3349 3469 paenitentiam

1771 3516 1952 3577 agente
1976 3506 2043 3558 “.
2071 3502 2155 3557 Ab
2185 3502 2317 3570 ipsis
2359 3513 2490 3568 ergo
2522 3507 2779 3564 tanquam
2812 3509 2841 3547 a
2873 3493 3135 3546 fratribus
3165 3490 3352 3561 (unius

1772 3597 1976 3654 etenim
2005 3603 2062 3650 et
2087 3591 2362 3650 Creatoris
2407 3601 2460 3645 et
2489 3588 2670 3644 Patris
2718 3587 2814 3642 lilii
2855 3594 2981 3640 sunt
3023 3594 3076 3637 et
3105 3584 3352 3636 homines

1773 3699 1828 3747 et
1870 3687 2071 3759 angeli)
2123 3684 2520 3740 collaudantur.
2567 3681 2767 3736 Verum
2824 3676 2869 3731 is
2915 3675 3008 3744 qni
3059 3675 3352 3729 conlitetur

1774 3782 2064 3838 Dominum
2089 3777 2292 3841 Jesum,
2318 3776 2442 3844 quia
2471 3774 2524 3828 in
2559 3771 2766 3842 Spiritu
2808 3776 2998 3823 sancto
3040 3763 3349 3828 COIlﬁIHUI',

1775 3889 1972 3932 manus
2027 3870 2147 3942 ejus
2191 3882 2356 3936 super
2385 3867 2605 3920 dorsum
2654 3860 2996 3916 inimicorum
3026 3855 3353 3911 efﬁciuntur.

1775 3967 1874 4035 Qui
1909 3941 2066 4020 enim
2095 3971 2223 4016 ante
2261 3957 2585 4012 exhibuerat
2608 3941 2850 4006 membr'a
2887 3964 2981 4003 sua
3022 3947 3230 4001 servire
3251 3944 3356 3998 ini-

1775 4057 1970 4130 qnitati
2029 4056 2096 4109 ad
2135 4049 2499 4121 iniquitatem,
2535 4057 2681 4100 nunc
2733 4056 2797 4096 ea
2847 4039 3111 4093 exhibens
3146 4036 3356 4090 servire

1766 4127 1994 4223 iustitiae
2025 4148 2081 4202 in
2123 4139 2639 4199 sanctiticationem,
2665 4133 2778 4202 jam
2811 4131 3134 4201 fugientium
3159 4143 3217 4182 se
3245 4127 3352 4180 itii-

1776 4245 2039 4300 micorum
2072 4250 2319 4299 suorum,
2349 4232 2400 4286 id
2433 4236 2516 4284 est
2541 4228 2870 4288 daunonum,
2914 4231 3064 4288 terga
3092 4225 3254 4273 vexat
3298 4225 3355 4272 et

1777 4334 1955 4393 caedit.
2005 4330 2097 4386 Sic
2130 4328 2274 4384 enim
2305 4331 2513 4393 pugnat
2552 4334 2659 4373 non
2708 4315 2862 4385 quasi
2894 4327 3072 4366 aerem
3119 4311 3353 4372 caedetis,

1778 4430 1870 4484 sed
1909 4426 2184 4481 daemones
2224 4418 2417 4488 fugans
2444 4411 2685 4482 :quique
2720 4409 2789 4461 ob
2838 4403 3034 4458 nimios
3082 4399 3358 4470 profectus

1699 4499 1744 4553 θ
1775 4521 1922 4575 velut
1944 4518 2034 4573 Dei
2057 4515 2169 4585 jam
2200 4513 2254 4568 in
2288 4525 2346 4565 se
2377 4502 2728 4576 participium
2763 4497 2968 4551 habens
3001 4493 3167 4547 etiam
3220 4490 3355 4544 ado-

1770 4614 1877 4668 rari
1915 4584 2114 4666 dicitur
2136 4623 2166 4661 a
2200 4604 2325 4659 filiis
2343 4597 2520 4654 Patris
2542 4595 2647 4649 sui.
2677 4590 2851 4645 Filios
2866 4585 3048 4641 Patris
3078 4584 3161 4639 sui
3191 4585 3351 4652 quasi

1769 4709 1822 4764 itt
1863 4702 2057 4760 morali
2090 4701 2210 4756 loco
2242 4705 2533 4765 possumus
2561 4681 2860 4750 intelligere
2906 4675 3131 4731 minoris
3175 4672 3358 4730 meriti

1770 4798 1976 4859 ﬁdeles,
2007 4793 2099 4864 qui
2145 4792 2198 4845 in
2230 4803 2297 4842 eo
2327 4785 2562 4853 majores
2608 4786 2854 4847 quosque
2897 4777 2952 4824 et
3002 4767 3357 4864 perfectiores

1768 4855 2179 4954 adorant,-quotl
2218 4892 2404 4935 eorum
2435 4887 2600 4944 opera
2646 4863 2878 4922 humiles
2909 4876 2970 4914 ac
3000 4855 3233 4926 subjeCIi
3264 4871 3355 4909 ve-

1780 4949 2124 5039 nerantur-et
2155 4973 2377 5028 laudant
2409 4987 2423 5023 :
2452 4965 2594 5021 unde
2630 4961 2695 5015 ad
2725 4954 3020 5012 Ecclesiam
3049 4949 3311 5004 dicitur"o
3343 4968 3358 5006 τ

1772 5075 2093 5132 .Adorabunt
2136 5068 2354 5136 vestigia
2379 5063 2566 5134 pedum
2604 5067 2840 5112 tuorum.

104 2813 242 2851 cerua
286 2796 526 2864 corporis
572 2793 650 2847 tui
699 2803 772 2846 est
812 2791 995 2845 oculus
1045 2799 1186 2843 tuus.
1235 2786 1482 2843 Gratifici
1530 2800 1659 2855 ergo

104 2898 214 2943 sunt
234 2886 368 2942 oculi
410 2885 508 2940 isti
539 2902 554 2938 :
587 2899 766 2940 sermo
801 2882 944 2937 enim
981 2881 1225 2936 scientiae
1265 2879 1376 2934 sale
1413 2878 1661 2933 conditus

104 2986 177 3034 est
198 2977 261 3042 “,
297 2979 352 3031 ut
384 2978 479 3032 det
529 2974 756 3044 gratiam
810 2972 1173 3028 audientibus.
1220 2970 1335 3025 Non
1386 2984 1515 3041 ergo
1567 2985 1663 3039 per

107 3073 194 3127 hoc
217 3072 384 3127 solum
423 3070 705 3142 gratificus
737 3068 964 3132 dicitur,
1000 3069 1126 3137 quia
1162 3066 1403 3121 scientia:
1445 3080 1660 3120 sermo-

103 3180 209 3219 nem
237 3163 530 3227 ministrat,
564 3163 658 3216 sed
677 3162 819 3231 quod
853 3161 1012 3214 habet
1045 3160 1098 3213 itt
1131 3175 1210 3222 se,
1244 3157 1471 3230 gratiam
1506 3156 1655 3210 facit.

105 3255 190 3309 His
213 3257 366 3318 enim,
401 3255 585 3324 inquit
617 3253 844 3322 Sapiens
872 3253 939 3316 “,
969 3252 1188 3314 auditis,
1213 3251 1419 3321 sapiens
1448 3252 1659 3319 sapien-

102 3350 196 3402 tior
213 3351 329 3402 erit.
353 3346 607 3403 Gratifici
657 3360 786 3416 ergo
820 3355 946 3399 sunt
985 3343 1125 3399 oculi
1151 3344 1266 3413 ejus
1294 3359 1323 3398 a
1355 3344 1501 3410 vino,
1530 3344 1659 3412 quia

101 3442 220 3496 nihil
247 3453 327 3497 est
357 3455 628 3511 aquarum
655 3440 706 3493 in
743 3440 907 3493 verbo
945 3437 1206 3500 scientias,
1247 3437 1380 3506 nihil
1411 3435 1660 3501 fluidum,

104 3534 220 3588 nihil
245 3533 534 3602 frigidum,
569 3531 661 3586 sed
696 3531 877 3584 vinum
899 3532 1042 3600 quod
1081 3529 1318 3584 laetificat
1351 3544 1447 3584 cor
1487 3528 1664 3583 homi-

103 3625 196 3686 nis,
218 3637 269 3680 et
296 3625 443 3695 quod
496 3622 797 3678 infunditur
828 3623 1139 3678 vulneribus
1183 3621 1329 3678 illius
1379 3622 1471 3693 qui
1527 3621 1666 3675 inci-

103 3719 169 3772 dit
201 3719 252 3774 in
292 3718 546 3772 latrones
573 3717 638 3784 “,
670 3731 778 3786 quo
811 3714 1022 3770 scilicet
1063 3715 1395 3769 audientium
1439 3713 1664 3767 vulnera

101 3820 430 3882 peccatorum
461 3826 570 3865 non
594 3808 766 3865 solum
798 3807 903 3863 olei
948 3807 1171 3861 lenitate
1204 3806 1545 3875 mitigentur,
1573 3820 1666 3860 ve-

103 3917 207 3956 rum
232 3902 396 3957 etiam
429 3903 547 3957 vini
581 3902 901 3957 austeritate
939 3907 1260 3972 purgentur.
1300 3898 1370 3952 Et
1416 3899 1532 3968 quis
1564 3907 1660 3962 est,

101 3997 260 4065 inquit
293 3995 589 4066 Apostolus
611 3995 676 4058 ⁸³,
706 3995 796 4064 qui
828 4010 907 4046 me
934 3993 1166 4060 laetiﬁcat
1185 4031 1200 4055 ,
1226 3990 1328 4043 nisi
1356 3989 1441 4059 qui
1468 3989 1665 4042 contri-

101 4097 256 4141 statur
285 4103 350 4141 ea:
376 4102 462 4141 me
489 4087 575 4142 2“
609 4085 836 4141 Candidi
864 4085 1039 4139 dentes
1074 4083 1188 4151 ejus
1235 4098 1392 4152 super
1419 4080 1520 4136 lac.
1554 4080 1666 4134 SIB-

102 4181 209 4248 pius
239 4181 304 4235 de
333 4178 706 4236 membrorum
740 4178 942 4234 Christi
966 4176 1156 4231 ordine
1193 4183 1246 4230 et
1293 4175 1501 4228 ratione
1550 4172 1662 4241 jam

103 4275 338 4340 disitnus,
381 4275 550 4345 110
595 4283 651 4329 et
687 4268 877 4327 eadem
926 4269 1266 4338 frequentius
1297 4269 1349 4323 in
1396 4267 1477 4322 eis
1528 4265 1666 4321 locis

103 4380 330 4438 repetere
367 4369 671 4425 absurdum
697 4367 932 4422 videtur.
974 4365 1172 4419 Dentes
1197 4378 1328 4433 ergo
1350 4361 1466 4429 ejus
1505 4375 1668 4429 super

104 4458 176 4515 lac
200 4461 415 4515 candidi
451 4467 616 4514 erunt
662 4457 738 4522 hi,
779 4456 867 4524 qui
902 4454 1096 4510 fortem
1130 4461 1186 4509 et
1225 4453 1458 4507 solidum
1488 4451 1664 4505 cibum

102 4555 238 4608 verbi
299 4555 392 4610 Dei
445 4553 707 4608 mandere
752 4561 808 4606 ct
862 4550 1230 4606 comminuere
1277 4548 1346 4600 ad
1401 4558 1664 4600 summam

104 4646 449 4701 subtilitatem
485 4645 738 4700 dentibus
767 4653 988 4714 possunt
1010 4657 1024 4705 ;
1045 4641 1110 4696 de
1151 4640 1346 4710 quibus
1367 4638 1497 4691 dicit
1528 4637 1672 4705 Apo-

103 4739 257 4794 stolus
284 4739 338 4793 in
364 4737 606 4806 Epistola
627 4737 691 4789 ad
722 4735 974 4790 Hebraeos
1000 4734 1045 4766 “
1072 4752 1086 4786 ε
1115 4731 1471 4799 Perfectorum
1500 4739 1673 4781 autem

103 4843 166 4884 est
187 4833 326 4885 cibus
363 4833 596 4895 solidus,
625 4829 715 4899 qui
743 4845 833 4897 pro
865 4826 1212 4896 possibilitate
1251 4823 1490 4877 sumendi
1525 4835 1674 4874 exer-

102 4929 271 4981 citatos
293 4927 494 4979 habent
515 4939 696 4977 sensus
741 4922 810 4975 ad
854 4919 1217 4973 discretionem
1262 4917 1386 4968 bont‘
1431 4922 1478 4967 et
1520 4911 1671 4965 ma'i.

108 5015 173 5069 De
201 5013 542 5084 imperfectis
589 5021 766 5065 autem
807 5008 1106 5064 Corinthiis
1138 5005 1249 5075 (27)
1277 5004 1324 5035 '°
1354 5002 1488 5056 dicit
1523 5016 1535 5051 :
1569 4997 1672 5051 Lac

105 5102 232 5156 vobis
253 5110 442 5171 potant
474 5098 614 5163 dedi,
639 5113 743 5151 non
771 5111 962 5162 escam,
985 5095 1217 5147 nondum
1242 5090 1378 5144 enim
1400 5085 1672 5157 poteratis.

1785 5256 1832 5289 '°
1861 5254 2053 5308 Matth.
2072 5264 2149 5313 v1,
2178 5246 2269 5300 22.
2385 5243 2427 5273 ⁶⁰
2450 5237 2657 5313 Coloss.
2704 5247 2779 5298 tv,
2926 5218 3357 5313 “""Drov._t,a§.

165 5277 209 5312 “
240 5276 354 5336 Jer.
389 5295 435 5335 ι.
552 5276 596 5308 ³⁷
622 5274 818 5330 Cenes.
848 5286 995 5336 XLIX,
1024 5269 1112 5326 l2.
1223 5266 1270 5300 "
1295 5263 1315 5319 ι
1337 5264 1461 5319 Cor.
1485 5279 1560 5329 vr,
1586 5261 1667 5314 15.

171 5350 271 5369 πη-
342 5367 371 5369 _-
462 5347 526 5369 ιιι
632 5347 675 5369 n
704 5346 741 5369 II
774 5347 880 5369 ρ..-
938 5358 973 5369 ι.
1045 5341 1079 5369 ο
1177 5338 1223 5369 ιι
1259 5335 1434 5369 Canna
1495 5348 1612 5369 ut:

1785 5261 1832 5289 "
1863 5261 2149 5313 Matth.v1,
2178 5261 2269 5300 ‘12.
2385 5261 2427 5273 *ν
2450 5261 2657 5294 humus.
2705 5261 2779 5298 iv,
2811 5261 2863 5284 u.
3043 5261 3057 5276 .
3229 5261 3267 5283 .,
3303 5261 3357 5272 ν.

1838 5326 1884 5358 θ’
1915 5323 2079 5369 Hebr.
2129 5334 2180 5369 ν.
2230 5314 2317 5369 14.
2396 5314 2439 5343 ⁸⁸
2467 5310 2482 5362 l
2506 5308 2632 5365 Cor.
2665 5319 2746 5369 ιιι,
2797 5301 2852 5354 2.
2926 5298 2969 5329 "
3000 5296 3157 5349 Rom.
3181 5306 3242 5356 tt,
3264 5291 3357 5344 2t.

108 5314 435 5415 “alii,”
462 5347 553 5402 54.
625 5314 675 5378 ΐ³
704 5314 899 5400 Ιιυϐοἶ.
938 5314 997 5404 ll:
1045 5341 1099 5393 2.
1144 5338 1223 5415 -ξδ
1259 5335 1461 5415 cenes.
1495 5314 1658 5415 XCIX,-

1838 5326 1884 5358 “
1911 5323 2079 5382 Hebr.
2129 5334 2180 5384 v,
2230 5314 2317 5369 14.
2396 5314 2439 5343 ⁸⁸

110 5401 532 5483 -ῑιῖὁὲξὶκίι,
589 5417 681 5472 eo.
758 5416 801 5447 σο
843 5401 1090 5477 Luc.'xv,
1137 5408 1225 5464 to.
1305 5406 1481 5463 “lsa.
1518 5401 1728 5470 1.x,H.

170 5581 279 5654 (Ὤ)
323 5581 506 5646 Alias,
532 5573 898 5646 semiperfectis
932 5580 1105 5626 autem
1150 5563 1463 5622 Corinthiis.
1854 5548 1967 5623 (28)
2014 5545 2186 5613 Alias,
2216 5539 2478 5597 subtiliter
2509 5533 2826 5590 minutatum
2856 5511 3254 5580 sustentationi.
