3902 6510
222 316 334 375 265

1663 297 1731 357 ΙΝ
1765 294 2072 356 EXODUM.

3360 293 3458 350 961'

217 434 330 491 Θεῑν
357 431 521 488 αὐτοῦ
557 425 636 502 τῷ
677 429 1007 501 βουλήματις
1046 423 1202 497 δῆλον
1227 425 1336 496 γὰρ
1369 424 1450 478 ὅτι
1498 422 1572 494 μὴ
1618 420 1795 492 βουλο-

1915 414 2228 481 norigerum
2269 409 2470 466 habere
2508 407 2776 464 mandatis
2823 408 2937 464 suis
2984 407 3320 466 Pharaonem
3350 411 3464 467 δεῖνι.

222 526 386 597 μένου
417 523 735 593 πειθόμενον
757 520 898 591 ἐχειν
925 518 1032 589 (50)
1061 514 1142 581 οἷς
1181 515 1513 586 προστάσσει
1555 512 1646 565 τὸν
1689 513 1795 564 Φαο

220 614 336 689 ραὼ
357 612 530 666 ταῦτα
559 612 705 665 δοκεί
734 609 986 677 λέγεσθαι
1025 607 1096 660 τά
1139 608 1375 678 ῥήματα.
1434 605 1556 666 Τοῖς
1591 602 1647 655 δὲ
1704 619 1796 654 πι-

222 705 435 759 στεύειν
480 702 854 774 νομιζομένοις
877 700 1142 767 διαφωνία
1169 701 1268 768 οὺχ
1313 700 1346 768 ἡ
1376 697 1612 767 τυχοῦσα
1635 693 1797 763 γεγέ-

220 814 399 866 νηται,
451 795 540 848 διὰ
596 794 690 846 τό⁹
723 811 742 844 ι
796 792 1123 862 Ἐσκλήρυνε
1180 790 1382 861 Κύριος
1432 787 1530 857 τὴν
1573 785 1798 856 καρδίαν

217 889 455 961 Φαραώο
500 907 518 940 ι
561 889 608 939 οἱ
660 886 758 956 μὲν
816 885 924 956 γὰρ
967 883 1277 955 πειθόμενοι
1328 882 1401 952 μὴ
1443 880 1599 934 ἄλλον
1654 874 1796 930 εἶναι

219 983 355 1036 Θεὸν
401 979 550 1052 παρά
587 980 678 1033 τὸν
724 978 1051 1050 δημιουργὸν
1099 975 1386 1049 φρονοῦσιν
1412 970 1487 1038 ὼς
1517 975 1626 1046 ἄρα
1658 973 1802 1026 κατά

219 1078 609 1148 ἀποκλήρωσιν
639 1076 668 1127 ὁ
693 1076 824 1140 Θεὸς
853 1075 913 1128 ὃν
932 1070 1070 1127 ϐέλει
1109 1073 1265 1136 ἐλεεῖ,
1299 1072 1356 1124 ὃν
1389 1070 1443 1123 δὲ
1466 1069 1608 1122 θέλει
1640 1068 1802 1138 σκλη-

224 1170 396 1242 ρύνει,
444 1168 621 1221 αἰτίαν
647 1168 749 1220 οὐκ
791 1167 1006 1236 ἔχοντος
1036 1162 1150 1228 τοῦ,
1188 1163 1336 1216 τόνδε
1374 1161 1472 1232 μὲν
1514 1159 1798 1222 ἐλεεῖσθαι,

217 1263 373 1315 τόνδε
404 1260 459 1312 δὲ
494 1258 889 1331 σκληρύνεσθαι
930 1259 1020 1310 ὑπ’
1055 1256 1486 1325 αὑτοῦρἝτεροι
1511 1254 1565 1306 δὲ
1599 1251 1802 1322 βέλτιον

221 1357 377 1427 παρά
401 1356 620 1417 τούτους
645 1353 954 1424 φερόμενοι,
985 1351 1116 1418 φασὶ
1139 1349 1306 1402 πολλά
1335 1349 1429 1402 καὶ
1452 1348 1584 1402 ἄλλα
1607 1343 1804 1416 κεκρύ-

218 1449 354 1519 φΘαι
386 1450 485 1519 τῆς
516 1443 738 1518 Γραφῆς
762 1445 946 1506 αὐτοῖς
968 1445 1235 1513 νοήματα,
1273 1443 1364 1495 καὶ
1384 1441 1443 1494 οὐ
1470 1440 1619 1511 παρά
1648 1438 1805 1490 τοῦτο

217 1541 324 1608 τῆς
346 1537 528 1607 ὑγιοῦς
558 1537 790 1598 πίστεως
810 1533 1104 1606 τρέπεσθαι
1126 1550 1140 1564 ο
1169 1533 1226 1586 ἓν
1247 1532 1303 1585 δὲ
1327 1531 1436 1584 τῶν
1453 1533 1804 1600 ἀποκεκρυμ-

222 1631 407 1701 μένων
442 1626 578 1682 εἶναι
630 1629 723 1682 καὶ
765 1627 854 1680 τὸν
904 1628 1032 1698 περὶ
1063 1624 1266 1696 ταύτης
1301 1625 1397 1696 τῆς
1440 1622 1657 1696 γραφῆς
1692 1621 1803 1690 (51)

218 1724 357 1792 ὑγιῆ
381 1707 555 1791 λόγον.
585 1724 649 1776 Οἱ
702 1721 758 1775 δὲ
797 1721 982 1791 ἓτερον
1025 1719 1144 1773 θεὸν
1183 1718 1482 1788 φάσκοντες
1528 1715 1676 1788 παρά
1716 1715 1804 1768 τὸν

213 1814 579 1885 δημιουργὸν,
613 1813 818 1866 δίκαιον
844 1813 941 1883 μὲν
978 1810 1139 1864 αὑτὸν
1178 1806 1315 1862 εἶναι
1341 1807 1551 1861 θέλουσι
1580 1807 1673 1860 καὶ
1703 1807 1802 1860 οὐκ

216 1906 452 1975 ἀγαθὸν,
484 1905 688 1976 σφόδρα
737 1902 1018 1966 ἰδιωτικῶς
1047 1903 1162 1974 ἅμα
1197 1902 1291 1955 καὶ
1314 1898 1526 1962 ἀσεϐῶς
1557 1898 1803 1970 ἐνεχθέν-

217 2017 340 2062 τες,
399 2000 456 2050 ἐν
510 1997 586 2067 τῷ
630 1995 883 2068 χωρίζειν
931 1992 1278 2065 δικαιοσύνην
1327 1990 1683 2061 ἀγαθότητος,
1710 1989 1805 2042 καὶ

222 2090 441 2143 οἴεσθαι
467 2090 548 2142 ὅτι
574 2086 685 2143 οἷόν
703 2088 764 2140 τέ
801 2088 916 2140 ἐστι
945 2086 1286 2155 δικαιοσύνην
1312 2080 1450 2138 εἶναι
1479 2083 1535 2135 ἕν
1568 2100 1672 2135 τινι
1702 2099 1807 2152 χω·

222 2183 317 2252 ρἰς
341 2180 674 2252 ἁγαοότητος
705 2179 936 2250 (52),κα“ι
967 2178 1278 2248 ἀγαθότητα
1298 2177 1419 2247 δίχα
1440 2173 1804 2242 δικαιοσύνηςο

215 2273 379 2342 ὅμως
409 2272 465 2324 δὲ
502 2271 594 2324 καὶ
631 2269 789 2323 τοῦτο
823 2269 1071 2338 λέγοντες
1111 2269 1331 2322 ἐναντία
1373 2271 1438 2338 τῇ
1473 2267 1578 2337 ἰδίᾳ
1603 2265 1805 2334 ὑπολή-

215 2367 320 2436 ψει
367 2365 493 2438 περὶ
525 2364 728 2418 δικαίου
771 2363 1084 2434 προσίενται
1130 2360 1288 2425 Θεοῦ,
1345 2357 1664 2430 σκληρύνειν
1709 2356 1806 2427 τὴν

218 2457 456 2529 καρδίαν
507 2455 724 2530 Φαραὼ,
783 2456 878 2510 καὶ⁵
923 2454 1122 2524 ἀπειθῆ
1171 2453 1338 2524 αὐτὴν
1381 2448 1807 2513 κατασκευάζειν

217 2549 428 2620 ἑαυτῷ.
459 2551 522 2604 Εἰ
546 2549 654 2621 γὰρ
679 2551 708 2602 ὁ
737 2549 796 2602 τὸ
819 2550 937 2601 κατ’
970 2547 1126 2613 ἀξίαν
1159 2545 1449 2615 ἀπονέμων
1478 2543 1694 2611 ἑκάστῳ
1730 2541 1808 2594 δί-

220 2660 409 2707 καιος,
437 2642 529 2696 καί
561 2643 668 2696 ἀπὸ
708 2641 809 2711 τῆς
835 2639 1042 2694 ἑαυτῶν
1078 2638 1255 2701 αἰτίας
1284 2635 1586 2707 κρείττοσιν
1617 2633 1650 2705 ἢ
1696 2633 1808 2704 χεί-

221 2753 358 2807 ροσι
396 2735 784 2806 γεγενημένοις
817 2731 1099 2795 ἀποδιδοὺς
1136 2724 1212 2783 ὧν
1243 2728 1550 2800 ἐπιτήδειον
1579 2725 1810 2779 ἕκαστον

217 2828 519 2899 τυγχάνειν
543 2828 846 2888 ἐπίσταται,
871 2824 986 2888 πῶς
1020 2823 1244 2885 δίκαιος,
1271 2821 1300 2873 ὁ
1333 2819 1604 2891 ἁμαρτίας
1631 2817 1808 2889 χείρο-

218 2940 322 2985 νος
367 2923 537 2984 αἴτιος
594 2918 882 2989 γενόμενος
930 2913 1008 2986 τῷ
1057 2913 1288 2986 Φαραώ;
1337 2912 1430 2966 καὶ
1477 2912 1576 2982 ούχ
1623 2909 1810 2974 ἁπλῶς

219 3012 428 3077 αἴ-ἔιος,
463 3011 573 3064 ἀλλ’
607 3011 728 3063 ὅσον
761 3008 868 3080 (55)
899 3007 983 3076 ἐφ’
1007 3002 1085 3071 οἷς
1113 3009 1308 3060 ἐκεῖνοι
1348 3003 1654 3069 ἐξεδέξαντο
1687 3021 1811 3056 συν-

1898 522 2026 563 esse
2063 504 2250 560 verba.
2277 501 2350 562 lis
2382 512 2568 558 autem
2601 503 2688 575 qui
2720 504 2943 559 credere
2966 512 3240 573 putantur,
3266 519 3370 559 non
3393 504 3443 558 le

1899 601 1981 654 vis
2012 595 2379 652 controversia
2410 595 2655 649 exoritur
2691 610 2753 649 ex
2794 595 2878 650 his
2915 595 3100 652 verbis
3129 611 3144 650 :
3185 615 3203 648 ι
3239 595 3466 651 Indura-

1899 693 1976 745 vit
2007 690 2269 745 Dominus
2321 703 2416 744 cor
2464 687 2782 744 Pharaonis.
2832 707 2851 742 ι
2886 688 2988 756 Qui
3045 690 3187 744 enim
3239 692 3472 745 credunt

1902 784 2067 838 Deum
2111 799 2216 837 non
2249 782 2409 835 alium
2456 796 2576 836 esse
2605 797 2764 850 quam
2822 782 3007 837 mundi
3038 783 3306 852 opilicem,
3345 798 3470 838 sen-

1904 878 2044 932 tiunt
2072 878 2234 932 Deum
2270 875 2513 942 fortuito,
2546 875 2700 942 cujus
2734 875 2860 942 vnlt,
2906 877 3178 942 misereri,
3204 886 3259 932 et
3303 893 3465 947 quem

1903 969 2035 1034 vult,
2072 969 2350 1034 indurare,
2389 983 2511 1024 cum
2543 983 2705 1022 causa
2743 968 2887 1022 nulla
2924 968 3016 1032 sit,
3049 985 3148 1024 cur
3189 968 3348 1038 hujus
3373 971 3469 1023 mi-

1904 1071 2171 1127 sereatur,
2211 1061 2352 1116 alius
2404 1063 2470 1115 ab
2503 1075 2566 1116 eo
2600 1061 2910 1118 induretur.
2939 1061 3042 1115 Alii
3076 1061 3168 1131 qui
3205 1064 3470 1130 potiorem

1904 1155 2228 1209 sententiam
2264 1162 2590 1223 sequuntur,
2623 1153 2723 1206 alia
2759 1152 2927 1206 multa
2967 1151 3261 1222 Scriptura!
3313 1154 3470 1224 112

1904 1262 2066 1304 sensa
2099 1246 2201 1300 sibi
2234 1245 2550 1300 abscondita
2603 1259 2722 1300 esse
2757 1245 2982 1310 dicunt;
3046 1258 3146 1298 nec
3181 1259 3240 1299 se
3282 1246 3402 1300 ideo
3442 1261 3473 1298 a

1905 1355 2052 1396 recta
2087 1342 2192 1395 ﬁde
2226 1342 2394 1396 averti
2430 1356 2636 1396 :unum
2671 1355 2802 1395 vero
2837 1355 2903 1396 ex
2929 1341 3222 1394 reconditis
3242 1355 3360 1396 esse
3383 1357 3473 1396 sa-

1906 1450 2028 1488 nam
2066 1432 2228 1500 hujus
2271 1432 2373 1487 loci
2432 1433 2962 1502 interpretationem.
3024 1429 3192 1485 Tertii
3253 1432 3472 1500 quidam

1907 1526 2070 1579 alimn
2106 1539 2226 1580 esse
2253 1525 2420 1579 Deum
2452 1528 2519 1578 ab
2544 1523 2756 1593 opiﬁce,
2793 1534 2846 1578 et
2877 1522 3082 1590 justum
3120 1539 3239 1579 esse
3264 1523 3472 1590 volunt,

1908 1619 2002 1674 sed
2032 1634 2136 1674 non
2171 1620 2394 1681 bonum,
2431 1617 2594 1672 stulte
2625 1617 2676 1670 id
2706 1617 2920 1683 quidem
2953 1625 3006 1670 et
3033 1616 3215 1684 impie,
3241 1632 3363 1672 cum
3388 1617 3476 1686 ju-

1908 1711 2111 1770 stitiam
2158 1726 2186 1764 a
2229 1711 2471 1764 bonitate
2522 1718 2795 1779 separant,
2830 1719 2885 1763 et
2923 1717 3112 1778 putant
3153 1709 3265 1764 ﬁeri
3317 1725 3475 1778 posse

1911 1812 1968 1858 ut
1997 1803 2121 1872 quis
2150 1802 2419 1874 justitiam
2451 1803 2648 1856 habeat
2673 1803 2793 1856 sine
2819 1802 3059 1858 bonitate
3086 1811 3134 1856 et
3177 1803 3475 1859 bonitatem

1907 1895 2028 1950 sine
2053 1895 2298 1961 justitia;
2326 1893 2415 1964 qni
2443 1895 2540 1947 etsi
2573 1893 2677 1948 boe
2707 1893 2911 1958 dicunt,
2940 1894 3179 1962 opinioni
3211 1908 3320 1950 suae
3348 1909 3477 1950 con-

1911 1987 2076 2041 traria
2120 1986 2187 2038 de
2228 1986 2377 2054 justo
2422 1983 2532 2038 Deo
2581 1984 2893 2049 admittunt,
2930 1985 3182 2039 nimirum
3220 1985 3477 2040 indurare

1912 2082 2084 2150 ipsum
2117 2093 2213 2133 cur
2234 2077 2558 2140 Pharaonis,
2585 2085 2639 2130 et
2676 2075 2808 2130 illud
2854 2077 2958 2132 sibi
2995 2077 3178 2133 facere
3225 2078 3472 2134 immori-

1909 2187 2116 2242 gernm.
2150 2169 2206 2224 Si
2231 2171 2372 2224 cnim
2404 2171 2449 2223 is
2475 2177 2560 2222 est
2591 2166 2788 2235 justus,
2822 2169 2910 2239 qui
2939 2184 3036 2238 pro
3068 2170 3327 2240 dignitate
3357 2171 3478 2225 uni-

1908 2263 2105 2330 cuique
2141 2259 2352 2321 tribuit,
2391 2267 2442 2314 et
2481 2258 2564 2323 iis,
2613 2258 2703 2327 qui
2735 2272 2801 2312 ex
2847 2273 2906 2312 se
2939 2258 3186 2314 meliores
3215 2261 3298 2314 vel
3331 2261 3477 2316 dete—

1909 2356 2087 2410 riores
2111 2353 2407 2415 evaserint,
2441 2350 2616 2404 reddit
2637 2365 2757 2418 quae
2794 2351 3084 2419 unicuique
3109 2352 3349 2421 ipsorum
3382 2368 3478 2406 no-

1912 2447 2130 2499 vitesse
2162 2446 2353 2498 idonea
2395 2459 2408 2495 :
2447 2441 2717 2509 quomodo
2747 2441 2924 2510 justus
2951 2449 3052 2503 est.
3089 2443 3180 2512 qui
3214 2443 3480 2512 gravioris

1911 2537 2116 2609 peccati
2152 2550 2310 2591 causa
2361 2533 2630 2588 Pharaoni
2677 2531 2814 2586 l’uit?
2863 2532 2966 2586 Sed
3001 2547 3107 2587 non
3161 2533 3480 2604 simpliciter

1915 2641 2101 2691 causa,
2131 2627 2223 2681 sed
2257 2626 2309 2678 in
2335 2631 2597 2695 quantum
2629 2637 2688 2676 ea
2730 2635 2849 2691 quae
2892 2621 2968 2676 illi
3004 2633 3356 2693 susceperunt
3386 2625 3480 2677 ad-

1905 2710 2066 2787 juvit,
2097 2727 2154 2772 ut
2192 2717 2346 2772 ﬁeret
2379 2717 2493 2786 ipse
2525 2714 2916 2783 injustissimns
2951 2728 2966 2768 :
3001 2716 3095 2784 qui
3138 2717 3282 2771 enim
3325 2716 3481 2770 induo

1912 2812 2181 2866 rationem
2236 2809 2416 2862 cordis
2472 2806 2774 2862 Pharaonis
2835 2807 2902 2860 ad
2957 2806 3159 2862 nullam
3234 2806 3481 2864 referunt

1913 2902 2129 2972 dignam
2175 2898 2321 2966 justo
2369 2897 2482 2950 Deo
2524 2897 2880 2958 voluntatem,
2927 2897 3108 2952 nescio
3163 2912 3271 2968 quo
3323 2907 3480 2968 pacto

1903 2993 2112 3063 justum
2158 2993 2346 3052 Dcnm,
2392 2988 2494 3043 etsi
2544 2996 2601 3042 ut
2655 2987 2926 3056 exponitis
2953 2989 3143 3056 velint,
3193 2990 3484 3049 ostendere

218 3105 473 3175 εργήσας
525 3102 604 3164 εἰς
644 3099 705 3154 τὺ
731 3097 981 3168 γενέσθαι
1021 3096 1180 3150 αὐτὸν
1210 3093 1556 3148 ἀδικώτατον.
1577 3094 1692 3146 Ἐπ’
1722 3094 1806 3146 οὐ-

1917 3085 2148 3154 possint,
2181 3083 2268 3152 qui
2305 3081 2519 3136 induret
2555 3097 2648 3135 cor
2690 3080 3013 3136 Pharaonis.
3043 3081 3220 3148 Quare
3251 3084 3483 3154 urgendi

218 3193 320 3245 δὲν
352 3194 460 3262 γὰρ
489 3189 847 3261 ἀναφέροντες
879 3187 1026 3253 ἄξιον
1056 3185 1427 3258 προαιρέσεως
1455 3184 1664 3236 δικαίου
1689 3183 1810 3236 οεοῦ

217 3283 336 3354 τὴν
389 3282 713 3354 σκλήρυνσιν
745 3281 843 3351 τῆς
873 3278 1099 3351 καρδίας
1141 3276 1361 3348 Φαραὼ,
1395 3277 1496 3330 οὐκ
1541 3272 1639 3329 οἷδ’
1663 3277 1812 3340 ὅπως

218 3375 441 3428 δίκαιον
473 3375 612 3435 Θεὸν,
646 3374 746 3426 κᾶν
782 3372 1030 3443 καθάπερ
1059 3369 1331 3442 διηγεῖσθε
1360 3369 1675 3439 βούλωνται,
1708 3386 1810 3421 πα-

223 3467 506 3540 ραστῆσαι
534 3466 787 3519 δύνανται
815 3464 904 3518 τὸν
936 3462 1306 3538 σκληρύνοντα
1330 3461 1427 3532 τὴν
1457 3460 1682 3531 καρδίαν
1707 3462 1817 3513 Φα-

221 3559 356 3634 ραώ
377 3578 390 3592 ο
429 3560 551 3614 ὅθεν
585 3558 833 3613 θλιπτέον
861 3557 1057 3619 αὐτοὺς
1087 3557 1143 3608 ἐν
1169 3557 1280 3618 τοῖς
1307 3553 1448 3608 κατά
1471 3553 1562 3605 τὸν
1593 3551 1815 3624 προκεί-

223 3671 400 3726 μενον
441 3653 624 3717 τόπον,
661 3653 806 3715 ὅπως
850 3650 968 3721 ἤτοι
1009 3649 1400 3720 παραστήσωσι
1440 3645 1556 3708 πῶς
1605 3645 1813 3706 δίκαιος

221 3746 550 3818 σκληρύνει,
577 3745 611 3815 ἦ
642 3744 986 3815 τολμήσωσιν
1008 3743 1203 3805 εἰπεῖν,
1231 3741 1313 3793 ὅτι
1337 3739 1458 3792 ἐπεὶ
1494 3735 1808 3808 σκληρύνει,

221 3838 476 3909 πονηρὸς
500 3834 914 3907 όΔημιουργός·
960 3832 993 3903 ἢ
1031 3832 1164 3902 μήτε
1206 3827 1564 3898 εὐποροῦντες
1597 3825 1812 3880 ἀποδεί-

259 3949 375 3985 εων
407 3930 542 4002 πρὸς
588 3930 648 3982 τὸ
690 3929 780 3982 τὸν
815 3929 1022 3982 δίκαιον
1055 3922 1441 3995 σκληρυντικὸν
1478 3917 1614 3973 εἷναί
1645 3935 1807 3980 τινος,

225 4028 381 4097 μήτε
410 4023 713 4096 τολμῶντες
745 4023 805 4075 τὸ
850 4022 941 4073 ἐπὶ
976 4019 1224 4073 τοσοῦτον
1269 4016 1462 4078 ἀσεϐὲς
1511 4013 1620 4085 (54)
1653 4011 1815 4084 προέ-

224 4115 368 4170 σθαι
384 4117 512 4186 περὶ
525 4113 618 4168 τοῦ
649 4113 932 4174 κτίσαντος
951 4110 1024 4174 ὡς
1048 4106 1304 4178 πονηροῦ,
1327 4103 1711 4174 καταφύγωσιν
1727 4100 1819 4153 ἐπὶ

221 4209 434 4280 ἑτέραν
469 4208 606 4268 ὁδὸν,
648 4203 976 4276 ὲξηγητικὴν
1012 4202 1127 4264 τοῦ,
1165 4221 1182 4253 ι
1230 4199 1557 4270 Ἐσκλήρυνε
1610 4196 1812 4267 Κύριος

222 4303 344 4374 τὴν
378 4301 602 4375 καρδίαν
627 4298 846 4372 Φαραὼ,
886 4318 904 4350 ι
944 4295 1279 4358 ἀποστάντες
1309 4292 1400 4346 τοῦ
1432 4294 1496 4345 ἐκ
1534 4289 1626 4344 τοῦ
1667 4289 1818 4359 νομί-

311 4515 429 4586 (το)
453 4510 1218 4586 Βουλομένου-πειθόμενον
1243 4505 1428 4586 ἕχειγ,
1457 4509 1574 4586 etc.
1605 4500 1816 4586 Sic‘re-

225 4573 332 4644 cté
365 4573 562 4642 habent
593 4573 900 4638 I’itilocalim
930 4573 1332 4644 manuscriptai,
1373 4576 1424 4627 in
1457 4573 1608 4644 libris
1638 4578 1818 4623 autem

229 4641 408 4713 antea
445 4657 606 4711 editis
635 4671 734 4724 pro
762 4651 1086 4725 βουλομένου
1137 4641 1332 4725 legitur
1372 4641 1714 4725 βουλύμενος,
1766 4648 1822 4725 et

227 4707 473 4792 insuper
500 4707 842 4781 desu'ntibtee
865 4707 1031 4776 verba
1064 4734 1077 4770 :
1114 4707 1287 4772 ταῦτα
1303 4707 1449 4768 δοκεῖ
1473 4707 1722 4781 λέγεσθαι
1754 4707 1822 4762 τὰ

405 4814 488 4850 τα.

229 4799 488 4884 ρήἣατα·
571 4868 580 4877 .
731 4867 741 4876 .
880 4863 890 4874 .
1215 4857 1226 4875 ,
1273 4856 1298 4866 -
1407 4854 1432 4866 -
1655 4849 1680 4860 -

319 4871 437 4938 (al)
485 4864 775 4938 Philoculm
811 4863 974 4938 edita,
1012 4861 1140 4938 περὶ
1168 4872 1338 4938 etp-sq;
1372 4871 1470 4938 της
1503 4866 1741 4938 γραφῆςἶ

320 4921 436 5006 ῖὸἐξ
463 4937 572 4992 Καὶ
613 4935 838 5006 οἴεσθαι
880 4921 970 5006 ὅτι
1007 4921 1137 5006 οᾲῖιᾷν
1159 4927 1220 4981 τέ
1251 4921 1382 5006 ἐστι
1427 4921 1820 5006 δικαιοσύνην

225 4993 402 5064 ablat
421 4993 506 5061 ’ἐν
553 5024 668 5061 τινι
697 5004 873 5074 χωρὶς
902 5001 1282 5074 ἀγαθότῃτος.
1305 4995 1456 5074 _H:ee
1503 4993 1818 5046 desideran-

234 5092 343 5135 tur
379 5083 428 5132 in
463 5080 613 5132 libris
649 5066 804 5130 antea
834 5066 1013 5135 editis,
1045 5071 1137 5125 sed
1166 5066 1479 5135 supplentur
1517 5079 1547 5116 e
1579 5075 1708 5135 mss.

322 5129 436 5218 (33)
461 5129 673 5213 Ᾰῗτιος,
703 5129 1037 5218 autem»,
1075 5149 1184 5195 etc.
1212 5129 1360 5190 Alias
1398 5136 1571 5196 deest,
1621 5129 1816 5192 αἴτιος,

228 5215 395 5292 quod
421 5215 713 5292 restituunt
744 5215 956 5292 codices
986 5227 1114 5266 mss.

321 5271 439 5357 (54)
469 5271 654 5352 »Μήτε
689 5283 1021 5357 τολμῶντες
1067 5280 1134 5334 τὸ
1194 5273 1623 5357 ἐπί-τοσοῦτον
1651 5271 1816 5357 ,ἀσε-

231 5341 644 5426 ϐέξνῖἐιοξὲίο
679 5341 825 5412 reete
857 5341 1061 5426 habent
1103 5365 1245 5426 mss._
1270 5348 1405 5426 hlale
1428 5356 1606 5426 autem
1645 5341 1822 5426 Phil?-

230 5409 393 5487 251‘s;
600 5409 761 5499 μήτε
794 5423 1098 5499 τολμῶντες
1137 5420 1320 5499 τὸ-ἐπὶ
1347 5414 1612 5470 τοσούτων
1654 5409 1818 5499 προέ-

233 5481 783 5563 σδᾶξοιέξῖὶιδὶῑιὶι
824 5481 1153 5562 Epiphanius
1192 5492 1574 5563 _ltteres._i_u.tt,
1607 5497 1724 5548 cap.
1760 5481 1814 5543 5,

231 5574 306 5633 6.
341 5556 400 5636 7,,
437 5571 524 5635 13,
557 5579 754 5638 przeter
782 5556 886 5621 duo
911 5556 1006 5638 illa
1032 5560 1315 5638 principia.
1342 5556 1818 5638 Opiﬁcelntttttttpe

229 5628 489 5711 indicem
511 5628 588 5693 ἐἰ
637 5639 873 5711 jnstu_m_
907 5645 960 5688 et
996 5628 1234 5711 bonum"
1270 5628 1476 5691 Deum,
1524 5628 1744 5702 tertium
1769 5636 1815 5711 Et

234 5693 532 5768 'Maircione
562 5693 729 5763 fuisse
787 5707 1084 5764 inductum,
1133 5699 1330 5754 malum
1377 5693 1740 5768 netnpe,iqui_
1764 5701 1820 5743 et

564 5762 749 5833 Trium
790 5792 918 5844 ergo
941 5762 1160 5828 suorum
1193 5762 1577 5842 principiorum
1607 5767 1706 5818 hoc
1728 5762 1816 5816 b0-

615 5877 887 5936 l’ntwL.
933 5871 1048 5929 Gn.
1098 5865 1235 5926 ΧΠ.

1915 3186 2044 3232 sunt
2082 3176 2134 3228 in
2171 3173 2238 3228 iis
2271 3189 2391 3244 quae
2418 3173 2482 3228 ad
2525 3172 2672 3226 hunc
2709 3171 2885 3226 locum
2921 3170 3150 3240 faciunt,
3189 3181 3248 3228 ut
3280 3174 3362 3230 vel
3388 3188 3484 3230 ex-

1915 3269 2119 3340 plicent
2143 3267 2412 3337 quomodo
2435 3265 2613 3336 justus
2645 3265 2882 3331 induret,
2908 3264 2991 3320 vel
3015 3266 3198 3322 dicere
3227 3265 3481 3334 audeant,

1913 3360 2037 3430 quia
2091 3358 2328 3420 indurat,
2375 3355 2574 3409 malum
2611 3371 2733 3410 esse
2775 3357 3067 3426 Opiticem;
3113 3356 3199 3411 vel
3237 3373 3361 3412 eum
3392 3357 3488 3412 de-

1917 3457 2232 3502 monstrare
2285 3462 2391 3499 non
2432 3446 2640 3515 possint
2678 3445 2886 3514 justum
2935 3447 3172 3518 aliquem
3209 3449 3484 3517 indurare,

1916 3554 2016 3593 nec
2038 3553 2103 3592 eo
2134 3537 2429 3608 procedere
2459 3536 2714 3600 audeant,
2747 3545 2806 3591 ut
2840 3536 3101 3606 Opiticem
3138 3538 3337 3592 malum
3369 3554 3488 3595 esse

1916 3632 2124 3693 dicant,
2167 3631 2233 3684 ad
2265 3630 2426 3683 aliam
2459 3628 2599 3682 viam
2634 3629 2973 3699 confugiant,
3019 3643 3122 3698 qua
3165 3629 3438 3698 explicent
3468 3644 3483 3681 :

1923 3741 1942 3774 ι
1981 3720 2258 3775 lndnravit
2287 3719 2547 3773 Dominus
2583 3734 2675 3772 cor
2707 3717 3040 3791 Pharaonis;
3079 3737 3098 3770 ι
3147 3728 3201 3772 et
3234 3719 3490 3775 desinant

1919 3835 1981 3874 ex
2012 3833 2077 3872 eo
2105 3816 2247 3886 quod
2276 3817 2442 3870 verba
2479 3813 2790 3880 intelligere
2816 3829 2874 3869 se
2902 3823 3116 3883 putant,
3148 3815 3392 3885 proprias
3422 3817 3490 3873 de

1913 3912 2062 3982 justo
2091 3911 2198 3964 Deo
2253 3907 2558 3963 sententias
2608 3907 2814 3961 tollere.
2853 3906 3116 3976 Denique,
3149 3908 3396 3978 quisquis
3421 3909 3493 3964 sit

1921 4003 2082 4071 hujus
2105 4000 2377 4056 sermonis
2415 4014 2629 4064 sensus,
2667 3999 2916 4069 ignorare
2944 4013 3001 4053 se
3034 3998 3329 4054 fateantur.
3366 3999 3494 4057 Haec

1929 4096 2092 4166 igitur
2137 4094 2200 4148 de
2251 4093 2361 4148 Deo
2411 4091 2462 4145 in
2517 4091 2796 4160 proposita
2846 4089 3148 4158 quaestione
3178 4105 3276 4161 per
3311 4101 3494 4160 partes

1924 4190 2034 4245 sint
2063 4187 2347 4258 inquisita.
2398 4185 2664 4253 Quoniam
2722 4183 3018 4238 autem-ad
3064 4182 3245 4237 locum
3286 4185 3352 4238 de
3395 4201 3494 4238 na-

1927 4294 2068 4346 tura,
2105 4281 2139 4333 ii
2173 4279 2262 4349 qui
2293 4277 2501 4346 aliqnos
2524 4275 2840 4332 existimant
2862 4274 2914 4331 in
2941 4275 3302 4347 perditionem
3331 4287 3384 4333 et
3415 4279 3498 4332 itt-

1852 4501 1897 4554 ι)
1926 4509 2082 4555 num,
2109 4491 2313 4561 justum
2344 4487 2496 4561 illud,
2535 4487 2751 4561 tertium
2807 4484 3008 4561 malum
3061 4497 3182 4561 esse
3235 4482 3493 4561 tingebat.

1927 4553 2132 4617 Auctor
2159 4559 2356 4629 dialogi
2389 4557 2464 4629 De
2497 4558 2791 4629 orthodoxa
2836 4556 2942 4622 ﬁde
2988 4557 3260 4629 quosdam
3303 4553 3498 4629 scribit

1931 4651 1961 4685 e
1996 4630 2284 4687 Marcionis
2309 4623 2497 4684 schola
2543 4629 2644 4680 tria
2677 4627 2789 4679 haec
2841 4623 3046 4693 ponere
3087 4623 3382 4694 principia;
3419 4623 3492 4676 ita

1929 4713 1986 4756 ut
2013 4701 2340 4772 principium
2371 4701 2569 4772 bonum
2599 4695 2800 4772 justum
2833 4691 2936 4748 non
2970 4691 3328 4772 sig—justum
3363 4691 3491 4746 item

1927 4763 2034 4828 non
2062 4773 2136 4826 sit
2169 4763 2365 4825 bonum
2391 4783 2407 4830 ;
2442 4766 2640 4820 malum
2667 4779 2764 4819 nec
2781 4764 2982 4834 justum
3013 4765 3105 4826 sit,
3131 4777 3228 4818 nec
3253 4763 3450 4818 bonum
3477 4774 3494 4813 :

1929 4844 2064 4897 alios
2097 4855 2224 4894 vero
2265 4853 2331 4893 ex
2359 4837 2548 4891 eadem
2598 4835 2784 4890 schola
2834 4837 2942 4890 (luo
2985 4843 3221 4898 tantum,
3271 4841 3329 4886 ut
3371 4846 3496 4886 mox

1930 4911 2291 4973 ostendimus,
2325 4916 2562 4960 statuere
2594 4902 2885 4974 principia,
2923 4907 3122 4959 bonum
3172 4913 3249 4974 et,
3271 4901 3492 4974 malum.

1930 4983 2207 5037 Christum
2239 4970 2416 5032 autem
2447 4970 2640 5044 opilice
2669 4970 2854 5028 natum
2883 4975 3102 5043 qttidam
3129 4989 3161 5028 e
3205 4970 3498 5044 Marcioni-

1929 5054 2033 5120 tis;
2076 5051 2166 5104 alii
2213 5064 2280 5103 ex
2317 5042 2598 5120 illis_ma_lo
2622 5042 2961 5120 progenitum
2995 5059 3116 5120 eum
3160 5042 3493 5120 statuebant.

1926 5121 1982 5174 Id
2020 5113 2390 5178 commentum
2425 5113 2897 5185 Syrino’cuidam,
2923 5129 3029 5168 non
3051 5113 3348 5185 _Mareioni,
3382 5113 3492 5185 En-

1926 5194 2138 5246 sebium
2172 5181 2489 5254 ascripsisse
2536 5188 2766 5240 testatur
2816 5195 3010 5238 auctor
3045 5181 3419 5254 Pra'destinati
3464 5197 3494 5234 a

1929 5261 2223 5317 Sirmundo
2259 5253 2386 5312 editi
2443 5256 2541 5309 lib.
2592 5271 2608 5308 ι
2667 5257 2858 5309 haeres.
2889 5255 2980 5309 21.
3012 5255 3082 5308 At
3129 5253 3495 5308 Tertullianus

1929 5332 2021 5387 lib.
2055 5348 2073 5386 ι
2125 5332 2244 5383 adv.
2287 5326 2636 5388 Marcionem,
2664 5340 2784 5389 cap.
2824 5324 2880 5388 6,
2932 5325 3039 5379 duo
3081 5324 3345 5378 duntaxat
3400 5334 3496 5389 po-

1926 5404 2102 5458 suisse
2127 5400 2277 5454 illnm
2326 5397 2590 5466 principia
2635 5396 2832 5450 asserit
2873 5413 2887 5450 :
2926 5412 2945 5445 ι
2987 5395 3264 5462 Alioquin,
3296 5392 3495 5466 inquit,

1921 5476 2056 5529 certi
2082 5461 2413 5526 Marcionem
2438 5461 2681 5534 dispares
2701 5467 2829 5520 deos
2857 5461 3225 5528 constituere;
3263 5461 3498 5534 alterum

1913 5543 2178 5611 jud‘icem,
2208 5539 2401 5601 ferum,
2425 5531 2863 5611 bellipotentem;
2891 5536 3119 5588 alterum
3150 5534 3354 5611 mitem,
3386 5531 3500 5600 pla-

1919 5602 2126 5678 cidum,
2163 5602 2250 5666 ἐι
2299 5602 2671 5664 tantummodo
2712 5608 2911 5664 bonum
2957 5614 3117 5674 atque
3145 5602 3430 5674 optimum.
3472 5616 3492 5652 ι

1921 5687 2184 5742 Ιιυετιυε.

3211 5834 3248 5894 9
