3902 6518
483 279 590 364 sin

1895 283 2058 365 o'mc

2181 309 2262 364 ss
3278 375 3290 390 ,
3603 319 3681 375 ιιι

487 429 708 483 teritum
743 441 861 484 esse
908 428 1100 494 factos,
1136 425 1246 481 hinc
1300 429 1464 482 etiam
1515 429 1813 494 adducunt,
1845 432 2058 500 probari

2176 429 2283 494 ζειν
2329 430 2396 483 τὰ
2431 429 2573 483 κατά
2617 428 2713 492 τὰς
2756 427 2928 492 λέξεις
2980 429 3142 490 νοεῖν,
3173 425 3273 490 τὰς
3320 427 3446 493 ἰδίας
3490 431 3684 506 ἀναιρεῖν

487 520 812 576 sententiam
839 519 994 589 113
1029 532 1178 573 suam
1205 517 1272 573 iis
1291 519 1502 574 verbis:
1534 539 1550 572 ι
1587 521 1862 575 Induravit
1884 520 2066 575 υοιιι·ἰ-

486 628 593 667 nus
625 627 718 666 cor
748 608 1044 664 Pharaonis
1071 625 1084 675 ;
1123 628 1142 661 ι
1184 623 1282 678 age
1312 619 1364 666 et
1397 611 1465 666 de
1493 612 1577 667 his
1610 612 1740 667 istos
1770 618 2067 682 interroge-

487 720 631 760 mus.
670 703 769 768 Qui
804 703 1055 756 conditus
1096 709 1178 757 est
1213 701 1265 753 in
1302 703 1604 770 interitum,
1646 704 1778 758 nihil
1830 719 2063 773 unquam

485 796 613 850 boni
665 796 842 848 facere
877 803 1075 864 potest,
1129 809 1250 848 cum
1287 795 1386 862 ipsi
1444 794 1508 846 ad
1555 795 1778 849 honesta
1825 797 2065 850 tendenti

485 895 678 943 natura
713 885 824 954 ipsa
871 895 1156 954 repugnet.
1203 884 1342 951 Quid
1375 901 1504 954 ergo
1546 902 1680 953 opus
1707 896 1788 941 est
1816 886 2064 941 Pharao-

487 994 629 1041 nem,
663 977 852 1043 filiutn,
883 987 940 1031 ut
966 977 1164 1042 dicitis,
1199 979 1469 1042 interitus,
1504 994 1532 1032 a
1568 980 1675 1033 Deo
1704 980 1965 1043 indurari,
2001 997 2067 1034 ne

487 1070 743 1139 populum
775 1069 1054 1124 dimittat?
1081 1069 1124 1124 si
1171 1070 1314 1124 enim
1339 1086 1443 1124 non
1475 1073 1616 1126 foret
1655 1071 1958 1138 induratus,
1983 1073 2067 1125 di-

488 1167 747 1221 misisset.
817 1167 893 1221 De
951 1168 1042 1222 illo
1096 1169 1258 1237 igitur
1289 1169 1392 1222 hoc
1444 1169 1600 1220 modo
1652 1170 2060 1234 respondeant:

487 1259 618 1328 quid
646 1258 863 1315 fecisset
885 1259 1119 1325 Pharao,
1151 1261 1250 1315 nisi
1279 1260 1469 1314 fuisset
1491 1261 1813 1313 induratus?
1839 1260 1893 1313 Si
1915 1259 2062 1314 enim

489 1351 786 1406 dimisisset
817 1368 919 1407 non
952 1352 1252 1417 induratus,
1283 1367 1386 1405 non
1422 1361 1534 1406 erat
1572 1351 1793 1420 perdita:
1822 1359 2061 1413 natum;

488 1452 544 1494 at
574 1442 620 1497 si
660 1457 768 1497 non
810 1443 1129 1510 dimisisset,
1175 1444 1311 1497 nihil
1351 1457 1570 1498 necesse
1603 1453 1723 1496 erat
1773 1443 1944 1511 ipsius
1973 1455 2067 1495 cor

489 1534 729 1589 indttrari
756 1549 774 1590 :
807 1550 906 1590 nec
933 1536 1078 1589 enim
1099 1535 1601 1600 diinisisset,'etiam
1623 1551 1727 1588 non
1757 1535 2062 1588 induratus.

490 1626 736 1692 Quanam
791 1637 970 1682 autem
1017 1628 1232 1684 actione
1279 1640 1330 1684 et
1365 1629 1414 1681 vi
1454 1629 1504 1681 in
1552 1627 1902 1698 principalem
1950 1630 2064 1695 ejus

491 1717 802 1773 facultatem
825 1718 999 1788 ipsum
1028 1719 1341 1772 induravit?
1361 1731 1416 1773 et
1453 1721 1723 1788 quomodo
1752 1734 1874 1774 eum
1902 1735 2065 1774 accu-

423 1813 430 1818 ’
490 1817 595 1875 sat,
630 1809 816 1865 dicens
845 1827 858 1861 :
890 1829 907 1862 ι
946 1811 1079 1877 Quia
1108 1827 1210 1864 non
1245 1812 1590 1880 obtemperas
1624 1811 1776 1877 mihi,
1812 1827 1941 1866 ecce
1967 1827 2064 1882 ego

492 1900 817 1957 interﬁciatn
861 1902 1040 1957 omnia
1089 1903 1447 1972 primogenita
1492 1913 1602 1966 tua,
1658 1913 1710 1956 et
1741 1911 2066 1972 cognoscent

491 2004 682 2050 'omnes
730 1993 992 2066 Egyptii,
1042 1995 1167 2065 quia
1215 2009 1312 2066 ego
1359 2005 1474 2049 s‘um
1517 1995 1811 2062 Dominus;
1851 2015 1867 2049 ι
1912 1996 2064 2065 quasi

490 2097 800 2158 propterea,
862 2102 981 2157 quae
1027 2096 1286 2158 putantur
1331 2103 1586 2142 acrumnre
1622 2089 1688 2143 iis
1731 2087 2062 2157 inﬂigantur,

491 2186 548 2231 ut
574 2177 739 2231 Deum
773 2186 1125 2247 cognoscant.
1151 2178 1325 2247 Atque
1366 2179 1416 2232 in
1448 2179 1602 2234 libris
1635 2179 2064 2235 Machahaeorum

487 2269 670 2324 simile
715 2270 843 2339 quid
873 2269 1070 2324 dicitur
1112 2265 1158 2300 ἠ
1193 2287 1206 2323 :
1245 2289 1264 2321 «ι
1298 2271 1572 2327 Adhortor
1619 2288 1836 2337 omnes,
1871 2273 1966 2342 qui
1999 2273 2067 2326 li-

488 2365 646 2417 brum
678 2361 823 2417 hunc
853 2361 1063 2432 legunt,
1096 2378 1164 2417 ne
1200 2364 1437 2417 animum
1473 2366 1797 2420 contrahant
1848 2374 2069 2436 propter

488 2453 869 2508 calamitates:
916 2453 1011 2508 sed
1039 2454 1354 2508 existiment
1385 2468 1447 2508 ea
1489 2470 1607 2523 qua:
1629 2455 1908 2520 eveniunt,
1961 2470 2065 2510 non

490 2545 558 2598 ad
597 2544 848 2608 exitium,
879 2543 972 2599 sed
1010 2547 1062 2598 in
1100 2543 1439 2612 disciplinam
1475 2546 1690 2615 generis
1716 2548 1881 2600 nostri
1901 2561 2064 2601 esse:

491 2654 619 2693 nam
654 2639 744 2694 diu
788 2655 892 2694 non
923 2638 1155 2707 relinqui
1189 2639 1406 2707 impios,
1435 2641 1525 2693 sed
1568 2639 1750 2692 statim
1787 2640 1838 2693 in
1885 2655 2070 2709 pinnas

491 2730 756 2796 incidere,
811 2733 988 2801 magni
1048 2742 1131 2786 est
1188 2731 1435 2786 beuellcii
1497 2739 1894 2800 argumentum.
1952 2731 2068 2786 Non

489 2824 636 2879 enim
673 2833 731 2878 ut
762 2825 813 2878 in
843 2824 968 2878 aliis
999 2825 1254 2894 gentibus
1285 2832 1562 2893 exspectat
1587 2824 1859 2878 sustinens
1892 2823 2072 2877 Domi-

495 2931 619 2982 nus,
656 2925 714 2971 ut
743 2915 976 2986 denique
995 2917 1233 2971 dimissis
1250 2915 1486 2986 peccatis
1511 2915 1770 2982 ipsorum,
1799 2929 1894 2970 eos
1922 2925 2068 2985 post-

493 3025 559 3066 ea
617 3011 936 3075 ulciscatur,
988 3009 1061 3064 ita
1093 3018 1147 3065 et
1183 3009 1249 3063 de
1297 3008 1452 3062 nobis
1485 3009 1696 3071 statuit,
1724 3008 1816 3078 qui
1849 3008 2072 3062 calami-

2171 524 2299 594 περ).
2349 521 2560 575 δικαίου
2618 519 2741 573 Οεοῦ
2793 523 3028 591 νοήσεις.
3081 520 3153 571 Τὸ
3200 521 3255 572 δὲ
3289 521 3584 589 τελευταῖον,
3611 530 3685 584 κᾶν

2170 615 2392 684 ἀπορεῖν
2437 614 2465 666 ὃ
2507 631 2556 666 τι
2603 613 2730 666 ποτὲ
2783 615 2810 666 ὁ
2863 613 3018 681 λόγος
3076 613 3350 687 ὑποϐαλλῃ
3403 619 3684 690 ὁμολογήσω-

2171 721 2253 757 σιν
2285 704 2414 774 (55)·
2444 704 2612 758 ταῦτα
2652 705 2748 774 μὲν
2782 700 2871 758 οὖν
2899 705 3221 775 ἐσπαράχθω
3241 706 3573 778 ἐξεταζόμενα
3594 717 3688 781 περὶ

2169 793 2301 847 (Ξ)εοῦ
2367 796 2424 848 ἐν
2485 795 2562 865 τῷ
2640 795 2992 867 προκειμένῳ
3049 797 3406 867 προϐλήματι.
3470 802 3598 854 Ἐπεὶ
3645 807 3688 862 δὲ

2169 888 2249 949 εξς
2274 888 2361 940 τὸν
2401 889 2529 960 περὶ
2579 887 2791 956 φύσεως
2837 890 3000 941 τόπον
3035 889 3141 960 (56)
3186 891 3233 941 οἱ
3280 891 3688 962 ὑπολαμϐάνοντίς

2167 995 2318 1042 τινας
2365 981 2428 1031 ἐκ
2474 980 2570 1048 τῆς
2621 980 2963 1050 κατασκευῆς
3025 981 3111 1032 ἐπ’
3159 981 3398 1053 ἀπωλείᾳ
3442 990 3688 1055 γεγονέναι,

2174 1069 2268 1121 καὶ
2332 1070 2500 1122 ταῦτα
2568 1071 2811 1140 φέρουσι,
2876 1071 3124 1138 λέγοντες
3167 1071 3452 1143 δηλοῦσθαι
3500 1077 3526 1128 ὂ
3578 1079 3688 1133 aea-

2169 1179 2356 1216 σκουσι
2392 1163 2477 1214 διὰ
2511 1163 2602 1215 τοῦ
2643 1183 2658 1212 ι
2701 1163 3060 1233 ἐσκληρυνθαι
3096 1165 3201 1216 ὑπὸ
3234 1166 3433 1235 Κυρίου
3469 1167 3555 1237 τὴν
3589 1188 3690 1242 καρ-

2165 1255 2284 1308 δίαν
2341 1254 2566 1326 Φαραὼ,
2600 1273 2618 1305 ι
2675 1254 2808 1326 φέρε
2847 1254 3018 1307 ταῦτα
3061 1256 3239 1308 αὐτῶν
3269 1255 3696 1328 πυνθανώμεθαὈ

2166 1348 2251 1400 ἐπ’
2292 1347 2534 1417 ἀπωλείᾳ.
2573 1347 2829 1410 κτισθεὶς,
2871 1349 2970 1400 οὐκ
3018 1348 3083 1401 ἄν
3133 1366 3258 1401 ποτε
3292 1349 3508 1420 ποιῆσαί
3543 1356 3690 1408 τιτῶν

2165 1440 2490 1512 κρειττόνων
2516 1439 2749 1504 δύναιτο,
2777 1441 2943 1510 αὐτῆς
2968 1441 3066 1510 τῆς
3100 1443 3506 1513 ἐνυπαρχούσης
3527 1446 3692 1513 φύσεως

2167 1531 2633 1602 ἀντιπραττούσης
2681 1531 2828 1602 αὐτῷ
2863 1533 2997 1602 πρὸς
3047 1533 3114 1584 τὰ
3152 1534 3309 1586 καλά.
3345 1535 3436 1597 Τίς
3470 1531 3551 1588 οὖν
3576 1537 3694 1607 χρεία

2165 1627 2255 1680 τὸν
2300 1626 2518 1699 Φαραὼ,
2569 1627 2862 1691 ἀπωλείας,
2915 1627 2988 1690 ῶς
3037 1644 3192 1696 φατε,
3228 1628 3338 1680 υἱον
3393 1630 3694 1698 τυγχάνοντα,

2173 1719 2572 1790 σκληρύνεσοαι
2621 1719 2725 1771 ὑπὸ
2758 1719 2851 1772 τοῦ
2889 1718 3047 1781 Θεοῦ,
3079 1720 3166 1772 ἵνα
3203 1721 3276 1789 μὴ
3313 1723 3589 1794 ἀποστείλῃ
3631 1726 3695 1777 τὸν

2167 1811 2326 1875 λαόν;
2365 1813 2425 1864 El
2459 1811 2568 1882 γὰρ
2595 1812 2667 1882 μὴ
2703 1811 3080 1882 ἐσκληρύνετο,
3113 1811 3428 1864 ἀπέστειλεν
3466 1813 3541 1867 ἄν.
3583 1816 3700 1868 Ἀπο-

2167 1903 2536 1975 κρινέσοωσαν
2571 1903 2636 1973 δὴ
2665 1903 2790 1974 περ).
2827 1903 3015 1956 τούτου
3049 1903 3318 1972 λέγοντες,
3357 1906 3407 1957 τί
3437 1905 3496 1957 ἂν
3526 1908 3698 1976 ἐποίησε

2165 1993 2362 2064 Φαραὼ
2409 1993 2458 2044 εἰ
2514 1992 2588 2064 μὴ
2619 1993 2994 2064 ἐσκληρύνῢης
3037 1995 3096 2046 Εἰ
3135 1995 3234 2063 μὲν
3279 1995 3392 2065 γὰρ
3424 1996 3606 2050 ἀπέλυε
3645 2001 3699 2070 μὴ

2169 2085 2539 2156 σκληρυνθεὶς,
2563 2086 2680 2156 οὐχ).
2717 2085 2930 2155 φύσεως
2963 2087 3340 2159 ἀπολλυμένης
3373 2085 3457 2158 ἦν·
3492 2092 3535 2141 εί
3566 2090 3611 2141 δὲ
3647 2094 3699 2161 μὴ

2168 2174 2393 2235 ἀπέλυε,
2441 2173 2699 2245 περισσὸν
2747 2175 2805 2227 τὸ
2849 2173 3243 2247 σκληρύνεσθαι
3278 2177 3445 2229 αὐτοῦ
3496 2179 3580 2248 τὴν
3607 2197 3703 2251 καρ-

2167 2267 2303 2330 δίαν,
2342 2267 2542 2338 ὁμοίως
2573 2268 2680 2338 γὰρ
2705 2269 2803 2320 οὐκ
2837 2268 3035 2321 ἀπέλυε
3058 2269 3150 2322 καὶ
3184 2270 3256 2340 μὴ
3291 2271 3639 2340 σκληρυνθείς.
3657 2273 3704 2324 Τί

2166 2359 2224 2413 δὲ
2255 2359 2494 2431 ἐνεργῶν
2513 2363 2540 2414 ὁ
2570 2361 2702 2424 Θεὸς
2739 2362 2866 2432 περ).
2907 2362 2967 2414 τὸ
2999 2363 3324 2432 ἡγεμονικὸν
3362 2364 3522 2416 αὑτοῦ
3552 2366 3704 2435 ἐσκλὴ-

2170 2467 2330 2528 ρυνεν
2363 2452 2561 2516 αὐτόν;
2586 2453 2678 2505 καὶ
2710 2451 2825 2516 πῶς
2858 2453 3016 2507 αὑτὸν
3055 2457 3292 2507 αἰτιᾶται
3333 2455 3526 2523 λέγων,
3554 2475 3569 2505 ι
3601 2457 3704 2508 ’.φιϐ’

2171 2538 2246 2598 ὧν
2280 2543 2526 2607 ἀπειθεῖς
2582 2561 2691 2616 μοι,
2739 2545 2846 2598 ίδοὺ
2883 2544 2991 2614 ἐγὼ
3021 2546 3301 2599 ἀποκτενῶ
3339 2547 3406 2600 τὰ
3443 2549 3707 2620 πρωτότοκᾶ

2171 2659 2287 2706 σου,
2321 2642 2414 2694 καὶ
2457 2639 2755 2708 γνώσονται
2787 2642 2915 2712 γάρ,
2961 2642 3113 2713 φησι,
3152 2643 3352 2706 πάντες
3396 2645 3444 2695 οἱ
3478 2645 3708 2711 Αἰγύπτιοι

2169 2731 2250 2784 ὅτι
2309 2731 2419 2800 ἐγὼ
2451 2732 2508 2784 δέ
2537 2734 2651 2802 είμι
2684 2732 2905 2803 Κύριοςο
2949 2752 2967 2784 ι
3005 2733 3079 2797 ὡς
3111 2733 3196 2787 διὰ
3228 2733 3388 2787 τοῦτο
3422 2736 3523 2787 τῶν
3546 2738 3709 2805 νομιζο-

2175 2825 2348 2894 μένων
2375 2825 2623 2895 χαλεπῶν
2657 2827 3012 2896 ἐπαγομένων
3058 2827 3266 2890 αὖτοῖς,
3320 2828 3410 2879 ἵνα
3445 2829 3598 2895 γνιῖισι
3647 2830 3710 2882 τον

2173 2915 2327 2969 Θεὸν.
2373 2915 2460 2967 Ἐν
2480 2915 2537 2968 δὲ
2570 2919 2680 2979 τοῖς
2712 2918 3127 2980 Μακκαϐαῖκοῖς
3158 2919 3406 2972 τοιοῦτόν
3441 2938 3488 2972 τι
3521 2921 3708 2988 λέγεται·

2179 3027 2197 3058 ι
2235 3007 2547 3078 Παρακαλῶ
2578 3011 2704 3072 τοὺς
2750 3010 3173 3080 ἐντυγχάνοντας
3201 3011 3328 3080 τῇδε
3479 3012 3710 3082 βίϐλῳ,μὴ

491 3108 605 3160 tate
652 3103 906 3173 populum
968 3117 1126 3157 suum
1177 3100 1434 3155 erudiens
1478 3117 1582 3154 non
1625 3099 1898 3169 relinquit.
1938 3119 1958 3152 ›
2013 3099 2067 3155 Si

2176 3105 2556 3160 συστέλλεσθαι
2583 3107 2669 3160 διὰ
2696 3107 2792 3170 τάς
2827 3123 2888 3159 συ
2899 3107 3133 3179 μφορὰς,
3159 3107 3404 3175 νομίζειν
3430 3108 3483 3160 δέ
3507 3108 3566 3160 τὰ
3601 3098 3712 3174 γινό-

491 3197 636 3253 enim
668 3199 719 3252 in
761 3211 948 3267 poenas
981 3205 1202 3266 propter
1232 3204 1449 3264 pecrata
1493 3195 1736 3250 incidere
1771 3195 1945 3264 magni
1989 3204 2072 3248 est

493 3290 753 3346 beneficii
785 3298 1182 3360 argumentum,
1210 3286 1424 3342 Pharao
1455 3303 1694 3358 quoque,
1726 3287 1817 3357 qui
1851 3297 1966 3356 post
1995 3288 2073 3341 in-

493 3386 745 3438 duratum
809 3399 905 3438 cor
936 3395 1095 3436 suum
1150 3379 1468 3449 objurgatur
1500 3389 1554 3434 et
1581 3396 1686 3434 una
1715 3394 1838 3434 cum
1877 3379 2073 3449 populo

495 3481 594 3532 auo
622 3475 862 3546 punitur,
889 3475 1009 3528 vide
1039 3488 1166 3526 num
1189 3473 1354 3539 juste,
1381 3480 1541 3540 atque
1569 3471 1638 3525 ob
1672 3471 1950 3540 proprium
1981 3472 2073 3525 de-

497 3567 681 3623 lictum
711 3567 1044 3636 vituperetur
1070 3575 1124 3620 et
1157 3567 1436 3635 puniatur.
1474 3564 1640 3617 David
1675 3573 1880 3628 autem,
1914 3572 2075 3632 prout

495 3673 703 3730 tempus
743 3660 1022 3728 poscebat,
1062 3655 1153 3710 Dei
1188 3658 1368 3710 factus
1402 3656 1670 3719 imitator,
1707 3655 1771 3708 de
1800 3652 1936 3708 Joab
1971 3652 2073 3708 Sa-

485 3747 692 3808 lomoni
741 3751 962 3806 mandat
995 3751 1070 3804 uti
1105 3765 1229 3804 eum
1277 3757 1498 3819 propter
1528 3747 1728 3801 caedem
1759 3746 1946 3800 Abner
1979 3747 2074 3800 ﬁlii

494 3843 602 3897 Ner
620 3851 674 3896 ct
698 3851 914 3911 propter
929 3840 1124 3896 delicta
1149 3839 1458 3894 interﬁciat.
1481 3836 1683 3891 Deinde
1707 3835 2070 3905 subiungit":

499 3955 517 3987 ι
550 3935 614 3989 Ει
645 3934 880 3988 deduces
908 3946 1075 3986 canos
1115 3929 1232 3997 ejus
1258 3931 1312 3984 in
1359 3943 1490 3998 pace
1525 3927 1590 3980 ad
1629 3926 1851 3980 inferos.
1887 3946 1904 3978 ι
1943 3927 2073 3980 Per-

495 4027 741 4097 spicuum
800 4039 930 4079 vero
976 4035 1078 4090 est,
1136 4034 1193 4078 ιιι
1240 4022 1398 4076 nobis
1435 4018 1694 4074 llebrzcus
1727 4020 2071 4085 renuntiavit,

494 4136 645 4186 eum,
691 4118 833 4190 quod
879 4117 1040 4170 fuerit
1089 4116 1411 4185 castigatus,
1444 4115 1498 4167 in
1529 4127 1658 4180 pace
1689 4110 2071 4176 dormiturum,

497 4228 603 4268 non
648 4211 760 4278 jam
809 4207 988 4262 debita
1021 4206 1098 4260 illi
1149 4219 1308 4274 pinna
1359 4213 1412 4256 et
1448 4211 1741 4264 tormento,
1794 4213 2073 4271 propterea

494 4303 638 4375 quod
667 4300 718 4355 id
757 4299 868 4370 jam
905 4296 1228 4365 susceperit,
1278 4303 1565 4362 postquam
1593 4309 1658 4346 ex
1700 4294 1803 4347 hac
1837 4293 1943 4346 vita
1977 4293 2076 4346 dis-

495 4393 743 4451 cesserit.
774 4392 864 4446 Sic
888 4389 1054 4446 etiatn
1087 4401 1184 4442 nos
1216 4387 1390 4440 minas
1423 4400 1611 4439 omnes
1649 4384 1948 4454 accipimus
2007 4399 2074 4438 ex

2177 3217 2311 3270 μενα
2353 3198 2426 3269 μὴ
2461 3200 2595 3270 πρὸς
2629 3198 2868 3268 ὄλεθρον,
2915 3198 3049 3252 ἀλλά
3085 3198 3217 3268 πρὸς
3266 3197 3517 3250 παιδείαν
3545 3197 3625 3251 τοῦ
3647 3199 3715 3266 γέ-

2174 3306 2296 3351 νους
2325 3287 2479 3358 ἡμῶν
2510 3284 2667 3341 εἶναι·
2706 3288 2798 3340 καὶ
2830 3288 2936 3359 γὰρ
2969 3288 3028 3340 τὸ
3055 3288 3126 3357 μὴ
3149 3287 3312 3340 πολὺν
3350 3289 3536 3358 χρόνον
3565 3287 3712 3340 ἐᾶσθαι

2177 3377 2595 3442 δυσσεὸοὗντας,
2647 3377 2761 3430 ἀλλ’
2820 3378 3022 3440 εὐθέως
3059 3379 3415 3448 περιπίπτειν
3451 3377 3714 3446 ἐπιτιμίοις,

2179 3469 2420 3538 μεγάλης
2467 3468 2783 3540 εὐεργεσίας
2813 3467 2929 3522 ἐστὶ
2978 3470 3219 3538 σημεῖον·
3260 3470 3322 3520 οὐ
3357 3469 3466 3540 γὰρ
3513 3468 3715 3539 καθᾶτερ

2176 3559 2268 3612 ἐπὶ
2293 3559 2398 3612 τῶν
2437 3559 2612 3612 ἄλλων
2629 3559 2796 3612 ἐθνῶν
2821 3559 3079 3629 ἀναμένει
3111 3559 3484 3630 μακροθυμῶν
3515 3563 3540 3612 ὁ
3557 3559 3718 3612 Δεσπό-

2175 3667 2294 3721 της,
2325 3649 2400 3713 ὡς
2431 3653 2509 3714 είς
2547 3651 2698 3712 τέλος
2737 3651 3043 3720 ἀφειμένων
3079 3651 3186 3720 (57)
3245 3651 3427 3703 αὐτῶν
3458 3651 3557 3703 τῶν
3582 3653 3718 3719 ἀμαρ-

2174 3743 2457 3814 τημάτων,
2481 3742 2702 3814 ὕστερον
2733 3744 2928 3805 αὐτοὺς
2964 3744 3174 3814 ἐκδικῇο
3214 3743 3360 3796 οὕτω
3397 3745 3488 3797 καὶ
3522 3745 3595 3812 ἐφ’
3622 3745 3719 3812 ἡμῖν

2175 3835 2378 3908 ἔκρινε,
2408 3836 2673 3889 παιδεύων
2695 3836 2749 3888 δέ
2772 3835 2906 3905 μετά
2924 3837 3224 3907 συμφορᾶς,
3261 3838 3364 3890 οὐκ
3384 3837 3718 3905 ἐγκαταλείπει

2174 3932 2268 3982 τὸν
2301 3929 2491 3982 ἑαυτοῦ
2543 3929 2686 3983 λαόν.
2741 3947 2758 3980 ι
2796 3930 2855 3981 El
2887 3929 2994 4000 γὰρ
3028 3929 3088 3980 τὸ
3118 3929 3440 3982 ἐπιπίπτειν
3473 3928 3720 3997 ἐπιτιμίας

2174 4020 2264 4075 διὰ
2308 4023 2375 4076 τά
2423 4023 2816 4094 ἁμαρτήματα,
2863 4021 3104 4090 μεγάλης
3155 4021 3478 4092 εὐεργεσίας
3523 4021 3626 4074 ἐστὶ
3651 4038 3721 4089 σῃ·

2179 4111 2350 4182 μεῖον,
2381 4111 2782 4183 ἐπιτιμώμενος
2817 4111 2908 4164 καὶ
2933 4111 2961 4162 ὀ
2986 4109 3181 4182 Φαραὼ
3208 4113 3346 4180 μετά
3376 4115 3438 4166 τὸ
3472 4112 3723 4184 ἐσκληρύν-

2177 4199 2268 4255 οαι
2291 4202 2455 4256 αὐτοῦ
2486 4202 2582 4273 τὴν
2617 4201 2862 4272 καρδίαν,
2889 4200 2982 4253 καὶ
3017 4199 3381 4270 κολαζόμενος
3423 4204 3537 4273 ἅμα
3554 4204 3620 4272 τῷ
3640 4200 3724 4269 λαῷ

2177 4294 2363 4358 αὐτοῦ,
2391 4296 2494 4365 ὅρα
2522 4297 2569 4346 εί
2599 4293 2672 4364 μὴ
2699 4295 2759 4346 οὐ
2782 4293 2955 4363 μάτην
2977 4293 3377 4364 ἐπιτετίμηται,
3407 4296 3540 4366 μηδέ
3568 4297 3647 4348 ἐπὶ

2182 4385 2294 4456 ιδίῳ
2343 4385 2496 4456 κακῷ
2537 4385 2666 4454 (58).
2719 4385 2894 4437 Οἱονε).
2925 4384 2981 4436 δὲ
3025 4383 3159 4437 Θεοῦ
3194 4387 3440 4458 μιμητὴς
3485 4389 3725 4458 γινόμενος

495 4487 665 4542 sacris
693 4480 1014 4552 Scripturis,
1046 4487 1101 4534 et
1126 4492 1194 4532 ex
1229 4477 1279 4530 vi
1315 4491 1376 4530 ac
1405 4475 1721 4546 operatione
1753 4475 2067 4544 magnitudi-

2186 4477 2325 4530 κατά
2365 4477 2424 4529 τὸ
2454 4474 2739 4529 ἐπιϐάλλον
2769 4477 2880 4538 τοῖς
2932 4476 3142 4544 καιροῖς
3174 4477 3201 4528 ὁ
3230 4472 3415 4540 Δαυῖδ,
3466 4477 3722 4530 ἐντέλλεται

567 4658 614 4691 ⁷⁸
639 4657 682 4714 ll
714 4657 880 4711 Macc.
911 4671 982 4719 vt,
1031 4654 1098 4706 t2
1140 4663 1193 4705 et
1225 4665 1340 4718 seq.
1429 4649 1473 4678 ⁷³
1508 4646 1570 4702 lll
1615 4646 1746 4718 Reg.
1792 4663 1848 4711 ll,
1881 4648 1932 4700 ϐ.

571 4827 682 4896 (55)
721 4824 925 4880 Philoc.
958 4840 1081 4890 nim,
1107 4823 1509 4894 ὁμολογήσωσι.
1552 4818 1711 4872 Libh.
1745 4817 1898 4880 editi,
1940 4818 2071 4886 ὁμο-

494 4907 626 4967 λογῇ
634 4913 727 4967 σου
735 4912 802 4948 σι.

567 4959 681 5089 (56)
717 4965 879 5020 Ἐπεί
905 4963 972 5018 δὲ
1002 4967 1088 5029 εἰς
1119 4962 1224 5016 τὸν
1261 4961 1394 5029 περὶ
1430 4961 1666 5029 φύσεως
1703 4959 1935 5036 τόποις.
1963 4966 2070 5010 etc.

567 5036 871 5089 ientiniani
924 5047 1219 5089 eorumque
1262 5031 1634 5089 consectanei,
1685 5044 1808 5081 cum
1866 5027 2070 5089 triplex

499 5027 871 5090 Valentiniani
924 5027 1219 5102 eorumque
1262 5027 1634 5093 consectanei,
1679 5044 1824 5102 _cutn_
1866 5027 2070 5102 triplex

498 5109 774 5177 hominum
806 5119 974 5174 genus
1000 5095 1324 5177 statuerent,
1357 5097 1764 5177 πνευματικῶν,
1798 5095 2070 5177 ψυχικῶν,

496 5191 551 5233 ct
590 5169 929 5243 ὑλικῶνξεω
962 5172 1180 5244 χοῖκῶν,
1210 5169 1513 5242 postremos
1546 5169 1664 5224 illos
1697 5170 1761 5220 ad
1799 5169 2074 5244 interitum

495 5249 668 5302 factos
693 5263 721 5300 a
754 5237 881 5308 Deo,
909 5237 1032 5298 boni
1054 5237 1346 5313 quidquam
1378 5257 1534 5313 agere
1560 5256 1663 5313 non
1697 5253 1853 5313 posse
1885 5237 2075 5313 decer-

497 5319 717 5373 nebant.
755 5305 885 5370 Vide
914 5329 1010 5366 nos
1049 5305 1115 5367 τιίι
1145 5305 1436 5366 Comment:
1469 5312 1523 5363 in
1573 5309 1761 5362 Matth.
1797 5323 1930 5369 xm,
1973 5305 2066 5370 25,

496 5391 635 5442 etin
661 5388 820 5440 Joan.
856 5401 931 5447 tv,
960 5383 1048 5445 46,
1087 5394 1217 5438 ιοιιι.
1259 5396 1416 5445 xvm,
1445 5390 1498 5434 et
1538 5379 1590 5431 in
1618 5380 1780 5433 Joan.
1819 5393 1931 5438 \‘lll,
1978 5377 2070 5447 41,

498 5470 632 5516 tom.
663 5474 798 5511 xm.
834 5444 1112 5508 Vitlcndus
1141 5467 1364 5526 quoque
1405 5444 1670 5526 Origenes
1700 5460 1939 5526 _lt)m.“lll
1988 5444 2060 5526 De

498 5529 790 5596 principiis,
821 5541 938 5595 cap.
979 5526 1030 5587 l,
1063 5519 1520 5596 ubi'quafeunqlie
1547 5519 1658 5596 fere
1700 5520 1784 5596 hic
1816 5519 2062 5596 disserit,

500 5587 846 5653 continentur
886 5587 915 5650 ἐ
963 5604 1016 5648 et
1052 5587 1241 5649 homil.
1285 5594 1316 5645 6
1347 5593 1397 5645 in
1435 5590 1687 5653 Exod.,et
1720 5588 1906 5643 ltomil.
1944 5587 1978 5638 2
2009 5587 2063 5640 in

497 5665 720 5733 Jerem.,
783 5667 872 5721 tibi
923 5665 1135 5736 Martem
1163 5735 1166 5736 ν
1194 5663 1443 5726 Origenis
1485 5671 1644 5736 (etate
1693 5658 2062 5736 posteriorem

500 5727 787 5808 perstringi
831 5737 966 5795 falso
1009 5735 1388 5794 Genebrardus
1429 5727 1778 5794 existimavit,
1813 5739 1866 5784 et
1912 5727 2006 5781 lib.
2048 5740 2062 5779 ι

2183 4812 2322 4883 Περὶ
2349 4811 2574 4883 ἀρχῶν,
2612 4822 2733 4878 cap.
2761 4808 2869 4883 ﬁet
2896 4807 2948 4872 8,
2981 4814 3032 4861 et
3063 4805 3155 4860 lib.
3195 4819 3385 4883 tt_cap.
3427 4803 3728 4883 5,'e.t_tralrt.

2180 4872 2342 4938 55'in
2385 4872 2608 4944 lilium},
2657 4872 2713 4933 et
2761 4878 2856 4932 lib.
2905 4892 2937 4928 ν
2984 4887 3165 4930 contra
3219 4873 3452 4928 Celsum.
3495 4872 3730 4944 V'idettilut

2181 4956 2309 5008 item
2350 4942 2602 5008 lrenaeus
2633 4949 2726 5003 lib.
2769 4961 2808 5013 ι,
2837 4961 2958 5016 cap.
2996 4947 3018 4999 l
3053 4963 3066 5012 ;
3116 4954 3170 4998 et
3217 4942 3719 5016 Tertulliankus‘ndr.

2193 5023 2487 5086 l’alentin.,
2523 5031 2574 5075 et
2609 5011 2942 5088 Epiphanius
2969 5011 3160 5071 lia'res.
3189 5030 3341 5088 xxxi,
3365 5013 3570 5088 cap._7.
3593 5011 3724 5088 Porrt

2183 5095 2236 5150 in
2264 5083 2384 5150 eam
2407 5083 2666 5146 videntur
2698 5083 2898 5142 inducti
2943 5088 3263 5141 sententiam
3297 5083 3653 5139 Valentiniani
3678 5093 3732 5134 ex

2182 5163 2203 5217 l
2237 5165 2390 5220 Joau.
2424 5179 2506 5225 ιιι,
2544 5162 2599 5222 9.
2634 5159 2720 5220 lO,
2749 5169 2803 5212 et
2836 5161 2848 5210 Ι
2877 5156 3035 5212 Joan.
3070 5171 3122 5221 ν,
3156 5157 3208 5216 4,
3259 5157 3344 5217 18,
3393 5163 3451 5207 et
3493 5152 3634 5206 Judze
3665 5150 3728 5203 i9.

2183 5235 2548 5290 Prinluserant
2575 5231 2708 5295 ipsis
2736 5229 2899 5282 Stoici
2955 5226 3130 5280 simile
3163 5226 3290 5295 quid
3323 5231 3731 5295 propugnantes;

2183 5321 2322 5373 quos
2377 5290 2660 5373 eleganter
2689 5299 2937 5355 confutat
2977 5290 3252 5353 Cicero'in
3298 5290 3439 5349 libro
3495 5290 3566 5346 De
3597 5290 3731 5344 Fato.

2186 5377 2451 5431 llUl-ZTIUS.

2253 5428 2365 5516 (Si)
2415 5443 2568 5508 Mss.,
2617 5441 2691 5516 ῶς
2747 5441 2826 5516 είς
2882 5437 3037 5516 τέλος
3089 5436 3420 5507 ἀφειμένων.
3467 5428 3733 5485 Pliilocalia

2178 5509 2448 5578 ριιῐιειξώς
2480 5509 3126 5584 εἰςτέλφεάφιεμένωγτ.
3511 5573 3525 5584 .
3576 5571 3601 5583 -

2251 5569 2362 5657 (38')
2392 5569 2645 5653 u'ss.,'=qi
2683 5569 2796 5652 ἰδίῳ
2823 5569 3007 5649 κακῷ.
3048 5576 3237 5634 Libelli
3280 5575 3436 5642 editi,
3464 5571 3610 5644 αὐτῷ
3639 5569 3734 5638 ιδεμ

2175 5676 2353 5728 κακῳ.
