3902 6498
237 299 338 374 ica

1647 307 1714 380 lN
1747 309 2056 381 EXODUH.

3375 319 3480 380 2‘70

235 431 367 503 περὶ
395 413 488 484 τοῦ
534 429 690 485 Ἰωάὸ
731 415 810 504 τῷ
840 433 1142 504 Σολομῶντι
1177 437 1398 491 κολάσαι
1434 437 1592 492 αὐτὸν
1623 440 1709 494 διὰ
1746 442 1812 493 τὰ

1919 440 2025 504 nis,
2049 435 2208 510 115.
2235 445 2288 493 et
2310 423 2498 494 ordine
2516 427 2851 510 Opinciorum
2879 438 2994 508 Dei,
3019 441 3112 511 qui
3133 443 3480 508 aspectabilia

233 525 600 618 ᾖμαρτημένα
634 527 712 618 εἰς
757 527 1004 618 Ἀϐενὴρ,
1040 527 1153 582 υἱὸν
1199 529 1338 618 Νὴρ,
1373 531 1464 584 καὶ
1498 533 1811 588 ἀποκτεῖναι

229 615 324 669 διὰ
343 615 410 669 τὰ
429 617 788 686 ἐπταισμένα,
821 613 938 672 εἶτα
961 621 1229 693 ἐπιφέρει·
1257 613 1406 676 (Καὶ
1433 625 1686 690 κατάξεις
1704 627 1812 699 (59)

231 707 399 762 αὑτοῦ
422 707 516 778 τὴν
551 708 738 762 πολιὰν
770 712 826 764 ἐν
858 711 1046 783 εἰρήνῃ
1082 715 1162 777 είς
1180 713 1324 782 ᾅδου.
1369 735 1386 766 ι
1420 717 1590 787 Δῆλον
1621 718 1676 772 δὲ
1708 721 1809 785 ὅτι,

229 798 312 861 ὡς
347 797 438 851 καὶ
469 801 497 852 ὁ
543 799 789 869 Ἐϐραῖος
820 803 952 872 ἡμῖν
969 803 1292 874 ἀπήγγειλε,
1329 807 1388 860 τὸ
1417 809 1504 862 διὰ
1524 809 1616 862 τοῦ
1650 811 1811 864 κολα-

235 889 432 961 σθῆναι
449 891 610 944 αὐτὸν
638 895 696 946 ἐν
725 895 916 968 εἰρήνῃ
952 897 1406 970 κοιμηθὴσεσθαι,
1433 903 1530 954 οὐκ
1565 901 1643 956 ἔτι
1663 903 1812 972 ὀφει-

227 963 470 1052 λομένης
501 981 646 1051 αὐτῷ
685 983 957 1047 κολάσεως
993 987 1087 1038 καὶ
1124 985 1378 1056 βασάνου,
1413 989 1500 1042 διὰ
1533 991 1593 1042 τὸ
1632 991 1815 1044 ἐντεῦ-

231 1069 328 1124 θεν
359 1072 458 1144 ἤδη
493 1073 849 1144 ἀπειληφέναι
883 1077 1063 1140 αὐτὸν,
1102 1078 1238 1148 μετὰ
1263 1079 1358 1150 τὴν
1379 1081 1624 1136 ἐντεῦθεν
1645 1083 1814 1136 ἀπαλ-

229 1161 428 1234 λαγήν.
462 1165 616 1219 Οὕτω
639 1167 682 1219 δ’
706 1169 866 1238 ἡμεῖς
886 1170 979 1221 καὶ
1017 1171 1192 1225 πᾶσαν
1223 1173 1472 1244 ἀπειλὴν,
1499 1174 1604 1227 ἀπό
1623 1192 1680 1227 τε
1707 1174 1812 1228 τῶν

233 1257 402 1330 ἱερῶν
445 1259 696 1328 Γραφῶν,
729 1261 824 1314 καὶ
856 1263 962 1314 ἀπὸ
995 1263 1090 1332 τῆς
1133 1265 1408 1334 ἐνεργείας
1456 1267 1551 1336 τῆς
1581 1267 1718 1320 κατὰ
1756 1267 1816 1319 τὸ

225 1349 492 1420 μέγεθος,
527 1351 619 1404 καὶ
646 1351 850 1418 τάξεως
869 1352 974 1406 τῶν
991 1353 1052 1424 δη
1065 1373 1291 1426 μιουργη
1303 1358 1484 1426 μάτων
1512 1359 1815 1429 παραδεχό-

227 1439 380 1509 μεθα
407 1439 538 1492 Θεοῦ
572 1440 664 1494 τοῦ
695 1441 980 1505 κτίσαντος
1007 1433 1092 1496 ’τὰ
1138 1443 1463 1513 βλεπόμενα,
1501 1445 1591 1498 κοιλ⁸
1639 1446 1703 1499 τὰ
1741 1445 1814 1516 μὴ

229 1528 566 1601 βλεπόμενα,
615 1530 683 1584 τὰ
735 1533 1061 1603 πρόσκαιρα,
1111 1534 1303 1586 καὶτὰ
1335 1533 1546 1598 αἰώνια,
1589 1537 1663 1599 th;
1699 1537 1815 1600 ἐνὸς

225 1621 388 1686 ὄντος
417 1623 512 1676 καὶ⁹
535 1623 626 1677 τοῦ
645 1623 808 1676 αὐτοῦ
837 1625 977 1678 κατὰ
1007 1627 1180 1678 πάντα
1202 1625 1276 1696 τῷ
1295 1627 1470 1697 Πατρὶ
1495 1629 1586 1682 του
1613 1629 1814 1700 Κυρίου

225 1715 332 1768 καὶ
365 1716 611 1786 Σωτῆρος
635 1715 792 1787 ἡμῶν
819 1715 1028 1787 ἀγαθῷ,
1052 1717 1144 1770 καὶ
1177 1717 1388 1789 δικαίῳ,
1414 1719 1506 1772 καὶ
1525 1719 1688 1790 σοφῷ,
1723 1721 1814 1774 καὶ

1914 539 1969 584 et
2001 544 2119 598 qua:
2149 544 2256 584 non
2285 527 2534 584 videnlur
2563 531 2856 598 condidit;
2890 534 3210 604 temporaria
3243 535 3372 590 item
3427 547 3484 590 et

1913 627 2146 682 aeterna;
2179 627 2238 672 ut
2287 617 2377 688 qui
2426 635 2564 674 unus
2603 629 2657 674 et
2693 620 2833 676 idem
2863 621 2934 676 sit
2969 623 3020 676 in
3063 623 3334 689 omnibus,
3390 626 3482 694 qui

1915 709 2074 766 Pater
2105 709 2312 765 Domini
2347 717 2400 764 et
2435 707 2740 766 Servatoris
2769 713 2938 767 nostri
2971 714 3164 778 bonus,
3200 725 3254 770 et
3279 715 3482 784 justus,

1913 812 1970 858 et
1995 803 2240 872 sapiens;
2265 810 2320 856 et
2359 801 2426 856 ad
2465 815 2585 856 eum
2617 817 2836 871 scopum
2866 803 3172 872 Scripturas
3214 802 3484 862 deducere

1916 894 2163 960 nitimur,
2197 903 2254 946 ut
2299 895 2652 948 ostendamus
2694 893 2874 948 omnia
2930 910 3050 950 esse
3095 898 3219 952 boni
3264 895 3379 965 Dei,
3431 910 3484 952 et

1911 984 2066 1053 justi,
2100 993 2152 1039 et
2180 982 2458 1051 sapientis,
2489 997 2588 1038 nec
2620 983 2670 1036 in
2707 983 2921 1036 minima
2941 983 3156 1054 quidem
3193 1003 3270 1049 re,
3311 998 3486 1042 attenv

1905 1077 2056 1134 qtiset
2094 1069 2447 1144 prudentibus
2481 1089 2668 1129 errare
2713 1075 3014 1134 videamur.
3053 1077 3132 1130 Ad
3173 1077 3224 1132 id
3279 1088 3484 1146 autem,

1915 1175 1975 1221 ut
2003 1167 2119 1238 ejus
2141 1163 2630 1232 honitati,justitiae
2649 1175 2703 1220 et
2741 1165 3042 1236 sapientiae,
3073 1183 3190 1235 quae
3209 1169 3484 1234 dicuntur,

1917 1265 2241 1328 congruant,
2274 1247 2381 1332 Deo
2410 1258 2701 1312 Servatore
2741 1273 2878 1326 opus
2915 1257 3194 1313 habemus.
3230 1259 3354 1316 llaec
3395 1263 3490 1330 igi-

1919 1358 2007 1402 tur
2047 1351 2113 1404 de
2162 1351 2228 1402 iis
2281 1349 2502 1404 verbis:
2541 1367 2558 1401 ι
2593 1349 2870 1403 lnduravit
2919 1349 3176 1404 Dominus
3215 1353 3354 1406 Deus
3394 1369 3490 1406 eor

1893 1425 2238 1506 :Pharaonis,
2273 1461 2292 1494 ι
2329 1443 2724 1496 existimamus.
2761 1441 3002 1498 Medicus
3036 1451 3118 1498 est
3146 1444 3342 1498 anima:
3367 1459 3488 1498 vcr—

1899 1534 2046 1600 lum
2090 1534 2206 1596 Dei,
2257 1534 2508 1588 remediis
2537 1535 2698 1588 variis
2735 1545 2786 1588 et
2813 1533 3102 1588 admodum
3156 1535 3490 1604 tempeSIivis

1919 1633 1972 1678 et
1998 1641 2118 1694 qua:
2149 1629 2366 1697 azgrotis
2415 1625 2648 1680 maxime
2691 1635 3014 1694 congruunt,
3047 1626 3250 1691 utitur;
3297 1621 3490 1696 horum

1921 1719 2020 1773 alia
2045 1721 2186 1789 plus,
2221 1721 2324 1774 alia
2349 1721 2527 1774 minus
2555 1717 2758 1772 laboris
2782 1727 2834 1772 et
2860 1719 3120 1774 molestia:
3147 1719 3213 1774 iis
3234 1719 3488 1782 aﬂ'erunt,

224 1807 330 1860 ἐπὶ
357 1806 446 1860 τὸν
480 1808 690 1887 σκοπὸν.
716 1809 921 1860 ἐκεῖνον
957 1807 1054 1871 τὰς
1093 1809 1130 1860 Γ
1137 1809 1314 1879 ραφὰς
1347 1811 1498 1878 ἄγειν
1552 1813 1815 1881 ἀγωνιζό-

1919 1811 2011 1880 qui
2033 1820 2310 1866 curantur.
2336 1810 2570 1865 Rursum
2593 1811 2826 1864 remedia
2851 1809 3121 1864 interdum
3146 1811 3228 1866 dis
3249 1821 3492 1864 entanee

230 1898 402 1968 μεθα,
435 1897 530 1950 τοῦ
565 1898 664 1970 μὲν
680 1897 952 1952 δεικνύναι
985 1899 1158 1952 πάντα
1184 1900 1387 1968 ἀγαθοῦ
1419 1901 1574 1967 Θεοῦ,
1607 1905 1698 1956 καὶ
1729 1921 1814 1957 σο-

221 1989 362 2064 φοῦ,
397 1989 490 2043 καὶ⁸
523 1989 751 2052 δικαίου,
799 1989 918 2042 οὐδὲ
956 1989 1094 2042 κατὰ
1129 1991 1188 2044 τὸ
1233 1992 1392 2062 τυχὸν
1428 1993 1813 2064 ὑπονοηθέντες

223 2077 302 2131 ἂν
335 2081 446 2144 τοῖς
475 2097 536 2148 γε
553 2079 676 2132 νοῦν
705 2079 918 2150 ἔχουσιν
935 2081 1282 2134 ἀποπίπτειν·
1312 2083 1451 2136 κατὰ
1479 2083 1533 2136 δὲ
1560 2083 1616 2136 τὸ
1648 2087 1813 2158 ἐφαρ-

225 2170 450 2240 μόζειν,
485 2171 517 2242 ἥ
553 2173 652 2244 μὴ,
687 2175 752 2244 τῇ
791 2171 1086 2244 ἀγαθότητι
1132 2173 1318 2236 αὐτοῦ,
1357 2177 1448 2228 καὶ
1482 2176 1810 2251 δικαιοσύνῃ,

223 2263 332 2317 καὶ
383 2263 544 2335 σοφίᾳ
595 2266 664 2318 τὰ
703 2266 992 2336 λεγόμενα,
1046 2267 1180 2319 Θεοῦ
1249 2269 1492 2339 σωτῆρος
1548 2271 1809 2340 δεόμενοι.

223 2356 472 2412 Τοιαῦτα
507 2357 688 2411 τοίνυν
713 2357 806 2410 καὶ
833 2357 958 2428 περὶ
985 2345 1126 2412 τοῦ³ι
1184 2359 1511 2431 Ἐσκλήρυνε
1553 2361 1754 2433 Κύριος
1787 2363 1814 2414 ὁ

219 2449 368 2514 Θεὸς
391 2450 489 2520 τὴν
521 2451 746 2523 καρδὲαν
777 2449 994 2522 Φαραὼ,
1025 2471 1040 2502 ι
1077 2451 1428 2522 ὑπονοοῦμεν.
1471 2454 1672 2524 Ἰατρός
1699 2455 1814 2508 ἐστι

219 2533 414 2610 ψυχῆς
444 2541 472 2592 ὁ
506 2539 660 2608 λόγος
695 2539 788 2592 τοῦ
822 2540 978 2602 Θεοῦ,
1023 2539 1162 2603 ὁδοῖς
1208 2527 1501 2614 θεραπείας
1536 2541 1816 2614 χρώμενος

222 2631 654 2696 ποικιλωτάταις
687 2631 779 2684 καὶ
812 2631 1098 2702 ἀρμοδίαις
1135 2631 1267 2702 πρὸς
1306 2634 1429 2695 τοὺς
1451 2633 1634 2698 κακῶς
1665 2633 1816 2704 ἕχον-

205 2741 334 2786 ,τας
359 2726 452 2778 καὶ
482 2724 964 2798 ἐπικαιριωτάταις
1001 2723 1132 2790 (-lO)‘
1157 2724 1266 2778 τῶν
1304 2725 1360 2778 δὲ
1397 2727 1494 2796 τῆς
1525 2725 1816 2798 θεραπείας

215 2815 392 2880 ὁδῶν,
429 2818 486 2870 αἱ
521 2817 620 2887 μέν
652 2819 788 2870 εἰσιν
820 2817 910 2870 ἐπὶ
949 2817 1148 2882 πλεῖον,
1189 2819 1242 2870 αἱ
1273 2817 1328 2870 δὲ
1363 2818 1446 2870 ἐπ’
1473 2817 1690 2872 ἔλαττον
1723 2821 1818 2874 πό-

199 2927 362 2973 ¹νους
391 2899 485 2963 καὶ
513 2909 783 2979 βασάνους
812 2909 1138 2980 ἐμποιοῦσαι
1169 2912 1280 2974 τοῖς
1313 2911 1391 2973 είς
1439 2909 1578 2964 ἴασιν
1614 2912 1816 2984 ἀγομέ-

217 3012 368 3065 νοις·
403 3001 561 3054 πάλιν
585 3001 632 3053 τ’
660 2998 724 3054 αὖ
763 3001 1100 3073 βοηθήματα,
1129 2999 1218 3054 ότὲ
1253 3003 1348 3074 μὲν
1371 3003 1820 3074 ἀπεμφαινόντως

215 3093 467 3162 γίνεται,
502 3093 592 3148 ὁτὲ
633 3094 688 3148 δέ
717 3093 814 3164 οὐχ
845 3092 1016 3160 οὕτως
1049 3093 1183 3166 ἔχει,
1231 3095 1326 3148 καὶ
1359 3095 1516 3149 πάλιν
1546 3097 1727 3167 τάχιον
1782 3097 1813 3168 ἦ

1914 1919 2016 1958 nec
2056 1901 2410 1968 cohaerenter,
2475 1901 2763 1972 aliquando
2815 1915 2972 1956 secus
3030 1901 3186 1968 ﬁunt,
3215 1901 3488 1956 interdum

1915 1995 2144 2052 celerius
2198 2005 2294 2048 aut
2345 1993 2588 2060 tardius;
2638 2001 2692 2047 ct
2742 2001 3026 2062 postquam
3079 1994 3210 2060 aegri
3265 2003 3492 2063 peccato

1897 2086 2062 2142 .velut
2096 2087 2332 2156 saginati
2362 2085 2591 2152 fuerint,
2627 2085 2710 2141 vel
2736 2093 3019 2157 postquam
3054 2085 3182 2139 illud
3207 2087 3492 2150 extremis,

1916 2185 1976 2232 ut
2022 2178 2096 2232 ita
2161 2179 2358 2240 dicam,
2405 2177 2572 2233 labris
2631 2178 2930 2248 attigerint.
2993 2175 3196 2232 llorum
3247 2177 3490 2232 omnium

1903 2269 2242 2342 testimoniis
2267 2269 2424 2338 plena
2465 2278 2552 2324 est
2595 2269 2774 2322 divina
2810 2269 3117 2338 Scriptura,
3164 2283 3284 2323 cum
3331 2284 3476 2338 aspe-

1917 2361 2059 2414 riora
2087 2361 2374 2414 duriorave
2404 2360 2640 2414 remedia
2680 2359 2800 2428 plus
2841 2359 3084 2413 minusve
3114 2359 3308 2428 populo
3341 2359 3495 2412 adhi-

1917 2449 2026 2504 bita
2055 2450 2110 2504 in
2143 2449 2440 2520 Scripturis
2469 2449 2738 2520 legantur,
2783 2467 3012 2520 quaeque
3050 2451 3126 2506 illi
3155 2455 3220 2506 ad
3263 2469 3491 2510 conver-

1917 2541 2124 2595 sionem
2160 2551 2214 2595 et
2237 2543 2674 2596 emendationem
2701 2542 3082 2611 contigerunt;
3123 2543 3174 2596 in
3201 2543 3352 2598 bellis
3378 2562 3494 2598 ma-

1929 2631 2157 2700 ioribus,
2191 2633 2276 2686 vel
2327 2633 2656 2698 minoribus;
2707 2630 2849 2686 fante
2879 2632 3226 2700 diuturniori,
3265 2633 3346 2690 vel
3393 2639 3498 2690 mi-

1907 2739 2020 2780 nus
2055 2725 2283 2782 diutina.
2340 2723 2407 2778 At
2438 2725 2806 2788 dissentanee,
2847 2733 2956 2776 tum
3001 2735 3314 2793 puta,_cum
3357 2728 3496 2786 dici-

1921 2817 2108 2875 tur“:
2143 2839 2162 2872 ι
2203 2819 2316 2874 Non
2378 2820 2656 2874 advertam
2711 2821 2778 2874 ad
2829 2820 2966 2874 ﬁlias
3017 2823 3224 2876 vestras
3277 2837 3497 2880 cumse

1921 2913 2270 2990 prostituent,
2324 2920 2377 2966 et
2429 2911 2493 2964 ad
2540 2911 2802 2981 conjuges
2842 2921 3050 2965 vestras
3077 2928 3198 2966 cum
3225 2913 3498 2969 adultera-

1923 3005 2144 3058 huntur.
2181 3023 2198 3056 ι
2241 3003 2514 3060 Fortassis
2542 3007 2684 3058 enim
2711 3005 2924 3058 animas
2963 3019 3079 3073 quae
3107 3019 3391 3074 corporea,
3443 3019 3498 3061 et

1921 3110 2040 3163 quae
2069 3096 2307 3166 jucunda
2339 3113 2459 3152 esse
2493 3106 2771 3166 putantur.
2815 3096 3038 3150 multum
3093 3106 3382 3173 eXpetunt,
3415 3115 3502 3152 re-

215 3185 476 3259 βράδιον·
505 3187 598 3239 καὶ
628 3185 766 3257 μετὰ
804 3185 864 3240 τὺ
900 3185 1280 3259 ἐμφορηθῆναι
1320 3185 1418 3257 τῆς
1441 3189 1738 3260 ἁμαρτίας,
1785 3189 1815 3260 ἢ

1931 3185 2146 3256 linquit,
2186 3189 2354 3243 donec
2383 3189 2656 3255 satietate,
2685 3203 2806 3258 qua:
2846 3187 3077 3242 maxime
3102 3199 3380 3258 appetunt,
3405 3189 3500 3244 ah-

219 3277 379 3349 μετὰ
413 3277 494 3341 τὸ,
521 3277 709 3350 ὥσπερ
741 3280 937 3342 εἰπεῖν,
975 3279 1134 3350 μόνον
1167 3277 1406 3350 ἅψασθαι
1438 3280 1628 3349 αὐτῆς.
1665 3283 1819 3352 Μαρ-

217 3389 292 3424 τυ
303 3371 505 3442 ριῶνδέ
524 3371 630 3425 τῶν
657 3373 736 3434 εἰς
759 3371 987 3425 ἕκαστον
1011 3370 1225 3442 πλήρης
1251 3372 1442 3442 πᾶσαή
1469 3370 1818 3436 θεόπνευστος

215 3467 450 3540 Γραφὴ,
507 3465 972 3538 σκυθρωποτέρων
1033 3464 1390 3536 βοηθημάτων
1428 3465 1518 3518 ἐπὶ
1560 3464 1741 3518 πλεῖον
1783 3466 1816 3536 ἢ

215 3557 452 3612 ἔλαττον
471 3555 976 3628 ἀναγεγραμμένων
997 3553 1278 3624 γεγονέναι
1303 3554 1378 3624 τῷ
1411 3554 1543 3624 λαῷ,
1567 3555 1660 3607 καὶ
1691 3572 1753 3606 συ
1762 3573 1821 3626 μ-

215 3650 528 3722 6ε6ηκέναι
566 3649 715 3720 αὐτῷ
762 3649 902 3720 ὑπὲρ
941 3647 1278 3719 ἐπιστροφῆς
1321 3647 1414 3700 καὶ
1457 3645 1810 3718 διορθώσεως·

217 3745 284 3800 ὲν
325 3741 580 3812 πολέμοις
618 3739 904 3809 μείζοσινῆ
927 3739 1192 3802 ἐλάττοσι,
1227 3738 1320 3790 καὶ
1358 3737 1534 3807 λιμοῖς
1555 3735 1816 3808 πολυχρο-

215 3832 534 3904 νιωτέροις,
571 3831 604 3902 ἣ
639 3831 1186 3902 ὀλιγοχρονιωτέροις.
1238 3830 1712 3900 Ἀπεμφαινόντως
1762 3830 1818 3882 δέ

217 3915 284 3978 ἐν
323 3923 420 3995 τῷ·
463 3944 482 3975 ι
525 3923 639 3978 Οὐκ
681 3923 1048 3993 ἐπισκέψομαι
1079 3923 1170 3976 ἐπὶ
1203 3921 1300 3984 τὰς
1335 3921 1637 3992 θυγατέρας
1667 3921 1819 3992 ὑμῶν

215 4019 362 4070 ὅταν
397 4017 720 4088 πορνεύωσι,
754 4017 850 4070 καὶ
873 4016 966 4068 ἐπὶ
991 4015 1088 4078 τὰς
1114 4014 1327 4084 νύμφας
1358 4013 1510 4084 ὑμῶν
1537 4015 1662 4066 ὅταν
1701 4031 1819 4086 μοι-

217 4107 458 4180 χεύωσι.
501 4128 520 4161 ι
565 4109 714 4179 Τάχα
748 4109 855 4178 γὰρ
886 4108 978 4160 ἐπὶ
1021 4107 1202 4160 πλεῖον
1235 4106 1538 4176 άιριεμένας
1572 4106 1684 4176 (il)
1721 4105 1822 4176 ψυ-

215 4201 338 4272 χὰς
387 4199 498 4252 τῶν
541 4198 870 4270 σωματικῶν
925 4199 1018 4250 καὶ
1065 4195 1236 4268 ἡδέων
1288 4190 1424 4248 εἶναι
1450 4193 1820 4266 νομιζομένων

215 4293 366 4363 παρ’
391 4293 604 4355 ἑαυτοῖς
633 4289 1032 4359 ἐγκαταλείπει·
1057 4289 1161 4351 ἓως
1192 4286 1532 4358 κορεσθεῖσαι
1557 4286 1822 4354 ἀποστρα-

215 4385 380 4454 φῶσι
401 4384 508 4438 τῶν
535 4377 608 4437 ὧν
637 4383 938 4456 ὀρέγονται,
975 4383 1138 4435 οἱονεὶ
1173 4381 1264 4434 καὶ
1299 4379 1499 4450 ἐμέσαι
1521 4377 1660 4432 αὐτὰ
1696 4376 1820 4447 βου-

215 4479 486 4549 λόμεναι,
516 4477 608 4530 καὶ⁹
641 4477 740 4530 οὐκ
784 4477 848 4530 ἂν
881 4475 960 4528 ἔτι
993 4473 1203 4545 ταχέως
1243 4475 1354 4535 τοῖς
1385 4473 1589 4534 αὐτοῖς,
1627 4469 1713 4522 διὰ
1759 4470 1819 4522 τὸ

215 4573 308 4636 ὡς
348 4573 439 4626 ἐπὶ
467 4572 645 4626 πλεῖον
679 4569 1094 4641 ἐμπεφορῆσθαι
1123 4567 1310 4630 αὐτὰς,
1334 4567 1426 4619 καὶ
1446 4565 1536 4617 ἐπὶ
1570 4563 1820 4617 τοσοῦτον

219 4663 648 4734 βεϐασανίσθαι,
708 4659 1189 4733 περιπεσούμεναι.
1233 4645 1456 4728 Βράδιον
1483 4654 1536 4707 δὲ
1580 4653 1671 4706 ἐπὶ
1723 4653 1818 4724 τὴν

217 4755 538 4828 θεραπείαν
571 4757 792 4822 ἄγονται
821 4755 874 4806 αἱ
909 4751 1390 4821 καταφρονήσασαι
1419 4745 1481 4798 ἂν
1509 4743 1602 4797 τοῦ
1636 4743 1819 4798 δεύτε-

221 4865 334 4920 ρον
371 4851 484 4912 τοῖς
533 4848 713 4910 αὐτοῖς
770 4845 1104 4918 περιπεσεῖν,
1149 4841 1237 4894 διὰ
1269 4839 1328 4892 τὸ
1363 4839 1545 4908 τάχιον
1579 4833 1821 4906 ἀπηλλά-

214 4941 364 5012 χθαι
390 4938 498 4992 τῶν
553 4937 758 4992 κακῶν.
794 4933 918 4990 Οἷδε
975 4935 1032 4989 δέ
1063 4935 1090 4986 ὁ
1127 4932 1372 5004 τεχνίτης
1417 4929 1549 4991 Θεὸς
1579 4928 1675 4990 τὰς
1709 4927 1822 4980 δια-

217 5033 424 5096 θέσεις
474 5033 746 5094 ἐκάστων,
818 5031 911 5083 καὶ
963 5031 1036 5092 ὡς
1091 5025 1368 5078 ἐπιϐάλλει
1427 5019 1602 5090 αὐτῷ,
1665 5019 1821 5089 μόνος

215 5123 620 5194 ἐπιστημόνως
671 5122 967 5192 δυνάμενος
1017 5119 1115 5182 τὰς
1173 5115 1464 5186 θεραπείας
1505 5111 1818 5183 προσάγειν,

303 5238 356 5273 ’⁸
385 5237 548 5293 Osee.
583 5252 656 5302 tv,
687 5237 772 5290 Η.

307 5357 426 5430 (59)
489 5356 640 5430 Mss”
691 5359 789 5430 uati.
819 5355 1094 5430 κατάξεις,
1145 5362 1249 5407 etc.
1305 5347 1608 5430 [’{tlltl’fallal
1647 5345 1810 5430 edita,

219 5417 333 5484 xz“.
361 5417 426 5482 οὗ
447 5417 719 5492 κατάξεις.
749 5417 1105 5481 Verissimnm
1128 5431 1208 5476 est
1227 5420 1366 5490 quod
1395 5435 1426 5496 a_
1447 5417 1814 5496 (}«_-|ielirai'_tlo,

215 5513 286 5555 et
347 5499 546 5552 deinde
585 5484 618 5550 ἆ
663 5484 866 5551 ‘l'arino
905 5484 1255 5564 observatum
1296 5499 1379 5542 est
1417 5484 1816 5564 legi_sse_0rige-

219 5585 388 5632 Item,
427 5569 520 5621 καὶ
537 5567 814 5634 κατάξεις,
840 5567 890 5620 id
911 5567 1051 5618 enim
1087 5563 1308 5616 omnino
1333 5556 1674 5636 ratiocinatio
1703 5556 1816 5636 ejus

217 5628 498 5710 postulat.
546 5638 610 5692 Et
645 5628 712 5710 al}
741 5628 1006 5710 llehraieo
1049 5646 1264 5710 quoque
1296 5628 1817 5710 contertltttategmrdi

221 5697 567 5780 particulam
601 5697 1304 5780 abfuisse,Origen'eszipse
1351 5697 1695 5780 testiﬁcatur.
1746 5697 1816 5776 At

222 5765 512 5838 ἱιιιὶιιοιεω
563 5793 684 5849 quae
731 5779 888 5835 hodie
931 5765 1412 5842 circumferuntur,
1451 5779 1566 5824 tum
1603 5765 1812 5823 llebrzei

1915 3280 2168 3348 jeeerint,
2193 3281 2348 3350 quasi
2378 3295 2440 3334 ea
2483 3281 2648 3336 velint
2682 3295 2954 3340 evomere.
2989 3295 3086 3336 nec
3123 3279 3190 3333 ad
3219 3295 3304 3346 ea,
3341 3281 3502 3336 satia-

1924 3385 1991 3432 ta:
2018 3375 2272 3428 nimirum
2303 3383 2358 3427 et
2403 3372 2747 3443 gravissimis
2793 3373 2966 3440 pomis
2997 3372 3270 3435 exercitae,
3315 3375 3496 3426 statim

1903 3467 2179 3526 rediturae
2203 3466 2329 3519 sint.
2372 3465 2560 3518 Serius
2589 3473 2768 3518 autem
2801 3473 3077 3524 curantur.
3108 3478 3226 3530 quae
3251 3473 3466 3517 contem
3496 3493 3500 3496 -

1921 3557 2158 3628 psissent
2181 3558 2232 3610 in
2256 3557 2440 3610 eadem
2473 3557 2666 3609 iterum
2690 3555 2956 3620 recidere,
2979 3553 3124 3622 quod
3157 3555 3312 3608 malis
3338 3554 3495 3608 abso-

1925 3649 2052 3704 lutae
2077 3649 2260 3704 statim
2311 3647 2556 3702 fuissent.
2591 3646 2748 3702 Novit
2777 3657 2954 3700 autem
2982 3644 3164 3716 epilex
3209 3646 3349 3700 Dens
3384 3648 3500 3700 sin—

1925 3742 2172 3812 gularum
2197 3740 2528 3804 all‘eetiones,
2559 3751 2614 3794 et
2633 3751 2690 3793 ιιι
2715 3741 2764 3793 ei
2791 3739 3065 3802 convenit,
3091 3737 3237 3794 solus
3258 3739 3500 3792 scienter

1901 3850 1986 3894 _ac
2010 3835 2184 3904 perite
2209 3835 2534 3888 medicinam
2576 3832 2757 3886 facere
2789 3842 2984 3900 potest,
3026 3840 3079 3886 et
3113 3831 3258 3901 quod
3293 3831 3498 3898 cuique

1923 3927 2198 3998 congruit,
2225 3935 2276 3980 et
2308 3927 2544 3996 quando,
2567 3925 2844 3978 adhibere.
2876 3927 3050 3992 Atque
3081 3933 3138 3978 ut
3174 3925 3225 3978 in
3272 3923 3502 3992 quibus-

1924 4020 2048 4073 dam
2082 4017 2322 4088 corporis
2375 4017 2596 4082 morbis,
2646 4017 2687 4071 si
2754 4014 2950 4069 malum
2987 4015 3052 4069 ad
3085 4013 3296 4079 intima,
3339 4025 3396 4068 ut
3425 4013 3500 4068 ita

1897 4111 2126 4174 .tlicam,
2157 4108 2549 4179 penetraverit,
2591 4107 3008 4162 medicamentis
3049 4105 3372 4174 quibusdam
3432 4105 3502 4157 ad

1897 4205 2180 4256 .extimam
2243 4199 2583 4269 superﬁciem
2637 4199 2925 4252 materiam
2979 4197 3206 4250 attrahit
3237 4195 3502 4260 medicus,

1925 4294 2336 4349 molestissimas
2397 4291 2869 4370 inﬂatmnationes,
2939 4297 3180 4344 tumores
3243 4297 3298 4342 et
3353 4288 3506 4342 dolo-

1897 4401 2013 4446 ,res
2065 4387 2244 4456 plures
2300 4385 2390 4450 iis,
2446 4397 2582 4454 quos
2641 4393 2930 4451 antequam
2999 4387 3282 4434 curaretur
3329 4378 3502 4432 susti-

1851 4477 2123 4570 1)nebat,
2185 4476 2454 4538 aﬂ'erens;
2520 4483 2575 4528 ut
2645 4473 2758 4528 ﬁeri
2825 4472 3107 4528 consuevit
3168 4470 3220 4524 in
3289 4471 3354 4522 iis
3406 4471 3498 4538 qni

1925 4585 1954 4622 a
1986 4569 2172 4624 rabido
2204 4583 2336 4623 cane
2367 4567 2531 4622 morsi
2590 4574 2736 4632 sunt,
2770 4573 2822 4620 et
2849 4564 2968 4618 aliis
3027 4561 3372 4632 quihusdam,
3407 4562 3498 4628 qui

1897 4661 2189 4730 ejusmodi
2239 4660 2394 4714 malis
2425 4659 2772 4714 adiciuntur:
2815 4657 2893 4712 sic
2929 4655 3096 4710 Deum
3134 4653 3372 4707 arhilror
3403 4668 3500 4705 oe-

1921 4756 2125 4810 cultam
2166 4753 2322 4824 115
2373 4753 2652 4815 malitiam,
2684 4765 2804 4820 quin
2837 4750 2904 4804 ad
2959 4749 3200 4802 intimatn
3258 4745 3495 4798 animam

1895 4845 2254 4916 penetravit,
2293 4853 2543 4900 tractare.
2591 4844 2658 4898 Et
2706 4840 3164 4912 (premadmodum
3210 4839 3275 4890 de
3311 4837 3498 4906 hujus-

1925 4937 2068 4991 modi
2116 4947 2318 5006 a-groto
2356 4935 2600 4990 medicus
2649 4934 2816 4990 dicit:
2881 4932 2995 5002 Ego
3037 4929 3494 4984 inflammationes

1933 5025 2126 5082 faciam
2170 5028 2221 5080 in
2257 5026 2376 5082 loco
2411 5023 2669 5090 vulneris,
2696 5033 2750 5078 et
2785 5023 2881 5076 has
2915 5031 3006 5074 aut
3049 5019 3168 5074 illas
3201 5027 3381 5088 partes
3411 5020 3496 5070 l‘a-

1933 5113 2073 5166 ciam
2102 5124 2159 5167 ut
2201 5115 2582 5178 intumescant,
2622 5121 2678 5166 ut
2725 5110 3027 5182 graviorem
3065 5109 3372 5178 abst-essmn
3417 5104 3488 5159 fa.

1920 5349 2266 5414 exemplaris,
2320 5357 2428 5400 tum
2475 5346 2616 5400 LXX
2673 5345 2956 5400 Seniorum
2991 5343 3254 5414 editiones
3297 5337 3496 5392 habent

1993 5405 2206 5480 iri-N51.
2255 5405 2354 5471 ’καὶ
2402 5417 2461 5470 οὑ
2521 5415 2795 5482 κατάξεις,
2847 5415 2931 5470 cui
2983 5413 3264 5480 scriptura:
3307 5423 3494 5462 omnes

1916 5493 2139 5544 omnino
2181 5491 2508 5556 interpretes
2540 5488 2907 5556 consentiunt.
2947 5483 3209 5536 lleerws.

1991 5559 2099 5630 (40)
2131 5555 2556 5630 ΡΙιὶίοειιικιιιει,
2584 5555 3048 5630 ἐπικαιροτάταις.

2003 5619 2374 5700 Haerentes-aq.
2389 5619 2622 5700 Omnino
2653 5619 2942 5700 legendum
2961 5619 3275 5700 ἐφιεμένας,
3301 5629 3352 5675 et
3369 5631 3491 5674 mox

1921 5691 2329 5774 παρ’Ἔάῖιταῐς,
2365 5699 2418 5756 id
2449 5699 2594 5769 quod
2630 5691 2758 5756 vidit
2781 5691 3181 5752 Genebrardus.
