3854 6398
471 299 570 354 ⁸271
1913 289 1993 350 ΟΠ

2121 287 2256 348 ΝΕδ
3561 309 3642 366 Ξἳὲ

472 410 645 466 ciant.
680 407 806 466 ll:ec
845 409 1112 465 dicentem
1147 407 1416 463 medicum
1453 408 1496 464 si
1545 404 1666 478 quis
1697 408 1906 479 peritus
1939 425 1994 462 au

2140 407 2192 460 τί
2262 405 2385 478 χρὴ,
2441 407 2536 461 καὶ
2591 397 2718 461 πότε
2765 406 2978 477 ἑκάστῳ
3030 411 3214 466 ποιεῖν.
3269 414 3458 488 Ὠσπερ
3489 420 3536 474 Εὲ
3574 428 3643 481 ἐττί

474 503 618 571 dist,
659 518 764 556 non
801 501 1151 570 vituperabit,
1181 501 1290 554 imo
1324 516 1454 556 vero
1495 500 1752 566 laudabit,
1799 500 1887 570 qui
1926 501 1996 555 hac

2138 516 2295 552 τινων
2341 498 2667 570 σωματικῶν
2731 499 3086 569 παθημάτων,
3138 505 3212 565 είς
3257 503 3404 573 βάθος
3447 511 3546 574 τοῦ,
3592 509 3641 566 ἵν’

473 608 533 648 se
563 591 826 646 facturum
861 591 1140 644 minitetur
1181 608 1193 644 :
1241 591 1334 644 sed
1380 589 1520 644 alius
1570 590 1852 645 medicina:
1884 593 1995 659 igua

2136 591 2310 654 οὕτως
2343 589 2502 652 εῐπω,
2553 591 2932 662 κεχωρηκότος
2969 591 3156 655 κακοῦ,
3187 594 3214 646 6
3239 597 3404 666 ἰατρδς
3453 603 3520 664 εἰς
3569 606 3643 676 τὴν

474 700 589 746 rus,
616 683 756 736 dicet
782 681 1020 735 alienum
1049 681 1230 736 facere
1255 696 1282 734 a
1314 681 1651 750 professione
1685 682 1996 737 medicorun

2137 683 2457 750 ἐπιφάνειαν
2485 682 2573 736 διά
2598 700 2758 736 τινων
2784 683 3086 755 φαρμάκων
3107 683 3247 738 ἕλκει
3275 689 3361 740 καὶ
3398 693 3645 749 ἐπισπᾶται

471 777 562 844 qui
600 789 720 829 cum
754 788 948 826 sanare
983 772 1196 836 debeat,
1243 772 1308 826 ad
1345 773 1799 828 inflammationes
1826 781 1880 827 et
1918 773 1993 828 ab!

2137 773 2237 844 τὴν
2278 773 2427 844 ὕλην,
2492 773 2796 846 φλεγμονὰς
2864 774 3105 844 χαλεπὰς
3157 777 3383 847 ἐμποιῶν
3433 784 3514 836 καὶ
3547 785 3647 840 διοι-

471 882 658 922 cessus
694 881 806 921 rem
849 867 1102 921 deducat.
1151 865 1242 920 Sic
1283 865 1442 919 etiam
1469 863 1725 920 existimo
1761 868 1925 920 Deum
1960 865 1990 919 d

2140 865 2340 936 δήσεις,
2369 863 2461 918 καλ⁸
2493 865 2684 928 πόνους
2708 865 2817 935 (62)
2842 866 3087 930 πλείονας
3105 861 3177 920 ὧν
3206 865 3310 940 εἶχέ
3340 889 3414 934 τις
3444 875 3552 944 πρὶν
3576 877 3647 931 ἐπὶ

469 958 617 1012 xisse
653 975 669 1014 :
709 977 728 1010 ε
762 957 872 1028 Ego
904 957 1172 1012 indurabo
1203 973 1300 1012 cor
1331 955 1685 1012 Pharaonis.»
1706 956 1952 1026 llaec,qui
1984 973 1991 1009 ι

2139 957 2201 1010 τὸ
2236 955 2636 1026 θεραπευθῆναι
2666 955 2900 1010 ὁδεῦσαιο
2935 953 3125 1028 ῶσπερ
3168 959 3280 1024 ἔθος
3320 966 3473 1015 ποιεῖν
3504 966 3645 1032 αὐτοῖς

471 1050 566 1104 Dei
601 1051 816 1106 oracula
851 1049 1065 1120 accipit,
1097 1049 1328 1104 dicentis
1359 1049 1736 1104 auctoritatem
1775 1050 1992 1104 reveriti

2141 1049 2233 1102 ἐπὶ
2249 1047 2643 1120 λυσσοδήκτων,
2676 1048 2770 1101 καὶ
2816 1050 3016 1121 ἐτέρων
3040 1050 3202 1104 τινῶν
3247 1050 3311 1104 τά
3349 1056 3647 1125 παραπλήσια

470 1142 770 1211 approbat:
801 1149 855 1195 et
887 1140 1064 1194 omnis
1117 1139 1209 1210 qui
1244 1141 1474 1210 quaerit,
1520 1141 1728 1195 invenit
1774 1144 1992 1210 quomod

2140 1139 2346 1202 τούτοις
2379 1139 2736 1192 πεπονθότων·
2768 1139 2938 1203 οὕτως
2956 1137 3107 1211 οἶμαι
3131 1142 3221 1196 καὶ
3249 1143 3333 1196 τὸν
3351 1142 3468 1196 Θεὸν
3489 1147 3649 1199 οἰκονο-

470 1232 524 1286 in
560 1232 644 1287 his
672 1231 835 1286 etiam
867 1230 958 1285 Dei
993 1229 1287 1285 bonitatem
1314 1229 1596 1293 ostendat;
1634 1230 1878 1298 apertius
1911 1232 1992 1297 qu

2145 1235 2263 1303 μεῖν
2297 1231 2392 1302 τὴν
2421 1231 2648 1303 κρύφιον
2690 1233 2886 1284 κακίαν
2927 1236 3006 1294 εἰς
3037 1233 3096 1286 τὸ
3131 1233 3288 1304 βάθος
3331 1237 3646 1307 κεχωρηκυῖαν

469 1323 591 1377 dem
623 1321 692 1376 ad
744 1319 973 1376 salutem
1020 1319 1234 1390 pOpuli,
1279 1320 1370 1389 qui
1408 1319 1594 1373 multis
1647 1317 1922 1372 miraculis
1973 1334 1991 1371 ε

2139 1323 2239 1392 τῆς
2281 1323 2476 1394 ψυχῆς.
2514 1324 2625 1377 Καὶ
2675 1324 2862 1396 ὥσπερ
2912 1324 3060 1394 λέγει
3110 1328 3138 1378 6
3191 1327 3363 1398 ἰατρὸς
3406 1329 3488 1380 ἐπὶ
3530 1329 3648 1382 τοῦδέ

471 1412 629 1468 fidem
663 1412 980 1479 adducitur;
1016 1412 1255 1467 secundo
1297 1413 1350 1466 in
1386 1410 1684 1482 Egyptiis,
1730 1412 1993 1481 quicunqt

2139 1431 2312 1478 τινος·
2342 1412 2482 1481 Ἐγὼ
2499 1413 2804 1485 φλεγμονὰς
2838 1417 3050 1487 ποιήσω
3098 1418 3224 1489 περὶ
3281 1418 3366 1470 τὸν
3408 1420 3547 1472 τόπον
3572 1421 3649 1490 τῆς

470 1503 748 1560 miraculis
773 1503 1067 1573 stupefacti
1093 1502 1348 1558 Hebraeos
1385 1504 1624 1558 secuturi
1654 1511 1849 1557 erant:
1881 1502 1992 1556 «Pri

2141 1503 2406 1568 ἀνέσεως,
2454 1511 2548 1558 καὶ
2598 1504 2854 1576 διοιδῆσαι
2895 1507 3189 1574 ἀναγκάσω
3226 1507 3342 1560 τάδε
3372 1508 3480 1560 τινὰ
3522 1508 3647 1578 μέρη,

471 1595 750 1660 misenus,
803 1595 980 1665 inquit
1006 1594 1074 1659 ",
1123 1595 1352 1666 populus
1402 1594 1602 1649 multus
1656 1591 1993 1664 (Egyptiorui

2140 1594 2280 1648 ὥστε
2335 1596 2630 1666 ἀπόστημα
2678 1597 2910 1668 χαλεπὸν
2960 1597 3318 1670 ἐργάσασθαι·
3362 1599 3577 1667 λέγοντος
3608 1599 3649 1652 δὲ

469 1701 572 1740 una
612 1700 732 1741 cum
767 1685 834 1740 iis
870 1699 1122 1756 egressus
1151 1693 1268 1751 est;
1293 1703 1312 1737 ι
1345 1684 1597 1739 arcanius
1625 1697 1754 1738 vero
1795 1693 1850 1738 et
1881 1682 1991 1735 allii

2139 1685 2311 1739 ταῦτα
2341 1685 2433 1739 τοῦ
2472 1686 2678 1758 ἰατροῦ,
2719 1689 2747 1740 6
2784 1688 2882 1758 μὲν
2916 1688 3128 1742 ἀκούων
3173 1689 3330 1742 αὑτοῦ
3358 1692 3649 1759 ἐπιστημονι-

470 1777 704 1832 fortasse
733 1785 790 1832 et
815 1778 882 1832 ad
908 1775 1211 1831 Pharaonis
1238 1775 1404 1846 ipsius
1439 1774 1754 1840 utilitatem,
1797 1775 1888 1843 qui
1925 1773 1992 1845 ja:

2140 1776 2381 1850 κὼτερος
2416 1776 2548 1849 (45),
2575 1778 2673 1830 οὐκ
2715 1779 3038 1842 αἰτιάσεται,
3075 1778 3210 1832 ἀλλὰ
3242 1779 3332 1832 καὶ
3364 1780 3650 1832 ἐπαινέσεται

467 1882 730 1924 venenum
760 1883 866 1924 non
909 1867 1227 1934 occultaret,
1274 1882 1447 1937 neque
1478 1868 1832 1937 cupiditatem
1882 1867 1984 1922 coh

2140 1869 2229 1922 τὸν
2271 1869 2442 1923 ταῦτα
2493 1870 2654 1923 οἱονεὶ
2695 1871 3020 1925 ἀπειλοῦντα
3071 1869 3425 1944 ἐργάσασθαι·
3455 1872 3480 1921 6
3511 1869 3557 1922 δέ
3591 1887 3652 1932 τις

453 1959 640 2027 ‘beret,
665 1959 764 2014 sed
801 1957 1168 2029 protraheret,
1203 1967 1259 2012 et
1288 1959 1341 2012 in
1372 1967 1618 2027 apertum
1660 1959 1953 2028 proferret,

2140 1960 2281 2026 λέξει
2311 1962 2534 2032 φάσκων
2575 1961 2851 2033 ἀλλότριον
2883 1964 2980 2033 τῆς
3009 1963 3119 2017 τῶν
3157 1962 3347 2033 ἰατρῶν
3379 1960 3652 2029 ἐπαγγελίας

464 2049 699 2104 fortasse
740 2048 952 2118 agendo
981 2047 1323 2112 dissolveret,
1365 2060 1424 2103 ut
1468 2050 1784 2104 inhaarentis
1825 2048 1986 2104 maliti

2143 2059 2335 2119 ποιεῖν,
2378 2055 2438 2108 τὺ
2481 2055 2598 2108 δέον
2655 2054 2764 2125 (44)
2817 2056 3082 2123 ὑγιάζειν,
3127 2055 3218 2108 ἐπὶ
3267 2051 3545 2123 φλεγμονὰς
3584 2051 3654 2102 καὶ

462 2141 779 2195 ebullitione
818 2156 882 2194 ac
929 2140 1197 2209 ejectione
1257 2140 1437 2205 facta,
1487 2141 1811 2197 imbecillam
1857 2152 1984 2210 posti

2141 2147 2502 2217 ἀποστήματα
2556 2147 2784 2215 ἄγοντα·
2843 2146 2984 2200 οὕτω
3016 2146 3072 2199 δὲ
3105 2143 3257 2218 οἶμαι
3301 2145 3392 2199 καὶ
3432 2144 3511 2197 τὸν
3553 2142 3653 2195 Θείν

471 2232 716 2300 haberet,
735 2245 857 2301 qua!
881 2231 1019 2286 mala
1050 2231 1117 2287 fet
1134 2241 1177 2298 t,
1203 2233 1472 2295 arborem,
1496 2243 1548 2288 et
1575 2231 1802 2288 fortasse
1824 2233 1993 2288 demm

2140 2239 2418 2311 εἰρηκέναι
2465 2238 2557 2292 τό·
2601 2257 2621 2290 ι
2669 2237 2808 2308 Ἐγὼ
2865 2239 3150 2311 σκληρυνῶ
3200 2240 3296 2309 τὴν
3337 2237 3538 2307 καρδίαν
3571 2235 3654 2286 Φα-

459 2325 821 2389 exsiccatam,
863 2339 987 2380 cum
1039 2324 1305 2394 mergitur
1356 2323 1612 2390 Pharao;
1669 2337 1846 2391 neque
1893 2324 1981 2379 ide

2141 2329 2286 2400 ραώ·
2315 2348 2333 2381 ι
2386 2329 2477 2382 καὶ
2507 2328 2712 2382 τούτων
2757 2329 3178 2400 γεγραμμένων,
3205 2331 3233 2382 6
3269 2329 3362 2399 μὲν
3393 2325 3578 2379 ἀκούων
3601 2321 3655 2384 ὡς

462 2427 522 2472 ut
554 2417 821 2488 quiSpiam
862 2415 1221 2478 existimarit,
1270 2425 1330 2472 ut
1378 2416 1593 2486 penitus
1629 2417 1907 2482 interiret,
1945 2433 1984 2472 SI

2138 2421 2272 2475 Θεοῦ
2307 2421 2520 2490 λογίων,
2567 2420 2630 2474 τὸ
2690 2420 2789 2491 μὲν
2834 2421 3046 2490 ἀξίωμα
3094 2421 3190 2475 τοῦ
3241 2420 3474 2488 λέγοντος
3515 2413 3655 2486 τηρῶν

461 2520 519 2563 ut
550 2509 736 2580 ejectis
805 2510 1043 2576 peccatis
1073 2508 1422 2570 allevaretur.
1459 2518 1511 2562 ct
1545 2509 1684 2564 forte
1725 2509 1776 2562 in
1806 2523 1940 2578 pace
1970 2523 1983 2562 ι

2139 2510 2475 2580 ἀποδέχεται,
2515 2510 2608 2564 καὶ
2643 2509 2819 2581 ζητῶν
2853 2511 2958 2571 πᾶς
2999 2512 3245 2581 εὑρίσκει
3274 2510 3365 2562 καὶ
3409 2510 3460 2560 ὲν
3492 2506 3657 2562 τούτοις

464 2609 614 2656 tanto
651 2600 794 2656 bello
825 2601 989 2654 animi
1023 2599 1092 2654 ad
1132 2599 1338 2654 inferos
1375 2599 1753 2654 descenderet.
1783 2599 1893 2654 Sed
1929 2600 1980 2653 fo

2137 2603 2452 2675 ἀγαθότητα
2497 2603 2592 2656 τοῦ
2640 2602 2775 2654 Θεοῦ
2824 2604 3172 2672 παραστῆσαι
3222 2600 3495 2670 γινομένην
3537 2594 3653 2666 (45)*

459 2695 603 2748 sitan
629 2703 771 2763 aegre
804 2691 1080 2761 patientur
1111 2689 1365 2754 lectores,
1397 2689 1690 2745 violentum
1718 2701 1773 2746 et
1798 2691 1976 2746 alienu

2138 2697 2515 2769 φανερώτερον
2553 2698 2650 2768 μὲν
2685 2696 2778 2748 ἐπὶ
2820 2694 3061 2766 σωτηρία
3092 2695 3188 2750 τοῦ
3221 2694 3366 2758 λαοῦ,
3399 2690 3478 2744 διά
3517 2685 3657 2740 πλειὸο

459 2799 583 2842 esse
623 2782 909 2848 arbitrati,
949 2781 1096 2854 quod
1141 2781 1481 2848 dicebamus,
1513 2782 1646 2837 utile
1682 2781 1852 2838 fuisse
1898 2782 1981 2838 Ph,

2137 2807 2242 2843 νων
2276 2789 2594 2862 παραδόξων
2624 2790 3104 2860 πιστοποιουμένου
3127 2806 3140 2819 ·
3177 2790 3269 2843 καὶ
3306 2786 3534 2851 δεύτερον
3562 2775 3659 2848 περὶ

464 2876 614 2932 raoni
648 2889 747 2931 cor
780 2874 948 2943 ipsius
986 2873 1229 2928 indurari
1254 2913 1269 2937 ,
1308 2882 1364 2928 et
1410 2889 1508 2943 pro
1544 2889 1609 2929 eo
1655 2873 1853 2929 fecisse
1886 2889 1986 2943 qua

2138 2881 2243 2936 τῶν
2261 2881 2600 2950 Αἰγυπτίων,
2634 2882 2747 2934 ὅσοι
2781 2881 3001 2952 ἔμελλον
3031 2881 3102 2934 τά
3127 2881 3379 2951 γινόμενα
3405 2872 3660 2941 καταπλητ-

461 2982 676 3042 eunqne
709 2967 910 3035 scripta
945 2975 1073 3020 sunt
1104 2979 1276 3034 usque
1319 2966 1384 3019 ad
1429 2965 1884 3020 submersionem.
1927 2966 1983 3020 δι

2136 2973 2354 3042 τόμενοι
2387 2971 2695 3024 ἀκολουθεῖν
2728 2974 2836 3034 τοῖς
2865 2970 3136 3042 Ἑϐραίοις
3157 2989 3168 3001 ·
3202 2991 3218 3022 ι
3244 2969 3534 3038 Ἐπίμικτος
3560 2962 3656 3031 γὰρ.

469 3059 590 3116 vlde
631 3073 762 3114 num
817 3056 965 3122 inde,
1016 3066 1224 3111 remota
1280 3057 1428 3109 omni
1485 3055 1858 3120 dubitatione,
1913 3073 1991 3126 qn:

2139 3066 2290 3136 φησὶ,
2332 3065 2456 3128 λαὸς
2501 3064 2668 3128 πολὺς
2718 3065 2824 3118 τῶν
2876 3065 3188 3134 Αἰγυπτίων
3250 3057 3546 3128 συνεξῆλθεν
3587 3054 3660 3106 αύ-

460 3152 605 3208 dicta
639 3161 767 3208 sunt
809 3153 1038 3221 probare
1073 3149 1372 3220 possimus.
1427 3167 1445 3200 ι
1481 3147 1664 3215 Multa,
1712 3149 1890 3219 inquit

2139 3114 2815 3226 .;.'z;1."'t;;.,a;a.sy
2853 3114 3558 3226 δέἐςξιιῌέιὸοέερονἿεάχα.
3589 3142 3660 3197 και

460 3244 549 3299 vid
568 3241 650 3310 ",
691 3241 898 3312 flagella
949 3239 1288 3312 peccatoris;
1318 3259 1336 3292 ι
1386 3250 1441 3294 et
1487 3239 1632 3296 filius
1687 3241 1802 3309 ejus
1847 3243 1980 3298 doce

2141 3246 2234 3300 ἐπὶ
2283 3244 2362 3316 τῷ
2393 3245 2583 3315 ὄφελος
2629 3243 2882 3314 γενέσθαι
2930 3244 3080 3315 αὐτῷ
3118 3245 3197 3315 τῷ
3229 3241 3440 3315 Φαραὼ,
3483 3241 3567 3293 ούκ
3602 3236 3661 3288 ἔτι

462 3338 653 3401 Deum,
682 3348 1060 3406 quemcunque
1103 3333 1282 3402 diligit
1320 3343 1373 3387 et
1415 3334 1679 3402 approbat
1713 3335 1905 3400 tilium,
1937 3334 1984 3390 fl:

2140 3335 2542 3408 ἀποκρύπτοντι
2587 3335 2678 3388 τὸν
2714 3335 2811 3400 ἰὸν,
2841 3334 2962 3388 οὐδὲ
2994 3337 3094 3408 τὴν
3126 3335 3240 3400 ἐξιν
3275 3333 3546 3403 συνέχοντι,
3575 3323 3659 3380 ἀλλ’

462 3430 617 3499 gellis
655 3429 964 3498 obiurgare.
1016 3426 1136 3497 lpsc
1178 3436 1439 3495 praeterea
1495 3426 1665 3482 David
1719 3429 1984 3496 promissit

2140 3429 2350 3484 ἕλκοντι
2382 3429 2476 3483 καὶ
2514 3431 2593 3492 εἰς
2641 3428 2948 3499 τούμφανὲς
2992 3428 3180 3498 ἄγοντι
3222 3426 3398 3488 αὑτὸν,
3433 3423 3518 3478 καὶ
3556 3419 3662 3486 τάχα

461 3538 584 3577 nem
613 3525 678 3578 de
707 3521 927 3577 Christo
969 3531 1025 3575 et
1053 3519 1402 3575 credentibus
1439 3520 1492 3574 in
1539 3535 1662 3574 eum
1703 3520 1982 3575 vaticinari

2140 3521 2224 3575 διὰ
2257 3519 2351 3574 τοῦ
2380 3521 2636 3593 πράττειν
2666 3519 2929 3582 ὲκλύοντι,
2962 3519 3047 3573 ἵνα
3070 3521 3248 3572 πάντα
3268 3517 3335 3571 τὰ
3356 3517 3450 3586 τῆς
3475 3517 3662 3579 ἐνυπαρ-

462 3614 644 3669 ait":
680 3631 701 3667 ι
737 3612 792 3668 Si
825 3613 1220 3684 dereliquerint
1252 3612 1346 3666 ﬁlii
1389 3611 1505 3680 ejus
1545 3611 1719 3681 legem
1755 3629 1950 3678 meum,

2141 3610 2340 3684 χούσης
2417 3609 2615 3672 κακίας
2699 3609 3056 3681 ἐκόράσματα
3128 3607 3469 3670 ἐπιτελέσας,
3517 3603 3663 3656 ἄτονον

461 3706 514 3762 in
541 3705 760 3777 judiciis
789 3707 926 3761 meis
953 3721 1059 3760 non
1086 3704 1516 3769 ambulaverint;
1544 3705 1591 3760 si
1617 3704 1983 3775 justiticationt

2140 3702 2362 3773 ὕστερον
2406 3701 2503 3772 ἔχῃ
2546 3701 2606 3753 τὸ
2636 3698 2744 3752 τῶν
2789 3699 2976 3752 κακῶν
3031 3701 3272 3754 οἰστικὸν
3319 3686 3518 3768 δένδρον
3559 3691 3662 3760 (‘5'.

460 3816 610 3856 meas
652 3799 1005 3862 violaverint,
1054 3805 1106 3852 et
1141 3796 1393 3851 mandata
1449 3810 1568 3850 mea
1602 3811 1712 3852 non
1761 3795 1982 3852 custodit

2144 3795 2276 3865 τάχα
2308 3792 2696 3865 ξηραινόμενον
2727 3791 2820 3844 ἐπὶ
2838 3791 3001 3855 τέλει,
3025 3792 3115 3844 ὅτε
3148 3786 3571 3847 καταποντοῦται,
3592 3779 3666 3848 οὐκ

461 3893 607 3954 rint,
647 3891 1078 3944 animadvertam
1115 3887 1172 3941 in
1216 3889 1364 3956 virga
1411 3887 1728 3956 iniquitates
1762 3889 1982 3959 ipsorun

2143 3888 2214 3951 ὡς
2248 3885 2458 3956 οἰηθείη
2490 3884 2554 3938 ἄν
2599 3900 2682 3948 τις
2712 3883 2807 3935 ἐπὶ
2837 3881 2916 3954 τῷ
2947 3882 3228 3947 παντελῶς
3249 3876 3552 3936 ἀπολέσθαι,

459 3993 514 4039 et
561 3983 615 4038 in
667 3979 897 4053 ﬂagellis
955 3979 1165 4035 scelera
1225 3993 1455 4044 eorum;
1508 3989 1564 4034 at
1607 3978 1977 4034 misericordia

2145 3979 2228 4032 ἐπὶ
2275 3976 2353 4047 τῷ
2391 3975 2732 4030 ἀποϐαλόντα
2778 3975 2848 4029 τά
2895 3976 3269 4046 ἁμαρτήματα
3326 3963 3667 4053 κουφισθῆναξ.

461 4089 638 4130 meam
669 4050 776 4128 non
813 4069 1088 4141 dissipabo
1119 4072 1188 4126 ab
1214 4069 1349 4124 eis.»
1386 4068 1482 4124 Dei
1516 4067 1676 4140 116
1703 4081 1834 4139 ergo
1860 4078 1981 4138 grat

2145 4072 2229 4125 καί
2256 4069 2397 4140 τάχα
2417 4070 2474 4122 ἐν
2500 4070 2690 4141 εἰρήνῃ
2718 4068 2826 4123 ἀπὸ
2853 4067 3107 4121 τοσούτου
3139 4063 3376 4134 πολέμου
3409 4059 3499 4129 τῆς
3527 4050 3667 4124 ψυχῆς

459 4173 544 4220 est
577 4178 698 4218 cum
722 4160 777 4216 in
797 4160 1039 4230 iniquum
1065 4156 1516 4213 animadvertitur
1538 4159 1711 4227 virga,
1743 4168 1798 4212 et
1829 4157 1881 4211 in
1911 4171 1978 4227 pe

2147 4163 2213 4225 εἰς
2242 4159 2368 4232 ᾅδου
2402 4160 2728 4231 καταϐῆναι.
2770 4159 2907 4212 Ἀλλ’
2931 4157 3078 4220 εἰκὸς
3107 4153 3395 4214 δυσπαθῶς
3423 4148 3549 4212 ἐξειν
3572 4141 3669 4232 τους

460 4267 704 4316 calorem
739 4253 986 4326 ﬂagellis.
1019 4253 1080 4308 Et
1109 4261 1383 4324 quatenus
1435 4268 1541 4308 non
1591 4251 1895 4322 ﬂagellatur
1942 4270 1982 4320 (ιι

2150 4231 2570 4323 ἐντευξομένους,
2599 4251 2769 4322 βίαιον
2803 4248 3286 4320 ὑπολαμϐάνοντας
3316 4239 3449 4297 εἶναι
3477 4237 3532 4292 τὸ
3544 4231 3672 4326 λεγάο

461 4361 672 4424 peccat,
703 4348 1032 4405 correctioni
1073 4358 1127 4402 et
1167 4345 1536 4402 emendationi
1577 4346 1816 4400 nondum
1861 4345 1977 4415 subj

2149 4363 2317 4414 μενον,
2360 4321 2437 4408 ὧς
2482 4321 2906 4416 ἄραίσυμφέρον
2959 4339 3242 4412 γεγονέναι
3287 4335 3366 4409 τῷ
3405 4327 3587 4424 Φαραῷ
3624 4321 3671 4423 τξ

459 4419 622 4500 citur.
653 4443 833 4510 Quare
868 4440 1106 4494 minatur
1138 4438 1281 4493 Deus
1305 4438 1376 4504 ⁷⁸,
1417 4437 1463 4492 si
1495 4450 1690 4506 magna
1733 4434 1864 4490 fiant
1907 4451 1981 4505 pet

2149 4436 2500 4509 ἐσκληρύνθαι
2551 4436 2716 4490 αὐτοῦ
2757 4437 2858 4506 τὴν
2900 4434 3147 4507 καρδίαν,
3213 4433 3308 4486 καὶ
3359 4427 3493 4497 ὑπὲρ
3539 4419 3671 4518 ait???

460 4544 580 4590 cata
613 4533 946 4598 Iudaeorum,
981 4548 1001 4582 ι
1034 4544 1139 4584 non
1166 4525 1400 4596 amplius
1436 4527 1947 4582 animadversurum
1979 4545 1982 4581 ι

2149 4529 2316 4583 πάντα
2346 4528 2415 4582 τὰ
2459 4519 2926 4600 ἀναγεγραμμένα
2961 4524 3265 4595 γεγονέναι,
3300 4521 3454 4593 μέχρι
3488 4512 3570 4569 καὶ
3596 4512 3671 4600 τῆς

463 4627 602 4681 tilias
661 4638 849 4678 eorum
895 4636 1018 4675 enim
1059 4635 1118 4675 se
1159 4619 1572 4690 prostituerint,
1613 4627 1670 4673 et
1713 4618 1766 4671 in
1805 4633 1985 4688 spons:

2151 4596 2619 4685 καταποντώσεως.
2646 4596 2806 4690 ίλοροὶ
2835 4620 2892 4673 δὲ
2943 4621 2991 4672 εί
3043 4614 3319 4687 δυνάμεθα
3363 4606 3590 4665 ἐντεῦθεν
3628 4596 3673 4650 τδ

461 4720 702 4790 ipsorum
727 4730 851 4771 cum
901 4713 1106 4767 fuerint
1155 4711 1491 4767 adul-teratae.
1521 4729 1540 4763 ι
1583 4710 1648 4765 Et
1681 4709 1805 4765 alibi
1832 4711 1910 4765 ait
1936 4711 1981 4742 ⁷³

2151 4712 2421 4778 δυσπειθὲς
2455 4713 2794 4784 περιελόντες
2827 4711 3000 4764 πειθὼ
3038 4705 3432 4781 ἐνεργάσασθαι
3461 4697 3547 4753 τοὸ
3573 4690 3673 4790 περί

465 4785 650 4880 «νρυὶα
675 4805 970 4878 expurgavi
991 4814 1061 4871 te,
1084 4813 1138 4860 et
1172 4820 1278 4859 non
1305 4819 1364 4859 es
1385 4811 1668 4874 purgatus,
1698 4817 1805 4857 non
1830 4803 1987 4857 irasc:

2152 4804 2248 4856 τῶν
2306 4805 2632 4876 εἰρημένων.
2692 4823 2710 4855 ι
2743 4803 2940 4858 Πολλαὶ
3005 4806 3060 4856 αἱ
3127 4803 3421 4874 μάστιγες,
3476 4785 3674 4880 φησὶνηδ

462 4879 557 4956 tibi
589 4897 848 4970 amplius,
879 4909 1054 4966 neque
1091 4895 1385 4950 aemulabor
1415 4903 1639 4965 propter
1663 4903 1715 4949 te
1742 4895 1984 4965 amplius.

2152 4896 2320 4961 Δαυῒδ,
2345 4897 2435 4950 τοῦ
2456 4896 2778 4969 ἀμαρτωλοῦ
2795 4914 2807 4927 ’
2834 4915 2852 4948 ι
2881 4897 2910 4949 ὁ
2929 4897 2984 4950 δὲ
3015 4897 3128 4960 υίὸς
3160 4893 3324 4948 αὐτοῦ
3345 4890 3582 4945 διδάσκει.
3611 4879 3674 4970 aii

462 4994 603 5065 Ergo
629 4967 826 5062 quibus
863 5004 972 5045 non
1007 4987 1264 5043 irascitur
1313 4987 1686 5054 peccantibus,
1733 4995 1793 5041 nt
1834 4986 1907 5041 ita
1951 4991 1981 5041 d

2154 4991 2392 5057 ,ιαστιγοῖ
2425 4990 2452 5042 6
2482 4967 2615 5053 Θεδς
2651 4990 2830 5044 πάντα
2859 4989 2972 5042 υἰδν
3004 4989 3064 5042 δν
3097 4986 3473 5059 παραδέχεται.
3509 4975 3612 5028 Ἔτι
3633 4967 3676 5020 δὲ

460 5102 612 5154 cam,
659 5083 766 5141 bile
813 5083 1073 5139 incensus
1132 5096 1241 5135 non
1291 5077 1568 5134 irascitur.
1621 5075 1982 5133 Observandul

2154 5082 2296 5145 ιύτὸς
2331 5083 2359 5134 6
2409 5083 2574 5136 Δαυῒδ
2630 5082 2972 5152 ἀπαγγελίαν
3035 5077 3397 5152 προφητεύων
3443 5071 3532 5141 τὴν
3575 5065 3676 5132 339‘

461 5188 724 5252 praeterea
761 5176 946 5245 minas
971 5189 1092 5244 quas
1135 5185 1232 5243 per
1259 5171 1553 5242 prophetas
1595 5169 1894 5240 jaciuntur,
1945 5171 1975 5223 b

2152 5174 2396 5244 Κριστοῦ,
2444 5176 2538 5228 καὶ
2584 5175 2692 5228 τῶν
2748 5177 2829 5238 εἰς
2882 5173 3043 5228 αὑτὸν
3092 5169 3474 5230 πιστευόντων,
3516 5153 3674 5231 φησίν

529 5319 575 5352 ⁷⁸
615 5315 787 5372 Exod.
810 5327 909 5378 au,
940 5310 1031 5367 58.
1103 5308 1151 5340 ⁷⁸
1190 5306 1334 5363 Psal.
1365 5321 1513 5372 xm,
1542 5307 1640 5368 l0.
1704 5307 1747 5337 "
1789 5305 2204 5374 Psalmxxxvnr,
2237 5311 2297 5365 51
2327 5320 2379 5365 ct
2413 5326 2529 5376 seq.
2605 5311 2650 5341 ⁷⁸
2689 5309 2827 5366 Oste
2857 5325 2926 5374 Iv,
2962 5308 3051 5364 H.
3127 5307 3174 5340 "’
3214 5305 3412 5362 Ezech.
3447 5311 3582 5361 μιν,
3610 5287 3678 5345 13-

535 5431 648 5501 (42)
681 5430 916 5494 Πόνους
959 5425 1110 5482 deest
1131 5424 1185 5480 in
1208 5422 1359 5479 libris
1388 5431 1542 5478 antea
1571 5421 1753 5487 editis,
1785 5422 1878 5476 sed
1911 5436 2032 5490 sup-

2213 5423 2326 5501 (ᾄξὶ)
2367 5423 2728 5501 Γρνρμένηζ.
2761 5423 2926 5501 Forte
2961 5421 3248 5501 legendum
3280 5413 3591 5501 ytvoytévojf

535 5470 646 5501 νη]
681 5470 908 5494 -ιννννδ
961 5470 1108 5482 ἠν--
1131 5470 1185 5480 ---
1208 5470 1358 5479 ------
1388 5470 1542 5478 ------
1575 5470 1753 5487 v—----v
1786 5470 1877 5476 —-—
1913 5470 1989 5490 ν--ι

467 5504 641 5573 pietur
664 5514 842 5573 e_|_nss.
957 5568 970 5573 _
1235 5567 1247 5573 _
1619 5562 1630 5573 ,

2209 5470 2341 5573 eis;
2361 5470 3341 5573 rasas."suam;baggage.
3375 5470 3681 5573 reget-£53:

873 5568 1040 5640 codex
1065 5581 1208 5640 _n_ts.,
1231 5562 1840 5640 tmarqpovmbrepov._
1869 5634 1878 5640 _

2155 5545 3062 5640 militiis'iege'ndblﬁ'ﬁlleiur,
3096 5545 3209 5616 ἀλλ’
3235 5557 3381 5622 εἰκὸς
3414 5545 3677 5608 δυσπειθῶς

536 5579 646 5640 (65)
691 5579 841 5626 Unus
873 5579 1040 5623 cortex
1081 5581 1208 5631 ms.,
1231 5579 1458 5690 επιστἜ

535 5641 644 5711 (ﬂ)
684 5639 900 5711 Ποιεῖν,
947 5637 1014 5691 τὸ
1053 5636 1212 5703 δέον,
1255 5647 1363 5692 etc.

466 5710 636 5767 ποιεῖν
663 5711 751 5765 τὸν
780 5710 918 5777 δέον,
945 5718 1049 5764 etc.

1463 5635 1722 5704 egcndum
1793 5634 2028 5700 videtur,
2140 5634 2304 5704 ἕξειν,
2336 5646 2447 5692 etc.
