3902 6506
298 381 408 439 275

297 594 395 648 καὶ
432 594 544 656 τοῖς
600 591 828 663 κρίμασι
866 609 963 662 μου
1003 591 1076 662 μὴ
1131 588 1501 659 πορευθῶσινο
1539 588 1634 642 ἐὰν
1679 589 1747 642 τὰ
1797 588 1878 641 δι-

295 683 591 754 καιώματά
641 700 740 752 μου
802 680 1184 752 βεϐηλώσωσι,
1236 683 1330 735 καὶ
1386 681 1486 744 τὰς
1535 681 1754 746 ἐντολὰς
1821 681 1877 734 δέ

283 790 403 844 ,μου
441 773 550 842 (47)
589 772 664 844 μὴ
696 771 1022 840 φυλάξωσιν,
1069 772 1434 843 ἐπισκέψομαι
1465 775 1522 826 ἐν
1553 772 1734 845 ῥάϐδῳ
1779 772 1877 837 τὰς

294 863 530 933 ἀνομίας
570 862 766 924 αὐτῶν,
805 864 899 916 καὶ
940 866 998 916 ἐν
1034 864 1252 934 μάστιξι
1285 863 1384 928 τὰς
1418 864 1629 929 ἀδικίας
1670 865 1872 919 αὐτῶνθ

296 956 363 1008 τὸ
413 957 471 1009 δέ
530 956 678 1020 ἔλεός
731 974 834 1026 μου
881 958 942 1011 οὐ
980 959 1053 1029 μὴ
1101 956 1438 1011 διασκεδάσω
1488 957 1582 1010 ἀπ’
1623 957 1820 1012 αὐτῶν.
1853 977 1872 1010 ›

293 1047 508 1100 Οὐκοῦν
543 1047 700 1118 χάρις
733 1047 871 1101 Θεοῦ
901 1049 1018 1102 ἐστι
1050 1049 1111 1102 τὸ
1154 1049 1352 1120 ἄνομον
1391 1049 1502 1119 (48)
1547 1051 1878 1122 ἐπισκεςςθῆ-

290 1155 384 1190 ναι
439 1138 638 1211 ῥάϐδῳ,
668 1139 762 1192 καὶ
805 1140 896 1193 τὸν
945 1141 1267 1212 ἁμαρτωλὸν
1322 1141 1555 1213 μάστιξι.
1604 1142 1714 1196 Καὶ
1754 1144 1875 1196 ὅσον

291 1245 362 1296 γε
399 1230 461 1282 οὐ
521 1229 875 1300 μαστιγοῦται
926 1231 954 1281 6
1012 1230 1370 1302 ἁμαρτάνων,
1435 1230 1714 1284 παιδεύσει
1782 1234 1876 1285 καὶ

288 1320 574 1393 διορθώσει
608 1321 819 1374 οὐδέπω
861 1321 1164 1392 ὑπάγεται·
1197 1322 1276 1376 διὸ
1305 1324 1398 1376 κα)⁴
1426 1323 1638 1376 ἀπειλεῖ
1663 1325 1689 1376 6
1711 1323 1872 1388 Θεὸς,

289 1413 394 1467 ἐάν
433 1414 646 1485 μεγάλα
694 1413 920 1486 γένηται
954 1414 1022 1467 τά
1066 1415 1436 1485 ἁμαρτήματα
1470 1415 1575 1468 τῶν
1613 1413 1709 1484 τὴν
1747 1414 1876 1467 Ἰου-

284 1506 450 1560 δαίαν
496 1506 818 1574 οἰκούντων,
876 1527 895 1559 ι
923 1507 1136 1578 Μηκέτι
1188 1507 1585 1578 ἐπισκέψασθαι
1637 1507 1728 1562 ἐπὶ
1777 1509 1874 1572 τὰς

288 1595 601 1668 θυγατέρας
642 1597 821 1650 αὐτῶν
846 1598 971 1650 ὅταν
1003 1597 1326 1670 πορνεύωσι,
1365 1599 1458 1651 καὶ
1490 1599 1581 1651 ἐπὶ
1615 1599 1712 1662 τὰς
1741 1600 1873 1669 νύμ-

285 1703 400 1754 φας
437 1687 614 1740 αὐτῶν
659 1688 786 1741 ὅταν
831 1688 1142 1760 μοιχεύωσι.
1172 1708 1188 1740 ι
1229 1690 1338 1742 Καὶ
1389 1689 1623 1759 ἀλλαχοῦ
1675 1707 1868 1760 φησιν·

289 1796 322 1828 ι
354 1777 492 1830 'AvO‘
523 1771 596 1832 ὧν
633 1778 934 1850 ἐκαθάρισά
968 1797 1025 1832 σε
1057 1779 1165 1849 (49)
1209 1782 1303 1833 καὶ
1338 1781 1436 1833 οὐκ
1470 1781 1868 1853 ἐκαθαρίσθης,

1707 374 1773 430 ΙΝ
1814 373 2122 432 EXODUM.

302 529 325 556 1
373 499 496 554 Ἐάν
530 498 994 569 ἐγκαταλείπωσιν
1022 498 1069 552 οἱ
1101 496 1204 550 υἱοὶ
1245 495 1408 550 αὐτοῦ
1438 496 1529 549 τὸν
1557 495 1719 566 νόμον
1753 513 1862 567 μου

1982 491 2096 548 fere
2155 490 2334 548 verbis
2403 493 2704 549 concludi:

3451 377 3560 434 Ἧι

2751 515 2768 547 ι
2817 493 3185 566 Cognoscent,
3273 496 3398 568 quia
3457 512 3560 570 ego

1986 582 2280 649 Dominus;
2308 601 2328 636 ι
2380 591 2435 638 et
2485 584 2723 640 minatur
2766 602 2872 642 non
2919 585 3180 644 lsraelitis
3236 588 3418 657 modo,
3461 592 3558 646 sed

1984 676 2149 731 etiam
2173 673 2470 747 Egyptiis,
2501 687 2554 730 et
2586 677 2845 748 Assyriis,
2872 689 2926 734 et
2958 680 3080 736 aliis
3107 680 3340 735 inimicis
3372 680 3556 751 populi

1985 766 2089 821 sui.
2123 765 2177 821 ld
2211 781 2337 822 vero
2365 767 2505 837 quod
2541 769 2591 823 in
2626 769 2732 822 [ine
2760 771 3004 824 omnium
3039 769 3300 838 ejusmodi
3329 769 3560 826 commi-

1985 858 2266 914 nationum
2309 859 2546 926 additur,
2582 861 2632 914 in
2668 860 2855 916 Exodo
2887 877 3103 932 quoque
3143 863 3407 932 scriptum
3452 872 3555 918 est.

1984 950 2238 1022 Nunquid
2265 968 2394 1023 ergo
2411 953 2502 1024 qui
2529 953 2768 1019 indurat,
2791 953 2984 1008 durum
3017 953 3268 1010 indurat?
3307 964 3554 1024 apertum

1984 1056 2167 1102 autem
2205 1056 2290 1101 est
2335 1047 2528 1101 durum
2561 1061 2664 1102 non
2716 1045 2983 1112 indurari,
3024 1048 3119 1123 sed
3164 1061 3275 1116 pra:
3311 1045 3554 1101 mollitu-

1982 1137 2132 1204 dine,
2176 1137 2431 1192 duritiem
2475 1138 2529 1191 in
2586 1137 2836 1193 duritiem
2892 1138 3237 1192 commutari.
3280 1136 3558 1192 Mollitudo

1983 1245 2113 1285 vero
2140 1229 2321 1285 cordis
2353 1229 2652 1299 Scriptura:
2690 1229 2963 1284 sententia
2997 1228 3304 1290 laudabilis.
3341 1237 3395 1283 ut
3436 1228 3553 1297 ple-

1983 1323 2167 1393 risque
2195 1323 2248 1378 in
2280 1321 2422 1378 iocis
2451 1337 2480 1375 a
2513 1322 2672 1376 nobis
2703 1331 2787 1376 est
2817 1321 3183 1376 observatum.
3229 1321 3416 1374 Dicant
3454 1321 3557 1374 ita-

1981 1432 2088 1488 que
2125 1433 2190 1472 an
2224 1417 2435 1471 Pharao
2459 1414 2525 1469 de
2563 1414 2704 1469 bono
2732 1414 2904 1468 factus
2935 1413 3008 1468 sit
3037 1413 3240 1478 malus;
3277 1415 3368 1468 sed
3394 1420 3448 1467 et
3487 1429 3553 1466 an

1981 1509 2148 1574 Deus,
2185 1523 2308 1563 cum
2356 1506 2692 1561 Pharaonem
2736 1504 3104 1574 reprehendit.
3146 1503 3343 1573 injuria
3384 1518 3554 1560 necne

1982 1598 2376 1671 reprehendat:
2405 1598 2454 1652 si
2489 1607 2724 1662 temere;
2753 1595 3026 1663 quomodo
3061 1595 3277 1664 sapiens
3302 1592 3553 1663 etjustus

1979 1675 2098 1747 est?
2137 1692 2180 1746 si
2217 1706 2323 1744 non
2375 1700 2614 1753 temere;
2665 1703 2826 1742 causa
2877 1687 2978 1741 fuit
3011 1692 3393 1758 peccatorum,”
3433 1701 3553 1755 quae

1980 1798 2008 1836 a
2053 1781 2349 1836 Pharaonis
2392 1781 2528 1835 du‘ro
2575 1789 2629 1835 ct
2682 1779 3030 1848 immorigero
3087 1777 3267 1832 animo
3307 1775 3548 1847 profecta

281 1869 351 1921 οὐ
413 1869 805 1940 θυμωθησομαι
869 1871 960 1926 ἐπὶ
1015 1869 1249 1934 σοὶλὲτι,
1301 1872 1422 1924 οὐδὲ
1488 1871 1716 1944 ζηλὼσω
1777 1874 1862 1928 ἐπὶ

1974 1881 2137 1926 sunt:
2170 1881 2226 1925 at
2262 1872 2306 1926 si
2341 1885 2505 1926 causa
2559 1877 2661 1932 est.
2707 1884 2812 1922 non
2867 1877 2985 1922 erat
3023 1869 3116 1923 ille
3173 1869 3399 1939 perdita:
3445 1855 3546 1924 na-

283 1959 375 2012 σοὶ
427 1960 560 2014 ἔτι.»
601 1961 808 2014 Οὐκοῦν
844 1955 924 2026 οἷς
956 1961 1016 2014 οὐ
1051 1961 1310 2032 θυμοῦται
1343 1963 1764 2034 ἁμαρτάνουσιν,
1800 1965 1866 2017 ἵν’

279 2051 460 2114 οὓτως
489 2051 646 2116 εἴπω,
681 2052 1002 2123 χολούμενος
1028 2053 1088 2105 οὐ
1124 2053 1408 2124 Θυμοῦται.
1441 2055 1865 2126 Παρατηρητέον

280 2141 343 2194 ἀὲ
371 2141 462 2195 καὶ
482 2143 571 2194 ἐπὶ
588 2145 705 2206 ταῖς
729 2145 1090 2214 προφητικαῖς
1111 2143 1360 2206 ἀπειλαῖς
1384 2144 1476 2196 ἐπὶ
1498 2147 1609 2208 τοῖς
1633 2143 1863 2209 πολλοῖς,

278 2234 370 2287 ὅτι
403 2233 708 2302 ἐπιλέγεται
759 2235 849 2287 τοι
892 2255 908 2285 ι
945 2233 1246 2289 Γνὼσονται
1291 2237 1372 2288 ὅτι
1424 2235 1533 2305 ἐγώ
1591 2239 1704 2308 εἰμι
1755 2237 1868 2290 K6-

280 2343 422 2396 ριος.
452 2346 470 2378 ι
507 2326 616 2380 Καὶ
649 2327 860 2381 ἀπειλεῖ
889 2328 948 2380 οὐ
992 2328 1150 2399 μόνον
1190 2329 1572 2400 Ἰσραηλίταις,
1607 2329 1741 2384 ἀλλὰ
1774 2329 1867 2383 καὶ

276 2419 619 2488 Αἰγυπτίοις,
656 2421 748 2474 καὶ
779 2420 1084 2494 Ἀσσυρίοις
1112 2421 1246 2489 (50),
1286 2422 1378 2475 καὶ
1409 2423 1621 2492 ἑτέροις
1655 2422 1866 2494 ἐχθροῖς

275 2512 378 2566 τοῦ
406 2512 552 2566 λαοῦ.
586 2513 752 2565 Τοῦτο
783 2514 838 2566 δὲ
873 2515 931 2566 τὸ
963 2514 1056 2566 ἐπὶ
1079 2514 1220 2568 τέλει
1254 2513 1460 2567 πολλῶν
1504 2513 1866 2586 νομιζομένων

278 2601 520 2654 ἀπειλῶν
548 2602 642 2656 καὶ
674 2604 729 2654 ἐν
764 2605 826 2674 τῇ
876 2602 1068 2674 Ἑξόδῳ
1115 2603 1548 2676 ἀναγέγραπται.
1581 2601 1726 2676 τΑρα
1758 2605 1873 2676 γὰρ.

277 2694 309 2744 6
341 2693 651 2766 σκληρύνων
688 2695 922 2765 σκληρὸν
952 2695 1273 2766 σκληρύνει;
1314 2697 1481 2764 σαφὲς
1509 2696 1556 2748 δ’
1586 2697 1667 2749 ὅτι
1704 2696 1868 2766 σκλη-

279 2783 380 2855 ρὸν
418 2785 478 2837 ού
521 2786 896 2858 σκληρύνεται,
943 2787 1058 2841 ἀλλ’
1100 2788 1207 2840 ἀπὸ
1249 2787 1589 2858 ἀπαλύτητος
1629 2790 1660 2859 ὴ
1699 2788 1864 2860 σκλη-

275 2875 447 2948 ρότης
482 2877 590 2948 (Si)
618 2881 697 2942 εἰς
734 2880 1076 2952 σκληρότητα
1109 2881 1432 2952 μεταϐάλλει
1454 2899 1465 2910 ·
1507 2881 1780 2952 ἁπαλότης
1809 2883 1864 2936 δέ

273 2969 508 3040 καρδίας
541 2971 680 3024 κατά
716 2971 813 3042 τὴν
866 2974 1088 3046 Γραφὴν
1141 2975 1436 3045 ἐπαινετὴ,
1471 2974 1546 3039 ὡς
1597 2973 1864 3045 πολλαχοῦ

279 3063 690 3134 τετηρήκαμεν.
745 3065 1066 3133 Λεγέτωσαν
1106 3066 1390 3138 τοιγαροῦν
1425 3069 1472 3119 εί
1543 3068 1776 3139 χρηστὸς
1837 3071 1864 3122 6

269 3151 478 3222 Φαραὼ
508 3155 806 3223 τυγχάνων,
844 3154 1134 3225 γεγένηται
1162 3156 1416 3226 πονηρὸς,
1446 3154 1579 3207 ἀλλά
1613 3155 1706 3208 καὶ
1744 3155 1862 3225 ἦτοι

271 3243 597 3315 αἰτιώμενος
633 3249 661 3299 6
699 3246 829 3310 Θεὸς
867 3245 944 3316 τῷ
976 3223 1174 3318 Φαραὼ
1218 3223 1353 3318 (52),
1388 3247 1563 3318 μάτην
1603 3223 1861 3312 αἰτιᾶται,
1892 3223 1932 3280 C

272 3335 309 3406 ἣ
343 3335 404 3387 ού
443 3337 653 3407 μάτην·
696 3339 744 3390 εἰ
780 3338 876 3408 μὲν
910 3333 1003 3390 οὖν
1053 3339 1250 3409 μάτην,
1290 3339 1408 3401 πῶς
1439 3337 1518 3391 ἔτι
1564 3338 1726 3406 σοφὸς
1773 3339 1865 3391 καὶ

269 3425 516 3489 δίκαιος;
550 3431 597 3480 εἰ
631 3428 688 3481 δὲ
726 3427 798 3500 μὴ
836 3430 1032 3500 μάτην,
1058 3429 1228 3492 αἴτιος
1261 3430 1521 3500 ἐτύγχανε
1551 3428 1660 3482 τῶν
1692 3431 1860 3500 ἁμαρ-

269 3518 540 3587 τημάτων
565 3518 672 3572 τῶν
699 3521 837 3573 κατὰ
865 3521 961 3590 τὴν
987 3520 1271 3575 ἀπείθειαν
1301 3520 1377 3591 τῷ
1417 3519 1616 3591 Φαραώ
1635 3538 1646 3549 ·
1691 3521 1784 3573 καὶ
1817 3523 1864 3573 εἰ

269 3607 479 3671 αἴτιος,
533 3610 592 3661 οὐ
663 3609 879 3678 φύσεως
949 3606 1016 3682 ἦν
1079 3611 1450 3683 ἀπολλυμένης
1503 3612 1724 3676 ἐκεῖνος.
1771 3612 1868 3664 Πι-

273 3701 530 3753 στευτέον
567 3701 674 3771 (55)
718 3702 963 3772 μέντοιγε
998 3703 1090 3756 καὶ
1125 3702 1300 3765 τοῦτο,
1345 3703 1431 3757 διὰ
1463 3703 1524 3756 τὸ
1571 3703 1863 3776 καταχρώ-

274 3807 442 3859 μενον
495 3791 584 3846 τὸν
610 3790 927 3844 Ἀπόστολον
971 3796 1083 3856 τοῖς
1115 3793 1363 3846 ἐντεῦθεν
1409 3794 1594 3864 ῥητοῖς
1647 3792 1860 3857 λέγειν’

277 3901 297 3930 ε
331 3883 454 3951 Ἀρ⁹
483 3877 575 3935 οὖν
617 3882 674 3934 ὃν
728 3883 868 3938 θέλει
927 3884 1099 3948 ἐλεεῖ,
1147 3884 1207 3939 ὃν
1257 3885 1313 3938 δέ
1349 3885 1491 3938 θέλει
1547 3885 1858 3958 σκληρύνει.

284 3972 466 4042 Ἐρεῖς
514 3969 605 4026 οὖν
657 3992 766 4044 μοι,
791 3975 855 4029 Τί
904 3975 984 4028 ἔτι
1041 3975 1346 4047 μέμφεται;
1394 3975 1472 4044 τῷ
1516 3976 1624 4046 γὰρ
1674 3975 1866 4045 βουλή-

274 4080 407 4131 ματι
451 4063 617 4118 αὑτοῦ
649 4064 733 4129 τίς
775 4067 1108 4139 ἀνθέστηκες
1137 4086 1154 4118 ›
1197 4069 1280 4131 τίς
1328 4071 1356 4122 6
1409 4067 1731 4139 σκληρύνων
1758 4067 1852 4120 καὶ

269 4155 474 4219 ἐλεῶν;
503 4157 563 4208 ού
593 4155 702 4227 γὰρ
742 4155 805 4227 δὴ
840 4158 1024 4228 ἐτέρου
1071 4157 1131 4211 τὸ
1166 4158 1504 4230 σκληρύνειν,
1552 4161 1644 4212 καὶ
1677 4161 1862 4232 ἐτέρου

266 4248 332 4301 τὸ
366 4248 538 4302 ἐλεεῖν
583 4248 725 4301 κατὰ
765 4251 866 4320 τὴν
912 4251 1273 4321 ἀποστολικὴν
1324 4253 1528 4322 φωνὴν,
1579 4252 1711 4305 ἀλλὰ
1769 4251 1860 4305 τοῦ

266 4339 462 4393 αὑτοῦ.
486 4341 642 4393 Ἤτοι
673 4335 765 4393 οὖν
799 4342 844 4393 oi
875 4341 932 4392 ἐν
960 4340 1080 4412 Θεῷ
1111 4340 1222 4411 (54)
1250 4341 1554 4412 ἐλεούμενοι
1587 4341 1681 4394 τοῦ
1709 4341 1863 4413 σκληο

269 4428 526 4500 ρύνοντός
558 4433 662 4483 εἰσι
704 4430 801 4501 τὴν
836 4431 1065 4503 καρδίαν
1096 4432 1313 4504 Φαραὼ,
1356 4435 1450 4487 καὶ
1502 4434 1679 4506 μάτην
1729 4437 1860 4488 ἁνα-

266 4521 578 4575 πλάσσεται
612 4523 795 4587 αὐτοῖς
831 4523 1018 4595 ἕτερος
1059 4525 1211 4588 Θεὸς,
1255 4525 1287 4596 ἢ
1316 4525 1538 4594 ἀγαθός.
1585 4529 1721 4581 Κατ’
1753 4530 1852 4582 αὐ-

264 4615 400 4674 τοὺς
429 4611 582 4675 Θεὸς,
602 4613 702 4666 ούκ
734 4613 978 4684 ἐλεήμων
1022 4615 1201 4684 μόνον,
1224 4616 1356 4669 ἀλλά
1391 4617 1483 4670 καὶ
1512 4618 1850 4690 σκληρύνων,

263 4702 368 4755 καὶ
383 4703 484 4755 οὐκ
500 4702 573 4754 ἐτ’
597 4703 661 4756 ἂν
691 4704 797 4774 εῖη,
829 4705 904 4768 ὡς
931 4705 1420 4776 ὑπολαμϐάνουσιν,
1437 4707 1654 4776 ἀγαθός.
1673 4711 1854 4765 Πάντα

258 4795 321 4848 δὲ
360 4793 535 4846 ταῦτα
564 4795 816 4866 ἐπίτηδες
850 4798 940 4850 ἐπὶ
971 4797 1151 4850 πλεῖον
1192 4797 1533 4870 ἐξητάσαμεν
1564 4801 1698 4872 πρὸς
1726 4805 1853 4866 τοὺς

254 4883 648 4948 ἀϐασανίστως
699 4887 912 4949 ἑαυτοῖς
961 4887 1350 4958 χαριζομένους
1399 4889 1458 4941 τὸ
1507 4890 1850 4960 νενοηκέναι,

255 4977 368 5029 καὶ
411 4977 789 5041 ἐπιϐαίνοντας
829 4981 895 5050 τῇ
928 4979 1193 5050 ἁπλότητι
1239 4979 1346 5033 τῶν
1395 4979 1700 5051 ἡμετέρων,
1743 4984 1852 5036 ἐνι-

257 5067 530 5138 στάμενοι
564 5071 658 5123 καὶ
688 5069 992 5134 δεικνύντες
1035 5071 1116 5124 ὃτι
1166 5069 1288 5124 οὗτε
1322 5073 1402 5135 εἰς
1451 5070 1488 5124 ἆ
1533 5071 1852 5144 ὑπολαμϐά-

340 5204 390 5236 ⁸⁰
427 5205 807 5273 Rom.tx,18,
840 5207 927 5262 19.
1001 5208 1044 5240 ⁸⁸
1073 5207 1215 5264 Psal.
1249 5225 1323 5272 vr,
1354 5209 1409 5276 2,
1446 5217 1495 5263 et
1544 5225 1751 5276 xxxvii,
1794 5213 1849 5266 2.

290 5342 783 5465 ivgalia’éﬁ'rtoldc
810 5343 877 5399 δέ
901 5364 1041 5416 μου.
1071 5345 1440 5416 Espungenda
1471 5346 1684 5408 videtur
1715 5364 1842 5419 par-

259 5415 438 5468 ticula
466 5415 544 5469 δέ.

501 5487 572 5560 _T6
603 5485 852 5560 ᾅνρμον.
888 5485 1050 5560 Lego,
1077 5487 1137 5560 τρ
1170 5487 1260 5540 τὸν
1293 5487 1515 5560 ἄνομον.

337 5552 450 5625 (49)
502 5557 645 5610 Ἆνθ⁹
667 5552 755 5610 ὧν
791 5552 1119 5624 ἐκαθάρισά
1141 5573 1234 5622 σε,
1252 5567 1357 5613 etc.
1397 5552 1532 5613 ἸΙωο
1558 5573 1622 5612 ex
1648 5557 1846 5614 Ezech.

262 5640 427 5698 xxiv,
451 5626 548 5698 A13,
577 5628 748 5697 petita
782 5637 928 5690 sunt.
962 5637 1020 5698 ut
1049 5642 1115 5681 ex
1149 5628 1389 5684 Hebraeis
1413 5639 1468 5684 et
1497 5627 1752 5698 Vulgata,
1783 5639 1842 5686 et

259 5695 494 5764 reliquis
545 5695 1088 5767 interpretationibus
1138 5699 1272 5754 satis
1314 5709 1550 5756 constat.
1594 5695 1663 5754 Ᾱι.
1714 5699 1848 5754 Vul-

261 5773 412 5890 ﬁala:
459 5766 567 5821 τῶν
620 5766 1002 5826 O'editioncs
1061 5768 1291 5825 multum
1362 5770 1485 5826 inde
1561 5769 1842 5827 recedunt.

324 5851 542 5890 υιιτιυε.

269 5845 542 5892 υυετιυε.

1977 1974 2131 2019 turne.
2190 1963 2291 2019 Est
2355 1964 2455 2018 hoc
2512 1975 2727 2032 quoque
2786 1961 3111 2014 credendum
3196 1960 3338 2030 quod
3422 1959 3550 2016 hinc

1975 2055 2158 2124 petitis
2185 2055 2361 2108 verbis
2394 2066 2525 2107 usus
2555 2048 2848 2119 Apostolus
2880 2049 3012 2103 dicit
3039 2048 3085 2080 δυ
3111 2067 3124 2104 :
3155 2067 3174 2102 ι
3207 2049 3348 2118 Ergo
3385 2063 3544 2119 quem

1975 2145 2085 2198 vult
2129 2145 2441 2212 miseratur,
2469 2151 2523 2199 et
2554 2156 2713 2212 quem
2758 2139 2871 2193 vult
2916 2139 3153 2194 indurat.
3209 2142 3366 2196 Dices
3413 2157 3540 2211 ergo

1977 2234 2108 2288 mihi
2145 2253 2157 2287 :
2191 2233 2301 2288 Cur
2340 2235 2506 2288 etiam
2557 2229 2885 2287 succenset?
2929 2229 3190 2288 voluntati
3237 2232 3382 2286 enim
3433 2231 3548 2298 ejus

1975 2327 2098 2395 quis
2134 2325 2408 2380 restitit?»
2455 2327 2579 2394 quis
2613 2337 2695 2381 cst
2738 2330 2832 2398 qui
2883 2328 3102 2382 indurat
3147 2336 3202 2380 et
3245 2326 3336 2396 qui
3385 2327 3547 2380 mise-

1976 2419 2164 2473 ratur?
2192 2435 2294 2473 non
2342 2421 2486 2472 enim
2521 2419 2748 2475 alterius
2777 2430 2860 2476 est
2895 2421 3168 2485 miserari,
3202 2420 3430 2474 alterius
3462 2419 3544 2474 in-

1974 2512 2192 2577 durare,
2218 2511 2368 2580 juxta
2420 2527 2607 2568 vocem
2644 2512 2926 2582 Apostoli;
2973 2513 3068 2568 sed
3113 2513 3273 2568 unius
3319 2521 3374 2567 et
3402 2510 3548 2581 ejus-

1974 2603 2117 2660 dem.
2145 2603 2286 2674 Ergo
2309 2605 2399 2674 qui
2436 2604 2868 2660 misericordiam
2901 2605 2952 2660 in
2981 2603 3090 2660 Deo
3119 2612 3544 2674 consequuntur,

1973 2691 2090 2762 ejus
2129 2705 2255 2751 sunt
2311 2697 2401 2764 qui
2449 2712 2544 2751 cor
2599 2697 2904 2752 Pharaonis
2952 2697 3201 2759 indurat;
3246 2705 3302 2751 et
3345 2694 3545 2751 frustra

1975 2786 2106 2855 ipsis
2130 2786 2265 2840 alius
2292 2785 2423 2842 deus
2441 2787 2679 2858 ﬁngitur,
2707 2803 2866 2856 quam
2891 2788 3082 2841 bonus.
3105 2785 3346 2856 Ipsorum
3375 2784 3542 2839 etiam

1973 2880 2264 2944 sententia,
2301 2881 2462 2944 Deus,
2502 2896 2606 2934 non
2651 2880 2823 2934 solum
2873 2879 3206 2940 misericors,
3249 2876 3342 2931 sed
3378 2875 3544 2930 etiam

1975 2973 2256 3039 indurans,
2283 2989 2379 3028 nec
2406 2973 2638 3040 amplius
2671 2971 2858 3035 fuerit,
2894 2980 2952 3025 ut
2975 2971 3314 3034 existimant,
3346 2969 3538 3024 bonus.

1974 3063 2099 3118 llaec
2135 3075 2316 3120 autem
2359 3067 2620 3122 adversus
2664 3081 2761 3122 cos
2795 3065 2886 3135 qui
2930 3064 3068 3119 citra
3114 3078 3298 3117 curam
3328 3073 3383 3115 et
3429 3063 3544 3117 dis-

1973 3156 2356 3224 quisitionem,
2404 3167 2674 3212 laniarunt
2729 3171 2912 3213 rerum
2968 3156 3067 3209 sibi
3119 3154 3534 3224 intelligentiam

1967 3261 2242 3322 arrogant,
2279 3261 2334 3306 et
2376 3259 2680 3306 nostrorum
2712 3247 3046 3322 simplicitati
3087 3247 3370 3312 insultant,
3415 3247 3550 3318 data

1966 3360 2130 3414 opera
2177 3343 2427 3412 pluribus
2473 3356 2662 3396 sumus
2715 3341 3016 3410 persecuti,
3074 3339 3195 3394 nisu
3247 3337 3392 3392 omni
3447 3352 3540 3390 ur-

1969 3440 2162 3500 gentes
2198 3447 2258 3484 ac
2294 3429 2582 3484 ostendere
2616 3439 2899 3492 conantes,
2934 3442 3103 3494 neque
3141 3427 3208 3481 ad
3236 3442 3299 3482 ea
3332 3441 3453 3496 quae
3475 3427 3543 3479 de

1967 3522 2077 3576 Deo
2117 3523 2450 3582 existimant.
2486 3536 2660 3592 neque
2700 3524 2765 3576 ad
2803 3539 2865 3577 ea
2919 3539 3043 3590 qua:
3076 3521 3142 3574 de
3192 3532 3385 3575 natura
3430 3530 3542 3574 tra-

1967 3614 2118 3678 dunt,
2145 3612 2246 3668 sibi
2267 3613 2582 3682 quidquam,
2614 3623 2670 3665 ut
2703 3621 2908 3681 putant,
2930 3612 3072 3666 hunc
3091 3625 3250 3681 quem
3282 3611 3542 3666 habemus

1967 3704 2220 3759 conferre
2270 3716 2596 3756 sermonem.
2652 3702 2760 3757 Nos
2810 3713 3030 3764 autent,
3080 3715 3218 3770 quos
3261 3699 3539 3769 multiplex

1966 3795 2106 3849 ratio
2136 3794 2188 3848 in
2223 3794 2360 3848 hanc
2395 3795 2721 3848 sententiam
2774 3793 3020 3858 induxit,
3055 3791 3440 3846 existimamus
3485 3801 3549 3844 ct

1965 3886 2228 3949 dolorem,
2266 3895 2322 3938 et
2356 3883 2690 3950 molestiam,
2721 3893 2774 3939 et
2815 3884 3080 3949 laborem,
3126 3893 3182 3937 et
3226 3881 3544 3953 castigatio-

1966 3993 2090 4032 nem
2129 3992 2251 4046 quae
2280 3992 2308 4030 a
2350 3977 2457 4030 Deo
2487 3975 2812 4042 inferuntur,
2853 3989 3129 4044 nunquam
3161 3983 3350 4029 contra
3382 3974 3540 4045 117

1965 4086 2060 4126 eos
2100 4083 2261 4134 esse;
2303 4069 2397 4122 sed
2443 4068 2509 4121 iis
2557 4081 2772 4136 semper
2815 4066 3124 4121 conducere
3177 4064 3267 4133 qui
3321 4065 3540 4135 patiun-

1968 4173 2074 4216 tur.
2108 4161 2333 4215 Duriora
2381 4159 2569 4229 igitur,
2603 4173 2723 4229 quae
2767 4158 2877 4212 Deo
2920 4156 3084 4212 tribui
3135 4166 3392 4227 putantur
3447 4172 3545 4211 no-

1966 4253 2312 4314 mina.furor
2348 4263 2402 4308 et
2452 4255 2556 4316 ira,
2611 4265 2842 4320 arguere
2892 4259 2947 4305 et
2988 4250 3210 4304 erudire
3249 4249 3538 4316 dicuntur,

1964 4356 2024 4400 ut
2060 4346 2148 4400 hic
2177 4345 2220 4377 ⁸⁸
2255 4361 2269 4398 :
2309 4363 2328 4396 ι
2362 4342 2610 4409 Domine,
2632 4357 2697 4395 ne
2727 4343 2778 4395 in
2817 4341 3000 4396 furore
3029 4352 3122 4394 tuo
3153 4341 3398 4409 argueris
3429 4357 3536 4402 tne,

1965 4451 2140 4504 neque
2168 4436 2246 4488 ira
2287 4447 2379 4489 tua
2405 4432 2672 4488 erudieris
2696 4447 2816 4495 me;
2867 4449 2886 4483 ι
2922 4430 3134 4494 cumis,
3162 4430 3253 4498 qui
3280 4429 3394 4484 haec
3415 4445 3542 4499 pre—

1963 4537 2153 4590 catur,
2200 4535 2320 4582 oret
2369 4540 2439 4580 ne
2472 4539 2608 4594 opus
2653 4523 2852 4578 habeat
2915 4521 3342 4592 reprehensione
3381 4539 3410 4575 a
3453 4521 3535 4575 fu-

1962 4635 2085 4674 rore.
2125 4619 2240 4680 Dei,
2277 4628 2330 4672 et
2367 4617 2671 4673 eruditione
2701 4631 2796 4685 per
2831 4615 2968 4669 iram
3003 4615 3176 4683 ipsius
3206 4654 3221 4680 ,
3257 4615 3412 4684 quasi
3448 4613 3536 4667 [ιι-

1965 4721 2142 4766 turum
2187 4712 2260 4766 sit
2305 4719 2362 4765 ut
2416 4711 2582 4780 aliqui
2629 4710 2814 4765 furore
2865 4708 2959 4763 Dei
2999 4717 3300 4778 arguantur
3351 4717 3406 4762 et
3459 4707 3540 4760 ira

1963 4803 2132 4874 ipsius
2176 4805 2520 4859 erudiantur.
2572 4805 2753 4874 Atque
2800 4810 2859 4856 ut
2908 4801 2994 4856 his
3050 4801 3214 4857 dictis
3264 4801 3436 4870 magis
3475 4816 3538 4853 ac

1961 4895 2134 4960 magis
2188 4897 2587 4961 assentiamur,
2643 4909 2676 4950 e
2719 4895 2873 4949 Novo
2927 4907 3146 4963 quoque
3189 4892 3537 4948 Testamento

1961 4986 2163 5040 similia
2224 4987 2538 5041 testimonia
2587 4987 2818 5057 petenda
2861 4996 3028 5049 sunt,
3081 4986 3296 5040 dicente
3330 4984 3534 5040 Serva-

1963 5087 2079 5132 tore
2125 5078 2210 5133 ":
2249 5096 2268 5128 ι
2305 5077 2486 5148 Ignem
2525 5081 2650 5133 veni
2708 5079 2929 5133 mittere
2983 5077 3037 5132 in
3085 5086 3323 5142 terram,
3372 5088 3538 5146 atque

1962 5211 2008 5244 δ’
2043 5211 2174 5268 Luc.
2209 5229 2310 5282 xu,
2338 5213 2428 5268 69.

2029 5347 2142 5421 (50)
2182 5351 2292 5405 Καὶ
2333 5351 2684 5419 Ἀσσυρίοις.
2725 5351 2847 5406 Haec
2879 5351 2933 5406 in
2982 5349 3136 5406 libris
3177 5358 3334 5404 antea
3369 5345 3532 5404 editis

1958 5423 2159 5492 omissa
2188 5431 2332 5483 sunt,
2361 5424 2453 5475 sed
2485 5425 2804 5492 supplentur
2832 5438 2862 5476 e
2890 5437 3022 5492 mss.

2023 5489 2153 5562 (51)
2205 5489 2652 5561 Ήσκληρότῆς.
2704 5491 2866 5548 Deest
2919 5491 2973 5546 in
3025 5489 3236 5560 aliquot
3286 5503 3417 5543 mss.
3467 5495 3528 5548 ei

1949 5561 2142 5616 abesse
2178 5571 2375 5630 potest.

2015 5631 2127 5702 (52)
2171 5628 2256 5698 Τῷ
2283 5632 2510 5700 Φαραώ.
2544 5631 2773 5700 Quidam
2805 5646 2966 5702 mss.,
2988 5631 3078 5685 τὸν
3108 5628 3326 5702 Φαραώ.

2018 5700 2130 5773 (55)
2169 5704 2552 5773 literae-reor.
2586 5702 2748 5757 Forte
2783 5701 3066 5773 legendum
3096 5700 3380 5758 πευστέον.

2011 5770 2124 5846 (⁷54)
2168 5771 2315 5830 Unus
2353 5776 2518 5830 codex
2555 5789 2685 5842 nts.,
2709 5770 2950 5845 Χριστῷ.
