3902 6510
259 411 368 466 277

1691 412 1760 470 ιΝ
1793 411 2102 471 EXODUM.

3429 409 3536 464 2'78

263 531 458 605 ὥσπερ
489 532 542 586 οι
581 532 754 603 ἰατροὶ
788 533 894 586 τῶν
938 533 1316 606 λυσσοδήκτων
1353 536 1442 590 τὸν
1485 537 1562 591 ίὸν
1611 538 1858 593 ἐπισπώ-

1973 535 2416 609 quemadmodum
2456 533 2680 608 medici,
2724 550 2912 593 eorum
2946 533 3038 606 qui
3087 549 3115 589 a
3163 532 3352 590 rabido
3403 547 3542 590 cane

268 643 422 696 μενοι
453 625 549 678 ἐπὶ
595 627 692 698 τὴν
740 627 1093 696 ἐπιφάνειαν,
1131 629 1216 682 ἵνα
1258 627 1332 700 μὴ
1374 627 1519 684 ἔνδον
1563 631 1858 702 νεμόμενος

261 717 554 792 διαφθείρῃ
607 718 698 772 τὸν
744 719 1028 792 ἄνθρωπον
1061 761 1075 784 ,
1115 720 1506 793 χαλεπωτέρας
1571 723 1857 794 ἐμποιοῦσι

259 807 535 870 διαθέσεις
593 807 688 860 καὶ
727 794 1056 880 φλεγμονὰς⁸
1103 809 1275 875 οὕτως
1301 814 1329 864 ὀ
1355 811 1485 875 Θεὸς
1517 811 1614 882 τὴν
1647 814 1854 882 ἐγκρυ-

261 899 541 970 πτομένην
575 901 668 953 καὶ
713 901 1132 972 ἐμφωλεύουσαν
1167 907 1279 968 τοῖς
1325 903 1516 974 βάθεσι
1553 905 1655 975 τῆς
1680 905 1857 976 ψυχῆς

261 993 470 1044 κακίαν
495 1029 509 1053 ,
556 991 642 1045 διὰ
687 994 790 1063 τῆς
843 995 1008 1048 αὑτοῦ
1061 997 1307 1068 ἰατρικῆς
1343 999 1638 1052 ἐπισπᾶται
1677 1000 1754 1060 εἰς
1789 997 1858 1051 τὰ

259 1082 392 1148 ἔξω,
411 1082 550 1137 ὥστε
573 1087 809 1156 φανερὰν
839 1088 1005 1159 αὐτὴν
1029 1090 1124 1144 καὶ
1157 1091 1554 1161 ἐναργεστέραν
1583 1089 1853 1159 γενέσθαι,

263 1175 360 1230 ἵνα
389 1175 526 1246 μετά
559 1177 718 1231 τοῦτο
741 1179 842 1250 τὴν
875 1180 1005 1250 ἑξῆς
1055 1182 1238 1255 ἐπάγῃ
1273 1182 1590 1255 θεραπείαν.
1621 1183 1858 1237 Τοιαῦτα

261 1266 324 1319 δὲ
351 1267 482 1337 ἡγοῦ
493 1285 588 1338 μαι
616 1270 710 1324 καὶ
741 1271 810 1323 τὰ
847 1271 908 1326 ὲν
937 1271 1016 1342 τῷ
1053 1273 1454 1345 Δευτερονομίῳ
1479 1274 1637 1344 ῥητὰ,
1669 1274 1856 1328 τοῦτον

261 1357 463 1428 ἔχοντα
496 1361 584 1414 τὸν
624 1362 857 1432 τρόπον’
901 1385 918 1416 ι
947 1365 1058 1418 Καὶ
1093 1365 1378 1437 μνησθήσῃ
1414 1369 1590 1420 πᾶσαν
1615 1367 1714 1437 τὴν
1739 1365 1856 1420 ὁδὸν

259 1452 336 1521 ἣν
361 1453 586 1524 διήγαγέ
618 1474 676 1508 σε
703 1457 906 1528 Κύριος
928 1459 954 1511 ὁ
971 1458 1103 1522 Θεός
1127 1475 1218 1511 σου
1241 1458 1399 1512 τοῦτο
1425 1459 1856 1532 τεσσαρακοστὸν

259 1543 390 1607 ἔτος
442 1547 499 1598 ἐν
531 1549 596 1617 τῇ
627 1548 840 1618 ἐρήμῳ,
873 1550 1020 1612 ὅπως
1053 1548 1282 1621 κακώσῃ
1331 1567 1411 1613 σε,
1466 1551 1560 1603 καὶ
1621 1551 1857 1624 πειράσῃ

263 1651 354 1700 σε,
389 1637 482 1688 κα)¹
508 1637 810 1710 διαγνωσθῇ
996 1639 1062 1692 τὰ
1106 1642 1162 1692 ὲν
1189 1643 1254 1712 τῇ
1283 1640 1480 1712 καρδίᾳ
1510 1658 1634 1704 σου,
1675 1642 1723 1693 εί
1756 1659 1856 1710 φυ-

261 1725 407 1801 λάξῃ
433 1729 534 1794 τὰς
576 1731 796 1795 ἐντολὰς
840 1732 1027 1796 αὑτοῦ,
1057 1732 1088 1802 ἢ
1125 1732 1209 1786 οὗ.
1245 1735 1357 1786 Καὶ
1390 1734 1638 1786 ὲκάκωσέ
1673 1751 1730 1786 σε
1765 1734 1858 1786 καὶ

259 1818 651 1890 ἐλιμαγχὸνισέ
705 1822 812 1893 (66)
849 1841 907 1876 σε
928 1839 942 1853 °
993 1825 1086 1876 καὶ
1136 1822 1382 1896 ὲψώμισέ
1411 1842 1468 1878 σε
1493 1825 1554 1878 τὸ
1585 1827 1757 1896 μάννα
1777 1867 1790 1891 ,
1831 1827 1859 1879 ὃ

1965 631 2130 684 morsi
2164 637 2310 694 sunt,
2341 628 2492 682 virus
2535 627 2591 682 in
2626 637 2873 697 apertum
2918 627 3302 692 extrahentes,
3354 638 3423 680 ne
3455 624 3540 678 ius

1968 731 2052 776 tus
2074 723 2373 792 depascens
2405 720 2676 776 hominem
2703 725 2971 789 perimat,
3005 719 3306 790 graviorem
3335 717 3544 773 faciunt

1965 831 2182 870 sensum
2217 813 2419 868 doloris
2447 822 2502 868 et
2531 811 2985 869 inﬂammationes
3018 829 3033 877 ;
3067 813 3141 867 ita
3179 813 3324 866 Deus
3379 808 3536 864 abdi-

1965 915 2072 960 tam
2129 915 2184 960 et
2217 905 2484 960 inclusam
2539 902 2664 956 imis
2705 901 2870 956 veluti
2907 903 3074 956 animi
3115 899 3364 956 medullis
3419 913 3547 968 pra-

1966 998 2189 1052 vitatem
2229 996 2498 1050 medicina
2529 1009 2622 1049 sua
2659 992 2809 1046 foras
2855 993 3117 1055 extrahit,
3171 1001 3228 1045 ut
3268 999 3454 1062 aperta
3489 999 3546 1044 et

1963 1091 2188 1144 evidens
2233 1088 2362 1152 ﬁat,
2408 1095 2470 1140 ιιι
2523 1093 2910 1154 congruentem
2957 1083 3150 1138 deinde
3209 1081 3544 1136 curationem

1963 1181 2242 1234 adhibeat.
2291 1179 2408 1246 Quo
2443 1176 2720 1244 pertinere
2768 1175 3006 1228 arbitror
3047 1175 3160 1228 haec
3189 1174 3241 1228 in
3271 1173 3543 1228 Deutero-

1965 1273 2148 1327 n0tnio
2210 1271 2414 1341 scripta
2464 1271 2510 1302 ⁸⁸
2557 1284 2573 1322 :
2633 1286 2652 1320 ι
2695 1267 2762 1322 Ει
2815 1266 3192 1322 recordaberis
3235 1266 3542 1319 universam

1963 1365 2104 1418 viam
2137 1379 2232 1434 per
2253 1378 2420 1432 quam»
2441 1361 2666 1417 deduxit
2699 1368 2750 1413 te
2781 1357 3044 1411 Dominus
3096 1357 3238 1410 Deus
3267 1366 3411 1418 tuus,
3445 1368 3545 1408 an-

1965 1472 2092 1510 num
2124 1455 2233 1525 jam
2265 1453 2740 1524 quadragesimum
2795 1453 2848 1504 in
2901 1448 3213 1510 solitudine,
3255 1455 3314 1498 nt
3346 1444 3548 1514 aillige-

1967 1560 2046 1604 ret
2073 1561 2123 1604 te
2158 1558 2212 1603 et
2251 1555 2501 1612 tentaret,
2546 1553 2602 1600 et
2649 1552 3114 1614 cognoscerentur
3146 1554 3264 1610 quae
3299 1539 3351 1591 in
3383 1537 3548 1592 corde

1969 1653 2057 1696 tuo
2093 1648 2250 1706 sunt;
2289 1655 2355 1692 an
2403 1652 2590 1694 serves
2625 1636 2880 1690 mandata
2927 1633 3064 1702 ejus,
3116 1643 3316 1696 necne;
3357 1637 3414 1683 et
3461 1625 3546 1681 af-

1965 1733 2105 1788 ﬂixit
2157 1745 2209 1787 te
2243 1741 2298 1786 et
2351 1731 2527 1784 inedia
2583 1727 2870 1796 fatigavit,
2913 1733 2968 1777 et
3015 1723 3162 1792 pavit
3210 1732 3258 1774 te
3309 1733 3548 1784 manna,

1967 1833 2106 1897 quod
2144 1837 2200 1880 tu
2243 1840 2349 1878 non
2382 1837 2638 1886 noveras,
2677 1833 2851 1888 neque
2903 1826 3166 1871 noverant
3211 1823 3394 1882 patres
3427 1811 3549 1877 tui;

257 1913 374 1964 οὐκ
397 1913 544 1984 ᾕδεις
580 1916 666 1978 σὺ,
709 1916 802 1968 καὶ
837 1917 936 1969 οὐκ
983 1917 1202 1988 ᾔδεισαν
1226 1921 1272 1970 οἱ
1319 1918 1552 1990 πατέρες
1602 1935 1716 1970 σου·
1777 1919 1860 1970 ἵνα

1973 1931 2023 1972 ιιι
2061 1919 2446 1972 eunntiaretur
2484 1913 2580 1968 tibi
2617 1913 2761 1982 quod
2803 1927 2908 1965 non
2956 1911 3010 1963 in
3054 1907 3170 1962 solo
3223 1919 3360 1974 pane
3407 1904 3553 1959 vivet

261 2004 565 2079 ἀναγγείλῃ
614 2023 696 2059 σοι
756 2007 836 2060 ὅτι
875 2010 975 2062 οὐκ
1009 2010 1096 2063 ἐπ’
1126 2011 1274 2081 ἄρτῳ
1322 2011 1464 2082 μόνῳ
1500 2011 1720 2082 ζήσεται
1770 2013 1852 2067 ἄν-

261 2095 488 2168 θρωπος
515 2139 528 2162 ,
573 2099 685 2151 ἀλλ’
733 2101 825 2153 ἐπὶ
855 2103 1017 2154 παντὶ
1052 2105 1257 2176 ῥήματι
1313 2091 1731 2177 ἐκπορευομένῳ
1773 2107 1859 2160 διὰ

263 2188 540 2258 στόματος
581 2190 716 2244 θεοῦ
768 2191 994 2263 ζήσεται
1049 2195 1398 2266 ἅνθρωπος.»
1469 2199 1635 2268 Τήρει
1696 2199 1752 2252 δὲ
1801 2200 1857 2252 ὲν

257 2279 482 2342 τούτοις
524 2281 606 2334 ὅτι
641 2285 858 2336 κακοῖὸ
893 2284 1028 2349 Θεὸς
1061 2287 1154 2340 καὶ
1189 2287 1478 2358 πειράζει,
1515 2291 1603 2343 ἵνα
1633 2291 1862 2360 διαγνω-

261 2369 379 2458 σθῇ.
405 2371 475 2423 τὰ
501 2373 558 2426 ἐν
589 2377 655 2444 τῇ
705 2375 938 2428 ἑκάστου
974 2378 1191 2449 καρδίᾳ,
1227 2379 1301 2443 ὡς
1332 2380 1462 2434 ὄντα
1500 2383 1617 2453 μὲν,
1669 2386 1863 2440 ἐναπο-

263 2463 506 2533 κείμενα
534 2465 591 2517 δὲ
623 2466 702 2536 τῷ
745 2467 930 2538 βάθει,
976 2471 1068 2524 καὶ
1107 2473 1186 2534 εἰς
1220 2475 1451 2544 φανερὸν
1483 2475 1570 2528 διὰ
1611 2478 1720 2531 τῶν
1764 2496 1863 2532 κα-

263 2553 494 2608 κώσεων
528 2559 818 2629 ἐρχόμενα.
857 2559 1112 2614 Τοιοῦτόν
1147 2565 1262 2616 εστι
1295 2567 1387 2618 καὶ
1418 2567 1478 2619 τὸ
1509 2571 1566 2621 ἐν
1599 2569 1678 2639 τῷ
1738 2569 1856 2623 Ἰὼϐ

263 2647 376 2699 ὑπὸ
409 2647 502 2700 τοῦ
536 2650 738 2722 Κυρίου
769 2651 854 2705 διὰ
893 2651 1151 2715 λαίλαπος
1193 2657 1286 2709 καὶ
1313 2659 1488 2728 νεφῶν
1515 2661 1857 2730 ἀπαγγελλό-

265 2755 434 2808 μενον
468 2738 578 2811 (61)
603 2744 740 2813 πρὸς
759 2745 848 2797 τὸν
891 2743 1029 2810 Ἰὼϐ,
1062 2747 1263 2812 οὕτως·
1299 2769 1314 2799 ι
1341 2751 1454 2804 Οἴει
1490 2771 1555 2823 με
1583 2753 1756 2819 ἄλλως
1781 2773 1860 2809 σοι

261 2835 758 2903 κεχρηματικέναι,
791 2837 823 2907 ἢ
861 2838 944 2889 ἵνα
978 2839 1258 2911 ἀναφανῇς
1286 2842 1518 2906 δίκαιος·
1545 2865 1562 2898 ι
1601 2845 1721 2899 οὔτε
1754 2847 1861 2918 γὰρ

261 2918 412 2988 εἷπε,
433 2925 564 2998 γένῃ
589 2926 812 2992 δίκαιος,
835 2929 967 2996 ἀλλ’,
989 2931 1074 2986 ἕνα
1093 2935 1392 3006 ἀναφανῇς,
1417 2937 1654 3002 τοιοῦτος
1674 2937 1749 2992 ὢν
1769 2941 1864 2992 καί⁹

263 3013 382 3086 πρὸ
401 3015 512 3070 τῶν
533 3021 1164 3096 πειρασμῶν,ἀναφανῇς
1177 3025 1230 3078 δὲ
1245 3029 1422 3089 ἐντοῖς
1441 3045 1501 3080 συ
1511 3029 1860 3100 μὸεϐηκόσιν.

1971 2012 2130 2064 Ιιοιιιο
2158 2047 2173 2072 ,
2225 2008 2319 2062 sed
2375 2007 2424 2060 in
2475 2005 2620 2058 otnni
2665 2003 2868 2070 verbo,
2908 2001 3050 2071 quod
3089 1998 3335 2069 procedit
3363 2011 3460 2065 per
3487 2010 3552 2050 os

1969 2103 2087 2166 Dei,
2121 2101 2264 2155 vivet
2317 2100 2501 2153 homo.
2535 2115 2553 2148 ι
2588 2096 2828 2151 Observa
2883 2093 2935 2148 in
2983 2092 3071 2148 his
3111 2091 3280 2145 Deutn
3313 2087 3552 2157 amigere

1968 2205 2020 2250 et
2049 2201 2281 2256 tentare,
2313 2199 2372 2245 ut
2406 2191 2800 2258 dignoscantur
2841 2199 2961 2255 qua:
2993 2184 3046 2238 in
3087 2180 3352 2250 cujusque
3385 2179 3549 2232 corde

1964 2296 2110 2351 sunt,
2148 2294 2205 2339 ut
2236 2297 2356 2352 quae
2394 2284 2506 2336 sint
2536 2279 2758 2349 quidem
2785 2318 2798 2342 ,
2835 2276 2932 2331 sed
2967 2276 3020 2330 in
3055 2273 3324 2346 profundo
3361 2283 3553 2324 recon-

1961 2381 2107 2443 dita,
2162 2391 2284 2446 quae
2335 2390 2432 2444 per
2467 2385 2699 2442 angores
2749 2377 2804 2423 et
2855 2367 3136 2422 molestias
3193 2365 3245 2417 in
3297 2370 3552 2431 apertum

1963 2476 2338 2539 prorumpunt.
2378 2463 2654 2534 Ejusmodi
2699 2471 2812 2527 est,
2849 2460 2993 2530 quod
3037 2459 3091 2513 in
3130 2457 3272 2512 libro
3315 2455 3416 2510 Job
3442 2455 3552 2510 eia

1969 2562 2193 2616 Domino
2219 2575 2316 2630 per
2346 2559 2620 2612 turbinem
2647 2563 2700 2609 et
2734 2555 2908 2608 nubes
2940 2551 3250 2607 declaratur
3274 2551 3320 2582 ⁸⁵
3351 2571 3362 2605 :
3396 2567 3414 2602 ι
3443 2548 3550 2603 Ar-

1967 2655 2190 2708 bitraris
2226 2667 2310 2706 me
2343 2651 2500 2704 aliam
2519 2650 2822 2704 ohcansam
2849 2654 3022 2700 tecum
3049 2659 3168 2700 esse
3190 2643 3548 2707 collocutum,

1971 2745 2072 2799 nisi
2119 2741 2278 2813 119
2308 2751 2364 2796 ut
2415 2741 2594 2811 justus
2647 2751 2970 2807 apparares;
3009 2753 3026 2786 ι
3063 2749 3162 2789 nec
3188 2735 3331 2788 enim
3372 2733 3549 2796 dixit,

1973 2849 2030 2893 ut
2067 2839 2224 2891 ﬁeres
2255 2836 2456 2904 justus,
2486 2834 2580 2888 sed
2631 2843 2689 2886 ut
2731 2843 3052 2901 appareres,
3077 2844 3200 2883 cunt
3233 2826 3355 2882 talis
3388 2827 3553 2882 etiam

1973 2943 2099 2988 ante
2126 2932 2458 2988 tentationcs
2491 2929 2704 2996 fuisses,
2736 2941 3031 3004 appareres
3059 2933 3237 2978 autem
3265 2924 3317 2976 in
3347 2921 3412 2978 iis
3432 2935 3555 2992 qua

1972 3029 2320 3082 accidissent.
2839 3013 2844 3017 ’
3477 3003 3484 3008 ’

261 3105 381 3158 Καὶ
409 3107 596 3162 πάλιν
627 3111 696 3194 ei:
707 3111 892 3194 "(1.3.ch
923 3116 1077 3183 τιζμῳ
1211 3117 1340 3184 ταῖς
1378 3121 1590 3194 οιζιταῗς
1623 3125 1710 3189 είς
1751 3123 1861 3194 τὴν

1973 3113 2172 3169 Rursus
2206 3115 2257 3167 in
2289 3113 2395 3167 alio
2419 3123 2578 3176 tomo,
2611 3111 2662 3163 in
2694 3111 2880 3192 iisdem
2909 3111 2976 3164 ad
3017 3109 3262 3164 Exodum
3291 3123 3554 3162 commen-

627 3182 878 3245 Ἔξοδον
911 3182 1326 3252 σημειώσεων
1360 3189 1492 3260 (62).

348 3268 540 3338 Ἔλεγε
568 3271 624 3324 δέ
647 3289 729 3336 τις
753 3274 860 3328 τῶν
881 3274 1000 3328 καθ’
1029 3279 1194 3347 ἡμᾶς,
1225 3279 1332 3331 ἀπὸ
1364 3281 1460 3351 τῆς
1495 3283 1780 3354 συνηθείας
1802 3287 1862 3354 τὸ

265 3357 603 3430 ζητούμενον
633 3364 1144 3436 παραμυθούμενος,
1165 3369 1246 3421 ὅτι
1276 3370 1535 3436 πολλάκις
1555 3375 1604 3425 οἱ
1639 3351 1863 3445 χρηστοὶ

261 3448 450 3520 κύριοι
483 3455 964 3526 μακροθυμοῦντες
1015 3459 1108 3510 ἐπὶ
1141 3461 1268 3524 τοὺς
1310 3463 1728 3534 ἁμαρτάνοντας
1755 3468 1862 3521 τῶν

261 3543 522 3610 οἰκετῶν,
553 3545 736 3614 λέγειν
759 3548 981 3606 εἰώθασι
1002 3551 1110 3622 (65)
1135 3553 1214 3616 τὸ,
1240 3574 1257 3604 ι
1283 3555 1426 3624 Ἐγώ
1460 3575 1518 3610 σε
1547 3560 1856 3625 ἀπώλεσα,ι

264 3637 398 3702 καὶ,
437 3656 455 3687 ι
495 3637 636 3706 Ἐγώ
669 3658 728 3694 σε
762 3643 996 3714 πονηρὸν
1021 3645 1273 3718 ἐποίησα,
1318 3667 1336 3699 ι
1371 3649 1511 3720 μετὰ
1555 3652 1648 3705 τοῦ
1703 3655 1864 3725 Ιίῖθους

263 3729 650 3798 ἐμφαίνοντες,
681 3733 762 3786 ὅτι
786 3736 818 3804 ἡ
842 3737 1148 3808 χρηστότης
1178 3739 1358 3792 αὐτῶν
1391 3741 1482 3794 καὶ
1512 3745 1865 3817 μακροθυμία

265 3823 551 3894 πρᾴιρασις
580 3824 728 3878 δοκεῖ
758 3827 1042 3895 γεγονέναι
1067 3829 1168 3899 τῆς
1211 3833 1302 3885 ἐπὶ
1357 3833 1540 3888 πλεῖον
1575 3841 1860 3909 πονηρίας.

267 3913 486 3984 ’Ὠσπερ
521 3910 616 3974 οὖν
667 3918 872 3972 τούτων
914 3919 1222 3992 λεγομένων
1268 3924 1488 3980 δύναταί
1543 3946 1627 3993 τις
1687 3930 1864 4000 λέγειν

267 4007 664 4073 συκοφαντῶν,
720 4011 802 4062 ὅτι
853 4010 1203 4083 ὡμολόγησεν
1249 4017 1277 4068 ὁ
1325 4017 1590 4090 δεσπότης
1630 4024 1863 4096 πονηρὸν

267 4099 632 4166 πεποιηκέναι
661 4101 750 4154 τὸν
779 4103 996 4174 οἰκέτην
1018 4122 1030 4134 ·
1062 4105 1203 4160 οὕτω
1233 4108 1300 4161 τὰ
1330 4110 1434 4164 ὑπὸ
1467 4113 1563 4183 τῆς
1593 4113 1864 4187 ἀγαθότη-

263 4204 363 4252 τος
401 4191 496 4244 τοῦ
551 4191 682 4245 Θεοῦ
739 4195 1010 4268 πρόφασις
1050 4199 1314 4270 γενόμενα
1357 4203 1453 4272 τῆς
1503 4205 1864 4278 σκληρότητος

263 4281 364 4332 τοῦ
395 4281 615 4352 Φαραὼ,
649 4284 1044 4356 ὲσκληρυκέναι
1075 4288 1483 4362 ἀναγέγραπται
1513 4296 1607 4348 τὶν
1641 4298 1864 4368 καρδίαν

263 4371 492 4443 Φαραώ.
529 4375 994 4448 Παραμυθήσεται
1027 4379 1082 4432 δὲ
1127 4373 1282 4446 οὗτος
1320 4383 1428 4454 (64)
1484 4386 1542 4450 ἐξ
1583 4389 1867 4442 ἀποστολι-

2681 3182 2855 3235 tariis.

2043 3277 2270 3332 Dicebat
2295 3276 2490 3346 aliquis
2519 3290 2548 3330 e
2587 3275 2794 3328 nostris
2835 3272 3150 3336 coaetaneis,
3197 3285 3297 3340 per
3335 3285 3398 3326 ea
3432 3285 3552 3340 qua

1970 3370 2024 3424 in
2077 3384 2178 3423 usu
2231 3377 2402 3436 sunt,
2459 3367 2512 3421 id
2540 3406 2554 3430 ,
2589 3364 2736 3435 quod
2777 3363 2888 3434 jam
2931 3363 3219 3434 quatitur,
3269 3361 3553 3428 molliens,

1971 3477 2112 3532 saepe
2159 3463 2330 3516 bonos
2385 3459 2638 3514 dominos
2682 3458 2952 3526 patientes
3001 3455 3054 3510 in
3103 3453 3316 3510 delictis
3364 3467 3556 3510 servo-

1973 3571 2092 3608 rum
2142 3553 2326 3606 dicere
2373 3551 2550 3606 solere
2589 3567 2604 3604 :
2639 3567 2656 3600 ι
2691 3549 2804 3618 Ego
2835 3557 2886 3602 te
2918 3547 3154 3616 perdidi,
3200 3560 3302 3616 ego
3352 3553 3402 3600 te
3447 3545 3546 3599 im-

1971 3647 2198 3715 probum
2253 3643 2386 3711 feci;
2421 3662 2442 3697 ι
2508 3643 2613 3697 hoc
2661 3649 2820 3712 pacto
2870 3655 2994 3694 eum
3064 3635 3256 3692 an‘ectu
3318 3637 3554 3708 quodam

1971 3737 2328 3790 ostendentes
2381 3734 2682 3788 bonitatem
2729 3739 2786 3785 et
2831 3727 3356 3798 patientiauysuam
3423 3741 3556 3781 cau-

1971 3843 2086 3881 sam
2119 3826 2308 3880 videri.
2336 3823 2610 3886 attulisse,
2649 3837 2746 3876 cur
2782 3835 2970 3876 eorum
3014 3825 3306 3872 cresceret.
3350 3815 3558 3885 impro-

1971 3908 2130 3984 bitas.
2166 3915 2448 3982 Quomodo
2475 3914 2660 3984 igitur,
2690 3926 2813 3966 cum
2848 3911 2962 3964 haec
2993 3910 3273 3974 dicuntur,
3309 3907 3556 3962 cavillari

1973 4009 2095 4078 quis
2125 4017 2323 4078 potest,
2362 4005 2566 4060 fassum
2601 4019 2722 4059 esse
2757 4003 3060 4068 dominum,
3100 4016 3159 4055 se
3201 4015 3419 4055 servum
3459 4000 3560 4052 itu-

1973 4101 2204 4168 probum
2258 4097 2451 4152 fecisse
2496 4114 2511 4150 :
2561 4096 2640 4151 sic
2671 4109 2790 4165 qua:
2823 4110 2850 4148 a
2883 4091 3222 4162 benignitate
3251 4091 3343 4145 Dei
3377 4090 3558 4162 profe-

1973 4203 2056 4248 cta
2089 4201 2236 4259 sunt,
2265 4191 2422 4260 quasi
2451 4203 2612 4242 causa
2641 4184 3230 4241 fuerintindurationis
3261 4180 3556 4247 Pharaoni,

1974 4301 2070 4340 cor
2107 4283 2406 4338 Pharaonis
2438 4283 2723 4336 indurasse
2755 4280 3034 4333 dicuntur.
3075 4276 3319 4346 Apostoli
3375 4284 3558 4330 autem

1973 4381 2174 4443 verbis,
2207 4379 2296 4432 hic
2325 4391 2386 4431 ea
2439 4391 2556 4445 qum
2591 4371 2856 4440 cogitavit
2885 4411 2899 4436 ,
2929 4370 3097 4424 leniet
3125 4369 3172 4400 ³³
3199 4384 3214 4421 :
3257 4385 3274 4418 ι
3315 4368 3394 4421 An
3424 4366 3560 4421 divi-

266 4462 386 4517 κῶν
419 4465 618 4536 ῥητῶν,
646 4466 673 4518 ὃ
700 4469 952 4535 νενόηκεν
985 4471 1194 4524 εἰπεῖν·
1233 4491 1249 4522 ι
1282 4475 1352 4526 Ἦ
1379 4475 1468 4542 τοῦ
1506 4477 1734 4531 πλούτου
1767 4481 1861 4552 τῆς

1977 4474 2077 4526 tias
2113 4469 2377 4525 bonitatis
2419 4467 2588 4536 ipsius
2622 4475 2678 4519 et
2729 4461 3146 4517 sustentationis
3179 4469 3234 4513 et
3282 4459 3560 4529 patientiae

265 4557 639 4629 γρηστότητος
675 4559 836 4612 αὐτοῦ
867 4563 960 4614 καὶ
992 4563 1092 4633 τῆς
1136 4566 1334 4637 ἀνοχῆς
1365 4568 1460 4619 καὶ
1507 4568 1607 4638 τῆς
1660 4589 1861 4644 μακρο-

265 4651 476 4723 θυμίας
504 4658 884 4726 καταφρονεῖς,
908 4657 1117 4725 ἀγνοῶν
1145 4659 1225 4712 ὅτι
1249 4660 1312 4712 τὸ
1340 4663 1574 4732 χρηστὸν
1605 4665 1698 4717 τοῦ
1734 4666 1866 4720 Θεοῦ

263 4747 352 4809 εἷς
386 4747 674 4816 μετάνοιάν
725 4765 781 4802 σε
814 4749 974 4817 ἄγει;
1009 4749 1096 4803 διὰ
1139 4751 1193 4803 δὲ
1237 4752 1338 4824 τὴν
1375 4753 1714 4826 σκληρότητά
1750 4776 1864 4824 σου,

263 4839 370 4892 καὶ
397 4840 768 4912 ἀμετανόητον
799 4842 1024 4913 καρδίαν
1060 4841 1411 4914 θησαυρίζεις
1453 4848 1665 4918 σεαυτῷ
1697 4850 1866 4923 ὀργὴν

261 4931 330 4984 ὲν
364 4931 546 5002 ἡμέρᾳ
577 4933 765 5003 ὀργῆς,
803 4934 896 4986 καὶ
937 4935 1365 5006 ἀποκαλύψεως,
1398 4938 1492 4990 καὶ
1526 4939 1869 5014 δικαιοσύνης

259 5021 368 5073 τοῦ
403 5021 561 5084 Θεοῦ,
593 5023 654 5084 ὃς
687 5023 954 5076 ἀποδώσει
984 5025 1202 5096 ἑκάστῳ
1225 5025 1448 5080 κατὰτὰ
1474 5027 1608 5098 ἔργα
1630 5030 1815 5084 αὑτοῦ.
1845 5051 1863 5084 ι

273 5115 344 5169 Ὁ
378 5115 540 5178 αὐτὸς
567 5114 697 5183 γοῦν
729 5117 1045 5180 Ἀπόστολος
1076 5118 1134 5170 ἐν
1167 5121 1231 5190 τῇ
1264 5117 1399 5190 πρὸς
1426 5119 1728 5192 Ῥωμαίους
1754 5126 1872 5177 ἐπι-

345 5231 398 5266 ⁸⁸
429 5231 585 5288 Deut.
623 5249 738 5300 vitt,
777 5233 836 5306 2,
860 5234 916 5290 5.
1029 5234 1073 5266 ⁸⁸
1102 5235 1200 5289 Job
1233 5252 1324 5308 ιιι,
1353 5235 1407 5290 5.

501 5399 629 5453 Mss.
661 5399 992 5472 διαγνωσθῇ,
1017 5401 1248 5472 Tarinus
1269 5411 1335 5472 iet
1370 5401 1594 5472 llnctius
1618 5399 1868 5469 γνωσθῇ.

350 5471 466 5542 (60)
510 5471 993 5542 Ἐλιμαγχόινισε.
1028 5471 1206 5526 Serib.
1239 5471 1656 5542 ἐλιμαγχόνησε.

301 5541 660 5668 ὁξηριϋ..
688 5539 1190 5613 ἀπαγγελλόμενον.
1235 5539 1354 5596 Lib.
1397 5539 1569 5606 editi,
1603 5539 1872 5610 ἐπαγγελ-

301 5662 302 5665 η
385 5629 444 5664 εν
479 5631 490 5650 ε
513 5654 526 5665 .

223 5661 230 5666 .
267 5629 526 5684 λομενον.

350 5679 462 5754 (62)
494 5684 594 5736 Ἐν
623 5681 752 5749 τοῖς
800 5681 1010 5754 αὐταῖς
1059 5685 1146 5748 εἰς
1183 5682 1299 5751 τὴν
1327 5682 1584 5748 Ἕξοδον
1613 5679 1868 5752 σημειώ-

269 5753 480 5826 cietur.
508 5754 647 5820 Quid
675 5755 782 5826 sint
809 5753 1138 5826 σημειώσεις
1181 5755 1418 5826 diximus
1448 5756 1500 5826 in
1533 5754 1868 5820 Origeninnis

275 5825 380 5880 lib.
415 5840 498 5890 ιιι,
546 5841 668 5893 cap.
701 5824 758 5878 ‘2.
793 5824 904 5879 nec
943 5825 1306 5894 appellatione
1351 5825 1548 5894 scripta
1591 5840 1651 5877 ea
1685 5827 1828 5878 conti
1852 5853 1864 5864 -

275 5883 495 5958 nentur
527 5883 648 5966 qua:
691 5897 756 5950 ad
791 5897 933 5951 aliud
979 5883 1246 5968 scriptum
1286 5883 1634 5964 adjiciuntur.
1677 5895 1863 5964 Itaque

1495 5237 1539 5268 ⁸⁸
1564 5237 1723 5292 Rom.
1768 5255 1828 5304 tt,
1865 5238 1918 5305 4,
1948 5237 2002 5304 5,
2032 5237 2086 5291 6.

1975 4565 2305 4626 contemnis,
2344 4561 2602 4630 ignorans
2630 4557 3020 4626 benignitatem
3067 4554 3157 4608 Dei
3197 4563 3246 4607 te
3289 4553 3351 4606 ad
3385 4552 3560 4622 poeni.—

1977 4658 2203 4712 tentiam
2236 4653 2552 4710 deducere?
2582 4655 2674 4706 scd
2709 4659 2928 4720 propter
2962 4647 3214 4702 duritiem
3245 4656 3296 4701 et
3329 4661 3423 4700 cor
3448 4659 3562 4714 poe-

1977 4752 2150 4804 nitere
2180 4750 2447 4812 nescium,
2481 4759 2773 4800 coacerras
2801 4741 2896 4796 tibi
2949 4741 3086 4794 iram
3119 4739 3170 4793 in
3209 4739 3294 4793 die
3330 4739 3422 4791 ira:
3450 4779 3464 4802 ,
3503 4746 3560 4791 et

1977 4841 2388 4904 declarat-iouis,
2414 4847 2466 4895 et
2501 4836 2727 4908 justitiae
2761 4835 2872 4898 Dei,
2905 4831 2997 4902 qtti
3039 4830 3229 4886 reddet
3267 4828 3561 4897 unicuique

1977 4950 2076 5005 pro
2106 4935 2370 5004 operibus
2416 4931 2552 5002 ejus.
2595 4949 2613 4983 ›
2651 4929 2767 4998 Ipse
2815 4926 2954 4979 idem
3001 4921 3290 4992 Apostolus
3340 4923 3392 4976 in
3433 4920 3560 4989 Epi-

1978 5027 2116 5082 stola
2153 5028 2218 5081 ad
2263 5025 2539 5080 Romanos
2567 5023 2642 5078 ait
2665 5023 2754 5075 5":
2796 5038 2814 5072 ι
2858 5019 2916 5074 Si
2961 5027 3143 5072 autem
3198 5017 3339 5070 Deus
3373 5011 3560 5067 volens

1979 5123 2272 5178 ostendere
2315 5122 2481 5182 iram,
2517 5129 2571 5172 et
2604 5123 2900 5186 potentiam
2935 5127 3087 5168 suam
3127 5117 3309 5164 notam
3355 5106 3558 5170 facere,

2171 5235 2216 5267 ⁸⁷
2250 5235 2406 5292 Rom.
2439 5252 2512 5301 ιχ,
2543 5235 2632 5289 9.2.

1981 5396 2132 5466 plena
2169 5397 2586 5460 commentaria,
2607 5409 2740 5464 quos
2766 5405 2939 5450 tomos
2971 5390 3220 5460 inscripsi
3232 5385 3551 5466 t_0rigenes,

1981 5459 2034 5524 et
2067 5469 2273 5522 scltolia
2309 5459 2579 5521 vocabulo
2609 5459 2715 5522 isto
2763 5466 3062 5536 significata
3103 5459 3363 5536 reperias,
3422 5473 3546 5536 natu

1985 5551 2220 5608 utraqtte
2267 5540 2332 5590 ad
2378 5549 2694 5592 contextum
2737 5529 3172 5608 adficiebantur,
3193 5529 3347 5608 cujus
3381 5529 3556 5598 gratia

1982 5602 2197 5664 fuerant
2228 5608 2527 5664 elaborata.
2578 5607 2691 5662 lloc
2737 5602 2916 5671 autem
2964 5606 3082 5658 loco
3114 5602 3241 5656 tomi
3273 5609 3553 5656 notantur.

1981 5680 2243 5735 Hunnus.

2050 5753 2170 5821 (65)Δ
2211 5749 2358 5821 Mss"
2387 5748 2627 5821 εἰώθασι.
2672 5746 2827 5802 Libb.
2855 5743 3012 5821 editi,
3041 5741 3326 5821 sitthoav.

2048 5807 2182 5892 (et)
2227 5807 2375 5876 Unus
2422 5820 2593 5882 codex
2641 5835 2786 5884 tns.,
2824 5807 3005 5878 05mg;
3052 5813 3208 5870 Libb.
3257 5813 3414 5876 editt,
3459 5807 3554 5868 os—

1973 5910 2097 5958 τως.
