3902 6522
490 383 596 442 279

1934 375 2022 432 EX
2057 373 2361 434 ORIGENE
3599 383 3680 440 230

491 505 616 561 tulit
645 502 814 560 multa
846 498 1106 573 patientia
1127 512 1257 553 vasa
1283 496 1378 554 irte
1402 503 1591 570 parata
1621 497 1676 552 in
1702 497 1984 554 interitum
2004 515 2051 565 ς»

2171 497 2319 570 στολῇ
2364 513 2558 570 φησιν·
2598 515 2616 549 t
2651 498 2713 550 Et
2752 496 2808 550 δέ
2835 494 3002 550 θέλων
3031 496 3059 548 ό
3088 494 3218 560 Θεὸς
3264 495 3576 561 ἐνδείξασθαι
3607 504 3682 573 τὴν

488 598 644 670 quasi
672 595 929 667 patientia
961 593 1131 662 ipsius
1159 589 1342 646 tulerit
1378 606 1506 646 vasa
1543 591 1638 645 ira:
1663 599 1715 645 et
1739 590 1900 645 veluti
1935 607 2056 659 pro-

489 689 779 747 creaverit.
820 686 877 743 Si
905 686 1089 750 enim,
1141 686 1284 755 quod
1332 684 1470 740 lenis
1517 694 1567 739 et
1619 685 1828 754 patiens
1874 683 2056 750 luerit,

491 798 596 837 non
646 779 878 851 puniens
918 786 1210 848 peccantes
1234 816 1250 842 ,
1304 776 1398 830 sed
1449 776 1777 841 miseratus,
1805 791 1934 830 vasa
1969 776 2057 830 illa

490 874 882 938 abundarunt;
915 871 1029 940 ipse
1056 868 1453 940 quodammodo
1500 869 1756 938 patientia
1792 884 1889 924 sua
1930 883 2059 923 vasa

493 968 587 1020 ira:
633 963 794 1027 tulit,
829 973 917 1027 et,
949 971 1009 1016 ut
1042 961 1114 1016 ita
1161 961 1334 1016 dicam
1360 1001 1374 1024 ,
1412 960 1525 1030 ipse
1558 961 1739 1014 omnia
1773 960 1898 1015 fecit
1931 973 2060 1015 vasa

493 1055 585 1108 ine
608 1063 771 1124 atque
794 1053 930 1107 adeo
962 1053 1074 1122 ipse
1099 1051 1374 1106 induravit
1399 1067 1494 1106 cor
1517 1067 1729 1107 eorum.
1756 1051 1890 1106 Cum
1916 1053 2058 1107 enim

494 1146 759 1218 totsignis
776 1154 829 1200 et
859 1145 1120 1215 prodigiis
1139 1141 1297 1199 factis
1326 1159 1430 1198 non
1459 1145 1800 1214 obtemperat
1825 1144 2058 1209 Pharao,

492 1238 587 1294 sed
617 1246 737 1308 post
768 1246 846 1291 tot
872 1246 926 1292 et
967 1246 1114 1292 tanta
1163 1245 1405 1291 monstra
1451 1245 1756 1306 repugnat,
1793 1237 2062 1305 quomodo

492 1343 602 1385 non
636 1328 824 1384 durior
853 1337 910 1384 et
963 1327 1230 1384 inﬁdelior
1263 1326 1552 1398 arguitur?
1589 1343 1712 1382 cum
1760 1329 1986 1383 durities
2010 1337 2063 1381 et

497 1421 859 1477 incredulitas
907 1435 973 1474 ex
1026 1419 1286 1489 prodigiis
1328 1419 1458 1474 oriri
1510 1420 1750 1488 potuisse
1793 1420 2058 1475 videatur.

495 1513 684 1571 Simile
714 1521 796 1568 est
821 1514 874 1569 id
900 1513 951 1568 in
985 1512 1275 1582 Evangelio
1299 1513 1344 1544 ⁸⁸
1383 1530 1396 1567 :
1431 1530 1450 1563 ι
1486 1512 1596 1576 Ego
1629 1513 1693 1566 ad
1719 1511 1977 1580 judicium
2008 1512 2059 1565 in

498 1608 638 1662 hunc
668 1607 927 1660 mundum
955 1606 1072 1660 veni
1100 1621 1115 1668 ;
1147 1625 1165 1656 ι
1202 1620 1307 1660 non
1336 1606 1479 1660 enim
1508 1604 1784 1658 Scrvatori
1818 1603 2064 1674 proposi-

497 1704 608 1749 tum
639 1694 740 1750 fuit
778 1696 966 1750 venire
990 1695 1056 1749 ad
1098 1695 1384 1765 judicium,
1413 1696 1507 1748 sed
1536 1710 1598 1748 ex
1629 1709 1693 1749 eo
1724 1695 1867 1763 quod
1899 1711 2062 1749 veno»

501 1791 592 1852 rit,
627 1799 980 1842 consecutum
1009 1799 1088 1842 est
1122 1797 1178 1840 ut
1209 1787 1324 1858 ipse
1359 1789 1425 1841 ad
1449 1787 1710 1856 judicium
1744 1788 1954 1842 venerit
1981 1802 2066 1841 eo-

2158 593 2326 664 όργὴν
2346 635 2360 657 ,
2396 591 2490 645 καὶ
2528 591 2792 662 γνωρίσαι
2835 589 2896 642 τὸ
2939 589 3159 642 δυνατὸν
3190 588 3348 642 αὐτοῦ
3369 633 3384 656 ,
3416 591 3616 660 ἦνεῖκεν
3640 599 3682 648 ἐν

2158 681 2326 753 πολλῇ
2378 680 2730 753 μακροθυμίᾳ
2779 678 2946 752 σκεύη
2991 680 3160 751 ὀργῆς
3211 683 3590 752 κατηρτισμένα
3626 689 3682 750 εἰς

2159 775 2464 830 ἀπώλειαν·
2504 794 2522 828 ›
2557 775 2632 837 ὡς
2673 774 2772 845 τῆς
2820 771 3204 844 μακροθυμίας
3233 772 3394 826 αὐτοῦ
3421 774 3684 846 ἐνηνοχνίας

2157 867 2226 920 τὰ
2253 866 2417 938 σκεύη
2445 867 2545 937 τῆς
2575 866 2764 937 ὀργῆς,
2791 866 2886 919 καὶ
2914 866 3074 918 οἱονεὶ
3106 865 3506 935 γεγεννηκυίας.
3530 868 3584 920 ΕΞ
3604 869 3686 941 γὰρ

2161 959 2315 1030 παρὰ
2346 959 2404 1013 τὸ
2433 958 2802 1030 μακροθυμεῖν
2829 959 2990 1011 αὐτὸν
3019 959 3078 1010 οὐ
3103 955 3396 1021 κολάζοντα
3415 959 3530 1022 τοὺς
3548 961 3686 1032 ἁμαρ-

2160 1051 2450 1116 τάνοντας,
2487 1050 2597 1105 ἀλλ’
2632 1049 2885 1104 ἐλεοῦντα
2902 1089 2920 1115 ,
2947 1049 3237 1103 ἐπλεόνασε
3265 1052 3330 1120 τῇ
3359 1047 3506 1119 χύσει
3523 1091 3536 1114 ,
3563 1051 3686 1116 chi;

2161 1160 2280 1205 πως
2303 1143 2500 1213 ἢνεγκε
2524 1145 2588 1213 τῇ
2620 1141 2813 1195 ἑαυτοῦ
2842 1141 3195 1212 μακροθυμίᾳ
3222 1139 3291 1193 τὰ
3326 1140 3488 1211 σκεύη
3518 1143 3601 1212 τῆς
3625 1145 3686 1216 ὀρ-

2161 1235 2264 1304 γῆς
2284 1275 2297 1294 ,
2332 1235 2426 1287 καὶ
2463 1234 2528 1287 ἵν’
2573 1232 2744 1298 οὕτως
2771 1234 2941 1298 είπω,
2976 1233 3136 1297 αὐτὸς
3169 1233 3234 1286 τὰ
3263 1234 3437 1286 πάντα
3469 1235 3686 1306 πεποίηκε

2164 1325 2330 1396 σκεύη
2361 1325 2531 1397 ὀργῆς
2555 1366 2570 1389 ,
2601 1326 2696 1379 καὶ
2742 1324 2882 1378 κατὰ
2915 1322 3091 1390 τοῦτο,
3129 1323 3290 1387 αὐτὸς
3320 1324 3594 1395 ἐσκλήρυνε
3616 1329 3687 1399 τὴν

2163 1417 2386 1490 καρδίαν
2423 1418 2620 1471 αὐτῶν.
2659 1418 2783 1471 Ὅτε
2809 1416 2920 1488 γὰρ
2961 1418 3201 1488 σημείων
3234 1415 3496 1470 τοσούτων
3523 1418 3602 1470 καὶ
3622 1436 3675 1472 τευ

2165 1512 2339 1584 ράτων
2373 1511 2678 1581 γενομένων
2711 1511 2771 1563 ού
2819 1511 3061 1564 πείθεται
3104 1512 3132 1563 ό
3160 1510 3360 1583 Φαραὼ
3383 1552 3398 1574 ,
3427 1510 3548 1564 ἀλλὰ
3585 1514 3690 1581 μετὰ

2161 1602 2460 1675 τηλικαῦτα
2490 1603 2829 1666 ἀνθίσταται,
2859 1602 2973 1667 πῶς
3005 1603 3065 1656 ού
3097 1603 3457 1674 σκληρότερος
3483 1604 3566 1657 καὶ
3597 1606 3690 1659 ἁπι-

2167 1695 2414 1766 στότερος
2447 1694 2726 1765 ἐλέγχεται
2763 1712 2776 1761 ;
2808 1696 2906 1766 τῆς
2957 1695 3322 1767 σκληρότητος
3362 1696 3453 1748 καὶ
3486 1697 3691 1761 ἀπιστίας

2165 1789 2426 1861 δοκούσης
2476 1792 2540 1842 ὲκ
2586 1790 2697 1842 τῶν
2738 1787 3036 1860 τεραστίων
3085 1787 3391 1857 δυναμένης
3443 1789 3692 1856 γεγονέναι.

498 1894 640 1946 rum,
674 1881 765 1949 qui
797 1890 917 1949 post
946 1879 1199 1934 miracula
1229 1853 1345 1948 ipsi
1396 1853 1501 1932 non
1550 1878 1882 1934 crediderint
1915 1895 1931 1945 ;
1967 1880 2061 1934 sed

2171 1853 2393 1953 Ὅμοιον
2439 1883 2494 1936 δέ
2528 1884 2619 1937 καὶ
2656 1883 2715 1935 τὸ
2757 1853 2816 1934 ἐν
2860 1880 2938 1952 τῷ
2978 1853 3384 1950 Εὖαγγελ-ίῳίι
3428 1853 3525 1942 Εἰς
3561 1881 3694 1950 κρίμα

496 1982 552 2026 ct
579 1972 631 2026 in
661 1972 875 2026 ruinam
909 1986 1092 2026 eorum
1124 1973 1285 2025 venit.

2168 1972 2277 2042 ἐγὼ
2301 1976 2379 2037 εἰς
2411 1974 2504 2027 τὸν
2533 1975 2734 2045 κόσμον
2765 1973 2948 2027 τοῦτον
2976 1969 3136 2043 ἦλθον
3163 1990 3175 2002 ·
3217 1992 3236 2024 ι
3269 1973 3331 2024 ού
3353 1973 3458 2044 γὰρ
3487 1973 3694 2043 προέθετο

493 2067 524 2120 ὁ
579 2066 769 2139 Σωτὴρ
815 2067 895 2129 είς
929 2065 1102 2138 κρίμα
1151 2065 1342 2132 ἐλθεῖν,
1382 2066 1495 2120 ἀλλ’
1533 2065 1864 2136 ἠκολούθησε
1926 2064 2002 2136 τῷ
2051 2065 2362 2136 ἐληλυθέναι
2411 2069 2605 2132 αὐτὸν,
2648 2068 2710 2120 τὸ
2738 2068 2827 2131 εἰς
2871 2067 3042 2138 κρίμα
3077 2065 3238 2119 αὐτὸν
3278 2064 3575 2136 ἐληλυθέναι
3617 2064 3700 2120 τῶι

497 2161 638 2233 μετά
665 2161 737 2216 τὰ
765 2163 1022 2234 τεράστια
1049 2164 1108 2215 ού
1139 2163 1574 2216 πεπιστευκότων
1605 2162 1752 2234 αύτῷ
1771 2181 1782 2194 ·
1816 2162 1950 2217 ἀλλὰ
1977 2163 2069 2216 καὶ
2106 2167 2184 2228 εἰς
2210 2164 2414 2218 πτῶσιν
2446 2165 2692 2237 ἐλήλυθε.

828 2254 894 2308 Et
935 2263 1054 2324 post
1079 2256 1209 2320 alia,
1236 2256 1289 2309 in
1322 2257 1460 2311 hunc
1496 2257 1729 2312 modum.

566 2343 816 2416 Prodigia
844 2345 1013 2412 facta,
1055 2347 1476 2416 suscipientibus
1507 2349 1726 2416 quidem
1757 2356 1812 2403 et
1840 2349 2068 2403 creden-

497 2438 667 2504 tibus,
697 2447 758 2493 ut
790 2437 1112 2506 promiscuis
1135 2438 1242 2491 illis
1270 2437 1562 2509 Egyptiis,
1591 2440 1682 2509 qni
1714 2455 1835 2494 cum
1868 2441 2066 2510 populo

495 2529 702 2600 egressi
736 2539 896 2593 sunt,
930 2529 1304 2585 misericordia
1336 2530 1492 2586 fuere.
1524 2547 1540 2596 ;
1577 2547 1683 2586 non
1718 2532 2068 2589 credentibus

499 2630 678 2676 autem
705 2621 958 2677 duritiem
1003 2623 1187 2678 cordis
1223 2623 1485 2679 inserunt.
1518 2625 1654 2678 Tum
1701 2635 1964 2694 praeterea
1998 2642 2066 2682 ex

504 2708 794 2780 Evangelia
820 2711 1066 2781 quaedam
1093 2712 1175 2766 his
1202 2713 1401 2767 similia
1425 2713 1654 2783 proferri
1682 2726 1928 2785 possunt,
1949 2732 2069 2788 qua:

430 2847 432 2850 μ
501 2803 763 2860 maiorum
799 2815 1075 2859 auctorem
1111 2804 1380 2874 aliquibus
1422 2805 1768 2862 Servatorem
1799 2808 1943 2878 loqui
1985 2809 2070 2862 vi-

503 2898 702 2953 dentur
724 2897 771 2929 ⁸³
803 2918 814 2952 :
849 2915 868 2948 ι
903 2895 994 2951 ναι
1032 2897 1126 2951 tibi
1161 2897 1311 2968 regio
1337 2896 1463 2964 Zin,
1511 2913 1589 2955 ναι
1624 2899 1717 2954 tibi
1751 2900 2066 2966 Bethsaida,

502 2989 629 3060 quia
661 2990 704 3044 si
730 2989 858 3060 Tyri
885 3000 940 3045 et
967 2989 1168 3045 Sidone
1190 2989 1333 3045 facta
1365 2993 1592 3048 fuissent
1613 2993 1764 3064 signa
1788 3009 1907 3064 qua:
1929 2995 2068 3064 apud

502 3095 600 3137 vos
629 3081 770 3136 facta
796 3090 942 3150 sunt,
966 3083 1076 3153 jam
1105 3083 1234 3138 olim
1267 3084 1318 3138 in
1345 3098 1504 3141 sacco
1529 3093 1584 3141 et
1619 3087 1799 3141 cinere
1821 3088 2072 3144 sedentes

507 3172 876 3242 pmnitentiam
915 3175 1177 3244 egissent.
1211 3177 1477 3232 Caeterum
1504 3179 1627 3234 dico
1657 3178 1810 3234 vobis
1830 3219 1845 3244 ,
1885 3181 2074 3236 tolera-

509 3267 668 3320 bilius
698 3265 804 3321 erit
828 3265 972 3336 Tyro
1001 3277 1057 3324 et
1088 3267 1273 3324 Sidoni
1307 3285 1471 3340 quam
1503 3271 1676 3337 vobis,
1719 3290 1738 3323 ›
1771 3281 1824 3327 et
1853 3281 2068 3328 caetera.

512 3362 652 3415 Deus
677 3363 821 3415 enim
854 3361 944 3431 qui
971 3361 1223 3415 duritiem
1246 3372 1297 3416 et
1317 3363 1749 3418 incredulitatem
1777 3365 2070 3420 incolarum

509 3453 743 3524 regionis
770 3453 888 3518 Zin,
920 3463 974 3509 et
999 3452 1284 3508 Bethsaida
1309 3494 1325 3519 ,
1357 3465 1413 3510 et
1440 3455 1822 3525 Capharnaum
1859 3472 2071 3529 pra-no-

508 3555 679 3611 verat,
712 3555 765 3600 et
787 3546 998 3602 sciebat
1035 3546 1364 3602 tolerabilius
1389 3548 1507 3602 fore
1535 3551 1678 3617 genti
1711 3527 2068 3614 Sodomorum
2099 3527 2140 3584 θ

508 3638 560 3689 in
597 3635 684 3691 die
705 3636 894 3704 judicii
931 3652 1092 3706 quam
1122 3637 1253 3705 illis,
1289 3651 1387 3692 cur
1418 3639 1576 3709 120
1606 3641 1865 3696 miracula
1892 3652 2072 3712 patra-

506 3730 596 3785 bat
645 3729 698 3784 in
743 3731 963 3800 regione
1018 3729 1115 3784 Zin
1153 3739 1210 3786 et
1251 3729 1538 3785 Bethsaida
1565 3776 1579 3799 ,
1616 3733 1806 3787 ridens
1853 3744 2075 3804 propter

506 3823 622 3877 haec
654 3821 993 3877 tolerabilius
1032 3822 1147 3877 fore
1173 3823 1227 3877 in
1261 3821 1350 3875 die
1399 3823 1587 3889 iudicii
1624 3823 1802 3894 Tyriis
1832 3833 1886 3878 et
1918 3825 2074 3880 Sido-

507 3914 636 3977 niis,
670 3927 830 3983 quam
859 3913 985 3969 his’

1111 4074 1182 4128 Et
1209 4085 1321 4144 post
1344 4075 1472 4129 alia.

584 4188 603 4221 ι
635 4166 716 4222 Tu
739 4175 925 4222 autem
963 4166 1110 4222 dices
1133 4167 1422 4233 Pharaoni,
1458 4165 1585 4221 Haec
1613 4164 1744 4222 dicit
1775 4166 2072 4224 Dominus:

505 4259 678 4317 Filius
722 4258 1119 4330 primogenitus
1168 4273 1318 4313 meus
1361 4255 1548 4312 Israel.
1602 4256 1722 4313 Dixi
1752 4273 1883 4314 vero
1927 4260 2020 4314 tibi
2057 4277 2071 4314 :

510 4351 731 4407 Dimitte
776 4350 1032 4420 populum
1077 4365 1291 4413 meum,
1334 4358 1395 4402 ut
1423 4363 1509 4402 me
1545 4348 1767 4414 colant;
1813 4349 1859 4403 si
1894 4359 2074 4405 autem

508 4459 614 4498 non
653 4444 737 4499 vis
762 4443 1036 4499 dimittere
1077 4441 1248 4510 ipsum
1277 4481 1293 4505 ,
1324 4440 1527 4494 videsis
1552 4481 1567 4506 ,
1601 4455 1705 4511 ego
1747 4442 2073 4497 interﬁciam

509 4537 676 4592 tilium
707 4546 857 4591 tuum
889 4535 1305 4614 primogenitum
1334 4533 1401 4586 '°.
1436 4553 1454 4586 ι
1489 4533 1784 4591 Dicendum
1811 4536 1974 4605 igitur
1994 4545 2076 4591 est

509 4630 606 4692 iis,
638 4629 729 4698 qui
772 4628 902 4696 justi
936 4629 1026 4684 Dei
1062 4630 1176 4684 haec
1204 4643 1326 4684 esse
1361 4632 1654 4704 opinantur
1677 4671 1692 4695 ,
1730 4639 1786 4683 et
1825 4643 1892 4682 ex
1931 4628 2074 4682 nuda

507 4716 748 4772 dictione
786 4717 1093 4774 induratum
1139 4735 1261 4775 esse
1295 4735 1392 4773 cor
1437 4709 1740 4775 Pharaonis
1778 4718 1919 4787 regis
1975 4734 2075 4787 pu-

509 4817 647 4874 tant,
677 4823 747 4863 ne
767 4809 1067 4865 dimitteret
1095 4813 1347 4882 populum
1375 4814 1562 4884 ipsius,
1596 4811 1871 4882 quomodo
1894 4809 2076 4876 jusuts

507 4911 590 4956 est
629 4900 721 4972 qui
773 4901 1048 4957 induravit
1077 4919 1171 4959 cor
1197 4945 1212 4969 ,
1245 4915 1300 4959 et
1346 4907 1582 4959 minatur
1604 4945 1618 4968 ,
1650 4904 1754 4957 nisi
1788 4902 2076 4968 dimiserit,

2591 2259 2700 2313 Καὶ
2726 2257 2854 2328 μεθ’
2889 2257 3059 2326 ἔτερα
3087 2256 3293 2323 οὕτως.

2239 2351 2319 2406 Τὰ
2345 2352 2605 2423 τεράστια
2648 2351 2906 2421 γινόμενα
2929 2390 2944 2415 ,
2981 2353 3092 2415 τοῖς
3143 2350 3241 2421 μὲν
3289 2347 3588 2420 δεχομένοις
3628 2348 3696 2403 καὶ

2170 2441 2548 2508 πιστεύουσιν,
2588 2441 2663 2504 ὡς
2709 2442 2860 2513 παρὰ
2902 2443 3017 2504 τοῖς
3068 2440 3386 2511 ἐπιμίκτοις
3438 2438 3698 2505 Αἰγυπτίας

2169 2535 2280 2596 τοῖς
2311 2532 2689 2604 συνεληλυθόσι
2733 2532 2811 2603 τῷ
2851 2532 2994 2604 λαῷ,
3027 2532 3176 2596 ἕλεος
3221 2527 3324 2602 ἦν·
3368 2534 3477 2593 τοῖς
3516 2531 3556 2582 δ’
3580 2530 3697 2581 ἀπει-

2170 2625 2322 2680 θοῦσι
2343 2625 2685 2698 σκληρότητα
2711 2627 2828 2690 ταῖς
2859 2624 3106 2697 καρδίαις
3127 2623 3306 2677 αὐτῶν
3334 2622 3586 2692 ἐπιφέρει.
3619 2621 3698 2673 Καὶ

2171 2721 2234 2773 ἐκ
2274 2717 2367 2772 τοῦ
2402 2717 2731 2787 Εὑαγγελίου
2771 2717 2828 2770 δὲ
2857 2717 2938 2770 ἔτι
2971 2715 3120 2787 παρὰ
3145 2716 3213 2768 τὰ
3237 2715 3506 2786 εἰρημένα
3540 2713 3698 2767 ἔστιτὰ

2169 2813 2330 2883 ὅμοια
2359 2810 2699 2884 παραθέσθαι
2744 2811 2872 2882 περὶ
2906 2810 2998 2864 τοῦ
3046 2810 3138 2862 καὶ
3179 2808 3270 2862 τὸν
3314 2809 3538 2877 Σωτῆρα
3559 2805 3698 2859 κακῶν

2170 2905 2340 2960 αἴτιον
2389 2905 2564 2958 δοκεῖν
2630 2904 2910 2972 γεγονέναι
2969 2902 3149 2955 τισίνο
3204 2918 3222 2951 t
3279 2899 3422 2951 Οὐαί
3475 2915 3548 2950 σοι
3586 2896 3699 2966 χώρα

2171 2998 2264 3051 Ζὶν
2289 2997 2428 3069 (6'5),
2460 2996 2581 3050 οὐαί
2616 3013 2698 3048 σοι
2728 2994 3033 3066 Βηθσαϊδὰ,
3064 2994 3146 3046 ὅτι
3175 2993 3224 3045 εἰ
3257 2992 3322 3044 ἐν
3353 2989 3510 3060 Τύρῳ
3534 2989 3614 3040 καὶ
3634 2986 3700 3038 Σι-

2171 3090 2296 3144 δῶνι
2327 3088 2542 3157 ἐγένετο
2569 3087 2636 3141 τὰ
2667 3088 2867 3158 σημεῖα
2903 3085 2970 3139 τὰ
3015 3084 3279 3154 γενόμενα
3317 3084 3376 3135 ἐν
3408 3082 3555 3151 ὑμῖν,
3577 3077 3698 3131 πάλαι

2172 3179 2237 3234 ἂν
2269 3183 2325 3233 ἐν
2353 3181 2539 3251 σάκκῳ
2562 3179 2653 3233 καὶ
2677 3177 2854 3248 σποδῷ
2879 3176 3177 3248 καθήμενοι
3223 3173 3564 3246 μετενόησαν.
3593 3169 3699 3237 Πλὴν

2172 3272 2314 3342 λέγω
2355 3273 2515 3343 ύμῖν,
2561 3271 2722 3343 Τύρῳ
2767 3271 2861 3324 καὶ
2897 3269 3082 3322 Σιδῶνι
3131 3265 3484 3335 ἀνεκτότερον
3525 3258 3698 3326 ἔσταιῆ

2175 3367 2321 3437 ὑμῖν,
2357 3385 2374 3416 ι
2409 3364 2504 3418 καὶ
2538 3363 2606 3416 τὰ
2633 3363 2792 3433 ἐξῆςο
2828 3359 3181 3434 προγνώστης
3217 3357 3330 3428 γὰρ
3363 3359 3392 3410 ό
3421 3353 3594 3424 Σωτὴρ
3620 3351 3700 3420 (66)

2175 3458 2248 3511 ὣν
2282 3457 2380 3527 τῆς
2405 3456 2660 3518 ἀπιστίας
2695 3455 2802 3507 τῶν
2840 3455 2896 3506 ἐν
2928 3451 3082 3524 χώρᾳ
3113 3451 3228 3512 Ζὶν,
3260 3450 3360 3502 καὶ
3389 3447 3495 3500 τῶν
3523 3448 3572 3497 ἐν
3599 3442 3700 3511 Βηθ-

2175 3549 2348 3612 σαϊδὰ,
2385 3550 2479 3602 κα)⁸
2528 3549 2634 3602 τῶν
2663 3549 2719 3600 ἐν
2750 3547 3076 3617 Καπερναοὺ
3085 3563 3142 3617 μ,
3171 3546 3264 3598 καὶ
3290 3546 3379 3598 ὅτι
3413 3539 3704 3609 ἀνεκτότερον

2173 3642 2380 3711 γίνεται
2414 3644 2482 3712 γῇ
2518 3641 2625 3710 (67)
2659 3639 2906 3710 Σοδόμων
2939 3641 2996 3692 ἐν
3030 3638 3213 3710 ἡμέρᾳ
3259 3636 3517 3706 κρίσεως,
3545 3633 3574 3702 ἢ
3598 3631 3704 3684 ὲκεί-

2173 3751 2314 3798 νοις,
2343 3733 2431 3787 διὰ
2470 3733 2522 3785 τί
2555 3731 2622 3786 τὰ
2650 3732 2911 3804 τεράστια
2942 3731 3185 3784 ἐπετέλει
3219 3730 3276 3781 ἐν
3322 3726 3476 3798 χώρᾳ
3503 3726 3585 3778 Ζὶν
3605 3764 3618 3788 ,
3638 3720 3705 3774 καὶ

2176 3824 2552 3890 ἐν’Βεθσαῖδὰ,
2590 3826 2730 3898 ὁρῶν
2768 3827 2849 3879 ὅτι
2897 3824 2986 3878 διὰ
3019 3823 3189 3878 ταῦτα
3233 3821 3576 3886 ἀνεκτότερον
3601 3815 3706 3884 γίνε-

2174 3937 2260 3971 ται
2283 3920 2338 3971 ἐν
2364 3918 2548 3989 ἡμέρᾳ
2575 3918 2808 3990 κρίσεως
2842 3916 3084 3988 Τυρίοις,
3116 3917 3210 3969 καὶ
3241 3911 3589 3982 Σιδωνίοις,ἢ
3615 3907 3704 3962 τούο

2176 4029 2286 4074 τως
2311 4053 2324 4076 ’
2727 4079 2832 4132 Καὶ
2850 4078 2976 4148 μεθ’
3002 4077 3193 4146 ἕτερα.

2253 4190 2270 4223 ι
2303 4171 2374 4224 Σὺ
2407 4171 2462 4224 δέ
2493 4171 2636 4242 ἐρεῖς
2665 4167 2742 4240 τῷ
2777 4165 2996 4240 Φαραιῖν
3027 4166 3166 4220 Τάδε
3197 4163 3587 4234 λέγειΚύριος’
3614 4157 3706 4220 Tib;

2177 4264 2514 4338 πρωτότοκός
2564 4282 2662 4335 μου
2712 4262 2946 4335 Ἰσραήλ.
2976 4255 3122 4314 Εἶπα
3145 4261 3202 4313 δέ
3221 4274 3326 4318 σοι,
3355 4252 3706 4322 Ἐξαπὸστειλοτ

2174 4358 2265 4410 τὸν
2299 4356 2423 4409 λαόν
2457 4372 2581 4426 μου,
2613 4356 2700 4408 ἵνα
2727 4372 2816 4426 μοι
2844 4353 3233 4424 λατρεύσωσιν.
3263 4351 3330 4402 Εἰ
3371 4350 3429 4402 δὲ
3474 4349 3542 4418 μὴ
3573 4345 3708 4416 βούλει

2177 4449 2549 4514 ἐξαποστεῖλαι
2577 4447 2877 4518 αὐτὸν,ὃρα
2907 4445 3054 4514 γοῦν,
3080 4440 3190 4510 ἐγὼ
3221 4441 3506 4495 ἀποκτενῶ
3529 4433 3707 4491 τὸνυίόν

2179 4558 2270 4594 σου
2301 4541 2388 4593 τὸν
2421 4539 2779 4611 πρωτότοκον.
2818 4557 2836 4589 t
2869 4536 3098 4591 Λεκτέον
3123 4531 3216 4588 οὖν
3245 4537 3362 4598 τοῖς
3391 4532 3632 4603 φάσκουσι
3652 4526 3709 4578 δια

2177 4632 2329 4686 καίου
2364 4629 2532 4683 ταῦτα
2572 4625 2709 4682 εἶναι
2741 4629 2895 4692 Θεοῦ,
2928 4629 3018 4681 καὶ
3055 4626 3498 4698 ὑπολαμϐάνουσι
3528 4617 3710 4676 κατὰτὸ

2178 4724 2464 4794 πρόχειρον
2500 4722 2598 4792 τῆς
2628 4721 2823 4788 λέξεως
2850 4719 3212 4792 ἐσκληρύνθαι
3247 4719 3349 4789 τὴν
3394 4717 3604 4788 καρδίαν
3629 4713 3710 4764 Φα-

2181 4815 2295 4889 ραὼ
2326 4815 2586 4886 βασιλέως
2611 4855 2625 4879 ,
2661 4815 2747 4867 ἵνα
2777 4815 2849 4885 μὴ
2891 4810 3244 4883 ἐξαποστείλη
3285 4811 3379 4863 τὸν
3408 4810 3530 4862 λαὸν
3565 4801 3712 4865 αὑτοῦ,

2183 4907 2300 4970 πῶς
2327 4907 2530 4972 δίκαιος
2562 4908 2590 4958 ὁ
2624 4906 2932 4978 σκληρύνας
2964 4922 3020 4958 τε
3066 4903 3163 4975 τὴν
3196 4903 3446 4975 καρδίαν,
3487 4900 3572 4953 καὶ
3595 4899 3714 4951 ἁπει·

507 4994 926 5052 interlecturum
957 4995 1124 5050 lilium
1161 4995 1277 5064 ejus
1318 4997 1736 5066 prin'togenitnm
1772 4996 1795 5048 ?
1824 4994 1880 5049 St
1930 4997 2067 5050 enim

2180 4999 2307 5062 λῶν,
2343 5001 2390 5052 εί
2425 4999 2498 5070 μὴ
2532 4997 2810 5059 ἀπολύσει,
2842 4999 3155 5050 ἀποκτεῖναι
3181 4995 3270 5046 τὸν
3295 4992 3620 5063 πρωτότοκον
3643 4985 3713 5038 σὺ·
3822 5043 3823 5056 χ

505 5096 845 5159 urgeantur,
889 5101 1012 5142 eum
1060 5088 1264 5150 malum
1317 5104 1438 5143 esse
1485 5087 1821 5142 fatebuntur.
1864 5087 2067 5142 Rursus

2175 5091 2269 5144 τοῦ
2298 5091 2452 5156 υίόν;
2499 5089 2813 5160 Θλιϐόμενοι
2861 5089 2967 5159 γὰρ
3002 5086 3236 5158 πονηρὸν
3276 5085 3442 5138 αὐτὸν
3497 5079 3715 5153 ὀμολοή-
3822 5105 3823 5110 η

504 5177 834 5255 (Ιείηιίοροιία
871 5179 991 5234 illos
1027 5179 1151 5234 inde
1183 5189 1434 5234 avertent
1473 5190 1526 5234 et
1558 5195 1624 5235 eo
1662 5181 1965 5245 adducent,
2015 5188 2067 5234 ul

2179 5197 2380 5234 σουσιν.
2411 5175 2542 5233 Εἶτα
2576 5179 2736 5232 πάλιν
2769 5179 2875 5232 ἀπὸ
2909 5178 3109 5248 ἐτέρων
3137 5176 3618 5246 ἁνατραπήσονται,
3645 5166 3713 5219 καὶ
3822 5181 3823 5220 ;

505 5289 608 5325 non
643 5271 800 5326 nudat
833 5270 1060 5325 dictioni
1088 5270 1485 5337 adhazreseant,
1527 5287 1647 5341 qua:
1678 5273 1915 5341 ipsorum
1945 5287 2067 5325 sen-

2176 5271 2570 5344 ἀναχθήσονται
2601 5270 2708 5342 (68)
2738 5272 2816 5334 είς
2841 5269 2900 5323 τὸ
2931 5270 3002 5341 μὴ
3041 5271 3106 5340 τῇ
3151 5265 3426 5340 rypoxsfptp
3471 5263 3600 5329 λέξει
3625 5260 3715 5312 δουα
3822 5267 3823 5286 λ

504 5364 672 5418 tentia
695 5360 920 5432 Opiﬁcis
944 5362 1216 5431 justitiam
1251 5365 1388 5420 tueri
1440 5379 1542 5418 non
1593 5373 1790 5432 potest.
1827 5365 2067 5434 Denique

2178 5362 2387 5426 λεύειν,
2421 5363 2482 5415 ού
2531 5362 2805 5434 δυναμένῃ
2854 5363 2972 5414 κατ’
3018 5361 3214 5423 αὐτοὺς
3248 5359 3420 5411 σῶσαι
3451 5357 3510 5409 τὸ
3546 5353 3713 5405 δίκαιον

519 5487 533 5505 .
593 5456 762 5510 semel
817 5471 966 5511 nunc
1009 5456 1183 5511 coacti
1236 5455 1438 5511 fuerint
1485 5457 1600 5510 haec
1649 5456 1977 5524 expendere,
2002 5470 2067 5511 eo

2178 5457 2272 5511 τοῦ
2295 5459 2658 5530 Δημιουργοῦ.
2688 5457 2866 5523 Ἂπαξ
2895 5456 2952 5509 δὲ
2986 5454 3081 5508 ἐὰν
3112 5453 3206 5507 νῦν
3241 5448 3612 5520 ἀναγκασθῶσι
3647 5443 3715 5514 βε·

571 5550 618 5583 ⁸³
655 5550 810 5608 Joan.
844 5550 1016 5615 tx,59.
1096 5550 1142 5582 "
1173 5549 1361 5606 Matth.
1392 5565 1467 5614 χι,
1506 5550 1595 5614 2|,
1624 5550 1714 5604 22.
1806 5551 1852 5582 ’°
1880 5549 2049 5606 Exod.
2086 5565 2156 5621 tv,
2192 5553 2280 5619 22,
2316 5557 2408 5610 ‘25.

505 5643 1021 5785 ΧέὲξέίξὼραΖὶν.
1055 5645 1313 5718 Vulgatus
1343 5657 1521 5703 tenus
1555 5646 1772 5704 Graccus
1807 5644 2069 5714 Matthxi,

506 5854 536 5910 ὁ
721 5783 779 5839 '0
795 5784 1019 5854 Σωτήρ.
1049 5785 1139 5844 Sic
1160 5789 1362 5846 habent
1388 5804 1518 5845 mss.
1542 5787 1693 5846 Libri
1716 5797 1895 5846 autem
1918 5789 2072 5858 editi,

2251 5651 2359 5724 (6?)
2387 5650 2498 5705 Vox
2527 5653 2595 5722 γῇ
2626 5666 2744 5724 qnze
2770 5650 2956 5704 deerat
2991 5650 3042 5703 in
3077 5649 3228 5704 libris
3253 5656 3412 5702 antea
3449 5645 3612 5710 editis,
3646 5638 3714 5693 hic

2181 5722 2516 5803 suppletune
2552 5722 2831 5776 codicibus
2862 5737 3061 5803 mss.“

2256 5793 2366 5864 (68)
2399 5793 2616 5863 Aliquot
2645 5808 2798 5857 lllSS.,
2835 5789 3278 5862 συναχθήσονται.
