3902 6504
154 400 251 457 381

1381 405 1690 462 SELECTA
1728 407 1793 461 IN
1825 408 2137 465 EXODUM.

3289 410 3396 467 282

156 520 461 593 ϐιασμένως
489 521 661 577 ταῦτα
694 522 985 590 ἐξετάζειν,
1017 523 1377 595 ἀναϐήσονται
1406 527 1499 579 ἐπὶ
1534 528 1592 580 τὸ
1626 546 1727 598 μη-

1848 530 2149 585 )ervenient
2168 537 2226 583 ut
2260 544 2365 585 non
2390 530 2623 601 amplius
2640 529 2905 601 Opificem
2938 529 3269 601 vituperent,
3300 530 3394 584 scd

154 612 268 666 κέτι
297 617 621 683 κατηγορεῖν
641 611 733 666 τοῦ
752 613 1116 685 Δημιουργοῦ,
1139 613 1274 668 ἀλλὰ
1305 616 1531 684 φάσκειν
1561 617 1720 670 αὑτὸν

1848 634 2001 688 psum
2045 620 2243 675 bonum
2294 636 2412 677 esse
2460 622 2751 677 aﬂirment.
2815 622 2955 692 Ergo
3025 620 3395 691 interrogandi

153 704 354 774 ἀγαθὸν
379 701 537 760 εἶναι.
572 706 809 758 Πυστέον
839 702 930 760 οὖν
966 707 1071 760 τῶν
1113 707 1372 777 οἰομένων
1412 708 1723 778 νενοηκέναι

1848 721 1971 777 .unt,
2005 714 2093 782 qui
2122 728 2182 769 se
2209 714 2261 768 id
2303 724 2493 785 putant
2528 714 2873 783 intelligere:
2915 733 2934 766 ι
2972 714 3249 768 induravit
3297 712 3399 768 Do-

152 798 241 854 τὸ’
284 818 302 850 ι
354 800 679 872 Ἐσκλήρυνε
718 801 921 872 Κύριος
966 802 994 853 ὁ
1035 802 1167 867 Θεὸς
1216 801 1315 874 τὴν
1347 802 1571 872 καρδίαν
1614 804 1724 856 Φα-

156 889 306 963 ραὼ,
349 909 369 942 ι
404 891 628 961 πότερον
661 890 873 961 ἀληθῶς
913 893 1221 946 πιστεύουσι
1261 892 1511 961 λέγεσθαι
1554 893 1727 946 ταῦτα

152 982 259 1036 ὑπὸ
285 983 379 1037 τοῦ
403 983 557 1047 Θεοῦ,
579 983 665 1037 διὰ
695 985 972 1049 Μωῦσέως
993 985 1393 1049 ὲνθουσιῶντος,
1418 987 1449 1056 ἢ
1478 986 1685 1055 ψευδῶς
1709 1002 1725 1018 ο

156 1076 205 1127 εί
240 1074 339 1143 μὲν
368 1072 475 1144 γὰρ
503 1073 730 1143 ψευδῶς,
755 1072 877 1126 ούτε
902 1075 1107 1137 δίκαιος
1138 1075 1215 1127 ἔτι
1241 1075 1348 1146 (69)
1381 1077 1499 1127 κατ’
1533 1076 1730 1138 αὐτοὺς

151 1164 183 1218 ὁ
211 1162 366 1227 Θεὸς,
390 1163 512 1216 οὔτε
542 1163 767 1236 ἀληθὴς,
798 1165 891 1218 καὶ
919 1165 1041 1218 ὅσον
1072 1166 1163 1217 ἐπὶ
1192 1164 1398 1228 τούτοις
1428 1164 1546 1217 οὐδὲ
1576 1164 1726 1228 Θεὸς

154 1254 206 1306 εί
228 1253 272 1305 δ’
305 1252 537 1324 ἀληθῶς,
559 1255 983 1307 κατανοείτωσαν
1006 1256 1054 1307 εὶ
1083 1254 1156 1326 μὴ
1183 1255 1256 1317 ὡς
1278 1252 1617 1318 αὐτεξούσιον
1649 1257 1731 1308 αἰ-

154 1342 339 1393 τιᾶται
361 1340 553 1410 λέγων’
580 1362 597 1393 ι
624 1343 689 1394 Ei.
712 1344 767 1396 δὲ
799 1343 871 1414 μὴ
896 1343 1069 1414 βούλει
1097 1343 1468 1409 ἐξαποστεῖλαι
1499 1344 1678 1397 αὐτόν·
1707 1364 1725 1395 ι

157 1432 255 1484 καὶ
281 1431 511 1503 ἀλλαχοῦ
534 1450 547 1462 ·
572 1434 747 1499 (Ἕως
774 1435 915 1498 τίνος
937 1436 997 1488 ού
1024 1436 1201 1506 βούλει
1230 1436 1556 1507 ὲντραπῆναί
1584 1454 1679 1507 με;
1706 1456 1725 1490 ι

154 1525 231 1576 Τὸ
262 1524 746 1596 γὰρ,ι”Εωςτίνος
772 1529 832 1581 ού
863 1527 1039 1597 βούλει
1068 1528 1397 1599 ὲντραπῆναί
1426 1544 1525 1598 με;
1551 1547 1569 1581 ι
1604 1527 1731 1581 δυσε-

154 1616 460 1687 ωπητικῶς
507 1616 719 1686 λέγεται
753 1619 888 1689 πρὸς
915 1619 1004 1672 τὸν
1032 1618 1229 1690 Φαραὼ
1263 1620 1364 1673 οὐκ
1406 1620 1735 1691 ἐντρεπόμε-

152 1725 283 1771 νον,
320 1711 379 1762 ού
424 1710 572 1782 παρὰ
615 1710 677 1763 τὺ
725 1711 799 1782 μὴ
835 1711 1131 1775 δύνασθαι,
1183 1710 1318 1764 ἀλλὰ
1370 1712 1521 1783 παρὰ
1562 1714 1623 1766 τὸ
1660 1712 1733 1784 μὴ

154 1799 465 1869 βούλεσθαι.
497 1803 603 1854 Καὶ
635 1803 697 1856 τὺ
724 1803 1009 1873 λεγόμενον
1033 1804 1088 1857 δὲ
1114 1803 1265 1874 παρὰ
1291 1803 1567 1867 Μωῦσέως
1599 1805 1731 1878 πρὸς

1828 804 2005 857 minus
2039 805 2178 858 Deus
2202 820 2298 859 cor
2327 803 2667 871 Pharaonis,
2710 824 2729 858 ι
2774 820 2840 859 an
2886 806 3001 860 haec
3053 820 3180 861 vere
3217 819 3246 857 a
3285 802 3395 856 Deo

1828 894 1931 949 dici
1968 910 2066 964 per
2098 894 2332 966 Moysen]
2373 897 2555 951 divino
2596 897 2788 965 spiritu
2834 896 3069 950 amatum
3096 936 3111 962 ,
3143 912 3209 950 an
3242 894 3399 962 false,

1828 996 2036 1056 putent.
2079 987 2135 1041 Si
2163 988 2304 1042 enim
2353 987 2519 1052 false,
2556 1002 2730 1056 neque
2764 987 2940 1056 justus
2987 989 3227 1057 ipsorum
3275 985 3397 1056 opi-

1830 1080 1993 1134 nione
2016 1119 2031 1144 ,
2084 1095 2262 1149 neque
2302 1094 2462 1135 verus
2502 1080 2607 1134 crit
2645 1080 2785 1135 Deus
2821 1098 2834 1134 :
2869 1096 3043 1150 neque
3070 1095 3200 1134 vero
3234 1078 3395 1133 Deus.

1831 1170 1927 1224 Sin
1959 1179 2137 1226 autem
2178 1186 2303 1225 vere
2330 1212 2345 1237 ,
2378 1172 2778 1242 cogitentnum
2812 1187 2936 1225 eum
2975 1180 3035 1225 ut
3078 1170 3302 1225 arbitrio
3335 1169 3400 1223 li-

1830 1259 1962 1314 bero
1986 1261 2269 1330 praeditum
2302 1260 2662 1329 reprehendat
2686 1260 2873 1315 dicens
2906 1261 2950 1292 ⁹¹
2978 1278 2991 1314 :
3035 1278 3052 1311 ι
3100 1261 3169 1314 At
3210 1259 3256 1314 si
3291 1274 3397 1313 non

1831 1354 1913 1407 vis
1945 1369 2068 1407 eum
2099 1353 2372 1408 dimittere
2404 1369 2417 1410 :
2460 1372 2478 1404 ι
2511 1361 2565 1406 et
2598 1351 2726 1405 alibi
2761 1351 2806 1382 ⁹²
2841 1367 2856 1404 :
2896 1369 2914 1401 ι
2954 1352 3248 1419 Quousque
3291 1363 3398 1402 non

1831 1447 1915 1501 vis
1951 1445 2184 1499 revereri
2219 1445 2342 1498 me?
2381 1464 2399 1496 ι
2430 1442 2562 1498 lllud
2591 1446 2771 1498 enim:
2806 1464 2825 1497 ι
2862 1446 3155 1513 Quousque
3184 1457 3289 1497 non
3321 1442 3403 1497 vis

1836 1539 2071 1592 revereri
2113 1537 2242 1591 me?
2272 1555 2291 1589 ι
2332 1536 2598 1590 Pharaoni
2627 1537 2826 1590 dicitur
2851 1576 2866 1600 ,
2920 1536 2987 1589 ad
3020 1549 3141 1589 eum
3195 1533 3403 1603 pudore

1835 1628 2283 1691 sulfundendunt,
2328 1630 2419 1697 qui
2462 1643 2567 1682 non
2608 1636 2927 1691 vereretur;
2965 1641 3070 1680 non
3117 1623 3259 1694 quod
3297 1638 3401 1677 non

1837 1731 2056 1789 posset,
2099 1720 2193 1773 sed
2230 1721 2373 1789 quod
2418 1720 2603 1775 nollet.
2650 1720 2713 1772 Et
2766 1718 2906 1787 quod
2936 1718 3133 1771 dicitur
3162 1733 3188 1770 a
3222 1714 3402 1785 Moyse

1840 1810 2103 1864 Pharaoni
2130 1810 2205 1864 ’3:
2244 1827 2261 1861 ι
2294 1809 2363 1864 Ut
2391 1824 2689 1879 eugnoscas
2720 1810 2843 1877 quia
2874 1809 3087 1862 Domini
3122 1816 3203 1861 est
3224 1816 3398 1871 terra;

147 1892 249 1947 τὸν
289 1893 505 1965 Φαραὼ,
545 1913 563 1945 ι
601 1895 716 1947 Ἵνα
746 1894 887 1965 γνῷς
932 1895 1011 1948 ὅτι
1050 1894 1143 1947 τοῦ
1189 1894 1394 1966 Κυρίου
1442 1897 1473 1966 ἡ
1504 1896 1604 1966 γῆ,
1641 1896 1734 1947 καὶ

1848 1908 1887 1950 at
1920 1908 1972 1951 tu
2000 1938 2015 1961 ,
2061 1906 2114 1951 et
2144 1896 2329 1950 famuli
2370 1899 2482 1961 tui,
2530 1899 2645 1952 scio
2682 1899 2806 1967 quia
2843 1912 3116 1966 nunquam
3150 1897 3405 1951 timuistis

151 1986 249 2051 cia,
293 1987 385 2038 καὶ
416 1987 465 2037 οἱ
506 1985 831 2056 θεράποντές
860 2006 973 2055 σου,
1029 1988 1325 2058 ἐπίσταμαι
1363 1989 1444 2040 ὅτι
1482 1988 1735 2039 οὐδέποτε

148 2076 470 2145 πεφόϐησθε
520 2077 609 2129 τὸν
640 2077 842 2149 Κύριον
866 2118 881 2143 ,
931 2098 950 2129 ι
993 2079 1143 2149 δηλοῖ
1179 2079 1259 2130 ὅτι
1299 2077 1693 2148 φοϐηθήσονται
1717 2093 1733 2109 ·

144 2169 299 2241 ὅπερ
341 2168 565 2241 ἁρμόζει
606 2169 740 2240 πρὸς
769 2170 895 2233 τοὺς
936 2170 1292 2241 ἑτεροδόξους,
1338 2169 1463 2240 περί
1502 2186 1560 2220 τε
1602 2170 1737 2237 ἀγα-

147 2261 386 2332 θότητος
424 2260 592 2326 Θεοῦ,
633 2263 727 2316 καὶ
765 2264 892 2335 περὶ
922 2262 1014 2316 τοῦ
1058 2263 1131 2335 μὴ
1179 2261 1316 2316 εἶναι
1357 2262 1735 2333 ἀπολλυμένην

144 2369 345 2424 gumv.

1834 1987 2149 2050 Dominum,
2185 2005 2204 2039 ›
2239 1986 2507 2057 significat
2554 1987 2670 2041 fore
2704 1998 2761 2041 ut
2799 1989 3068 2042 timeant:
3103 1986 3244 2057 quod
3278 1988 3403 2056 qui-

1838 2076 1955 2131 dem
1990 2077 2248 2133 adversus
2279 2080 2561 2133 haereticos
2593 2083 2788 2146 prohat
2828 2079 2995 2133 Deum
3032 2094 3151 2134 esse
3178 2079 3381 2134 bonum

1840 2176 1893 2222 ει
1923 2183 2028 2224 llOll
2057 2183 2183 2225 esse
2211 2179 2530 2239 pereuntem
2562 2179 2837 2225 naturam.

148 2530 3378 2561 Μ

2376 2548 2759 2558 ———-————-.
2770 2547 3279 2559 b—o—u—————

908 2713 1844 2849 ΩΡΙΓΕΝΟΥΣ
1919 2712 2667 2848 ΕΚΔΟΓΑΙ

1240 2960 1411 3047 ΕΙΣ
1447 2958 1675 3044 ΤΗΝ
1713 2946 2167 3051 ΕΞΟΔΟΝ
2198 2948 2337 3044 (⁷ο).

684 3315 845 3405 EX
917 3314 1453 3408 ORiGENE
1526 3318 2044 3409 SELECTA
2121 3320 2247 3410 IN
2321 3316 2879 3409 EXODUM.

232 3687 256 3720 ι
290 3665 409 3719 Καὶ
451 3663 605 3718 δώσω
652 3664 810 3737 χάριν
854 3664 932 3736 τῷ
975 3665 1090 3738 λαῷ
1132 3666 1305 3736 τούτῳ
1360 3668 1588 3725 ἐνώπιον
1632 3672 1740 3728 τῶν

1919 3673 2070 3742 121
2104 3689 2123 3724 ι
2146 3672 2211 3726 Et
2230 3669 2370 3728 dabo
2406 3670 2631 3741 gratiam
2667 3668 2861 3740 populo
2877 3668 3001 3725 huic
3032 3684 3214 3725 coram
3245 3667 3413 3741 Egy-

146 3760 499 3831 Αίγυπτίων.
541 3760 706 3814 Ὅταν
734 3760 791 3814 δὲ
837 3761 1209 3832 ἀποτρέχοιτε,
1244 3763 1343 3816 οὐκ
1384 3764 1746 3822 ἀπελεύσεσθε

147 3855 339 3909 κενοί.
364 3872 384 3905 ι
424 3851 571 3924 Αὕτη
600 3853 632 3923 ὴ
661 3853 959 3921 ἐπαγγελία
993 3853 1068 3924 τῷ
1106 3854 1356 3927 Ἀϐραὰμ
1400 3856 1746 3927 προεδέδοτο·

150 3966 169 3996 ι
198 3945 377 4001 Μετὰ
400 3944 593 4007 ταῦτα,
623 3943 869 4013 λέγοντος
903 3944 995 3999 τοῦ
1036 3944 1170 3998 Θεοῦ
1190 3985 1205 4011 ,
1238 3943 1603 4012 ἐξελεύσονται
1645 3941 1748 4003 ὧδε

147 4037 313 4109 μετὰ
346 4036 678 4107 ἀποσκευῆς.
701 4055 720 4088 ι

224 4151 246 4182 4
282 4130 407 4184 Καὶ
440 4129 767 4199 κατίσχυσεν
808 4130 841 4200 ἡ
876 4129 1072 4200 καρδία
1100 4128 1318 4201 Φαραὼ,
1350 4130 1441 4184 καὶ
1473 4130 1572 4184 οὐκ
1603 4131 1751 4202 εἰσή-

140 4240 365 4278 κουσεν
414 4221 611 4288 αὐτῶν,
646 4222 894 4294 καθάπερ
950 4221 1249 4275 ἐνετείλατο
1295 4222 1477 4285 αὐτοῖς
1526 4222 1747 4295 Κύριος.

141 4311 301 4370 Eine
341 4315 397 4368 δὲ
446 4315 649 4385 Κύριος
679 4315 813 4387 πρὸς
856 4315 1126 4385 Μωῦσῆνι
1164 4313 1465 4387 Βεϐἀρυται
1498 4313 1753 4386 ήκαρδία

140 4406 395 4481 Φαραὼ,
431 4407 525 4461 τοῦ
559 4408 632 4479 μὴ
660 4406 1035 4471 ἐξαποστεῖλαι
1062 4393 1151 4461 τὸν
1175 4400 1322 4462 λαόν.
1346 4427 1363 4460 ι
1409 4407 1502 4472 Τὸ,
1542 4425 1560 4460 ι
1584 4406 1752 4461 Βεϐά-

142 4517 334 4573 ρυταῑ
361 4500 393 4570 ἡ
429 4499 621 4569 καρδία
648 4498 863 4569 Φαραὼ,
894 4517 912 4550 ι
951 4498 1238 4569 λεγόμενον
1267 4498 1371 4552 ὑπὸ
1394 4498 1488 4552 τοῦ
1522 4499 1750 4570 Κυρίου,

142 4593 302 4663 μετὰ
334 4592 436 4662 τὴν
459 4590 864 4661 μεταϐαλοῦσαν
892 4593 970 4655 είς
992 4591 1260 4663 δράκοντα
1289 4591 1480 4662 ῥάϐδον
1507 4591 1600 4645 τοῦ
1639 4593 1755 4645 Ἀα-

144 4684 294 4757 ρὼν,
334 4686 438 4737 κοιλ⁵
458 4682 831 4738 καταπιοῦσαν
851 4683 949 4748 τὰς
970 4683 1077 4738 τῶν
1097 4684 1301 4752 Μάγων
1327 4684 1573 4755 ῥάϐδους,
1606 4685 1755 4748 ἄξιον

144 4779 315 4843 ἰδεῖν,
357 4777 413 4829 εί
462 4775 649 4847 ἕτερόν
695 4776 809 4828 ἐστι
839 4774 955 4839 τοῦ,
976 4793 992 4823 ι
1013 4775 1368 4847 ἐσκληρύνθαι
1402 4776 1497 4847 τὴν
1530 4776 1754 4847 καρδίαν

138 4870 387 4942 Φαραώ,
414 4888 433 4921 ι
466 4868 754 4938 λεγομένου
765 4867 1301 4933 πολλάκις,κα“ιτοῦ,‹
1321 4868 1720 4937 κατισχυκέναι.
1737 4886 1754 4920 ι

137 4967 262 5020 Καὶ
300 4961 425 5033 γὰρ
452 4959 546 5015 καὶ
573 4959 731 5014 τοῦτο
765 4958 937 5022 οὕτως
966 4958 1201 5030 εἴρηται,
1235 4977 1252 5009 ι
1284 4960 1393 5011 Καὶ
1427 4958 1750 5027 κατίσχυσεν

1850 3767 1998 3837 ptiis.
2017 3769 2148 3821 Cum
2173 3777 2352 3820 autem
2378 3762 2685 3830 aufugietis,
2703 3777 2810 3817 non
2834 3761 3096 3817 reccdetis
3118 3761 3271 3816 vacui
3296 3763 3361 3817 ³⁵.
3389 3779 3408 3813 ι

1848 3858 1988 3914 Olim
2019 3856 2253 3912 Abrahaa
2301 3855 2439 3910 facta
2472 3855 2646 3909 fuerat
2698 3855 2813 3909 haec
2844 3854 3159 3923 promissio,
3200 3853 3413 3906 dicente

1849 3950 1958 4007 Deo
1978 3950 2025 3983 "
2054 3964 2070 4004 :
2107 3968 2126 4001 ι
2151 3948 2280 4004 Post
2303 3948 2418 4004 litec
2446 3947 2795 4014 egredientur
2837 3947 2943 4001 huc
2973 3961 3095 4001 cum
3129 3945 3294 3999 multa
3327 3960 3416 3998 su-

1848 4042 2130 4115 pellectile.
2153 4060 2173 4095 ι
2652 4055 2657 4061 '

1925 4155 1944 4186 σ
1968 4135 2035 4188 Et
2060 4132 2406 4189 oblirmatum
2439 4138 2521 4185 est
2554 4144 2651 4185 cor
2682 4127 3005 4191 Pharaonis,
3039 4136 3093 4181 et
3123 4143 3229 4181 non
3264 4128 3418 4182 audi-

1848 4228 1928 4282 vit
1959 4242 2073 4291 eos,
2104 4226 2243 4281 sicut
2272 4230 2607 4293 praeceperat
2630 4223 2709 4277 eis
2740 4221 3020 4275 Dominus.
3060 4220 3202 4276 Dixit
3231 4230 3413 4275 autem

1851 4319 2108 4375 Dominus
2151 4319 2217 4372 ad
2248 4316 2464 4387 Moysen
2495 4329 2510 4368 :
2540 4316 2904 4384 Aggravatum
2946 4320 3029 4365 est
3058 4327 3154 4366 cor
3178 4310 3419 4366 Pharao-

1852 4411 1954 4477 nis,
1987 4419 2047 4464 ut
2082 4424 2187 4463 non
2216 4409 2451 4463 dimittat
2480 4407 2734 4475 populum
2760 4406 2827 4458 ’6.
2852 4422 2872 4455 ι
2916 4403 3089 4470 Quod,
3134 4412 3258 4470 post
3301 4417 3419 4456 mu-

1850 4512 2014 4557 tatam
2046 4502 2100 4556 in
2145 4509 2449 4569 serpentem
2498 4499 2706 4566 virgam
2759 4495 2961 4558 Aaron,
3009 4508 3073 4547 ac
3126 4501 3412 4561 postquam

1852 4598 1942 4651 illa
1973 4597 2247 4665 Magorum
2280 4594 2465 4661 virgas
2497 4587 2840 4659 deglutierat,
2870 4601 2899 4639 a
2928 4584 3157 4640 Domino
3182 4584 3377 4638 dicitur
3402 4601 3413 4637 :

1857 4703 1877 4739 ι
1903 4686 2276 4756 Aggravatum
2309 4692 2392 4737 est
2436 4695 2529 4734 cor
2558 4670 2878 4740 Phalaonis,
2906 4694 2925 4727 ι
2978 4689 3155 4745 operte
3185 4674 3415 4742 pretium

1852 4786 1937 4830 est
1984 4776 2170 4829 videre
2221 4775 2361 4827 sitne
2397 4768 2539 4824 aliud
2585 4769 2653 4822 ab
2688 4782 2772 4831 eo,
2805 4767 2945 4835 quod
2984 4767 3180 4833 smplus
3216 4764 3413 4818 dictuut

1851 4877 1954 4933 est,
1974 4867 2324 4920 «induratum
2349 4878 2471 4919 esse
2496 4877 2592 4915 cor
2614 4859 2935 4922 Pharaonis,
2967 4872 3030 4911 ac
3060 4855 3369 4911 invaluisse.
3395 4872 3414 4905 ι

1852 4958 1986 5011 Nam
2024 4957 2123 5011 hoc
2155 4970 2371 5026 quoque
2408 4956 2479 5007 ita
2517 4954 2715 5005 dictum
2763 4960 2847 5005 est
2876 4967 2889 5003 :
2925 4969 2943 5000 ι
2970 4949 3033 5002 Et
3068 4947 3295 5001 invaluit
3328 4960 3422 5000 eor

136 5061 173 5129 ἡ
209 5057 438 5131 καρδία
486 5053 704 5127 Φαραὼ,
754 5055 848 5108 καὶ
875 5056 973 5107 οὐκ
998 5054 1318 5125 είσήκουσεν
1360 5051 1537 5104 αὐτῶν
1570 5051 1740 5116 καθὼς

1857 5048 2175 5113 Pharaonis,
2205 5055 2259 5101 et
2291 5061 2395 5100 non
2430 5042 2635 5098 audivit
2662 5057 2775 5107 eos,
2820 5041 2964 5096 sicut
2994 5041 3205 5095 locutus
3244 5037 3422 5092 fuerat

136 5152 401 5220 ἐλάλησε
434 5146 657 5218 Κύριος.
681 5164 700 5197 ι
735 5146 889 5198 Δοκεῖ
914 5144 970 5198 δέ
1003 5161 1092 5215 μοι
1124 5145 1157 5215 ἡ
1182 5143 1291 5214 ’μὲν
1320 5140 1589 5195 ἐνδιδοῦσα
1618 5158 1752 5212 καρ-

134 5244 235 5297 δία
275 5240 433 5313 πρὸς
461 5239 530 5293 τὰ
564 5238 702 5304 θεῖα,
750 5236 1112 5292 ἀπαλύνεσθαι
1138 5236 1232 5289 καὶ
1267 5235 1342 5305 μὴ
1377 5233 1578 5305 ἰσχύειν
1605 5232 1752 5286 ἀνθί-

137 5334 401 5389 στασθαι
426 5334 492 5403 τῇ
522 5331 778 5402 θειότητι,
811 5330 906 5384 καὶ
937 5330 1010 5401 μὴ
1046 5325 1392 5399 βαρύνεσθαι,
1427 5325 1559 5395 μηδὲ
1592 5323 1745 5376 ’ἑλκε-

210 5452 265 5486 οι
325 5446 507 5501 Exod.
543 5461 674 5511 vm,
718 5445 774 5500 2.
864 5443 910 5476 "
958 5442 1125 5497 Exod.
1171 5458 1235 5506 χ,
1277 5440 1329 5494 5.

136 5538 242 5591 τη,
282 5520 386 5581 15,
418 5518 505 5571 14.

215 5617 357 5685 (69)
399 5613 523 5685 Ἔτι
570 5613 731 5685 Deest
758 5610 809 5664 in
842 5609 973 5665 libb.
994 5616 1150 5685 antea
1180 5607 1360 5685 editis,
1393 5622 1491 5685 nec
1517 5604 1743 5685 nonisla

137 5675 273 5755 quia
307 5675 482 5754 paulo
504 5684 649 5755 infra
683 5682 961 5755 leguntur:
993 5679 1054 5755 τδ
1089 5678 1215 5749 γὰρ,
1246 5677 1349 5741 ἕως
1375 5676 1518 5755 τίνος
1540 5678 1600 5729 ού
1634 5675 1749 5745 βού-

137 5750 228 5811 λει
262 5750 620 5824 ἐντραπῆναί
654 5750 749 5822 με,
779 5753 873 5804 sed
913 5751 1272 5805 restituuntur
1313 5750 1634 5803 auctoritate
1659 5763 1748 5803 c0-

138 5830 348 5883 dicum
394 5829 910 5893 nuauuscriptorum.

1858 5142 2137 5196 Dominus.
2166 5158 2184 5190 ι
2231 5138 2360 5192 Mihi
2386 5137 2596 5191 videtur
2622 5150 2716 5189 cor
2749 5134 2875 5188 illud
2904 5134 3047 5203 quod
3079 5132 3239 5197 cedit,
3272 5145 3333 5185 ac
3364 5143 3424 5184 se

1858 5232 2020 5288 facile
2053 5230 2258 5302 praebet
2311 5231 2377 5284 ad
2404 5228 2608 5292 divina,
2655 5225 2909 5291 emolliri,
2960 5239 3058 5278 nec
3090 5238 3246 5293 possc
3282 5218 3421 5274 resi-

1854 5335 2001 5379 stcre
2062 5324 2273 5388 deitati,
2326 5338 2427 5376 nec
2473 5320 2707 5391 gravari,
2762 5333 2860 5373 nec
2891 5318 3099 5371 inferne
3136 5315 3187 5369 in
3219 5324 3420 5366 terram

1423 5439 1469 5469 ⁸³
1508 5439 1679 5496 Exod.
1729 5453 1740 5492 l

1848 5437 1913 5504 ιε),
1949 5438 2038 5493 50.
2123 5435 2171 5469 ⁸⁸
2193 5435 2368 5491 Exod.
2392 5449 2476 5500 tu,
2497 5433 2587 5487 21.
2662 5431 2707 5465 ⁸⁵
2728 5430 2863 5485 Gen.
2890 5444 2978 5491 xv,
3004 5427 3091 5481 14.
3180 5424 3226 5455 ’⁸
3249 5422 3420 5477 Exod.

1929 5603 2041 5675 (70)
2080 5601 2401 5675 Fragmenta
2440 5598 2573 5675 haec
2624 5596 2901 5675 desumpta
2951 5598 3078 5643 sunt

1857 5655 2008 5798 mssa
2024 5655 2455 5755 totnbElisiigui
2486 5684 2548 5723 ea
2578 5655 2864 5735 exscripsit
2907 5677 2937 5715 ο
2967 5675 3099 5714 mss.
3134 5655 3425 5713 bibliothed

1856 5764 1931 5802 cae
2009 5759 2156 5816 cgm.
