3902 6528
570 458 679 516 283

1977 438 2068 495 EX
2113 430 2414 492 ORlCENE
3661 434 3729 492 εει

576 590 770 645 resque
804 585 1091 642 corporeas
1140 570 1318 635 trahi;
1371 567 1514 637 quod
1550 574 1733 621 autem
1797 562 2050 618 renititur
2095 570 2150 616 et

2259 553 2382 607 σθαι
2410 551 2562 606 κάτω
2590 547 2672 612 είς
2715 544 2822 619 γῆν
2868 543 2962 599 κοι)⁵
2991 543 3124 615 ὓλην
3142 558 3158 573 ·
3194 542 3229 615 ἡ
3258 541 3315 595 δὲ
3342 540 3652 604 ἀντιτείνουσα
3670 557 3732 611 καὶ

576 668 769 722 divinae
802 664 1123 718 adversatur
1148 660 1435 724 voluntati,
1473 657 1713 711 indurari
1739 664 1793 711 et
1825 656 1997 710 instar
2024 655 2159 725 lapi-

574 764 657 817 dis
684 772 1029 830 repercutere
1091 775 1157 815 ac
1186 758 1804 829 repellere'sermonem,
1837 771 2040 825 perque
2069 771 2160 812 su-

576 853 822 923 perbiam
858 867 979 907 cum
1025 850 1260 920 quadam
1296 847 1416 902 falsi
1456 847 1692 901 nominis
1719 847 2033 902 fortitudine
2069 861 2156 903 re-

573 943 788 1001 sistere.
829 941 1062 997 Necesse
1111 949 1286 994 antem
1319 945 1402 993 est
1447 946 1506 992 ut
1535 952 1630 992 cor
1657 937 1735 991 sic
1762 947 2155 1005 comparatum,

577 1049 606 1087 a
640 1034 880 1102 nequitia
911 1047 1031 1101 qua:
1066 1039 1258 1098 smpte
1306 1028 1464 1096 genio
1515 1028 1766 1080 deorsum
1800 1027 1995 1093 vergit,
2048 1036 2159 1079 tra-

575 1134 724 1181 ctum
751 1134 1029 1193 gravetur.
1073 1120 1187 1174 Non
1224 1131 1400 1174 tamen
1434 1120 1547 1173 haec
1577 1118 1767 1172 eadem
1805 1117 2012 1170 ratione
2040 1130 2160 1169 cor-

579 1218 630 1270 di
664 1216 944 1279 eveniunt,
982 1228 1294 1283 quanquam
1343 1213 1435 1266 uni
1484 1211 1769 1279 eidemque
1817 1208 1968 1265 cordi
2016 1206 2159 1262 malo

578 1307 777 1363 accidit
810 1315 868 1361 ut
905 1307 1199 1360 invalescat
1250 1312 1303 1358 ct
1354 1312 1629 1373 gravetur.
1667 1301 1824 1365 Nam,
1874 1310 1934 1354 ut
1962 1298 2156 1353 alicubi

576 1401 781 1455 dictum
829 1408 930 1463 est,
979 1412 1075 1452 cor
1115 1397 1275 1451 modo
1305 1395 1571 1464 lapideum
1621 1397 1680 1448 fit
1750 1402 1806 1448 et
1840 1391 2158 1454 indurescit,

577 1493 740 1548 modo
771 1491 971 1547 divina:
1001 1500 1211 1545 natura:
1236 1506 1340 1545 non
1373 1489 1516 1544 cedit
1546 1497 1604 1542 ut
1634 1485 2034 1557 przestantiori;
2065 1483 2157 1537 sed

576 1594 766 1639 contra
813 1583 1071 1639 obnitens
1103 1581 1362 1651 adversus
1394 1578 1564 1634 Deum
1610 1592 1852 1651 pugnare
1912 1586 1968 1632 et
2001 1577 2157 1631 inva-

574 1676 788 1732 lescere
822 1674 1045 1729 dicitur.

652 1785 672 1820 ι
701 1769 844 1822 Dixit
876 1775 1056 1822 autem
1093 1765 1141 1820 ei
1177 1763 1429 1834 Moyses:
1464 1761 1598 1817 Cum
1630 1774 1884 1831 egressus
1919 1759 2068 1813 fuero
2095 1759 2161 1813 de

577 1859 821 1923 civitate,
875 1858 1181 1926 expandam
1223 1870 1416 1910 manus
1454 1869 1603 1908 meas
1651 1852 1718 1906 ad
1759 1852 2063 1918 Dominum,
2105 1859 2159 1905 et

578 1967 741 2009 voces
777 1951 1095 2015 cessabunt,
1150 1957 1205 2003 et
1252 1949 1479 2017 grando,
1533 1956 1589 2002 et
1634 1946 1810 2017 pluvia
1865 1945 2002 1998 ultra
2052 1960 2157 2000 non

2259 642 2646 712 ἐναντιουμένη
2680 639 2758 709 τῷ
2790 637 2918 708 θείῳ
2963 636 3284 708 βουλήματι,
3322 635 3733 709 σκληρύνεσθαιιιὶ

2257 737 2567 791 ἀντιτυπεῖν
2597 732 2751 803 δίκην
2779 729 2946 793 λίθου,
2978 729 3070 782 καὶ
3115 727 3494 797 ἀποκρούεσθαι
3514 731 3588 783 τὸν
3611 733 3732 805 λόγον,

2258 830 2353 883 καὶ
2384 828 2525 881 “κατ’
2559 824 2813 879 ἀπόνοιαν
2845 819 3193 876 ἀνθίστασθαι
3230 819 3363 889 μετά
3394 836 3520 884 τινος
3542 822 3735 892 dedam.

2262 936 2363 990 μου
2396 917 2596 988 ἰσχύος.
2635 914 2870 982 Ἀνάγκη
2900 912 2957 965 δὲ
2987 909 3082 982 τὴν
3111 908 3362 979 τοιαύτην
3389 911 3585 981 καρδίαν
3608 918 3735 975 me.»

2259 1011 2494 1082 κομένην
2539 1008 2643 1062 ὑπὸ
2673 1007 2773 1078 τῆς
2822 1004 3019 1068 κακίας
3048 1001 3215 1073 οὔσης
3271 1003 3601 1075 κατωφεροῧῖν

2258 1104 2463 1159 νεσθαι.
2520 1103 2592 1155 Od
2634 1100 2737 1173 μὴν
2767 1098 2908 1152 κατὰ
2955 1097 3052 1167 τὴν
3082 1095 3251 1167 αὑτὴν
3296 1094 3517 1151 διάνοιαν
3537 1098 3671 1153 ταῦτα
3694 1108 3734 1175 τῇ

2259 1197 2456 1269 καρδία
2508 1193 2813 1266 συμϐαίνει,
2872 1194 2920 1245 εί
2969 1190 3062 1243 καὶ
3095 1190 3193 1260 μιᾷ
3221 1187 3313 1241 καὶ
3349 1189 3411 1258 τῇ
3449 1188 3567 1259 αὑτῇ
3596 1194 3735 1262 eapse.

2261 1289 2396 1360 ϐηκε
2445 1286 2625 1357 φαύλῃ
2657 1284 2791 1356 οὑσῃ
2826 1282 2886 1335 τὸ
2927 1278 3236 1359 κατισχύειν
3269 1277 3359 1331 καὶ
3397 1278 3453 1331 τὸ
3479 1277 3735 1349 βαρύνεσθαι.

2272 1382 2336 1434 Ἥ
2372 1379 2469 1450 μὲν
2497 1378 2627 1450 γὰρ,
2672 1375 2748 1439 ὡς
2779 1373 2993 1446 εἴρηταί
3020 1389 3145 1435 που,
3174 1368 3349 1440 λιθίνη
3388 1369 3572 1438 γίνεται
3603 1371 3736 1444 ἠχαρ-

2260 1470 2348 1525 δία
2379 1470 2472 1523 καὶ
2505 1467 2862 1539 σκληρύνεται
2883 1482 2896 1495 ο
2932 1466 2964 1535 ἡ
2996 1462 3051 1516 δὲ
3077 1462 3137 1515 οὑ
3184 1464 3493 1533 παραχωρεῖ
3533 1462 3595 1524 ὡς
3620 1465 3738 1533 κρείτ.

2260 1579 2373 1615 τονι
2405 1564 2472 1632 τῇ
2516 1560 2635 1631 θείᾳ
2667 1556 2858 1628 φύσει·
2894 1554 3028 1608 ἀλλὰ
3073 1552 3358 1624 θεομαχεῖν
3410 1553 3630 1625 ἱσταμένη
3661 1558 3736 1610 κατ’

2260 1654 2430 1724 αὑτῆς
2468 1653 2562 1705 καὶ
2594 1650 2797 1721 ἰσχύειν
2825 1648 3063 1716 λέγεται.
3816 1708 3817 1711 η

2336 1764 2354 1797 ι
2381 1740 2517 1798 Εἷπε
2550 1744 2607 1797 δὲ
2635 1742 2784 1812 αὑτῷ
2817 1740 3076 1810 Μωὺσῆς,
3109 1736 3198 1797 Ὣς
3218 1732 3284 1787 ἂν
3311 1728 3501 1795 ἐξέλθω
3521 1732 3602 1804 τὴν
3623 1734 3738 1802 πόλιν,

2262 1838 2549 1892 ὲκπετάσω
2597 1835 2696 1898 τὰς
2730 1833 2919 1906 χεῖράς
2968 1849 3068 1903 μου
3100 1828 3235 1900 πρὸς
3267 1825 3483 1895 Κύριον,
3507 1825 3586 1878 καὶ
3613 1826 3741 1896 σίου-

2263 1931 2353 1985 ναὶ
2402 1928 2720 1991 παύσονται,
2771 1925 2926 1996 καὶὴ
2965 1920 3194 1995 χάλαζα,
3238 1918 3335 1972 καὶ
3384 1920 3412 1971 ὁ
3456 1918 3588 1981 ὑετδς
3619 1918 3740 1973 οὑκέτι

575 2045 683 2100 erit
704 2044 771 2097 ".
800 2060 819 2094 ι
859 2042 1112 2099 Omnium
1143 2040 1288 2095 enim
1320 2037 1504 2110 opifex
1538 2037 1762 2109 imperio
1792 2044 2039 2090 naturam
2073 2047 2153 2088 ce-

2265 2022 2436 2075 εσται.
2466 2040 2482 2072 ι
2528 2021 2586 2072 Ὀ
2622 2017 2732 2089 γὰρ
2762 2015 2980 2070 πάντων
3000 2009 3332 2085 δημιουργὸς
3364 2009 3490 2080 πρὸς
3516 2008 3598 2080 τὴν
3617 2009 3742 2062 κέλευ-

577 2134 798 2189 dentem
836 2132 1019 2188 habet.

686 2223 954 2292 Ejusdem.
1036 2221 1453 2278 Observandum
1518 2226 1604 2273 cst
1637 2230 1743 2271 non
1792 2215 1975 2271 omnia
2008 2215 2159 2288 Moy-

572 2319 684 2361 scm
715 2310 955 2380 prodigia
994 2310 1180 2366 facere
1206 2311 1377 2377 virga,
1410 2310 1503 2362 sed
1529 2316 1584 2362 et
1614 2309 1862 2362 manibus
1889 2317 1942 2363 et
1970 2309 2155 2375 verbo,

576 2412 644 2449 ne
692 2398 857 2467 virgae
905 2401 1014 2455 vim
1066 2400 1291 2471 magicis
1327 2398 1621 2469 praestigiis
1661 2398 1879 2468 plurimi
1916 2401 2158 2455 ascribe-

574 2497 713 2543 rent.

649 2578 874 2634 t'l'ollat
924 2579 1305 2650 unusquisque
1358 2591 1511 2633 ovem
1563 2592 1657 2647 per
1688 2577 1880 2633 domos
1923 2578 2158 2634 familia-

579 2686 699 2724 rum
723 2671 792 2736 ’⁸,
817 2690 836 2725 ι
887 2680 994 2728 etc.
1036 2673 1080 2726 A
1115 2672 1327 2726 decimo
1350 2671 1503 2740 jubet
1536 2685 1689 2724 ovem
1723 2685 1962 2734 sumere,
1996 2681 2158 2740 atque

577 2762 645 2815 ad
679 2770 932 2831 quartum
970 2762 1238 2817 decimum
1288 2776 1461 2829 usque
1498 2761 1641 2815 diem
1672 2760 1837 2825 alere,
1872 2761 2030 2836 122
2062 2776 2161 2815 no-

572 2868 804 2922 meaque
837 2854 1134 2923 imponere,
1173 2853 1401 2908 dicendo
1437 2871 1450 2907 :
1482 2853 1611 2908 Ovis
1652 2853 1739 2908 hic
1776 2854 1840 2907 ad
1877 2855 1979 2909 hoc
2010 2866 2064 2909 et
2090 2857 2156 2909 ad

572 2945 700 3000 illud
734 2946 1073 3009 immolatur;
1123 2945 1198 2999 ita
1235 2954 1292 2999 ut
1323 2944 1399 2998 illi
1439 2944 1627 3000 decem
1665 2946 1881 3000 nomina
1914 2962 2018 3001 non
2060 2960 2154 3000 su-

572 3047 787 3110 perent.
829 3039 1148 3093 lmmolatur
1180 3048 1363 3092 autem
1399 3035 1521 3091 luna
1551 3049 1746 3109 quarta
1780 3040 1987 3093 decima
2018 3039 2158 3094 inter

574 3132 780 3185 medias
809 3146 1085 3201 vesperas,
1116 3132 1405 3188 inchoante
1435 3135 1623 3201 quinta
1654 3134 1887 3196 decima,
1923 3142 1979 3188 ut
2008 3148 2036 3187 a
2068 3132 2155 3188 die

2267 2130 2349 2168 σιν
2374 2111 2472 2184 τὴν
2500 2110 2658 2182 φύσιν
2684 2109 2937 2162 εἴκουσαν
2968 2106 3099 2177 ἔχει.

2387 2192 2503 2253 Τὸῦ
2563 2197 2773 2253 αὐτοῦ.
2823 2197 3162 2269 Σημειωτὲον
3205 2194 3288 2246 ὅτι
3334 2192 3392 2245 οὑ
3426 2190 3582 2252 πάντα
3615 2192 3743 2261 τῇρἀο

2262 2286 2370 2357 ϐδῳ
2395 2288 2751 2359 τερατουργεί
2781 2285 3037 2353 Μωῡσῆς,
3082 2282 3217 2337 ἀλλά
3240 2281 3338 2335 καὶ
3373 2281 3516 2352 χερσὶ
3538 2279 3615 2333 καὶ
3634 2281 3741 2350 λόγῳ,

2261 2378 2349 2430 ἴνα
2399 2377 2472 2448 μὴ
2515 2377 2614 2447 τὴν
2657 2375 2848 2447 ῥάϐδον
2900 2376 3159 2445 μαγικαῖς
3207 2370 3443 2434 ἀπάταις
3483 2369 3742 2423 eamme.

2260 2467 2445 2521 πολλοὶ
2475 2468 2761 2538 νομίσωσι.

2336 2579 2353 2611 ι
2378 2561 2706 2614 Λαϐέτωσαν
2751 2559 2979 2620 ἕκαστος
3024 2554 3294 2627 πρόϐατον
3348 2552 3464 2607 κατ’
3505 2552 3650 2615 οἴκους
3680 2569 3743 2605 τι.

2257 2650 2426 2722 τριῶν
2446 2668 2461 2683 ·
2501 2670 2519 2701 ι
2560 2652 2654 2704 καὶ
2686 2649 2754 2703 τὰ
2778 2649 2924 2720 ἑξῆς.
2953 2647 3085 2702 Ἀπὸ
3124 2647 3221 2718 τῆς
3273 2646 3504 2716 δεκάτης
3530 2645 3744 2715 melisp-

2259 2741 2442 2795 ϐάνειν
2493 2742 2760 2813 πρόϐατον
2793 2742 2886 2795 καὶ
2915 2741 3134 2812 τρέφειν
3184 2738 3292 2801 ἕως
3328 2738 3405 2791 ιδ’·
3436 2735 3523 2791 καὶ
3560 2736 3745 2805 ἐπονομά-

2261 2848 2349 2886 σαι
2381 2832 2660 2900 λέγοντας,
2691 2829 2859 2883 Τοῢτο
2888 2832 2947 2884 τὸ
2994 2832 3266 2903 πρόϐατον
3302 2830 3481 2883 θύεται
3514 2828 3628 2898 ὑπὲρ
3646 2827 3745 2880 τοῦδε

2222 2922 2351 2977 -καὶ
2396 2920 2581 2975 τοῦδε·
2632 2921 2730 2995 οὑχ
2781 2920 3220 2991 ὑπερϐαινόντων
3265 2918 3443 2974 αὑτῶν
3474 2924 3502 2970 ι’
3531 2915 3741 2986 ὀνομάτων·

2257 3014 2354 3067 καὶ
2385 3016 2449 3086 τῇ
2506 3012 2564 3065 ιδ’
2597 3011 2783 3064 θύεται
2832 3012 3103 3081 ἀνάμεσον
3151 3011 3260 3065 τῶν
3308 3008 3605 3081 ἑσπερινῶν,
3643 3008 3746 3077 ἀρχο-

2260 3106 2427 3177 μένης
2469 3105 2569 3175 τῆς
2606 3110 2684 3156 ιε”
2717 3104 2792 3168 ὡς
2839 3105 3083 3172 γίνεσθαι
3129 3104 3235 3158 ἀπὸ
3283 3103 3386 3172 τῆς
3427 3101 3613 3173 λήψεως
3641 3097 3745 3169 μέχρι

571 3237 681 3294 quo
711 3224 966 3287 sumitur,
994 3224 1059 3277 ad
1094 3238 1217 3278 cum
1244 3240 1353 3293 quo
1386 3224 1722 3289 immolatur,
1773 3225 2012 3294 quinque
2041 3224 2153 3279 dies

2257 3200 2356 3269 τῆς
2385 3198 2592 3261 θύσεως
2621 3198 2832 3270 ἡμέρας
2857 3204 2919 3263 ε’,
2973 3199 3063 3252 ὅτε
3095 3197 3307 3269 πλῆρές
3343 3198 3455 3249 ἐστι
3492 3194 3570 3264 τῆς
3595 3191 3748 3261 σελήνης

571 3316 969 3380 intercurrant,
1005 3317 1221 3385 quando
1246 3317 1403 3386 pleno
1436 3316 1563 3372 luna
1594 3323 1729 3373 orbe
1765 3317 1932 3372 lucet.

648 3407 820 3463 «Ovis
871 3408 1167 3478 perfectus,
1219 3410 1520 3476 masculus,
1571 3410 1858 3466 anniculus
1906 3411 2010 3465 erit
2057 3426 2155 3467 vo—

574 3499 658 3554 bis
682 3500 748 3554 ".
779 3518 798 3552 ι
853 3501 1156 3555 Anniculus
1206 3504 1324 3557 ovis
1350 3503 1603 3558 Christus
1633 3512 1737 3558 est.
1780 3503 1961 3557 Nihilo
2007 3505 2152 3558 enim

569 3604 692 3643 cum
733 3590 953 3646 destitui
1006 3603 1102 3646 aut
1149 3593 1199 3650 ei
1249 3593 1455 3664 aliquid
1490 3594 1679 3651 deesse
1708 3610 1803 3665 per
1843 3612 2045 3649 annum
2078 3597 2153 3651 si-

571 3680 882 3751 gnificatur.

646 3788 666 3823 ι
695 3772 756 3825 Ει
788 3773 1147 3830 immolabunt
1184 3791 1307 3830 eum
1355 3778 1533 3832 omnis
1572 3777 1857 3832 multitudo
1884 3787 2057 3832 ctetus
2089 3778 2154 3830 fi-

567 3860 767 3916 liorum
807 3864 973 3918 Israel
1009 3868 1074 3919 ad
1112 3880 1394 3936 vesperam
1422 3868 1465 3923 ¹.
1495 3888 1513 3920 ι
1560 3869 1640 3922 Ad
1692 3883 1974 3937 vesperam
2000 3868 2155 3934 jube-

570 3968 693 4008 mur
719 3969 875 4009 ovem
912 3957 1221 4023 immolare,
1255 3960 1398 4028 quod
1426 3970 1669 4013 extrema
1699 3960 1832 4014 liora
1869 3976 2028 4015 verus
2059 3977 2155 4015 no-

567 4052 687 4097 ster
714 4044 850 4106 ovis,
889 4045 1138 4102 Salvator
1173 4048 1227 4101 in
1258 4050 1517 4104 mundum
1554 4050 1785 4103 venerit.

644 4219 756 4275 «Et
801 4231 1021 4277 Sument
1071 4223 1139 4279 de
1191 4228 1483 4295 sanguine,
1531 4234 1583 4282 et
1608 4235 1806 4296 ponent
1828 4241 1991 4296 super
2018 4228 2153 4283 duos

567 4324 751 4384 postes
776 4324 831 4371 et
856 4331 1019 4385 super
1049 4317 1234 4385 limen,
1267 4320 1318 4373 in
1353 4320 1607 4374 domibus
1630 4320 1674 4384 ⁸,
1696 4337 1716 4370 ι
1754 4328 1858 4374 etc.
1897 4318 2153 4375 lmmola-

568 4423 709 4471 mus,
745 4424 808 4463 ac
840 4409 1029 4465 domos
1067 4420 1302 4475 nostras,
1334 4412 1438 4466 hoc
1472 4421 1558 4465 est
1604 4427 1827 4481 corpus,
1889 4412 2152 4482 sanguine

569 4497 844 4565 ungimus,
894 4499 938 4551 si
988 4499 1205 4568 quidem
1245 4502 1429 4555 unctio
1458 4501 1593 4556 ﬁdes
1640 4510 1722 4556 est
1766 4502 1817 4555 in
1848 4503 2146 4567 Christum,

567 4602 674 4655 qua
697 4592 1137 4646 exterminatoris
1169 4592 1461 4660 potentiam
1503 4592 1672 4645 everti
1704 4594 1993 4648 credimus.
2028 4593 2146 4648 Jam
2181 4579 2225 4636 Ι)

568 4690 749 4735 autem
798 4684 967 4747 uncti,
1003 4686 1054 4739 id
1102 4694 1207 4747 est,
1258 4694 1541 4753 postquam
1591 4683 1792 4739 Christi
1843 4686 2003 4740 fidem
2040 4701 2153 4740 am-

566 4772 711 4842 plexi
742 4790 948 4841 sumus,
987 4784 1095 4831 tum
1129 4778 1195 4831 ad
1226 4791 1377 4833 esum
1408 4778 1593 4832 venire
1634 4777 1913 4845 jubemur,
1953 4795 2057 4834 non
2094 4790 2152 4833 ut

568 4865 784 4929 crudas,
833 4875 928 4919 aut
963 4876 1147 4924 coctas
1196 4883 1358 4937 aqua,
1390 4870 1486 4924 sed
1536 4879 1594 4924 ut
1624 4870 1731 4940 igni
1760 4886 1915 4926 assas
1953 4885 2150 4927 carnes

569 4960 941 5017 comedamus.

644 5051 1004 5123 «Quicunque
1051 5066 1232 5113 autem
1281 5058 1581 5115 comederit
1631 5059 1978 5127 fermentum,
2034 5061 2145 5116 dis-

567 5143 829 5211 perdetur
864 5146 1041 5200 anima
1073 5147 1162 5202 illa
1194 5147 1260 5202 (le
1285 5148 1449 5203 Israel
1475 5150 1516 5205 ³.
1538 5168 1557 5202 ι
1597 5149 1799 5205 Peribit
1825 5151 1986 5205 homo
2017 5168 2143 5220 pro.

567 5241 690 5301 pter
742 5231 1090 5301 fermentum,
1140 5246 1195 5293 ct
1235 5239 1608 5294 universorum
1667 5242 1806 5295 Deus
1848 5242 1941 5312 qui
2004 5234 2147 5313 leges

568 5326 764 5389 sancit,
801 5342 905 5398 qua
942 5330 1148 5383 ratione
1176 5331 1440 5401 disperdit
1482 5334 1774 5394 moechum,
1801 5349 1905 5403 qua
1938 5335 2146 5388 ratione

567 5416 835 5488 dispertiit
869 5421 1197 5485 adulterum,
1245 5440 1350 5492 qua
1403 5423 1615 5478 ratione
1667 5424 1934 5495 diSperdit
1975 5427 2143 5480 cinae-

567 5508 719 5574 dum,
749 5511 939 5567 eadcm
973 5513 1235 5583 disperdit
1282 5515 1570 5572 habentem
1609 5520 1932 5573 fermentum
1964 5518 2017 5570 in
2046 5517 2143 5570 do-

567 5616 657 5658 mo
686 5619 783 5658 sua
812 5607 899 5660 die
924 5622 1261 5679 azymorum.
1303 5612 1384 5664 Au
1424 5612 1525 5667 huc
1559 5612 1667 5667 Deo
1697 5611 1960 5682 dignum?
2009 5610 2147 5665 an-

568 5706 639 5749 ne
681 5693 782 5766 legi
818 5696 1027 5755 caelesti
1055 5706 1525 5761 consentaneum?
1564 5705 1762 5760 Verum
1812 5703 2063 5769 dixerim,
2099 5700 2144 5756 si

2330 3403 2349 3435 ι
2379 3384 2657 3456 Πρόϐατον
2690 3384 2917 3447 τέλειον,
2952 3383 3138 3454 ἄρσεν,
3167 3380 3440 3435 ἐνιαύσιον
3458 3378 3590 3432 ἔσται
3613 3377 3745 3446 ὑμῖν.ι

2268 3477 2569 3530 Ἐνιαύσιον
2599 3476 2867 3548 πρόϐατον
2909 3478 2937 3529 ό
2966 3474 3196 3547 Χριστός
3228 3475 3368 3526 ἐστι.
3410 3472 3481 3525 Τὸ
3510 3470 3602 3540 γὰρ
3624 3470 3667 3521 ἐν
3685 3480 3749 3536 μην

2254 3563 2365 3616 δενὶ
2396 3566 2740 3637 ὑστερεῖσθαι
2770 3564 2904 3637 μηδὲ
2937 3563 3153 3627 ἐλλιπές
3185 3579 3237 3616 τι
3269 3563 3416 3634 ἔχειν
3442 3559 3525 3614 διὰ
3543 3558 3621 3612 τοῦ
3640 3560 3751 3610 ἐνίαυε

2254 3654 2348 3709 τοῦ
2373 3657 2647 3727 δηλοῦται.

2331 3767 2349 3798 ι
2374 3750 2484 3802 Καὶ
2532 3748 2822 3819 σῳάξουσιν
2869 3747 3001 3811 αὐτὸ
3047 3748 3153 3805 πᾶν
3181 3745 3241 3803 τὸ
3275 3744 3477 3816 πλῆθος
3516 3738 3751 3809 συναγωγῆς

2255 3837 2386 3892 υἱῶν
2432 3840 2648 3911 Ἰσραὴλ
2697 3839 2832 3911 πρὸς
2881 3839 3179 3909 ἑσπέραν.»
3223 3838 3371 3908 Πρὸς
3404 3834 3616 3905 ἑσπέραν
3639 3832 3752 3887 6&1:-

2254 3930 2525 4001 λευόμεοα
2575 3930 2773 3999 σφάξαι
2805 3929 2864 3983 τὸ
2909 3928 3202 4001 πρόϐατον,
3253 3928 3447 3999 ἐπειδὴ
3495 3924 3580 3980 καὶ
3617 3921 3753 3990 ἐσχάτῃ

2254 4022 2374 4094 ὥρα
2402 4022 2460 4075 τὸ
2484 4022 2735 4094 ἀληθινὸν
2763 4022 2917 4093 ἡμῶν
2943 4022 3210 4094 πρόϐατον
3231 4023 3316 4086 εἰς
3345 4020 3436 4074 τὸν
3457 4019 3633 4087 κόσμον
3649 4010 3753 4085 ἦλθεν

2252 4116 2281 4167 ό
2299 4115 2510 4186 Σωτήρ.

2328 4251 2346 4283 ι
2371 4232 2482 4287 Καὶ
2513 4231 2772 4302 λήψονται
2797 4230 2903 4283 ἀπὸ
2925 4228 3019 4283 τοὺ
3052 4230 3303 4301 αἵματος,
3333 4230 3428 4285 καὶ
3455 4228 3676 4300 θήσουσιν
3697 4220 3754 4273 lsi

2251 4325 2359 4378 τῶν
2384 4325 2477 4380 δύο
2502 4323 2778 4394 σταθμῶν,
2814 4324 2907 4377 καὶ
2931 4323 3022 4375 ἐπὶ
3052 4322 3153 4390 τὴν
3177 4322 3359 4391 φλιάν,
3387 4323 3572 4383 ἐντοῖς
3589 4315 3754 4376 οἷκον-ς’)

2252 4417 2348 4470 καὶ
2379 4416 2448 4468 τὰ
2480 4415 2625 4486 ἑξῆς.
2663 4415 2874 4485 Θύομεν
2905 4413 2982 4475 δὲ,
3018 4413 3112 4465 καὶ
3145 4413 3374 4485 χρίομεν
3401 4412 3524 4473 τοὺς
3557 4404 3756 4470 οἴκουςὺ

2256 4506 2369 4577 μῶν
2400 4504 2478 4575 τῷ
2512 4506 2705 4576 αἵματι
2725 4522 2738 4535 ο
2774 4505 2915 4573 λέγω
2947 4505 3003 4558 δὲ
3031 4503 3091 4557 τὸ
3126 4505 3306 4576 σῶμα,
3344 4507 3501 4575 ειπερ
3526 4499 3674 4573 χρξσις
3704 4495 3759 4547 τί.

2254 4615 2370 4661 στις
2395 4598 2541 4651 ἐστὶν
2586 4601 2618 4669 ὴ
2667 4600 2748 4662 εἰς
2783 4598 2964 4661 αὑτὸν,
2994 4598 3063 4651 δι’
3086 4594 3154 4670 ἧς
3200 4596 3445 4651 πιστεύω
3470 4596 3561 4666 τὴν
3585 4591 3658 4645 τοὺ
3682 4587 3758 4640 610-

2250 4688 2476 4760 θρευτοῦ
2499 4689 2727 4761 δύναμιν
2761 4689 3231 4761 καταργουμένην.
3269 4687 3428 4743 Μετά
3458 4687 3511 4740 δὲ
3529 4684 3585 4737 τὸ
3600 4676 3759 4754 χρισθῆο

2249 4797 2335 4834 ναι
2366 4782 2532 4851 ἡμᾶς,
2568 4781 2816 4834 τουτέστι
2854 4780 3137 4835 πιστεῦσαι
3183 4782 3264 4844 είς
3300 4780 3397 4833 τὸν
3426 4775 3651 4849 Χριστὸν,
3682 4769 3760 4821 τότε

2250 4873 2342 4925 καί
2370 4873 2462 4926 ἐπὶ
2506 4872 2602 4944 τὴν
2653 4873 2854 4945 βρῶσιν
2907 4873 3165 4945 ἔρχεσθαι
3198 4870 3567 4942 κελευόμεθα·
3598 4865 3703 4938 μήτε
3726 4858 3762 4911 δέ

2248 4962 2395 5035 ὠμά,
2428 4965 2566 5034 μήτε
2596 4964 2843 5036 ἐφημένα
2866 4967 2922 5019 ὲν
2958 4964 3132 5029 ὕδατι,
3163 4964 3278 5018 ἀλλ’
3312 4962 3456 5017 ὀπτὰ
3486 4956 3635 5030 πυρί,

2327 5073 2344 5105 ι
2369 5055 2484 5117 Πᾶς
2512 5055 2571 5118 ὃς
2600 5054 2664 5108 ἂν
2699 5056 2848 5127 φάγῃ
2886 5053 3085 5127 ζύμην,
3122 5047 3668 5127 ὲξολοθρευθησεταιή
3697 5042 3765 5112 Ψυ-

2250 5146 2319 5218 χὴ
2347 5148 2527 5219 ἐκείνη
2556 5147 2616 5213 ea
2653 5148 2886 5221 Ἰσραήλ.
2911 5168 2932 5201 ι
2979 5148 3519 5221 Ἐξολοθρευθήσεται
3549 5141 3764 5211 ἄνθρωπος

2248 5238 2434 5293 ἕνεκεν
2467 5239 2644 5313 ζύμης
2666 5260 2679 5272 ’
2733 5242 2828 5296 καὶ
2874 5244 2903 5296 ό
2927 5243 3035 5296 τῶν
3068 5242 3203 5298 ὅλων
3251 5243 3388 5306 Θεὸς
3419 5242 3448 5295 ὁ
3485 5230 3764 5311 χρηματίζων

2250 5334 2374 5397 τοὺς
2403 5334 2619 5405 νόμους,
2653 5335 2729 5399 ὡς
2751 5334 3026 5406 ὁλοθρεύει
3057 5334 3261 5405 μοιχὸν,
3296 5335 3376 5398 ὡς
3408 5321 3766 5399 ὁλοθρεύειπόρ-

2252 5444 2361 5488 νον,
2394 5426 2469 5489 ὼς
2502 5426 2774 5498 όλοθρεύει
2809 5428 3185 5499 παιδοιρθόρον,
3219 5426 3396 5491 οὑτως
3427 5419 3671 5494 ὀλοθρεύει
3704 5410 3766 5467 τιν

2253 5518 2442 5589 ἔχοντα
2472 5519 2648 5592 ζύμην
2692 5522 2748 5573 ὲν
2774 5523 2839 5591 τῇ
2887 5521 3034 5592 οἰκίᾳ
3076 5519 3240 5574 αὑτοῦ
3273 5522 3334 5574 ὲν
3364 5521 3433 5590 τῇ
3461 5516 3565 5570 τῶν
3599 5509 3767 5579 ἀζύμων

2251 5611 2455 5683 ἡμέρᾳ.
2497 5612 2669 5665 Τοῦτο
2693 5612 2834 5665 κατά
2854 5614 2986 5667 Θεόν
3008 5615 3123 5666 ἐστι
3147 5629 3162 5677 ;
3196 5610 3356 5665 τοῦτο
3389 5608 3527 5664 κατά
3548 5605 3685 5677 ’νόμον
3704 5599 3767 5652 ἀπ’)

2251 5702 2498 5774 οὑράνίόν
2529 5705 2711 5763 ἐστινς
2751 5703 2888 5758 Ἀλλ’
2918 5705 3127 5777 εἴποιμι
3164 5704 3229 5759 ἂν
3255 5704 3341 5763 ὅτι
3368 5702 3464 5757 ἐὰν
3494 5700 3614 5777 ἔχῃς
3638 5697 3768 5764 Cipi."

640 5850 688 5885 "
715 5852 881 5912 Exod.
910 5871 987 5925 ix,
1010 5857 1101 5917 ΞΘ.
1179 5860 1226 5895 ’⁸
1252 5859 1418 5921 Exod.
1445 5878 1543 5933 xu,
1570 5863 1624 5920 3.
1702 5863 1748 5898 "
1777 5863 1904 5921 ibid.
1933 5863 1986 5920 5.
2064 5865 2085 5898 ι
2105 5863 2238 5930 ibid.
2267 5865 2319 5923 6.
2395 5868 2418 5898 ²
2440 5865 2569 5922 ibid.
2599 5866 2652 5923 7.
2730 5866 2750 5898 ³
2771 5864 2906 5925 ibid.
2936 5864 3019 5919 15.
