3902 6516
170 453 256 512 235
1352 427 1662 485 SELECTA
1696 425 1762 482 IN
1805 393 2109 482 nam.

3262 423 3367 480 286

171 560 416 634 πονηρίας,
443 549 529 607 κιύ⁴
565 549 638 621 μὴ
672 549 1058 622 ἐξολοθρεύσῃς
1089 550 1267 602 πᾶσαν
1298 547 1474 620 ζύμην
1499 549 1687 612 κακίας

1800 548 2018 616 quidem
2057 543 2257 598 habeas
2309 542 2632 597 fermentum
2689 543 2932 609 malitize,
2985 556 3082 598 nec
3136 541 3367 597 fermen-

167 655 258 716 ἀπὸ
280 649 360 704 τοῦ
391 641 704 716 ἡγεμονικοῦ
737 659 860 694 σου·
892 639 1030 711 αὕτη
1078 640 1186 711 γάρ
1221 642 1366 692 ἐστιν
1397 643 1428 710 ή
1465 639 1689 710 ἀληθινὴ

168 747 289 806 οἰκία
317 757 400 794 σου
421 754 432 766 ·
466 737 492 788 ὁ
523 733 654 796 Θεὸς
681 731 790 788 τῶν
822 733 958 786 ὅλων
995 732 1272 803 νομοθετεῖ
1315 731 1691 802 ὲξολοθρευθῆ-

166 841 236 896 ναί
265 853 314 889 σε
347 831 412 903 μὴ
443 825 778 882 ἀποϐαλόντα
827 826 924 896 τὴν
961 825 1137 896 ζύμην
1164 824 1261 895 τὴν
1307 823 1539 877 παλαιάν
1583 822 1690 874 ἀπὸ

166 925 374 986 σεαυτοῦ.
421 919 534 990 Χρὴ
585 919 692 988 γάρ
740 925 796 969 σε
851 917 1067 970 ἐλθόντα
1121 919 1199 979 εἰς
1239 917 1328 968 τὸν
1363 915 1548 987 καιρὸν
1581 914 1690 966 τῶν

165 1021 292 1082 νέων,
321 1013 426 1066 νέον
453 1007 736 1078 γενόμενον
769 1007 932 1077 μηδὲν
977 1007 1120 1077 ἔχειν
1147 1009 1390 1078 ἀρχαῖον.
1432 1025 1448 1056 ι
1475 1004 1552 1056 Τά
1587 1005 1688 1076 ἀρ-

164 1111 266 1182 χαῖα
289 1099 529 1174 παρῆλθε,
559 1117 576 1148 ι
611 1097 704 1151 καὶ
751 1097 816 1150 τά
846 1096 992 1166 ἐξῆς.
1027 1099 1168 1168 Ὅρα
1201 1097 1316 1160 πῶς
1349 1097 1454 1149 ἔδει
1500 1097 1690 1166 ἑορτά-

162 1203 255 1266 ζειν
283 1198 332 1249 ἐν
361 1190 480 1264 μηνί
509 1187 616 1240 τῶν
642 1189 776 1241 νέων
800 1187 897 1258 τὴν
926 1187 1115 1260 ἐορτὴν
1142 1187 1248 1240 τῶν
1278 1188 1377 1252 ἁζύ
1387 1205 1518 1258 μων.

221 1395 236 1424 ι
257 1368 496 1433 Καθίξετε
517 1367 615 1436 τῆς
639 1366 820 1436 φλιᾶς,
847 1365 939 1420 καὶ
959 1365 1043 1416 ἐπ’
1065 1365 1390 1437 ἀμφοτέρων
1411 1364 1518 1418 τῶν
1537 1363 1688 1418 σταθ-

159 1467 273 1538 μὼν,
320 1459 418 1515 ἀπὸ
465 1457 558 1510 τοῦ
607 1459 836 1528 αἵματος
883 1459 911 1510 ὃ
959 1459 1090 1510 ἐστι.
1121 1457 1270 1528 παρά
1303 1457 1399 1528 τὴν
1447 1455 1634 1526 θύραν.
1665 1477 1684 1508 ι

155 1557 289 1617 Mai;
317 1552 425 1624 μὲν,
453 1549 526 1612 ὡς
551 1548 855 1602 ἀποδέδωκέ
887 1565 970 1610 τις
996 1547 1101 1601 τῶν
1132 1548 1240 1618 πρὸ
1268 1546 1440 1618 ἡμῶν,
1473 1545 1564 1598 τοῦ
1599 1546 1678 1598 λο-

153 1647 308 1718 γικοῦ·
345 1643 662 1714 ἀμφοτέρων
687 1640 742 1696 δέ
779 1639 1051 1711 σταθμῶν,
1084 1638 1312 1709 θυμικοῢ
1371 1639 1463 1692 καὶ
1503 1639 1689 1692 ἐπιθυ-

153 1735 372 1812 μητικοῦ.

227 1829 328 1885 Τοῦ
365 1825 571 1881 αὑτοῦ.
624 1825 696 1879 Οὐ
747 1824 858 1895 γὰρ
912 1823 1062 1886 ἐντὸς
1107 1821 1392 1892 γενόμενον
1438 1821 1527 1874 τὸν
1563 1819 1688 1874 ὀλο-

153 1921 352 1996 θρευτὴν
376 1919 439 1972 δι’
467 1917 712 1980 ἐπινοίας
744 1915 1094 1986 ἐκϐάλλομεν,
1140 1915 1252 1967 ἀλλ’
1281 1915 1427 1977 ὅπως
1460 1913 1524 1966 ἂν
1559 1914 1689 1985 μηδέ

148 2017 226 2088 τὴν
249 2013 404 2085 ἀρχὴν
437 2010 760 2083 παρεισδύῃ,
795 2009 1039 2079 φυλακὴν
1070 2007 1156 2060 διὰ
1185 2007 1280 2060 τοῦ
1315 2008 1478 2077 νόμου
1511 2007 1690 2059 ποιού-

147 2107 280 2180 μεθα.
317 2103 522 2175 Φυλακὴ
551 2103 607 2155 δέ
639 2104 754 2154 ἐστι
789 2101 884 2154 καὶ
917 2099 1206 2168 ἀσφάλεια,
1255 2099 1336 2162 τὸ,
1385 2097 1462 2168 τῷ
1501 2099 1689 2168 αἵματι

145 2197 220 2252 τοῦ
249 2191 407 2266 ἀμνοῦ
437 2194 536 2263 τήν
559 2209 620 2244 τε
651 2191 809 2260 φλιάν
843 2192 936 2244 καὶ
965 2191 1092 2252 τοὺς
1122 2188 1394 2258 σταθμοὺς
1421 2187 1518 2258 τῆς
1551 2187 1690 2240 εἰσό-

143 2291 216 2344 δου
240 2283 750 2356 κατασημαίνεσθαι.

204 2401 220 2432 ι
260 2377 500 2450 Ἐγενήθη
538 2377 597 2430 δὲ
635 2373 904 2448 μεσούσης
951 2377 1046 2446 τῆς
1091 2375 1304 2438 νυκτὸς,
1357 2374 1449 2427 καὶ
1485 2372 1690 2446 Κύριος

143 2472 346 2538 ἐπάταξε
383 2473 487 2524 πᾶν
530 2470 876 2539 πρωτότοκον
920 2471 976 2522 ἐν
1011 2469 1080 2538 γῇ
1119 2467 1394 2536 Αἰγύπτῳ.
1424 2487 1441 2516 ›
1481 2467 1558 2520 Δι’
1593 2469 1690 2536 ἁγ-

142 2567 286 2634 γέλων
313 2565 416 2634 γάρ
446 2565 474 2615 6
505 2562 644 2625 Θεὸς
673 2561 771 2624 τὰς
820 2559 1222 2630 θανατηφόρους
1253 2559 1454 2622 ταύτας
1495 2559 1687 2628 ἐπάγει

141 2659 341 2730 πληγάς,
373 2658 446 2720 ὡς
478 2658 576 2710 καὶ
609 2659 666 2708 ἐν
698 2659 816 2719 ταῖς
855 2654 1162 2718 Βασιλείαις
1203 2655 1448 2725 ἔγνωμεν
1479 2655 1596 2718 πῶς
1630 2657 1688 2710 ἐν

142 2751 224 2824 μιᾷ
249 2748 388 2801 νυκτὶ
413 2750 440 2801 6
468 2746 704 2816 ἄγγελος
729 2745 902 2800 ἀνεῖλε
932 2745 1039 2799 τῶν
1057 2745 1355 2817 Ἀσσυρίων
1387 2753 1500 2818 ρπε¹
1519 2746 1690 2817 χιλιά-

137 2841 232 2905 δας.

199 2952 215 2984 ι
241 2924 394 2994 Οὗτος
431 2932 458 2983 6
504 2931 672 3002 νόμος
705 2929 799 2983 τοῦ
847 2929 1057 3000 Πίίισχοι⁸
1097 2931 1212 2993 Πᾶς
1250 2929 1542 3000 ἀλλογενὴς
1589 2929 1690 2983 οὐκ

135 3027 288 3078 ἔδεται
317 3026 404 3078 ἀπ’
435 3023 630 3077 αὑτοῦ.
673 3023 784 3074 Καὶ
824 3023 998 3076 πάντα
1029 3021 1245 3092 οἰκέτην
1281 3023 1442 3085 τινὸς,
1469 3021 1564 3074 καὶ
1588 3023 1687 3093 ἀρ-

137 3116 416 3188 γυρώνητον
464 3118 786 3185 περιτεμείς
817 3113 998 3176 αὑτὸν,
1043 3115 1136 3166 καὶ
1169 3113 1294 3166 τότε
1336 3114 1564 3182 φάγεται
1594 3114 1688 3166 ἀπ’

133 3209 290 3263 αὗτοῦ·
327 3230 342 3260 ι
385 3211 476 3262 καὶ
507 3209 582 3261 τά
619 3208 764 3277 ἑξῆς.
811 3205 1142 3270 Ἀκολούθως
1186 3209 1299 3268 τοῖς
1333 3205 1684 3277 παρατεθεῖσι

133 3303 285 3372 τρίτος
322 3301 462 3353 ἐστὶν
495 3291 658 3362 οὗτος
706 3299 888 3369 νόμος,
931 3299 989 3352 ὃν
1033 3295 1153 3350 εἷπε
1205 3297 1365 3350 πάλιν
1410 3299 1438 3350 6
1485 3297 1688 3368 Κύριος

131 3393 258 3464 mei
297 3394 418 3456 τοὺς
459 3393 560 3446 δύο
586 3392 802 3462 νόμους.
831 3391 1070 3461 Πρόσχες
1099 3390 1156 3442 δὲ
1199 3393 1262 3460 τῇ
1309 3389 1560 3460 ἀκριϐείᾳ
1595 3391 1690 3460 τῆς

131 3482 342 3552 Γραφῆς,
367 3483 448 3535 ὅτι
474 3483 586 3536 οὐκ
619 3477 738 3536 εἶπε
776 3479 960 3540 τοῦτον
991 3479 1080 3533 τὸν
1117 3479 1279 3550 νόμον
1311 3480 1402 3532 τὸν
1437 3479 1562 3550 περὶ
1595 3479 1685 3532 τοῦ

130 3575 296 3642 hisp
318 3577 344 3629 6
373 3576 590 3648 Κύριος
621 3577 676 3628 ἐν
714 3578 778 3646 τῇ
814 3577 977 3647 ἀρχῇ.
1011 3575 1072 3628 Εἰ
1107 3571 1214 3644 γάρ
1249 3573 1458 3644 εἰρήκει
1493 3571 1570 3625 ἔτι
1603 3573 1688 3626 δν-

127 3685 216 3720 των
236 3669 288 3719 ἐν
315 3665 584 3738 Αἰγύπτῳ
618 3665 744 3736 πρὶν
776 3665 987 3734 άπᾷραι
1030 3663 1094 3714 ἐκ
1129 3661 1228 3730 τῆς
1273 3661 1548 3730 Αἰγύπτου
1596 3660 1686 3712 τὸν

135 3758 346 3830 Ἰσραὴλ,
375 3758 457 3822 τὸ,
501 3778 518 3808 ‹
559 3759 674 3821 Πᾶς
709 3755 1000 3826 ἀλλογενὴς
1037 3753 1136 3806 οὐκ
1163 3753 1336 3806 ἔδεται
1371 3753 1464 3805 ἀπ’
1500 3752 1683 3804 αὑτοῦ.

127 3849 218 3902 Καὶ
247 3849 414 3902 πάντα
451 3847 678 3918 οἰκέτην
721 3846 884 3910 τινὸς,
919 3845 1008 3898 καὶ
1051 3843 1436 3916 ἀργυρώνητον
1466 3861 1686 3914 περιτε-

127 3939 244 4010 μεῖς,
275 3937 366 3992 καὶ
391 3939 518 3992 τότε
559 3938 790 4006 φάγεται
833 3937 926 3988 ἀπ’
960 3934 1144 3994 αὐτοῦ,
1181 3955 1200 3984 ι
1257 3935 1355 3987 οὐκ
1404 3934 1468 3987 ἂν
1503 3933 1689 4004 ἐξελη-

126 4031 336 4102 λύθησαν
365 4033 392 4084 6
427 4029 768 4100 πολύμικτος
797 4027 960 4090 πολὺς
993 4026 1146 4096 ὄχλος
1179 4029 1206 4079 ὁ
1236 4025 1463 4092 ἐξελθὼν
1501 4025 1558 4092 ἐξ
1591 4028 1686 4078 Αἰ-

125 4123 328 4192 γύπτου.
373 4125 680 4194 Ἐτήρησεν
714 4117 806 4174 οὖν
843 4121 934 4174 τὸν
977 4119 1136 4189 νόμον
1182 4118 1390 4182 τοῦτον,
1427 4119 1514 4170 ἵνα
1551 4117 1688 4188 μετὰ

123 4219 200 4270 τοῦ
221 4219 446 4285 ἐξελθεῖν
470 4221 606 4280 τοὺς
635 4217 990 4288 βουλομένους
1019 4215 1144 4284 δοθῇ
1176 4213 1328 4277 ἄλλος
1360 4213 1540 4283 νόμος.
1577 4213 1686 4265 Καὶ

117 4307 224 4373 μετ’
253 4307 446 4376 ὀλίγα.
495 4307 631 4360 Ἐάν
677 4305 1065 4376 ἀλληγορῶμεν
1107 4303 1282 4358 ταῦτα
1329 4305 1408 4368 εἰς
1451 4304 1547 4373 τὴν
1587 4303 1688 4372 ψυ-

121 4399 204 4468 χὴν
231 4399 400 4469 ἡμῶν,
435 4399 678 4472 ἐροῦμεν
721 4400 801 4451 ὅτι
841 4399 1133 4464 οἰκογενεῖς
1167 4397 1266 4466 μέν
1300 4397 1435 4448 εἰσιν
1470 4397 1516 4448 οἱ
1549 4413 1689 4466 συμ-

121 4491 396 4558 πεφυκότες
421 4493 564 4563 ὴμῖν
593 4491 686 4544 καὶ
715 4489 1119 4560 γεωργηθέντες
1141 4488 1308 4557 λόγοι,
1341 4489 1434 4542 καὶ
1461 4489 1684 4560 ἐπιστῆ-

1800 649 1911 692 tum
1959 654 2118 691 ornne
2171 635 2427 704 nequitia:
2456 635 2736 704 disperdas
2782 639 2847 690 de
2899 645 2986 689 tua
3023 644 3204 689 mente
3231 633 3367 703 (haec

1796 733 1940 787 enim
1969 746 2094 786 vera
2127 739 2213 784 tua
2247 731 2438 783 domus
2468 731 2592 800 est),
2617 729 2988 784 universorum
3025 727 3189 782 Deum
3215 727 3364 797 jube-

1795 840 1874 888 re,
1903 835 1959 878 ut
1979 825 2226 890 disperda
2239 823 2333 889 ris,
2365 821 2456 890 qui
2479 829 2633 875 vetus
2660 819 2980 875 fermentum
3003 835 3031 874 a
3059 827 3111 874 te
3137 835 3241 873 non
3268 821 3367 874 ab-

1789 911 2008 986 j'eceris.
2053 913 2280 968 Necesse
2326 911 2469 965 enim
2503 919 2586 965 est
2617 919 2694 972 ιιι,
2725 925 2848 964 cum
2879 911 3091 966 veneris
3125 911 3189 965 ad
3229 921 3362 966 tem-

1796 1024 1896 1078 pus
1929 1021 2212 1070 novorum,
2275 1019 2445 1057 novus
2477 1004 2586 1072 ipse
2616 1001 2862 1066 eﬂecltts,
2891 1001 3022 1053 nihil
3055 1002 3246 1056 vetusti
3281 1015 3369 1057 re-

1797 1100 1990 1153 tineas.
2035 1096 2271 1150 «Vetera
2323 1093 2774 1156 transierunt‘,»
2824 1102 2929 1146 etc.
2973 1091 3102 1146 Vide
3148 1108 3255 1164 qua
3287 1108 3370 1146 ra-

1795 1195 1941 1248 tione
2000 1189 2228 1246 debebat
2276 1188 2524 1246 solemne
2574 1188 2656 1258 agi
2707 1187 2903 1241 festum
2953 1200 3262 1255 azymorum
3313 1185 3368 1241 in

1795 1300 1978 1341 mense
2006 1299 2035 1337 ll
2045 1299 2290 1338 ovorum.

1870 1375 2158 1443 (Tingelis
2221 1375 2406 1434 limen,
2466 1381 2520 1424 et
2581 1384 2744 1438 super
2809 1369 2997 1423 ambos
3045 1376 3247 1438 postes,
3303 1368 3370 1424 de

1791 1469 2056 1539 sanguine
2104 1467 2193 1536 qui
2250 1473 2332 1520 est
2359 1465 2512 1534 juxta
2546 1461 2808 1514 ostium".
2838 1480 2856 1512 ι
2901 1461 3088 1514 Limen
3128 1460 3368 1529 quidem,

1795 1574 1852 1616 ut
1885 1562 2149 1630 majorum
2181 1557 2398 1626 quidam
2429 1556 2700 1624 exposuit,
2741 1553 2966 1606 rationis
2998 1552 3140 1618 vim;
3185 1551 3372 1607 ambos

1793 1665 1971 1710 autem
2003 1661 2206 1723 postes,
2239 1651 2345 1704 vim
2376 1651 2468 1703 irae
2502 1665 2562 1703 ac
2589 1647 2922 1716 cupiditatis.

1901 1825 2182 1895 Ejusdem.
2261 1827 2380 1880 Non
2465 1827 2610 1881 enim
2679 1827 3189 1883 exterminatorem.
3249 1839 3369 1878 cum

1725 1900 1898 1992 Bjam
1954 1923 2100 1976 intus
2159 1930 2406 1989 receptus
2464 1929 2568 1986 est,
2607 1927 2724 1984 arte
2771 1917 3110 1986 expellimus,
3158 1917 3248 1971 scd
3303 1931 3372 1970 ne

1790 2017 2012 2072 omnino
2043 2015 2337 2079 subintret,
2384 2015 2501 2072 lege
2550 2026 2826 2066 cavemus.
2869 2012 2923 2065 lu
2951 2027 3015 2065 eo
3054 2019 3228 2064 autem
3278 2024 3372 2078 po-

1790 2111 1890 2164 sita
1943 2109 2127 2163 cautio
2181 2123 2245 2160 ac
2293 2108 2630 2178 praesidium,
2684 2108 2728 2162 si
2781 2108 3054 2174 ingressus
3105 2104 3266 2158 limen
3310 2119 3374 2158 ac

1789 2213 1968 2272 postes
2000 2201 2122 2272 agni
2155 2202 2421 2270 sanguine
2449 2201 2754 2270 signemus.

1863 2382 2019 2452 123
2067 2381 2330 2434 (Factum
2381 2389 2461 2434 est
2511 2389 2690 2433 autem
2741 2378 3012 2432 mediante
3072 2389 3251 2442 nocte,
3309 2385 3364 2434 et

1793 2477 2050 2530 Dominus
2113 2473 2382 2542 percussit
2430 2487 2589 2526 omne
2663 2473 3081 2542 primogenitum
3129 2473 3180 2524 iu
3231 2479 3373 2524 terra

1789 2567 2111 2637 IEgypti‘.)
2157 2566 2298 2618 Deus
2355 2580 2586 2632 namque
2641 2580 2736 2632 per
2791 2564 3012 2630 angelos
3047 2565 3210 2616 hasce
3245 2563 3371 2616 leti-

1789 2657 1938 2710 feras
1976 2655 2160 2724 plagas
2195 2655 2459 2718 immittit,
2489 2653 2562 2706 uti
2592 2655 2758 2707 etiam
2790 2655 2840 2706 in
2875 2654 3182 2720 Regnorum
3221 2653 3372 2707 libris

1791 2747 2020 2816 legimus
2054 2745 2319 2814 quomodo
2361 2744 2588 2813 angelus
2639 2760 2746 2798 una
2785 2754 2941 2798 nocte
2971 2755 3186 2798 centum
3220 2753 3374 2798 octo-

1790 2841 1936 2910 ginta
1967 2839 2206 2908 quinque
2245 2838 2409 2891 millia
2449 2839 2796 2908 Assyriorum
2829 2837 3092 2895 occidit".

1867 2953 1884 2985 ι
1913 2931 2040 2987 Ηκο
2087 2942 2170 2986 est
2227 2932 2309 2984 lex
2368 2931 2593 2984 Pascha:
2630 2929 2854 2986 :Omuis
2901 2931 3204 2999 alienigena
3265 2945 3372 2988 non

1791 3026 2036 3080 comedet
2101 3025 2168 3078 de
2212 3039 2298 3077 eo.
2353 3022 2418 3075 Et
2464 3037 2682 3076 omnem
2737 3024 3040 3092 cujuspiam
3091 3021 3371 3086 famulum,

1791 3133 2115 3187 servumque
2165 3117 2470 3185 emptitium
2523 3115 2883 3170 circumeides
2935 3131 3082 3180 eum,
3137 3123 3191 3167 et
3245 3123 3376 3168 tunc

1793 3211 2038 3265 comedet
2070 3209 2136 3262 de
2163 3223 2227 3262 eo
2244 3207 2286 3270 ⁸,
2312 3227 2330 3260 ι
2368 3219 2474 3262 etc.
2515 3205 2984 3276 Ordinequodam
3017 3205 3082 3259 ad
3116 3221 3209 3259 eas
3255 3219 3374 3274 quae

1794 3301 2082 3372 proposita:
2113 3307 2260 3362 sunt,
2293 3300 2412 3353 haec
2468 3299 2550 3352 lex
2603 3297 2762 3352 tertia
2797 3307 2882 3350 est
2917 3311 3076 3364 quam
3112 3295 3376 3350 Dominus

1795 3397 1988 3447 iterum
2043 3390 2408 3462 promulgavit
2467 3399 2665 3460 prmtcr
2727 3388 2874 3458 leges
2935 3389 3088 3442 duas.
3136 3386 3372 3442 Attende

1793 3495 1976 3540 autem
2025 3485 2320 3553 Scriptura:
2378 3481 2758 3550 diligentiam;
2829 3480 3001 3547 legem
3065 3479 3204 3532 hanc
3262 3492 3374 3548 qua

1792 3577 1998 3630 Pascha
2035 3575 2297 3638 sancitur,
2357 3589 2464 3627 non
2521 3589 2548 3625 a
2603 3571 2870 3640 principio
2923 3569 3044 3622 tulit
3087 3569 3372 3626 Dominus.

1791 3667 2005 3736 Alioqui
2042 3682 2161 3720 cum
2199 3665 2376 3718 adhuc
2428 3671 2614 3718 essent
2657 3663 2708 3715 in
2742 3661 2999 3731 Egypto,
3044 3676 3103 3715 ac
3135 3663 3369 3714 necdum

1792 3756 2034 3826 profeclo
2089 3755 2307 3816 lsraele,
2363 3753 2405 3808 si
2459 3753 2738 3808 dixisset:
2782 3743 3016 3806 t0innis
3068 3753 3372 3822 alienigena

1794 3868 1899 3906 non
1937 3851 2184 3904 comedet
2213 3863 2278 3903 ex
2311 3863 2396 3902 eo.
2433 3847 2498 3900 Ει
2528 3863 2744 3902 omnem
2797 3843 3104 3916 cujuspiant
3156 3863 3374 3902 servum

1791 3960 1855 3998 ac
1875 3942 2178 4010 emptitimn
2207 3941 2592 4004 circumeides,
2626 3951 2682 3996 et
2713 3952 2840 3995 tunc
2867 3940 3116 3994 comedet
3148 3955 3211 3993 ex
3247 3955 3368 4004 eo,»

1791 4053 1896 4092 non
1933 4037 2155 4090 exiisset
2189 4035 2380 4104 ingens
2430 4035 2515 4088 illa
2569 4034 2882 4105 promiscua
2929 4033 3223 4087 multitudo
3254 4047 3375 4102 qum

1790 4145 1854 4182 ex
1899 4127 2133 4200 Egypto
2181 4143 2400 4198 egressa
2452 4136 2554 4182 est.
2615 4127 2862 4180 Retinuit
2894 4125 3079 4196 itaque
3115 4125 3256 4178 hanc
3293 4125 3375 4177 le-

1791 4237 1934 4290 gem,
1971 4231 2028 4274 ut
2059 4220 2124 4274 iis
2162 4221 2254 4288 qui
2293 4219 2474 4289 egredi
2511 4219 2833 4282 voluissent,
2870 4220 3095 4272 daretur
3129 4217 3229 4270 alia
3267 4217 3374 4272 lex.

1795 4309 1859 4364 Et
1891 4321 2007 4381 post
2051 4327 2242 4380 pauca.
2275 4309 2328 4363 Si
2365 4313 2476 4364 lucc
2509 4311 2575 4363 ad
2609 4321 2845 4364 mentem
2885 4319 3127 4362 nostram
3167 4305 3376 4361 refera-

1793 4418 1934 4466 mus,
1982 4403 2229 4456 dicemus
2281 4401 2605 4455 vernaculos
2650 4417 2796 4464 esse,
2851 4401 3169 4470 eongenitas
3219 4399 3376 4453 nobis

1792 4509 1857 4548 ac
1895 4503 2078 4548 nostra
2107 4503 2290 4563 partas
2321 4495 2582 4548 industria
2626 4494 2908 4556 scientias,
2939 4493 3136 4562 quibus
3170 4508 3198 4545 a
3246 4507 3377 4545 con-

117 4601 190 4638 ναι
221 4585 322 4636 ἀπὸ
355 4585 661 4655 συμφύτων
692 4583 908 4638 ἐννοιῶν
955 4583 1267 4654 ἀρξάμενοι·
1310 4579 1685 4654 ἀργυρώνητοι

1800 4586 1990 4656 genitis
2023 4586 2336 4640 notionibus
2365 4588 2507 4640 scire
2534 4585 2915 4654 auspicamur;
2948 4593 3163 4650 emptos
3191 4591 3374 4634 autem

117 4671 182 4739 δὲ,
210 4673 314 4728 ὅσοι
349 4677 414 4728 ἐκ
443 4675 800 4738 διδασκαλίας
831 4677 960 4746 ἡμῖν
987 4675 1318 4744 ἐπιγίνονται
1351 4673 1548 4740 ἔξωθεν
1581 4673 1688 4726 ἀπὸ

117 4768 206 4821 τῶν
238 4768 604 4839 μαθημάτων.
639 4768 853 4830 Πάντας
903 4762 995 4821 οὖν
1027 4785 1160 4838 φησι
1199 4767 1546 4838 περιτέμνειν
1597 4769 1690 4820 καὶ

117 4857 396 4930 καθαίρειν,
432 4860 532 4912 καὶ
563 4859 691 4920 τοὺς
727 4860 1038 4925 οἰκογενεῖς,
1075 4859 1170 4910 καὶ
1200 4857 1323 4920 τοὺς
1370 4858 1680 4928 ἀργυρωνήο

114 4965 238 5014 τους.
285 4951 584 5021 Ἀλλογενῆ
629 4951 684 5004 δέ
716 4949 904 5004 οὐδένα
949 4949 1028 5003 δεῖ
1068 4947 1530 5020 προσλαμϐάνειν,
1580 4943 1687 5000 οἷον

113 5041 368 5115 ἀλλότριον
397 5043 586 5114 δόγμα
623 5042 1032 5113 προσιεμένους·
1063 5042 1320 5112 ἀλλογενῆ
1353 5041 1462 5111 γὰρ
1494 5040 1553 5093 οὐ
1587 5057 1689 5096 πα-

115 5133 398 5203 ραδέχεται,
451 5131 516 5197 ὃς
571 5131 816 5203 βούλεται
865 5131 1170 5204 βεϐηλῶσαι
1205 5131 1301 5202 τὴν
1351 5130 1541 5202 ἐορτὴν
1593 5127 1686 5182 τοῦ

113 5225 315 5296 Κυρίου.
348 5227 464 5280 Καὶ
495 5226 630 5296 μετ’
655 5225 850 5295 ὀλίγα.
883 5223 1071 5296 Εἰγὰρ
1087 5227 1145 5278 ἐν
1169 5223 1461 5296 Ἐκκλησία
1491 5222 1688 5286 ἐσθίεις

111 5313 278 5384 λύγους
305 5318 470 5382 Θεοῦ,
510 5316 715 5380 ἐσθίεις
743 5317 800 5370 δέ
830 5316 923 5369 καὶ
969 5317 1025 5368 ἐν
1069 5317 1340 5370 Ἰουδαίων
1375 5318 1684 5388 συναγωγῇ,

113 5409 452 5480 παραϐαίνεις
487 5410 591 5482 τὴν
615 5409 880 5478 λέγουσαν
914 5409 1153 5480 ἐντολὴν,
1195 5427 1212 5460 ι
1263 5409 1350 5462 Ἐν
1397 5409 1543 5480 οἰκίᾳ
1593 5410 1690 5480 μιᾷ

113 5501 460 5574 βρωθήσεται.
503 5525 522 5556 ι
561 5503 706 5558 Εἰδέ
742 5502 1181 5574 μεταλαμόάνεις
1213 5503 1390 5571 λόγων
1431 5501 1587 5566 Θεοῦ,
1633 5505 1690 5556 ἐν

111 5594 237 5666 οἰκίᾳ
257 5599 358 5669 μιᾷ
377 5601 448 5669 τῇ
483 5595 804 5670 Ἐκκλησία·
839 5593 956 5648 εἶτα
991 5593 1307 5648 καταλιπὼν
1340 5593 1528 5666 αὐτὴν,
1557 5595 1692 5646 ὐπο-

109 5681 392 5755 λαμϐάνεις
427 5687 874 5760 μεταλαμϐάνειν
905 5685 1040 5740 Θεοῦ
1091 5689 1148 5741 ἐν
1181 5689 1427 5762 αἰρετικῇ
1461 5705 1693 5756 συναγω-

169 5879 186 5900 ⁶
211 5872 244 5926 ll
269 5873 400 5930 Cor.
429 5889 490 5942 ν,
523 5875 610 5930 l7.
675 5875 697 5908 ⁸
719 5875 888 5932 Exod.
916 5893 1014 5944 xtl,
1036 5878 1127 5933 9.2.
1209 5879 1228 5910 ⁸
1259 5879 1388 5934 ibid.
1416 5879 1505 5934 ‘29.

1581 5881 1602 5910 "
1629 5879 1696 5934 1V
1727 5879 1857 5949 Reg.
1889 5875 2114 5944 x1x,'55.

1796 4678 1992 4748 pretio,
2025 4693 2119 4732 eas
2169 4693 2286 4746 qua:
2333 4677 2470 4732 foris
2511 4693 2574 4732 ex
2627 4676 2874 4730 doctrina
2929 4693 3026 4745 per
3059 4673 3376 4743 disciplinas

1796 4771 2080 4825 accedunt.
2119 4769 2320 4824 Omnes
2361 4786 2490 4841 ergo
2517 4773 2670 4841 jubet
2723 4763 3040 4826 circumcidi
3083 4781 3144 4820 ac
3179 4781 3372 4820 emun-

1797 4861 1915 4916 dari
1953 4869 2062 4914 tum
2099 4862 2443 4930 vernaculos,
2492 4873 2604 4916 tum
2639 4862 2938 4932 emptitios.
2971 4859 3141 4914 Nemo
3191 4870 3371 4912 autem

1797 4955 2100 5023 alienigena
2151 4955 2511 5010 assumendus
2555 4965 2674 5020 est,
2727 4955 3033 5025 cujusmodi
3094 4962 3220 5008 sunt.
3279 4949 3370 5020 qui

1797 5048 2108 5102 doctrinam
2147 5047 2380 5100 alienam
2429 5049 2740 5101 admittunt.
2791 5047 2903 5100 Non
2937 5047 3082 5100 enim
3115 5045 3376 5114 recipitur

1797 5139 2128 5209 alienigena,
2161 5140 2250 5206 qui
2287 5139 2496 5192 Domini
2534 5139 2931 5192 solemnitatem
2967 5138 3078 5192 vult
3110 5136 3374 5206 polluere.

1797 5227 1866 5282 Et
1900 5239 2013 5297 post
2060 5245 2251 5298 pauca.
2298 5229 2370 5283 Si‘
2403 5229 2546 5282 enim
2597 5227 2687 5283 Dei
2723 5227 3089 5282 sermones'in
3128 5225 3372 5280 Ecclesia

1795 5323 2058 5388 comedis,
2084 5333 2248 5394 atque
2277 5324 2438 5376 etiam
2471 5324 2522 5376 in
2550 5321 2855 5376 Iudaeorum
2888 5335 3160 5391 synagoga
3194 5331 3373 5374 come-

1791 5417 1895 5480 dis,
1931 5419 2338 5486 transgrederis
2387 5417 2702 5472 mandatum
2737 5418 2878 5486 quod
2926 5417 3099 5470 dicit:
3132 5434 3149 5466 ι
3175 5413 3230 5468 Ιιι
3263 5427 3371 5468 una

1792 5509 1952 5563 domo
1982 5511 2322 5564 comedctur.
2353 5530 2370 5562 ι
2411 5511 2504 5564 Sin
2533 5509 2626 5565 Dei
2662 5525 2939 5567 sermones
2973 5510 3022 5562 in
3060 5523 3161 5561 una
3189 5505 3374 5574 deum,

1791 5613 1988 5668 nempe
2014 5599 2252 5655 Ecclesia
2281 5602 2537 5672 percipis,
2563 5613 2785 5671 tumque
2809 5617 2870 5654 ea
2901 5599 3104 5662 relicta,
3130 5595 3372 5666 epiuaris

1796 5697 1848 5746 te
1886 5689 1982 5746 Dei
2017 5693 2336 5764 participem
2370 5693 2506 5749 ellici
2558 5693 2611 5748 in
2648 5693 3030 5748 haereticorum
3075 5699 3370 5762 synagoga,

2197 5877 2218 5906 ³
2240 5873 2409 5932 Exod.
2440 5889 2534 5944 xu,
2559 5873 2648 5940 45,
2677 5871 2765 5932 Η.
