3854 6398
571 323 680 380 937

2008 319 2100 375 sx
2133 314 2434 375 ornasse
3629 329 3700 384 ω

575 454 699 492 cum
727 436 811 492 lex
847 437 1030 492 dicat:
1062 455 1081 489 ι
1107 436 1162 491 In
1198 451 1304 491 una
1335 438 1496 494 domo
1532 437 1871 502 comedetur,
1893 456 1912 488 ι
1947 437 1999 492 in
2036 451 2130 492 una

2245 438 2339 506 γῇ,
2370 433 2634 506 λεγουσης
2661 431 2760 503 τῆς
2790 430 3026 502 ἐντολῆς,
3068 449 3087 482 ι
3123 431 3206 485 Ἐν
3232 434 3366 506 οἰκίᾳ
3395 439 3478 510 μιᾷ
3500 437 3701 515 ﬁrmem,

574 532 732 585 domo
764 543 867 584 non
900 529 1158 602 comedis.
1195 527 1368 583 Unam
1418 529 1600 598 itaque
1641 532 1859 584 domum
1907 531 2144 601 intellige

572 619 865 675 Eeclesiam
915 627 971 676 et
1015 635 1284 691 nusquam
1333 628 1486 676 extra
1522 619 1819 677 Ecclesium
1856 637 2012 676 ovem
2043 637 2142 678 co-

569 711 739 768 mede.

644 819 663 854 ι
692 802 754 856 Et
787 815 893 857 non
925 801 1164 858 eﬂ‘eretis
1201 818 1232 858 e
1277 803 1440 859 domo
1475 803 1543 859 de
1589 801 1848 857 carnibus
1879 801 2081 858 θοι-σε’.
2117 822 2150 856 ι

569 893 1013 950 Ecclesiasticum
1052 910 1360 952 sermonem
1413 904 1565 951 extra
1608 894 1911 950 Ecclesiam
1947 895 2144 950 docere

568 1000 674 1041 non
719 984 863 1050 licet,
909 987 986 1040 uti
1041 1001 1144 1041 nec
1192 997 1349 1042 extra
1397 987 1617 1040 domum
1669 1001 1864 1042 carnes
1906 985 2139 1041 eﬂ‘erre:

567 1077 622 1132 in
675 1073 1009 1144 Judaeorum,
1056 1078 1299 1146 inquam,
1336 1084 1428 1131 aut
1477 1077 1859 1132 haereticorum
1911 1091 2143 1148 synago-

566 1182 711 1237 gam.
740 1167 972 1222 Perinde
1003 1168 1146 1223 enim
1172 1176 1258 1225 est
1288 1183 1350 1224 ac
1377 1167 1424 1224 si
1450 1168 1758 1239 margaritae
1786 1176 1916 1223 ante
1947 1181 2142 1240 porcos

565 1259 946 1328 proiiciantur.

643 1349 873 1406 «Omnis
917 1348 1333 1405 incircumcisus
1390 1364 1494 1404 non
1547 1353 1795 1406 comedet
1839 1365 1907 1404 ex
1938 1351 2087 1406 eo".
2115 1370 2134 1405 ι

565 1442 790 1498 Omnem
821 1442 986 1497 animi
1013 1440 1182 1496 fetum
1216 1440 1514 1511 spiritalem
1551 1451 1894 1510 superantem
1926 1451 2140 1495 terrena

565 1537 711 1602 (sunt
737 1543 913 1588 autem
948 1542 1167 1589 terrena
1199 1532 1457 1596 feminea)
1491 1533 1889 1588 circumcidere
1922 1540 2142 1602 oportet

564 1639 626 1678 ac
654 1627 973 1691 emundare,
1004 1634 1063 1678 ut
1094 1627 1174 1679 sic
1203 1624 1401 1694 aliquis
1428 1623 1710 1678 Paschalis
1737 1640 1935 1679 carnes
1962 1625 2141 1694 perci-

563 1716 695 1784 piat.
738 1716 891 1771 Sicut
934 1727 1115 1772 autem
1161 1717 1432 1784 indigena.
1480 1716 1558 1771 sic
1600 1715 1766 1786 124
1810 1725 1865 1769 et
1906 1717 2133 1770 advena.

2242 544 2354 590 ται,
2396 545 2414 578 ι
2455 527 2518 578 σὺ
2548 525 2650 578 οὐκ
2680 524 2878 586 ἐσθίεις
2904 524 2960 574 ὲν
2987 522 3129 594 οἰκίᾳ
3157 525 3262 594 μιᾷ.
3294 527 3423 579 Μίαν
3453 526 3530 582 οὖν
3569 537 3703 605 νοήσει

2242 620 2416 674 οἰκίαν
2432 619 2530 690 τὴν
2559 616 2900 686 Ἐκκλησίαν·
2939 614 3179 686 μηδαμοῦ
3205 612 3289 670 οὖν
3307 618 3437 671 ἔσθιε
3460 621 3538 675 τοῦ
3557 626 3703 696 προεώ-

2242 729 2336 766 του
2363 709 2466 776 ἔξω
2491 709 2779 780 γενόμενος
2797 708 2896 778 τῆς
2940 705 3272 777 Ἐκκλησίας.

2319 825 2336 856 t
2367 804 2476 857 Καὶ
2506 803 2606 856 οὐκ
2633 801 2868 865 ἐξοίσετε
2901 802 2966 854 ὲκ
2989 799 3090 870 τῆς
3121 799 3284 863 οἰκίας
3307 799 3403 853 τῶν
3426 802 3572 870 κρεῶν
3593 805 3700 872 ἔξω.»
3796 805 3797 886 l

2254 894 2733 966 Ἐκκλησιαστικὸν
2779 893 2936 961 λόγον
2983 891 3044 945 οὑ
3095 892 3174 944 δεῖ
3219 892 3315 957 ἔξω
3341 895 3428 964 τῆς
3462 894 3704 967 Ἐκκλησίας
3796 893 3797 908 ἦ

2243 985 2586 1058 πρεσϐεύειν,
2648 985 2724 1049 ὡς
2776 983 2881 1050 ἔξω
2939 983 3038 1054 τῆς
3081 983 3251 1048 οἰκίας
3304 983 3370 1054 μὴ
3424 985 3628 1057 ἐκφέρειν
3660 991 3705 1044 τὰ
3796 971 3797 974 Ἴ

2241 1081 2397 1152 κρέα·
2429 1078 2568 1151 φημὶ
2595 1078 2651 1132 δὲ
2686 1079 2763 1141 είς
2796 1075 3112 1149 συναγωγὴν
3149 1075 3394 1130 Ἰουδαίων
3421 1077 3450 1147 ἢ
3475 1080 3702 1148 αἱρετικῶν·

2240 1170 2424 1241 ὅμοιον
2452 1169 2559 1240 γάρ
2582 1170 2697 1221 ἐστι
2718 1168 2796 1239 τῷ
2817 1166 2968 1240 ῥίψαι
2991 1168 3116 1231 τοὺς
3140 1165 3456 1239 μαργαρίτας
3480 1167 3704 1240 ἔμπροσθεν

2240 1262 2348 1317 τῶν
2385 1263 2603 1333 χοίρων.
3276 1333 3288 1346 ι

2315 1372 2333 1404 ι
2348 1355 2462 1417 Πᾶς
2486 1352 2857 1424 ἀπερίτμητος
2886 1350 2986 1404 οὐκ
3003 1349 3177 1403 ἔδεται
3200 1348 3288 1402 ἀπ’
3314 1349 3478 1404 αὑτοῦ.
3493 1371 3507 1400 ι
3526 1351 3615 1404 Πᾶν
3627 1354 3707 1420 γέν.

2241 1462 2390 1517 νημα
2435 1444 2612 1516 ψυχῆς
2661 1443 2850 1515 νοητὸν
2879 1441 3200 1513 ὑπερϐαῖνον
3245 1441 3308 1494 τά
3347 1440 3488 1494 ὑλικά
3512 1441 3648 1510 (ὑλικὰ
3669 1444 3707 1496 δὲ

2239 1538 2308 1591 τὰ
2335 1537 2522 1609 θήλεα)
2563 1536 2908 1609 περιτέμνειν
2940 1535 3034 1588 καὶ
3077 1532 3349 1603 καθαίρειν
3376 1531 3464 1594 δεῖ,
3489 1529 3560 1586 ἶνα
3590 1531 3706 1596 οὕτως

2244 1627 2632 1699 μεταλαμϐάνῃ
2661 1645 2744 1690 τις
2774 1621 2880 1678 τῶν
2901 1623 3078 1696 κρεῶν
3097 1623 3189 1676 τοῦ
3212 1623 3408 1692 Πάσχα·
3423 1622 3487 1685 ὡς
3507 1623 3707 1692 αὐτόχθων

2239 1720 2294 1773 δὲ
2317 1721 2415 1791 τῆς
2441 1721 2567 1791 γῆς,
2580 1719 2674 1772 καὶ
2699 1720 2726 1771 ὁ
2743 1716 3074 1788 προσήλυτος
3094 1713 3313 1783 γίνεται·
3336 1715 3392 1767 οὐ
3413 1713 3507 1784 γὰρ
3527 1713 3582 1766 τὰ
3599 1714 3709 1783 σπέρ-

559 1805 678 1861 Νοιι
711 1808 852 1862 enim
881 1809 1087 1863 semina
1119 1807 1352 1874 ingenua
1378 1806 1551 1876 pluris
1583 1807 1822 1861 testimat
1849 1806 2012 1872 Deus,
2041 1806 2130 1862 sed

2241 1788 2385 1884 ματα
2432 1788 2671 1884 προτιμᾷ
2717 1813 2744 1864 ὁ
2782 1809 2914 1873 Θεὸς
2955 1808 3025 1864 τά
3067 1807 3279 1877 εὐγενῆ,
3309 1805 3433 1861 ἀλλὰ
3475 1807 3708 1878 προαίρεσιν

561 1899 724 1953 animi
752 1899 1085 1968 prapositnm
1115 1900 1401 1968 approbat.

631 1990 906 2061 Ejusdem.
945 1989 1388 2046 lncircumcisum
1424 2003 1590 2045 carne
1617 1987 1858 2060 appellat
1891 1987 1983 2057 qui
2010 2004 2135 2043 car-

559 2081 702 2134 nalia
732 2097 762 2136 a
789 2097 848 2136 se
878 2097 983 2138 non
1017 2082 1285 2148 resecuit;
1321 2083 1458 2136 sicut
1486 2083 1650 2135 etiam
1690 2082 2134 2138 incircumcisum

557 2172 749 2238 oculis,
785 2173 876 2242 qui
913 2188 974 2228 ea
1015 2174 1254 2228 intuetur
1285 2187 1405 2241 qua:
1439 2187 1544 2226 non
1580 2181 1816 2241 oportet.

626 2263 902 2334 Ejusdem.
935 2264 1125 2319 Videte
1161 2279 1228 2318 ue
1268 2264 1391 2334 quis
1428 2274 1667 2319 vestrum
1717 2263 2136 2320 incircumcisus

554 2350 628 2407 sit
660 2355 847 2419 corde,
893 2370 960 2409 ne
999 2355 1122 2425 quis
1157 2354 1572 2410 incircutncisus
1617 2354 1688 2409 sit
1731 2355 1800 2410 iis
1846 2355 2136 2411 circumci-

555 2444 768 2497 sionutn
803 2446 1092 2512 generibus
1132 2447 1331 2514 quibus
1374 2447 1656 2514 Scriptura
1687 2447 2004 2502 circumcidi
2035 2448 2128 2500 do-

553 2547 664 2592 cet.
697 2535 955 2604 Quanam
987 2553 1114 2593 νει-ο
1154 2540 1278 2594 illa?
1326 2551 1456 2595 sunt
1494 2541 1688 2610 quibus
1718 2541 1920 2610 probro
1953 2541 2131 2606 datur,

553 2629 699 2696 quod
731 2630 1096 2686 incircutncisi
1133 2632 1241 2685 sint
1277 2632 1533 2698 auribus;
1567 2635 1656 2702 qtti
1685 2648 1790 2688 non
1817 2633 2132 2688 circumcisi

554 2728 682 2773 sunt
726 2721 970 2788 auribus,
1006 2723 1266 2778 immundi
1306 2734 1454 2780 sunt.
1506 2724 1927 2780 lncircumcisus
1972 2725 2132 2782 labiis

553 2817 658 2874 est,
687 2811 776 2878 qui
809 2825 914 2866 non
944 2823 1190 2882 amputat
1218 2815 1429 2870 alienos
1460 2826 1514 2870 et
1544 2817 1790 2887 impuros
1823 2831 2128 2873 sermones.

556 2900 648 2954 Sic
685 2901 1124 2958 incircumcisum
1155 2921 1321 2961 carne
1357 2909 1524 2964 liceat
1555 2910 1755 2974 dicere,
1774 2910 1863 2978 qui
1887 2910 2130 2964 carnalia

552 3005 661 3046 non
703 3003 943 3062 resecat;
999 2997 1449 3053 incircumcisum
1500 3000 1691 3064 oculis,
1737 3002 1830 3071 qui
1884 3001 2030 3054 videt
2065 3017 2127 3056 ea

553 3097 672 3151 quae
699 3097 804 3138 non
839 3084 1016 3153 decet,
1049 3104 1150 3142 nec
1189 3089 1442 3144 intuitum
1492 3100 1715 3160 purgat;
1749 3101 1802 3147 et
1837 3091 2128 3148 incircum-

551 3173 722 3228 cisum
762 3191 927 3232 carne
957 3179 1050 3248 qni
1080 3177 1210 3234 facit
1240 3195 1303 3236 ea
1331 3196 1451 3252 qua:
1480 3197 1589 3237 non
1616 3189 1852 3252 oportet.

626 3378 647 3412 ι
677 3357 912 3416 Profecti
947 3371 1124 3417 autem
1157 3363 1250 3419 lilii
1289 3363 1452 3421 Israel
1493 3367 1558 3421 de
1586 3365 1886 3436 Socchoth,
1914 3376 2126 3424 cast-ra-

550 3453 737 3508 metati
781 3465 908 3509 sunt
957 3456 1006 3510 itt
1041 3454 1234 3512 Othoni
1279 3457 1435 3528 juxta
1481 3461 1882 3516 desertntn“.t
1924 3462 1977 3515 ln
2018 3459 2128 3515 Nu-

551 3544 714 3600 meris
752 3547 1013 3616 scriptum
1061 3549 1226 3613 est",
1295 3567 1370 3603 ta
1403 3549 1578 3605 Bntha
1629 3553 1697 3607 ad
1751 3567 1904 3606 oram
1957 3552 2126 3617 lroth,

549 3635 692 3706 quod
721 3648 800 3690 est
831 3647 1014 3692 cantra
1049 3638 1409 3708 Beelsephron
1440 3657 1608 3712 prope
1649 3642 1845 3710 Borra,
1865 3662 1885 3697 ι
1919 3652 2128 3699 castra-

549 3738 781 3783 metatos
804 3744 924 3783 esse
956 3730 1095 3785 lilios
1120 3731 1306 3786 Israel.

625 3837 646 3871 ι
682 3821 747 3874 Et
792 3821 915 3875 tulit
963 3836 1250 3878 sexcentos
1293 3840 1489 3879 currus
1539 3824 1765 3892 electos,
1812 3836 1867 3881 et
1911 3842 2123 3882 omnem

548 3912 848 3981 equitatum
862 3911 1258 3983 Egyptiorum,
1289 3925 1342 3970 et
1361 3917 1599 3970 tristatas
1623 3932 1784 3986 super
1812 3919 2119 3973 ontnes".u

549 4003 651 4071 Qui
695 4013 883 4057 contra
930 4014 1039 4061 tres
1077 4024 1318 4079 pugnare
1365 4020 1649 4080 poterant,
1687 4010 1772 4064 vel
1800 4013 1891 4080 qui
1929 4013 1981 4067 in
2009 4014 2127 4068 acie

553 4105 672 4167 post
694 4097 1103 4167 antesignanum
1131 4118 1192 4155 ac
1217 4103 1512 4157 secundum
1542 4103 1608 4158 ab
1632 4118 1715 4168 eo,
1750 4105 1911 4158 tertio
1933 4105 2126 4161 ordine

553 4188 788 4243 stabant.
819 4189 921 4244 Alii
977 4191 1051 4244 ita
1106 4204 1408 4262 exponunt,
1449 4205 1640 4251 contra
1681 4197 1905 4251 hostiles
1933 4213 2126 4253 manus

552 4293 774 4349 magnos
809 4285 1100 4339 adornatos
1128 4301 1248 4341 esse
1277 4303 1473 4342 currus
1504 4288 1594 4358 qui
1631 4298 1740 4343 tres
1767 4289 2016 4344 homines
2041 4305 2127 4346 ca-

550 4383 759 4443 perant,
813 4391 1044 4446 quorum
1106 4395 1245 4433 unus
1302 4381 1505 4450 auriga:
1557 4379 1738 4436 ollicio
1789 4381 2121 4452 fungeretur,

2237 1905 2579 1960 ἀποδέχεται.

2313 1923 2418 1957 τοοει
2442 1923 2579 1957 εται.

2313 1923 2437 2053 Τοῖά<
2453 1993 2661 2050 αὑτοῦ.
2705 1991 3102 2065 ’Δπερίτμητον
3131 1993 3198 2063 τῇ
3245 1989 3398 2084 σαρκὶ
3424 1987 3712 2084 τὸνμὴπρι-

2235 2089 2565 2161 τεμνόμενον
2615 2086 2682 2140 τά
2731 2088 2969 2160 σαρκικὰ
3015 2103 3199 2156 φησιν,
3234 2082 3414 2154 ὥσπερ
3455 2082 3535 2135 καὶ
3581 2080 3714 2150 ἁπερί-
3798 2080 3799 2134 i

2231 2197 2436 2252 τμητον
2461 2178 2756 2248 ὀφθαλμοῖς
2778 2179 2870 2231 τὸν
2901 2177 3167 2248 βλέποντα
3195 2176 3325 2246 πρὸς
3350 2173 3383 2227 ὃ.
3416 2172 3480 2243 μὴ
3503 2171 3582 2224 δεῖ.

2311 2269 2420 2324 Τοῦ
2447 2267 2657 2323 αὐτοῦ.
2696 2269 2887 2340 Ὁρᾶτε
2910 2272 3087 2338 μήτις
3115 2266 3269 2336 ὑμῶν
3305 2261 3714 2336 ἀπερίτμητὸςὲστι

2231 2365 2298 2434 τῇ
2330 2361 2542 2433 καρδίὲν
2572 2360 2745 2429 μήτις
2771 2360 2832 2412 οὗ
2859 2360 3253 2431 πριτέτμηται
3281 2357 3372 2420 τὰς
3401 2352 3646 2424 περιτομάς
3672 2351 3714 2412 ἃς

2230 2456 2259 2509 ὁ
2293 2454 2447 2522 λόγος
2491 2452 2731 2505 διδάσκει
2773 2449 3219 2523 περιτέμνεσθαι.
3267 2447 3422 2511 Ποίας
3460 2446 3509 2500 δὲ
3544 2443 3713 2505 vstitu;

2230 2545 2592 2616 ἀπερίτμητοι
2635 2543 2702 2597 τά
2754 2537 2871 2597 ὦτα
2907 2540 3254 2606 όνειδίζονταί
3299 2555 3436 2601 τινες
3476 2537 3618 2599 ὄντες·
3654 2535 3715 2585 καὶ

2230 2640 2344 2692 ὅσοι
2391 2639 2451 2690 οὐ
2492 2637 2917 2708 περιτέτμηνται
2960 2634 3057 2706 τὴν
3105 2635 3294 2707 ἀκοὴν,
3321 2629 3585 2702 ἀκάθαρτοὶ
3610 2630 3715 2680 εἶσιν.

2244 2727 2638 2799 ’Δπερίτμητος
2692 2726 2946 2796 χείλεσιν,
2998 2728 3026 2778 ὁ
3073 2724 3146 2796 μὴ
3199 2722 3606 2796 περιτεμνόμενος
3635 2717 3718 2778 τοὺς

2229 2819 2420 2888 λόγους
2469 2819 2594 2880 τοὺς
2639 2818 2913 2880 ἐναντίους
2945 2817 3040 2870 καὶ
3069 2816 3424 2887 ἀκαθάρτους.
3457 2811 3609 2872 Οὕτως
3641 2807 3718 2859 ἔπι

2229 2910 2323 2964 καὶ
2352 2910 2728 2982 ἀπερίτμητον
2755 2910 2820 2979 τῇ
2853 2909 3015 2978 σαρκὶ
3041 2910 3238 2972 εἰπεῖν,
3267 2907 3354 2960 τὸν
3383 2905 3452 2976 μὴ
3480 2896 3718 2970 περιτεμνό

2234 3017 2392 3072 μενον
2459 2999 2527 3052 τά
2600 3000 2837 3070 σαρκικά
2909 2999 3236 3070 πράγματα’
3295 2997 3388 3051 καὶ
3433 2991 3718 3062 ἀπερίτμητοι

2230 3091 2545 3162 ὀφθαλμοῖς,
2568 3092 2659 3144 τὸν
2686 3091 2950 3161 βλέποντα
2975 3091 3009 3145 ἃ
3036 3091 3109 3162 μὴ
3128 3090 3231 3155 δεῖ,
3264 3090 3354 3144 καὶ
3381 3086 3448 3160 μὴ
3472 3083 3721 3153 καθαίροντι

2230 3182 2290 3235 τὸ
2311 3182 2582 3252 ὁρατικόν·
2612 3183 2705 3236 καὶ⁷
2745 3182 3116 3254 ἀπερίτμητοι»
3155 3182 3339 3253 σαρκὶ,
3381 3179 3464 3233 τὸν
3491 3174 3722 3247 πράττοντα

2229 3274 2266 3329 ἃ
2296 3276 2370 3347 μὴ
2396 3274 2495 3329 δεῖ.
3800 3261 3801 3266 η

2305 3384 2324 3418 ι
2365 3363 2686 3438 Ἐξάραντες
2717 3367 2773 3419 δὲ
2797 3368 2845 3418 oi
2871 3365 2976 3419 υἱοὶ
3014 3366 3232 3438 Ἰσραὴλ
3255 3367 3318 3418 ὲκ
3339 3359 3559 3433 Σοκχὼθ,
3585 3359 3721 3426 ἐστρα-

2227 3459 2556 3513 τοπέδευσαν
2605 3461 2663 3512 ἐν
2710 3456 2890 3528 Ὀθὼμ
2914 3456 3066 3529 παρὰ
3102 3456 3203 3528 τὴν
3245 3457 3498 3529 ἔρημον.»
3553 3450 3621 3502 Ἐν
3651 3448 3724 3504 107.;

2243 3549 2521 3622 Ἀριθμοῖς
2571 3552 2768 3612 κεῖται,
2821 3547 2970 3601 «ἀπὸ
2997 3547 3174 3600 Βουθά
3226 3548 3320 3600 ἐπὶ
3362 3545 3519 3615 στόμα
3562 3533 3724 3610 ἸράΜ

2228 3639 2375 3692 ἐστιν
2419 3637 2678 3690 ἀπέναντι
2731 3635 3082 3708 Βεελσεπρὼν
3121 3638 3356 3709 ἐχόμενα
3403 3633 3488 3688 τοῦ
3534 3627 3720 3700 Βορῤἅ,ι

2229 3729 2745 3801 παρεμϐεϐληκέναι
2769 3731 2896 3792 τοὺς
2921 3730 3068 3793 υἱοὺς
3110 3729 3346 3802 Ἰσραήλ.

2306 3842 2324 3874 ι
2351 3824 2458 3876 Καὶ
2496 3823 2653 3876 ἔλαϐε
2687 3822 2946 3888 ἑξακόσια
2972 3822 3194 3892 ἅρματα
3224 3819 3469 3880 ὲκλεκτά,
3496 3815 3583 3870 καῖ’
3605 3812 3729 3864 πᾶσαν

2227 3914 2326 3986 τὴν
2349 3915 2513 3967 ἵππον
2534 3913 2640 3967 τῶν
2662 3915 3085 3982 Αἱγυπτίων,καὶ
3105 3913 3397 3986 τριστάτας
3421 3909 3505 3963 ἐπὶ
3528 3905 3725 3958 πάντων-³

2227 4007 2367 4070 Τοὺς
2399 4006 2534 4078 πρὸς
2569 4009 2718 4078 τρεῖς
2755 4007 3087 4077 δυναμένους
3122 4004 3409 4077 μάχεσθαι,
3433 4001 3463 4072 ἦ
3489 3998 3596 4060 τοὺς
3618 3996 3660 4046 ὲν
3800 3993 3801 3996 “

2227 4097 2526 4168 παρατάξει
2540 4099 2674 4159 μετὰ
2686 4098 2774 4150 τὸν
2790 4097 3172 4168 πρωτοστάτην
3187 4097 3378 4151 καὶτὸν
3391 4084 3733 4161 δευτεροστάτην

2228 4191 2548 4262 “MP-“WG
2572 4192 2628 4243 ὲν
2649 4194 2713 4262 τῇ
2737 4191 2895 4262 τρίτῃ
2916 4189 3084 4255 τάξει.
3117 4189 3304 4242 Ἀλλοι
3333 4187 3387 4241 δέ
3424 4198 3588 4254 φασιν,
3607 4177 3664 4238 ὼς
3683 4175 3733 4232 εἰς

2227 4281 2326 4346 τὰς
2363 4285 2550 4354 χεῖρας
2594 4281 2701 4335 τῶν
2747 4281 3020 4352 πολεμίων
3059 4281 3283 4355 ἅρματα
3320 4278 3524 4331 ἐποίουν
3560 4265 3732 4355 μεγάλα.

2229 4373 2367 4426 ὥστε
2402 4353 2496 4427 καὶ
2518 4377 2666 4446 τρεῖς
2703 4375 2919 4444 χωρεῖν,
2965 4373 3050 4426 ἵνα
3158 4373 3256 4442 μὲν
3290 4365 3371 4435 εἷς
3414 4359 3676 4441 ἡνιοχεῖ,οῑ
3699 4353 3736 4408 δὲ

550 4469 655 4520 dno
699 4481 826 4524 vero
875 4469 964 4524 alii
1013 4479 1320 4538 certarent;
1377 4483 1469 4526 aut
1515 4488 1608 4528 eos
1652 4474 1744 4543 qui
1793 4489 1958 4544 super
2015 4485 2124 4528 tres

2238 4465 2326 4520 δύο
2354 4465 2700 4537 πολεμοῦσιν·
2739 4465 2771 4535 ἣ
2803 4465 2928 4529 τοὺς
2959 4465 3052 4518 ἐπὶ
3090 4465 3258 4535 τριῶν
3282 4463 3459 4516 ἵππων
3485 4453 3738 4529 βεϐηκότας.

547 4573 716 4628 equos
747 4562 1118 4616 ascenderent.
1149 4563 1369 4634 Antiqui
1405 4565 1549 4619 enim
1581 4565 1632 4618 in
1671 4564 1824 4620 bellis
1855 4564 1998 4618 binis
2029 4575 2122 4619 aut

551 4650 720 4706 ternis
771 4653 928 4720 equis
975 4654 1292 4720 utebantur,
1346 4671 1467 4710 cum
1517 4657 1832 4726 aurigantes
1882 4658 2118 4712 exirent.

553 4745 645 4800 Vel
673 4745 940 4800 tristatem
966 4757 1145 4817 vocat,
1175 4751 1263 4820 qui
1295 4752 1522 4806 sedente
1549 4769 1676 4821 rege
1708 4752 1904 4808 tertius
1927 4763 2118 4819 staret,

549 4846 644 4888 aut
676 4837 891 4890 tertiam
945 4838 1173 4893 haberet
1201 4841 1408 4906 sedem,
1459 4842 1762 4910 cujusntodi
1803 4854 1921 4900 erat
1949 4845 2118 4902 David

549 4930 690 4996 apud
720 4927 874 4998 Saul,
900 4938 960 4982 ut
985 4930 1036 4984 in
1070 4932 1245 5000 p'r-imo
1270 4933 1577 5004 Regnorum
1607 4935 1872 4992 invenies.

629 5131 648 5163 ι
670 5109 783 5166 lllic
816 5114 994 5182 posuit
1021 5113 1069 5168 ei
1100 5113 1238 5169 Deus
1260 5113 1701 5183 iustiﬁcationes,
1737 5127 1789 5172 et
1815 5117 2046 5187 judicia,
2071 5127 2128 5174 et

549 5203 661 5259 illic
703 5219 827 5258 eum
875 5204 1184 5260 tentavit“.
1224 5205 1356 5261 Cum
1409 5216 1583 5260 tentat
1633 5209 1796 5272 Dens,
1853 5218 2028 5264 tentat
2067 5218 2126 5264 ιιι

548 5297 742 5365 prosit,
785 5311 889 5348 non
938 5305 998 5350 ut
1045 5305 1258 5351 noceat.
1292 5295 1634 5368 Quapropter
1686 5300 1888 5355 dictum
1936 5302 2122 5356 est":

559 5405 578 5439 ι
604 5387 744 5442 Deus
778 5388 1078 5443 intentatur
1129 5387 1392 5443 malorum
1435 5399 1540 5444 est.
1566 5407 1584 5440 ι
1622 5389 1690 5444 Ut
1721 5401 1774 5444 et
1799 5398 1920 5459 post
1951 5405 2124 5460 pauca

553 5479 878 5550 subjungit:
919 5498 936 5531 t
972 5480 1028 5535 Si
1077 5481 1265 5535 auditu
1321 5479 1558 5535 audieris
1615 5482 1900 5535 Dominum
1956 5482 2122 5538 Deum

552 5579 731 5639 tuum,
766 5587 981 5630 omnem
1032 5574 1282 5629 morbum
1316 5589 1476 5644 quem
1513 5573 1668 5630 intuli
1695 5571 1989 5647 Egyptiis,
2018 5590 2124 5631 non

623 5687 838 5763 ’_Exod.
867 5707 963 5763 xu,
990 5692 1078 5748 46.
1160 5695 1201 5726 ¹⁰
1227 5692 1356 5750 ibid.
1384 5691 1471 5747 48.
1553 5692 1590 5724 “
1623 5691 1790 5750 Exod.
1819 5707 1943 5763 xm,
1969 5692 2061 5750 ΩΟ.

542 5761 588 5794 ¹⁸
635 5755 821 5814 Jncob.
857 5777 897 5828 Ι,
941 5762 1027 5818 13.

2154 5694 2198 5725 ι’
2219 5691 2380 5747 Num.
2414 5707 2606 5760 xxxnl,
2637 5691 2688 5748 7.
2768 5692 2809 5724 ⁸³
2836 5691 3010 5747 Exod.
3045 5706 3153 5756 xtv,
3180 5690 3235 5744 'l.

2229 4561 2290 4612 Οἱ
2312 4560 2418 4632 γὰρ
2441 4560 2661 4613 παλαιοὶ
2684 4560 2740 4612 ἐν
2762 4561 2871 4621 τοῖς
2893 4558 3149 4628 πολέμοις
3167 4560 3259 4610 ἐπὶ
3280 4556 3373 4609 δύο
3391 4555 3422 4625 ἢ
3442 4549 3589 4625 τριῶν
3607 4547 3739 4632 ἵππων

2228 4631 2536 4722 ἐπωχοῦντο
2573 4651 2802 4717 ἐξιόντες
2842 4650 3248 4722 ἁρματηλάται.
3295 4651 3365 4703 Ἦ
3403 4641 3660 4719 τριστάτην
3685 4631 3741 4682 ii-

2227 4757 2313 4812 γει
2349 4745 2438 4797 τὸν
2466 4745 2523 4797 ὲν
2554 4743 2631 4814 τῷ
2665 4742 2989 4808 καθέζεσθαι
3030 4744 3118 4796 τὸν
3171 4743 3413 4813 βασιλέα,
3441 4736 3604 4810 τρίτον
3637 4723 3744 4782 1πά-

2230 4853 2411 4906 μενον,
2437 4837 2553 4907 ἦτοι
2584 4837 2771 4908 τρίτην
2801 4834 2992 4905 ἔχοντα
3019 4835 3313 4906 καθέδραν·
3349 4827 3455 4894 οἷος
3481 4827 3542 4900 ἦν
3570 4828 3596 4879 ὁ
3627 4814 3746 4908 Atr-F5

2228 4923 2378 4997 παρά
2423 4925 2612 4990 Σαοὺλ,
2654 4925 2729 4989 ὠς
2767 4927 2824 4978 ὲν
2868 4927 2936 4996 τῇ
2989 4925 3178 4996 πρώτῃ
3238 4923 3347 4976 τῶν
3386 4913 3650 4974 Βασιλειῶν
3682 4905 3746 4958 εὖ·

2233 5020 2298 5091 ρή
2309 5035 2440 5080 σεις.

2303 5129 2322 5162 ι
2369 5111 2514 5163 Ἐκεῖ
2533 5109 2683 5164 ἔθετο
2722 5110 2868 5181 αὐτῷ
2889 5112 2917 5162 ό
2939 5108 3072 5172 Θεὸς
3101 5107 3441 5178 δικαιώματα
3463 5101 3550 5156 καὶ
3568 5093 3748 5181 κρίσεις,

2230 5203 2322 5258 καὶ
2365 5207 2483 5258 ἐκεῖ
2522 5204 2683 5259 αὑτὸν
2727 5204 3035 5275 ἐπείρασε.»
3072 5201 3201 5256 Ὅτε
3243 5201 3378 5264 Θεὸς
3417 5192 3658 5268 πειράζειν
3688 5178 3748 5275 ἔθ’

2228 5295 2465 5366 ὠφελείᾳ
2501 5296 2768 5367 πειράζει,
2810 5297 2908 5348 οὑκ
2949 5293 3052 5346 ἐπὶ
3067 5293 3144 5365 τῷ
3180 5291 3556 5361 κακοποιῆσαν
3586 5280 3652 5336 διὸ

2229 5364 2543 5459 ἐλέχθηξότι
2566 5364 2676 5452 σξὈ
2688 5386 2820 5452 θεὸς
2838 5364 3167 5458 ἀπείραστός
3189 5387 3306 5438 ἐστι
3334 5381 3535 5442 κακῶν,
3559 5396 3576 5429 ι
3601 5375 3664 5436 ὡς
3684 5364 3753 5421 καὶ

2232 5481 2348 5550 μετ’
2373 5478 2527 5547 ὀλίγα
2573 5480 2769 5547 ἐπάγει
2795 5480 2822 5531 ὸ
2852 5479 3026 5547 λόγος’
3049 5502 3068 5536 ι
3107 5481 3233 5535 Ἐὰν
3249 5477 3388 5547 ἀκοῇ
3425 5469 3645 5540 ἀκούσῃς
3671 5461 3753 5515 KV

2235 5571 2347 5644 ρίου
2384 5569 2478 5624 τοῦ
2508 5567 2642 5623 Θεοῦ
2688 5587 2802 5635 σου,
2842 5571 3021 5624 πᾶσαν
3059 5570 3232 5635 νόσον,
3279 5568 3347 5640 ἢν
3387 5567 3644 5636 ἐπήγαγον
3671 5551 3755 5610 τοῖς

3322 5689 3365 5719 "
3393 5683 3554 5742 Exod.
3585 5691 3661 5742 ιν.
3684 5665 3752 5724 35-
