3902 6506
209 149 284 182 ’σα

140 339 233 396 ’ὶῖῦ

1367 349 1680 408 SELECTA
1715 351 1783 406 IN
1817 353 2126 413 EXODUM.

3263 362 3369 424 290

161 453 466 526 Αἰγυπτίοις,
497 455 596 510 οὔκ
630 458 814 529 ἐπάξω
851 462 941 517 ἐπὶ
977 466 1055 522 σέ.
1083 488 1102 519 3
1161 469 1216 523 '0
1250 468 1342 526 οῦν
1372 475 1551 546 φέρων
1583 476 1673 528 τοὺ

1780 529 1781 533 η
1811 475 2060 532 inducam
2091 495 2252 549 super
2288 491 2358 539 te.
2384 501 2402 535 3
2453 485 2554 553 Qui
2585 503 2718 560 ergo
2742 499 2963 548 strenue
2986 493 3092 550 fert
3119 500 3372 554 tentatio-

157 547 468 620 πειρασμοῦς
502 552 782 618 γενναίως,
828 557 1202 626 στεφανοῦται.
1255 563 1418 617 Ἀλλο
1458 566 1512 618 δέ
1557 569 1704 620 ἐστιν

153 641 232 694 ἐπὶ
264 637 348 690 τοῦ
399 639 666 696 διαϐόλουο
711 648 916 712 ἐκεῖνος
958 649 1066 723 γὰρ
1105 656 1387 725 πειράζει,
1440 659 1525 710 ἵνα
1577 661 1703 724 τοὺς

153 729 478 800 πειθομένους
524 734 672 804 αὐτῷ
714 734 1017 811 θανατώσῃ·
1062 743 1156 796 καὶ
1190 746 1218 796 ὁ
1258 747 1356 816 μὲν
1405 747 1536 812 Θεὸς
1584 767 1703 802 πει-

149 820 400 894 ράζειούκ
436 823 645 890 ἀγνοῶν
689 825 748 878 τὸ
791 829 1069 900 ἐσόμενον,
1114 833 1252 905 πλὴν
1281 837 1456 902 διδοὺς
1489 838 1566 909 τῷ
1606 840 1700 892 ἀν-

147 910 328 982 Θρὼπῳ
355 914 613 984 πράττειν
653 917 680 969 ὃ
700 917 841 972 Θέλει
863 921 948 974 διὰ
968 923 1027 975 τὸ
1050 924 1410 992 ἀυτεξούσιον.

210 1021 226 1052 ι
263 1001 425 1056 Τοῦτο
449 1005 507 1057 τὸ
532 1007 683 1078 ῥῆμα
716 1009 742 1062 ὃ
765 1010 990 1084 ὲλάλησε
1015 1015 1237 1086 Κύριοςο
1269 1020 1541 1086 Σάϐϐατα,
1575 1021 1700 1076 ἀνάο

141 1111 320 1156 παυσις
350 1095 480 1162 ἁγία
506 1097 582 1169 τῷ
615 1101 804 1172 Κυρίῳ
836 1103 1045 1175 αὔριον.
1081 1126 1098 1159 3
1164 1110 1578 1184 ’Λπογράςρομαι
1627 1117 1697 1169 τὰ

141 1187 253 1257 περὶ
277 1186 368 1238 τοῦ
399 1188 670 1244 σαΰϐάτου
698 1196 982 1266 εἰρημένα·
1020 1201 1233 1272 πρῶτον
1258 1205 1396 1258 κατὰ
1420 1206 1480 1258 τὸ
1509 1209 1692 1278 ῥητὸν,

137 1279 195 1331 ἵν’
220 1278 365 1331 ἴδωσι
396 1281 450 1332 τί
477 1284 726 1353 σημαίνει
763 1288 823 1340 τὸ
856 1290 1108 1362 γράμμαο
1149 1295 1398 1366 δεύτερον
1449 1298 1504 1351 δὲ
1551 1301 1693 1354 κατὰ

134 1371 220 1442 τὴν
249 1373 559 1445 ἀναγωγὴν,
594 1378 715 1430 καθ’
749 1381 814 1450 ἢν
859 1384 1066 1455 εἴποιμι
1125 1387 1190 1440 ἂν
1227 1390 1435 1461 ἡμέραν
1491 1393 1695 1448 σαϐϐά-

129 1482 212 1516 του
250 1464 598 1536 ἐνεστηκέναι
655 1470 732 1541 τῷ
811 1473 1004 1546 δικαίῳ
1073 1481 1435 1536 καταλύσαντι
1490 1485 1554 1538 τὰ
1597 1487 1691 1540 τοῦ

129 1557 316 1626 κόσμου
347 1558 503 1629 ἔργα.
536 1563 630 1615 καὶ
651 1564 923 1630 δοξάζοντι
942 1568 1029 1622 τὸν
1053 1570 1204 1635 Θεὸν,
1229 1575 1322 1627 καὶ
1356 1576 1688 1645 σχολάζοντι,

127 1651 251 1721 μήτε
275 1651 370 1703 τοῦ
406 1653 568 1706 τόπου
600 1656 656 1706 ἐν
684 1650 728 1724 ᾧ
757 1658 954 1730 ἔστηκε
1013 1663 1106 1716 τοῦ
1153 1665 1424 1736 Χριστοῦ,
1459 1669 1688 1738 ἀφιστα-

126 1742 277 1812 μένῳ·
310 1744 449 1814 μήτε
476 1746 585 1818 πῦρ
608 1749 837 1814 καίοντι,
874 1753 1013 1805 κατὰ
1041 1755 1102 1807 τὸ
1143 1757 1308 1826 μηδὲν
1333 1759 1685 1831 ἁμαρτάνειν·

1809 584 1925 636 nes,
1958 586 2214 626 coronam
2250 575 2461 645 recipit.
2519 579 2686 637 Secus
2716 595 2894 640 autem
2923 601 2982 641 se
3013 603 3100 643 res
3128 589 3288 645 habet
3312 592 3364 643 iu

1807 659 2041 714 diabolo.
2077 663 2123 716 ls
2151 665 2292 718 enim
2327 674 2518 731 tentat,
2545 681 2599 724 ut
2631 673 2734 727 sibi
2767 675 3128 746 obsequentes
3172 679 3377 736 interfi-

1805 751 1936 807 ciat.
1968 753 2046 809 Ac
2075 754 2216 810 Deus
2242 759 2457 827 quidem
2486 770 2657 817 tentat
2685 781 2790 820 non
2834 767 2999 823 futuri
3047 772 3370 840 ignorantia,

1802 844 1895 897 sed
1926 845 2130 901 homini
2179 847 2492 906 facultatem
2524 853 2726 910 faciens
2761 861 2906 926 quod
2937 861 3060 918 velit
3089 867 3372 934 operandi,

1801 945 2023 1006 propter
2047 940 2255 994 arbitrii
2287 943 2612 1000 libertatem.

1879 1041 1897 1075 ι
1939 1024 2051 1082 Hoc
2081 1038 2163 1083 est
2197 1032 2419 1086 verbum
2467 1037 2607 1103 quod
2645 1036 2854 1094 locutus
2920 1050 3001 1096 est
3056 1043 3313 1100 Dominus
3353 1063 3367 1098 :

1800 1113 2062 1183 Sabbata,
2119 1123 2335 1190 requies
2365 1136 2553 1180 sancta
2603 1126 2830 1184 Domino
2868 1145 2992 1186 cras
3029 1134 3092 1187 ¹⁶.
3131 1153 3149 1187 3
3212 1137 3369 1206 125

1797 1205 2020 1278 Expono
2047 1225 2166 1280 qua:
2201 1215 2266 1268 dc
2301 1215 2539 1274 Sabbato
2580 1219 2718 1275 dicta
2769 1235 2915 1290 sunt,
2970 1225 3144 1294 primo
3175 1205 3370 1283 secun-

1798 1299 1923 1352 dum
1961 1301 2106 1356 nuda
2129 1305 2316 1367 verba.
2355 1317 2410 1361 ut
2439 1309 2658 1365 videant
2690 1314 2817 1381 quid
2853 1315 3124 1384 signiticet
3150 1318 3364 1386 littera;

1797 1388 1998 1447 deinde
2065 1399 2367 1451 secundum
2419 1399 2720 1466 spiritalem
2778 1404 3153 1470 intellectum,
3211 1409 3365 1476 juxta

1793 1496 1956 1550 quem
1987 1485 2218 1542 dixerim
2257 1490 2399 1542 diem
2442 1491 2666 1547 Sabbati
2716 1494 2865 1563 justo
2912 1496 3226 1551 incumbere
3274 1499 3364 1568 qui

1792 1573 2130 1632 destruxerit
2160 1580 2343 1636 mundi
2378 1599 2562 1654 opera,
2613 1588 2702 1654 qui
2753 1588 2918 1642 Deum
2965 1590 3268 1659 gloriﬁcat,
3303 1608 3368 1650 ac

1792 1668 2032 1735 quietem
2087 1672 2232 1742 agit;
2273 1676 2363 1744 qui
2421 1691 2600 1745 neque
2658 1693 2687 1731 a
2743 1678 2863 1734 loco
2917 1681 2970 1735 in
3026 1698 3133 1751 quo
3179 1684 3360 1750 stetit,

1791 1758 2014 1816 Christo
2045 1763 2328 1830 nimirum,
2355 1769 2582 1834 recedit,
2616 1784 2716 1824 nec
2750 1772 2924 1840 ignem
2969 1777 3215 1830 accendit
3239 1791 3360 1845 pec-

123 1834 246 1902 μήτε
271 1831 631 1905 βαστάγματα
656 1838 884 1909 αἵροντι.
939 1842 1237 1916 Βάσταγμα
1267 1849 1425 1919 ὅρους
1469 1851 1673 1924 βαρύτε·

1790 1855 1988 1916 cando.
2020 1869 2194 1926 neque
2230 1858 2334 1914 fert
2372 1876 2556 1915 onera.
2582 1862 2731 1918 Onus
2755 1875 2936 1920 monte
2958 1869 3176 1936 gravius
3201 1884 3362 1924 omne

121 1940 205 1994 ρον
229 1926 376 1977 παῖσα
408 1927 681 1999 ἁμαρτία·
717 1931 796 1984 διὸ
831 1932 1017 2002 ἔλεγεν
1055 1941 1082 1992 6
1113 1937 1407 2011 ’Υμνῳδὸςο
1471 1962 1488 1994 ι
1543 1945 1686 1999 Ὠσεὶ

117 2015 321 2086 φορτίον
356 2019 494 2090 βαρὺ
583 2022 958 2096 ἐϐαρύνθησαν
1015 2031 1100 2083 ἐπ’
1152 2033 1271 2102 ἐμέ.
1314 2053 1331 2085 3
1384 2035 1573 2108 Ἑτέρα
1628 2039 1685 2092 δὲ

117 2109 400 2181 ἀπογραφὴ
431 2112 497 2165 ἂν
527 2113 611 2184 εἴη
649 2117 940 2182 σαϐΰάτου,
972 2122 1095 2174 καθ’
1131 2125 1197 2194 ἧν
1259 2145 1276 2178 ι
1329 2128 1683 2186 ἀπολείπεται

117 2200 475 2272 σαεΰατισμὸς
509 2205 586 2274 τῷ
633 2208 746 2279 λαῷ
776 2211 866 2264 τοῦ
926 2212 1083 2276 Θεοῦ,
1143 2235 1160 2266 3
1210 2218 1516 2285 ἀνάπαυσις
1562 2225 1684 2295 ἱερὰ

115 2291 198 2344 καὶ
220 2292 372 2359 ἁγία.
428 2294 485 2348 ’0
508 2297 564 2348 δὲ
592 2301 824 2368 ποιήσας
852 2303 1028 2357 πάντα
1057 2306 1124 2358 τὰ
1146 2306 1283 2377 ἔργα
1315 2311 1501 2374 αὐτοῦ,
1535 2314 1681 2380 ἄξιος

113 2382 342 2453 κρίνεται
389 2387 597 2442 ἐκείνου
633 2391 725 2444 τοῦ
778 2395 1068 2449 σαϐϐάτου·
1123 2400 1396 2469 σχολάζων
1433 2404 1606 2458 οὐδενὶ
1647 2407 1679 2477 ἦ

111 2477 167 2543 τῇ
195 2473 398 2548 Θεωρία
425 2479 524 2549 τῆς
547 2481 826 2551 ἀληθείας,
855 2489 948 2540 καὶ
974 2489 1074 2558 τῆς
1129 2493 1340 2560 σοτίας.
1388 2495 1574 2548 Ταῦτα
1623 2497 1680 2550 δὲ

109 2561 188 2616 διὰ
236 2564 296 2616 τὸ
360 2571 672 2640 μεμνῆσθαι
732 2574 960 2630 ἐνταῦθα
991 2578 1081 2632 τὸν
1130 2581 1368 2636 Μωῦσέα
1415 2585 1541 2656 περὶ
1584 2585 1676 2639 τοῦ

109 2654 464 2723 σαϐϐατίζειν,
499 2663 866 2734 παρεθέμεθα.

173 2767 191 2798 ‹
229 2749 335 2802 Καὶ
375 2753 639 2820 πατάξεις
663 2756 762 2828 τὴν
815 2760 1042 2832 πέτραν,
1080 2762 1174 2816 καὶ
1229 2763 1569 2831 ἐξελεύσεται
1619 2769 1675 2837 ἐξ

103 2839 257 2910 αὐτῆς
290 2843 463 2916 ὕδωρ.
505 2866 523 2898 3
553 2849 736 2922 Πέτρᾳ
762 2852 1154 2923 παρεικάζεται
1183 2856 1209 2908 ὀ
1247 2859 1483 2929 Χριστὸς
1505 2861 1590 2913 διὰ
1615 2863 1675 2915 τὸ

106 2927 336 2984 ἄσειστον
367 2936 465 2986 καὶ
489 2936 803 3009 άκλόνητον.
824 2943 1167 3014 Ἐρήρεισται
1191 2947 1296 3019 γὰρ
1324 2951 1381 3002 ὲν
1410 2955 1521 3015 τοῖς
1547 2953 1676 3021 ἀγα-

104 3017 203 3084 θοῖς
228 3023 257 3092 ἡ
297 3023 424 3078 θεία
456 3044 514 3079 τε
539 3031 633 3082 καὶ
666 3032 948 3104 ὑπερτάτη
974 3036 1154 3102 φύσις.

1789 1955 2108 2014 peccatum;
2136 1951 2488 2017 quamobrem
2512 1952 2724 2007 dicebat
2745 1953 3030 2012 Psalmista
3052 1959 3094 1989 ¹⁷
3122 1975 3136 2012 :
3175 1977 3193 2010 ι
3233 1960 3358 2016 Sic-

1788 2043 1848 2087 ut
1893 2049 2031 2090 onus
2086 2051 2253 2106 grave
2295 2048 2513 2107 gravata
2565 2051 2693 2095 sunt
2739 2058 2901 2112 super
2957 2060 3061 2101 me.
3099 2064 3118 2100 3
3175 2048 3356 2103 Altera

1787 2136 1967 2180 autem
1997 2129 2267 2196 expositio
2297 2130 2520 2185 Sabbati
2574 2134 2667 2198 sit,
2696 2133 2855 2202 juxta
2905 2153 3066 2206 quam
3129 2157 3150 2191 ι
3188 2143 3350 2197 τθιὶηο

1785 2219 1980 2288 quitur
2008 2221 2385 2277 sahbatismus
2422 2225 2621 2293 populo
2672 2227 2763 2281 Dei
2799 2227 2842 2260 ¹⁸
2875 2247 2894 2281 3
2935 2231 3150 2299 requies
3199 2249 3351 2290 sacra

1785 2318 1839 2363 et
1869 2320 2078 2366 sancta.
2127 2311 2228 2379 Qui
2294 2328 2423 2368 vero
2477 2316 2659 2370 omnia
2713 2317 2830 2385 ejus
2879 2318 3009 2374 fecit
3062 2337 3247 2390 opera,
3307 2325 3354 2380 is

1783 2401 1978 2471 dignus
2009 2403 2242 2459 habetur
2271 2405 2374 2460 hoc
2397 2406 2659 2471 Sabbato,
2687 2410 2818 2464 nulli
2843 2411 2994 2467 alteri
3026 2416 3100 2468 rei
3131 2430 3350 2479 vacans.

1781 2509 1943 2563 quam
1979 2497 2412 2568 contemplanda:
2437 2500 2654 2554 veritati
2685 2511 2736 2556 et
2765 2505 3060 2572 sapientia.
3110 2506 3234 2562 Haec
3259 2525 3354 2562 au-

1783 2597 1888 2640 tem
1922 2587 2126 2645 idcirco
2179 2591 2530 2661 exposuimus
2555 2595 2698 2661 quod
2739 2594 2953 2666 Moyses
2976 2599 3076 2654 hoc
3109 2598 3226 2658 loco
3259 2615 3351 2658 re-

1780 2678 2002 2750 ligionis
2039 2681 2260 2737 Sabbati
2291 2685 2626 2739 meminerit.

1853 2789 1872 2823 ι
1905 2771 1970 2825 Et
1998 2774 2269 2843 percuties
2306 2787 2539 2845 petram,
2571 2789 2625 2834 et
2651 2779 2820 2835 exibit
2852 2795 2918 2837 ex
2949 2798 3010 2838 ea
3046 2799 3186 2853 aqua
3227 2783 3292 2840 ι’.
3324 2804 3344 2839 3

1777 2858 2027 2916 Christus
2072 2874 2240 2932 petra:
2293 2877 2643 2936 comparatur
2693 2871 2766 2926 ob
2819 2872 3200 2931 inconcussam
3237 2878 3346 2933 vim

1776 2967 1840 3008 ac
1881 2953 2214 3012 ﬁrmitatem.
2253 2955 2494 3014 Firmata
2536 2961 2681 3016 enim
2716 2961 2772 3017 in
2827 2961 2987 3020 bonis
3037 2977 3122 3022 est
3164 2969 3346 3024 divina

1774 3045 2154 3117 excellensque
2194 3060 2411 3106 natura.

169 3133 186 3165 ι
206 3115 348 3184 Ἐγὼ
377 3120 488 3189 γάρ
515 3122 629 3191 εἰμι
657 3123 860 3196 Κύριος
888 3129 915 3180 6
941 3127 1073 3190 Θεὸς
1098 3146 1214 3192 σου,
1240 3128 1372 3194 Θεὸς
1401 3131 1668 3207 ζηλωτὴς,

171 3207 372 3232 -Ζ”.ἒ-ἒι-
415 3211 612 3232 Luem.
671 3231 674 3232 ,
829 3217 840 3232 .
988 3220 1000 3232 .
1054 3219 1066 3232 .
1149 3221 1160 3232 .
1341 3226 1352 3232 -
1407 3225 1416 3232 .
1556 3225 1565 3232 .

1848 3154 1867 3188 ι
1905 3135 2016 3206 Ego
2044 3115 2186 3193 enim
2219 3155 2338 3195 sum
2375 3140 2635 3214 Dominus
2664 3144 2806 3200 Deus
2831 3153 2975 3211 tuus,
3008 3145 3150 3204 Deus
3199 3149 3344 3226 zelo-

101 3205 372 3272 ἀποδιδους
408 3211 678 3284 ἁμαρτίας
707 3217 957 3288 πατέρων
983 3219 1076 3272 ἐπὶ
1105 3221 1290 3286 τέκνα,
1336 3225 1428 3276 ἐπὶ
1477 3225 1669 3297 τρίτην

100 3297 180 3350 καὶ
206 3300 476 3372 τετάρτην
500 3305 691 3370 γενεὰν
719 3310 829 3370 τοῖς
848 3309 1062 3378 μισοῦσί
1099 3330 1188 3382 με,
1216 3314 1308 3366 καὶ
1332 3317 1498 3370 ποιῶν
1524 3318 1670 3383 ἔλεος

96 3388 166 3452 εἰς
193 3391 438 3460 χιλιάδας
460 3399 571 3458 τοῖς
606 3398 862 3466 ἀγαπῶσί
895 3418 960 3471 με
987 3441 1000 3463 ,
1044 3403 1140 3454 καὶ
1173 3407 1284 3468 τοῖς
1336 3407 1670 3474 φυλάσσουσι

96 3479 157 3535 τὰ
179 3487 585 3556 προστάγματά
625 3507 746 3560 μου.
784 3510 801 3543 3
853 3495 997 3549 ’Τίνα
1029 3495 1188 3549 τοῦτο
1234 3498 1295 3550 τὸ
1356 3501 1517 3570 ῥητὸν
1572 3504 1670 3556 οὐκ

94 3574 380 3646 ὲτάραξενς
413 3580 476 3633 Εἰ
502 3581 716 3654 ἥμαρτε
747 3585 846 3654 μὲν
870 3587 898 3638 6
928 3589 1132 3659 πατὴρ,
1163 3592 1190 3642 6
1215 3589 1272 3641 δὲ
1312 3590 1459 3657 υίὸς,
1491 3594 1584 3644 καὶ
1635 3597 1668 3664 ἡ

93 3667 255 3740 τρίτη,
286 3673 388 3724 καὶ
418 3674 451 3742 ἡ
483 3675 715 3748 τετάρτη
749 3680 909 3745 γενεά
946 3681 1320 3752 ἁπολαμὸάνει
1358 3683 1455 3755 τὴν
1491 3687 1671 3757 ἁμαρ-

90 3759 218 3826 τίαν,
244 3765 319 3828 ὠς
343 3767 476 3829 τοὺς
516 3768 615 3837 μὲν
664 3773 1039 3843 κατηγορῆσαι
1089 3777 1182 3827 καὶ
1230 3776 1322 3829 τοῦ
1377 3777 1668 3844 δεδωκότος

91 3855 203 3918 τοὺς
225 3859 432 3926 νόμους
455 3859 612 3913 Geo-3'
641 3863 767 3926 τοὺς
791 3864 847 3916 δὲ
882 3865 956 3936 μὴ
984 3869 1358 3938 κατηγορῆσαι
1386 3872 1504 3941 μὲν,
1530 3872 1665 3943 ἀλη-

91 3942 187 4010 ϐὧς
209 3948 263 4001 δὲ
289 3949 537 4014 ἐλπίζειν
558 3953 781 4009 τοιαῦτά
802 3973 943 4021 τινα,
970 3960 1063 4012 καὶ
1096 3962 1420 4034 προσδοκᾷν,
1462 3965 1543 4020 ὅτι
1598 3969 1668 4022 τά

90 4039 454 4112 ἁμαρτήματα
483 4045 660 4099 αὐτῶν
683 4049 731 4100 oi
765 4049 868 4102 υἱοὶ
894 4051 1390 4122 ἁπολαμϐέινουσιν.
1423 4058 1665 4112 Ἰουδαῖοι

87 4133 241 4186 ταῦτα
273 4136 628 4207 νομίζουσιν,
685 4139 784 4191 οὐκ
833 4142 1264 4208 ὰπαλλάττοντες
1317 4147 1474 4200 ἄλλον
1521 4149 1662 4204 Θεόν.

87 4224 345 4297 Σαμαρεῖς
377 4227 550 4280 ταῦτα
578 4229 1051 4300 ὑπολαμϐάνουσιν
1078 4275 1091 4297 ,
1143 4235 1218 4298 ὡς
1248 4238 1340 4290 καὶ
1375 4239 1529 4291 αὐτοὶ
1580 4239 1666 4292 δο-

86 4316 323 4382 ξάζοντες
355 4322 756 4394 μετεσχηκέναι
780 4324 873 4376 τοῦ
899 4326 1016 4390 ἐνὸς
1037 4327 1192 4381 Θεοῦ.
1228 4331 1290 4381 Οἱ
1330 4330 1437 4383 ἀπὸ
1452 4331 1560 4385 τῶν
1583 4332 1665 4384 αί-

85 4411 274 4478 ρέσεων
306 4413 414 4464 οὐκ
439 4414 796 4486 ἀρεσκόμενοι
825 4415 902 4486 τῷ
955 4419 1158 4486 ἀγαθὸν
1203 4420 1236 4490 ἢ
1284 4421 1490 4476 δίκαιον
1523 4421 1661 4478 εἶναι

1777 3236 1876 3290 tes,
1915 3230 2150 3283 reddens
2184 3240 2400 3299 peccata
2427 3243 2640 3299 patrum
2700 3235 2750 3288 iu
2783 3236 2922 3290 ﬁlios
2952 3237 3004 3291 in
3045 3240 3258 3293 tertiam
3289 3249 3347 3295 et

1775 3324 2022 3379 quartam
2060 3320 2398 3386 progeniem,
2434 3320 2517 3374 his
2547 3324 2635 3391 qui
2668 3325 2895 3378 oderunt
2921 3341 3026 3393 me,
3063 3337 3117 3382 et
3141 3327 3347 3386 faciens

1773 3407 2209 3464 miscricordiam
2246 3412 2298 3465 in
2330 3414 2536 3478 millia,
2587 3417 2669 3470 his
2705 3419 2796 3486 qui
2859 3419 3093 3490 diligunt
3133 3436 3241 3489 me,
3289 3430 3344 3480 et

1772 3509 1990 3552 servant
2023 3513 2295 3572 praecepta
2350 3507 2555 3559 mea".
2597 3526 2616 3559 3
2679 3509 2848 3576 Quem
2910 3527 3016 3565 non
3063 3515 3345 3571 turbarunt

1772 3585 1888 3642 htrc
1921 3589 2122 3643 verba?
2154 3589 2210 3644 Si
2242 3604 2398 3662 pater
2437 3599 2707 3664 peccavit,
2754 3598 2916 3662 filius,
2963 3603 3231 3673 tertiaque
3278 3620 3341 3659 ac

1769 3690 1960 3748 quarta
1983 3687 2270 3754 progenies
2309 3700 2594 3756 peccatum
2640 3694 2851 3762 recipit.
2886 3693 3024 3750 lliuc
3056 3697 3144 3749 alii
3175 3698 3340 3753 Deum

1770 3786 2027 3830 accusant
2057 3779 2147 3847 qui
2172 3779 2316 3848 leges
2351 3783 2518 3850 dedit,
2551 3784 2641 3838 alii
2668 3802 2774 3840 non
2809 3799 3069 3843 accusant
3097 3790 3340 3860 quidem,

1768 3880 1900 3922 vere
1951 3875 2133 3923 tamen
2187 3872 2452 3940 ejusmodi
2513 3876 2760 3943 quaedam
2818 3876 2936 3933 fore
2987 3891 3212 3949 sperant
3276 3899 3339 3940 ac

1767 3969 2088 4031 exspectant
2121 3970 2177 4015 ut
2200 3977 2396 4018 eorum
2431 3979 2657 4035 peccata
2688 3968 2782 4023 lilii
2806 3971 3089 4039 recipiant.
3120 3973 3194 4028 Ita
3211 3990 3338 4029 seu-

1769 4051 1910 4106 tiunt
1941 4051 2134 4117 Judaei,
2172 4063 2226 4108 ut
2256 4065 2436 4110 tamen
2474 4058 2636 4112 alium
2669 4075 2776 4115 non
2804 4062 3098 4118 admittant
3153 4066 3338 4124 deum.

1768 4143 1893 4198 llaec
1923 4145 2034 4213 ipsa
2073 4148 2302 4202 credunt
2334 4148 2751 4220 Samaritaa,qui
2790 4161 2844 4207 et
2899 4154 3000 4224 ipsi
3049 4157 3208 4210 unius
3276 4172 3337 4212 se

1766 4236 1860 4291 Dei
1894 4239 2188 4308 participes
2213 4255 2336 4295 esse
2366 4241 2682 4308 upiuantur.
2708 4241 3194 4314 Haeretici,quihus
3226 4263 3332 4302 uou

1764 4331 1940 4398 placet
1961 4333 2160 4385 bonum
2202 4340 2297 4385 aut
2342 4331 2555 4400 justum
2611 4347 2732 4389 esse
2788 4335 2954 4389 Deum
3000 4352 3183 4405 posse,
3239 4341 3331 4409 qui

1766 4423 1943 4477 reddit
1969 4435 2186 4491 peccata
2221 4416 2435 4496 patrum
2462 4425 2514 4478 iu
2549 4425 2726 4479 sinum
2751 4425 3014 4488 filiorum.
3043 4429 3194 4483 aiunt
3225 4445 3330 4484 non

82 4503 201 4555 Θεὸν
224 4504 514 4567 δύνασθαι,
539 4507 629 4560 τὸν
654 4509 969 4562 ἀποδιδόντα
997 4513 1272 4583 ἁμαρτίας
1299 4517 1548 4588 πατέρων
1580 4519 1658 4582 είς

1780 4531 1884 4571 ιεεθ
1909 4515 2116 4586 justum
2145 4533 2209 4572 ac
2230 4519 2428 4574 bonum
2462 4521 2598 4591 legis
2631 4523 2819 4586 Deum,
2857 4520 2950 4590 qui
2990 4521 3177 4576 reddat
3204 4537 3330 4590 pec-

79 4595 264 4650 κόλπον
291 4599 506 4652 τέκνων
530 4600 728 4658 αὐτῶν.
753 4601 1029 4670 λέγουσιν,
1059 4605 1140 4657 ὅτι
1169 4609 1196 4659 6
1223 4607 1315 4660 τοῦ
1339 4608 1502 4678 νόμου
1527 4609 1658 4673 Θεὸς

79 4688 167 4741 οὐκ
196 4688 312 4744 ἐστι
353 4692 595 4757 δίκαιος,
641 4694 742 4747 οὐκ
791 4695 938 4748 ἔστιν
989 4697 1210 4764 ἀγαθὸς,
1268 4699 1547 4764 ἀποδιδοὺς
1589 4706 1657 4755 τά

77 4781 449 4856 ἁμαρτήματα
475 4786 582 4838 τῶν
615 4786 868 4857 πατέρων
889 4788 982 4841 ἐπὶ
1013 4791 1138 4852 τοὺς
1165 4789 1312 4853 υἱούς
1332 4808 1344 4820 ·
1386 4791 1522 4845 ἀλλά
1570 4811 1656 4857 τις

77 4872 209 4930 ἐστὶν
251 4877 472 4931 ἐκείνου
540 4879 740 4949 μείζων
787 4880 924 4944 θεός.
967 4880 1024 4933 Ὀ
1081 4880 1137 4934 δὲ
1184 4883 1652 4954 ἐκκλησιαστικὸς,

74 4967 182 5020 οὔτε
207 4971 284 5034 ὡς
339 4972 597 5036 Ἰουδαῖος
627 4973 953 5045 σωματικῶς
977 4975 1166 5027 ἀκούει
1189 4975 1295 5028 τῶν
1322 4974 1650 5046 λεγομένων,

71 5060 182 5116 οὔτε
213 5065 288 5128 ὡς
324 5067 608 5137 αίρετικὸς
651 5069 988 5122 ἁναπλάσσει
1028 5069 1203 5134 ἄλλον,
1260 5069 1372 5122 ἀλλ’
1421 5069 1652 5142 ἕστηκεν

68 5153 394 5230 ἀμφοτέρων
427 5159 614 5230 μέσος,
647 5162 740 5215 καὶ
791 5162 939 5231 λέγει
970 5161 1150 5226 καλῶς
1208 5163 1306 5232 μὲν
1333 5162 1505 5216 ταῦτα
1557 5181 1652 5232 γε-

70 5248 328 5318 γράφθαι·
363 5252 465 5304 οὐκ
495 5248 609 5304 οἶδα
659 5253 715 5306 δὲ
746 5253 853 5306 τῶν
902 5254 1304 5325 γεγραμμένων
1363 5255 1454 5308 τὸν
1503 5256 1647 5312 νοῦν.

79 5337 418 5396 Ἀνατείνατε
468 5339 679 5407 οὖντὰς
711 5343 948 5407 διανοίας
1001 5345 1233 5409 πάντες,
1280 5347 1375 5400 καὶ
1423 5349 1651 5418 αἰτήσα-

73 5429 178 5493 σθε,
206 5433 294 5486 ἵνα,
326 5435 459 5503 ὑμῖν
488 5435 811 5507 ἀποκαλύψῃ
843 5437 918 5502 ὡς
942 5439 1144 5508 ἀγαθός
1172 5442 1316 5494 ἐστιν
1346 5481 1360 5504 ,
1403 5441 1431 5494 ὁ
1459 5440 1650 5495 ἀποδι-

67 5522 175 5588 δοὸς
198 5528 488 5597 ἁμαρτίας
519 5529 771 5602 πατέρων
788 5531 877 5586 ἐπὶ
906 5531 1090 5586 τέκνα.
1124 5532 1280 5596 Τίνες
1309 5535 1357 5586 οἱ
1389 5533 1646 5606 πατέρες;

70 5616 185 5688 φέρε
211 5620 318 5683 τὰς
368 5619 593 5692 Γραφάς
618 5623 923 5695 μάρτυραςο
956 5623 1397 5696 ἐξετασθήτωσαν
1438 5627 1506 5678 τὰ
1562 5626 1647 5680 λό-

132 5737 174 5766 ¹⁶
200 5735 384 5792 Exod.
417 5755 529 5805 xw,
566 5742 658 5798 25.

72 5817 176 5871 rm,
204 5807 302 5863 44.

737 5744 778 5776 ¹⁷
817 5741 959 5801 Psal.
997 5758 1205 5807 xxxvu,
1239 5743 1291 5798 5.

1385 5743 1428 5776 η
1464 5741 1628 5800 Hebr.
1661 5759 1740 5814 IV,
1763 5744 1815 5800 9.

1764 4617 1887 4663 cata
1921 4621 2136 4678 patrum
2168 4612 2219 4665 in
2253 4613 2414 4680 ﬁlios,
2447 4616 2542 4669 sed
2569 4613 2732 4668 alium
2763 4613 3055 4682 quemdam
3087 4627 3208 4669 esse
3238 4613 3332 4669 illo

1763 4701 2020 4770 majorem
2062 4703 2240 4757 deum.
2269 4702 2370 4770 Qui
2415 4719 2547 4760 vero
2600 4705 2860 4759 Ecclesia:
2889 4705 3192 4760 doctrinam
3247 4722 3332 4762 se-

1759 4795 1966 4862 quitur,
2025 4811 2124 4849 nec
2173 4793 2344 4849 Judaei
2401 4811 2552 4851 more
2601 4809 2867 4863 corporeo
2914 4809 3078 4850 sensu
3133 4798 3330 4868 accipit

1760 4898 1882 4953 qua:
1907 4885 2181 4951 dicuntur,
2242 4901 2341 4941 nec
2393 4887 2538 4941 sicut
2593 4887 2882 4943 haereticus
2927 4888 3091 4941 alium
3161 4891 3327 4944 Deum

1760 4979 2221 5045 comminiscitur,
2253 4979 2348 5032 sed
2370 4977 2510 5032 inter
2534 4989 2822 5046 utrumque
2855 4981 3064 5034 medius
3107 4980 3328 5046 incedit,

1759 5069 1964 5138 aitque,
2001 5069 2134 5122 bene
2171 5069 2388 5137 quidem
2429 5071 2542 5124 haec
2599 5071 2801 5139 scripta
2826 5085 2969 5136 esse,
3008 5071 3100 5126 sed
3137 5087 3326 5127 eorum

1758 5173 1877 5228 quae
1913 5160 2114 5229 scripta
2146 5171 2272 5214 sunt
2303 5175 2522 5215 sensum
2559 5161 2662 5216 sibi
2687 5177 2792 5216 non
2812 5177 2934 5217 esse
2959 5174 3318 5233 perspectum.

1759 5249 2012 5302 Animqu
2037 5251 2204 5319 igitur
2229 5251 2412 5306 cuncti
2452 5252 2739 5316 advertite.
2775 5263 2831 5307 et
2868 5253 3033 5308 Deum
3065 5264 3221 5308 orate
3264 5264 3325 5308 ut

1757 5342 1916 5396 vobis
1947 5342 2148 5396 revelct
2181 5357 2289 5410 quo
2329 5351 2484 5412 pacto
2513 5343 2688 5398 bonus
2721 5345 2794 5400 sit
2815 5345 2906 5414 qui
2935 5346 3110 5400 reddit
3132 5361 3325 5414 pecca-

1755 5441 1807 5485 ta
1838 5442 2050 5502 patrum
2085 5433 2139 5487 in
2172 5433 2331 5488 tilios.
2396 5435 2629 5501 Quinam
2678 5437 2903 5504 patres?
2951 5446 3114 5492 testes
3169 5436 3325 5490 adhi-

1752 5527 1976 5581 beamus
2008 5527 2318 5596 Scripturas
2355 5544 2369 5592 ;
2423 5543 2579 5582 sacra
2615 5538 2922 5583 scrutemur
2953 5528 3186 5598 eloquia.
3230 5528 3325 5586 Ait

1751 5621 2004 5678 Salvator
2034 5635 2098 5677 ac
2133 5621 2393 5677 Dominus
2412 5619 2567 5677 Jesus
2582 5619 2834 5675 Christus
2858 5621 3320 5690 peccatoribus":

1924 5741 1965 5772 "
2009 5737 2319 5806 Exod.xvtt,
2351 5735 2405 5795 6.
2483 5737 2528 5768 ὀ
2558 5735 2729 5792 Exod.
2757 5750 2851 5802 xx,
2876 5733 2929 5800 5,
2960 5733 3014 5792 6.
3092 5733 3134 5767 ¹¹
3163 5731 3322 5791 Joau.
