  <div class='ocr_page' id='page_1' title='image "/cluster/home/n/w/nwhite01/storage/ocr_20150623/12/hvd.32044019207638/149.png"; bbox 0 0 3902 6550; ppageno 0'>
   <div class='ocr_carea' id='block_1_1' title="bbox 616 335 721 397">
    <p class='ocr_par' dir='ltr' id='par_1_1' title="bbox 616 335 721 397">
     <span class='ocr_line' id='line_1_1' title="bbox 616 335 721 397; baseline 0 0"><span class='ocrx_word' id='word_1_1' title='bbox 616 335 721 397; x_wconf 70' lang='lat'><strong>9.91</strong></span> 
     </span>
    </p>
   </div>
   <div class='ocr_carea' id='block_1_2' title="bbox 2030 318 3743 414">
    <p class='ocr_par' dir='ltr' id='par_1_2' title="bbox 2030 318 3743 414">
     <span class='ocr_line' id='line_1_2' title="bbox 2030 318 3743 414; baseline 0.004 -25"><span class='ocrx_word' id='word_1_2' title='bbox 2030 331 2119 389; x_wconf 71' lang='lat' dir='ltr'><strong>ex</strong></span> <span class='ocrx_word' id='word_1_3' title='bbox 2161 318 2461 390; x_wconf 68' lang='lat' dir='ltr'><strong>unicum;</strong></span> <span class='ocrx_word' id='word_1_4' title='bbox 3668 354 3743 414; x_wconf 53' lang='grc' dir='ltr'><strong>επ</strong></span> 
     </span>
    </p>
   </div>
   <div class='ocr_carea' id='block_1_3' title="bbox 623 432 2195 538">
    <p class='ocr_par' dir='ltr' id='par_1_3' title="bbox 623 447 2195 522">
     <span class='ocr_line' id='line_1_3' title="bbox 623 447 2195 522; baseline -0.004 -13"><span class='ocrx_word' id='word_1_5' title='bbox 623 472 646 510; x_wconf 80' lang='lat' dir='ltr'><strong>r</strong></span> <span class='ocrx_word' id='word_1_6' title='bbox 672 450 783 508; x_wconf 80' lang='lat' dir='ltr'><strong>Vos</strong></span> <span class='ocrx_word' id='word_1_7' title='bbox 803 465 868 508; x_wconf 83' lang='lat' dir='ltr'><strong>ex</strong></span> <span class='ocrx_word' id='word_1_8' title='bbox 892 459 1044 522; x_wconf 89' lang='lat' dir='ltr'><strong>patre</strong></span> <span class='ocrx_word' id='word_1_9' title='bbox 1066 447 1284 505; x_wconf 85' lang='lat' dir='ltr'><strong>diabolo</strong></span> <span class='ocrx_word' id='word_1_10' title='bbox 1329 448 1481 516; x_wconf 91' lang='lat' dir='ltr'><strong>estis,</strong></span> <span class='ocrx_word' id='word_1_11' title='bbox 1512 449 1673 522; x_wconf 76' lang='lat'><strong>126</strong></span> <span class='ocrx_word' id='word_1_12' title='bbox 1707 459 1758 505; x_wconf 87' lang='lat' dir='ltr'><strong>et</strong></span> <span class='ocrx_word' id='word_1_13' title='bbox 1797 449 2062 505; x_wconf 85' lang='lat' dir='ltr'><strong>desideria</strong></span> <span class='ocrx_word' id='word_1_14' title='bbox 2096 464 2195 518; x_wconf 87' lang='lat' dir='ltr'><strong>pa-</strong></span> 
     </span>
    </p>
   </div>
   <div class='ocr_carea' id='block_1_4' title="bbox 2299 432 3745 538">
    <p class='ocr_par' dir='ltr' id='par_1_4' title="bbox 2299 432 3745 538">
     <span class='ocr_line' id='line_1_4' title="bbox 2299 432 3745 538; baseline 0.01 -39"><span class='ocrx_word' id='word_1_15' title='bbox 2299 465 2395 517; x_wconf 88' lang='grc' dir='ltr'><strong>για</strong></span> <span class='ocrx_word' id='word_1_16' title='bbox 2418 447 2485 501; x_wconf 83' lang='grc' dir='ltr'>τὰ</span> <span class='ocrx_word' id='word_1_17' title='bbox 2512 444 2651 519; x_wconf 81' lang='grc' dir='ltr'>ίερά.</span> <span class='ocrx_word' id='word_1_18' title='bbox 2676 444 2839 538; x_wconf 86' lang='grc' dir='ltr'>Λέγει</span> <span class='ocrx_word' id='word_1_19' title='bbox 2861 432 2889 499; x_wconf 93' lang='lat'><strong>6</strong></span> <span class='ocrx_word' id='word_1_20' title='bbox 2914 443 3109 538; x_wconf 58' lang='grc' dir='ltr'>Σωτὴρ</span> <span class='ocrx_word' id='word_1_21' title='bbox 3130 442 3437 538; x_wconf 36' lang='grc' dir='ltr'>καὶ-Κύριος</span> <span class='ocrx_word' id='word_1_22' title='bbox 3480 451 3640 525; x_wconf 78' lang='grc' dir='ltr'><strong>Ἰηςοῦς</strong></span> <span class='ocrx_word' id='word_1_23' title='bbox 3662 464 3745 538; x_wconf 73' lang='grc' dir='ltr'><strong>Χμ.</strong></span> 
     </span>
    </p>
   </div>
   <div class='ocr_carea' id='block_1_5' title="bbox 621 541 2187 606">
    <p class='ocr_par' dir='ltr' id='par_1_5' title="bbox 621 541 2187 606">
     <span class='ocr_line' id='line_1_5' title="bbox 621 541 2187 606; baseline -0.004 -4"><span class='ocrx_word' id='word_1_24' title='bbox 621 546 720 602; x_wconf 87' lang='lat' dir='ltr'><strong>tris</strong></span> <span class='ocrx_word' id='word_1_25' title='bbox 751 544 912 601; x_wconf 87' lang='lat' dir='ltr'><strong>vestri</strong></span> <span class='ocrx_word' id='word_1_26' title='bbox 949 543 1111 597; x_wconf 85' lang='lat' dir='ltr'><strong>vultis</strong></span> <span class='ocrx_word' id='word_1_27' title='bbox 1137 543 1339 601; x_wconf 81' lang='lat' dir='ltr'><strong>facere.</strong></span> <span class='ocrx_word' id='word_1_28' title='bbox 1372 541 1469 598; x_wconf 82' lang='lat' dir='ltr'><strong>Ille</strong></span> <span class='ocrx_word' id='word_1_29' title='bbox 1502 543 1772 598; x_wconf 82' lang='lat' dir='ltr'><strong>homicida</strong></span> <span class='ocrx_word' id='word_1_30' title='bbox 1800 550 1884 597; x_wconf 92' lang='lat' dir='ltr'><strong>est</strong></span> <span class='ocrx_word' id='word_1_31' title='bbox 1917 543 1984 596; x_wconf 88' lang='lat' dir='ltr'><strong>ab</strong></span> <span class='ocrx_word' id='word_1_32' title='bbox 2011 542 2187 606; x_wconf 91' lang='lat' dir='ltr'><strong>initio,</strong></span> 
     </span>
    </p>
   </div>
   <div class='ocr_carea' id='block_1_6' title="bbox 617 635 2191 707">
    <p class='ocr_par' dir='ltr' id='par_1_6' title="bbox 617 635 2191 707">
     <span class='ocr_line' id='line_1_6' title="bbox 617 635 2191 707; baseline -0.001 -17"><span class='ocrx_word' id='word_1_33' title='bbox 617 647 674 691; x_wconf 89' lang='lat' dir='ltr'><strong>et</strong></span> <span class='ocrx_word' id='word_1_34' title='bbox 702 638 753 691; x_wconf 91' lang='lat' dir='ltr'><strong>in</strong></span> <span class='ocrx_word' id='word_1_35' title='bbox 778 636 1004 690; x_wconf 91' lang='lat' dir='ltr'><strong>veritate</strong></span> <span class='ocrx_word' id='word_1_36' title='bbox 1029 651 1133 690; x_wconf 90' lang='lat' dir='ltr'><strong>non</strong></span> <span class='ocrx_word' id='word_1_37' title='bbox 1162 637 1337 692; x_wconf 88' lang='lat' dir='ltr'><strong>stetit.</strong></span> <span class='ocrx_word' id='word_1_38' title='bbox 1390 654 1412 689; x_wconf 72' lang='grc' dir='ltr'>ι</span> <span class='ocrx_word' id='word_1_39' title='bbox 1441 635 1582 707; x_wconf 86' lang='lat' dir='ltr'><strong>Ergo</strong></span> <span class='ocrx_word' id='word_1_40' title='bbox 1604 636 1647 691; x_wconf 90' lang='lat' dir='ltr'><strong>si</strong></span> <span class='ocrx_word' id='word_1_41' title='bbox 1690 635 1816 705; x_wconf 83' lang='lat' dir='ltr'><strong>quis</strong></span> <span class='ocrx_word' id='word_1_42' title='bbox 1852 642 2063 703; x_wconf 90' lang='lat' dir='ltr'><strong>peccat.</strong></span> <span class='ocrx_word' id='word_1_43' title='bbox 2123 648 2191 688; x_wconf 76' lang='lat' dir='ltr'><strong>ex</strong></span> 
     </span>
    </p>
   </div>
   <div class='ocr_carea' id='block_1_7' title="bbox 616 724 2191 798">
    <p class='ocr_par' dir='ltr' id='par_1_7' title="bbox 616 724 2191 798">
     <span class='ocr_line' id='line_1_7' title="bbox 616 724 2191 798; baseline -0.001 -19"><span class='ocrx_word' id='word_1_44' title='bbox 616 738 773 798; x_wconf 82' lang='lat' dir='ltr'><strong>patre</strong></span> <span class='ocrx_word' id='word_1_45' title='bbox 797 724 1014 782; x_wconf 88' lang='lat' dir='ltr'><strong>diabolo</strong></span> <span class='ocrx_word' id='word_1_46' title='bbox 1039 735 1142 794; x_wconf 91' lang='lat' dir='ltr'><strong>est,</strong></span> <span class='ocrx_word' id='word_1_47' title='bbox 1173 741 1402 797; x_wconf 84' lang='lat' dir='ltr'><strong>eamque</strong></span> <span class='ocrx_word' id='word_1_48' title='bbox 1433 730 1503 780; x_wconf 89' lang='lat' dir='ltr'><strong>ob</strong></span> <span class='ocrx_word' id='word_1_49' title='bbox 1562 741 1676 780; x_wconf 91' lang='lat' dir='ltr'><strong>rem</strong></span> <span class='ocrx_word' id='word_1_50' title='bbox 1740 733 2024 793; x_wconf 85' lang='lat' dir='ltr'><strong>peccatum</strong></span> <span class='ocrx_word' id='word_1_51' title='bbox 2080 724 2191 778; x_wconf 86' lang='lat' dir='ltr'><strong>dia-</strong></span> 
     </span>
    </p>
   </div>
   <div class='ocr_carea' id='block_1_8' title="bbox 615 816 2190 888">
    <p class='ocr_par' dir='ltr' id='par_1_8' title="bbox 615 816 2190 888">
     <span class='ocr_line' id='line_1_8' title="bbox 615 816 2190 888; baseline -0.002 -14"><span class='ocrx_word' id='word_1_52' title='bbox 615 818 722 874; x_wconf 83' lang='lat' dir='ltr'><strong>boli</strong></span> <span class='ocrx_word' id='word_1_53' title='bbox 750 820 801 874; x_wconf 92' lang='lat' dir='ltr'><strong>in</strong></span> <span class='ocrx_word' id='word_1_54' title='bbox 832 817 1000 873; x_wconf 85' lang='lat' dir='ltr'><strong>ﬁlium</strong></span> <span class='ocrx_word' id='word_1_55' title='bbox 1040 819 1304 874; x_wconf 78' lang='lat' dir='ltr'><strong>redditur.</strong></span> <span class='ocrx_word' id='word_1_56' title='bbox 1330 819 1422 874; x_wconf 89' lang='lat' dir='ltr'><strong>Ille</strong></span> <span class='ocrx_word' id='word_1_57' title='bbox 1451 819 1659 888; x_wconf 89' lang='lat' dir='ltr'><strong>primus</strong></span> <span class='ocrx_word' id='word_1_58' title='bbox 1682 826 1934 887; x_wconf 80' lang='lat' dir='ltr'><strong>peccator</strong></span> <span class='ocrx_word' id='word_1_59' title='bbox 1965 826 2067 883; x_wconf 87' lang='lat' dir='ltr'><strong>est,</strong></span> <span class='ocrx_word' id='word_1_60' title='bbox 2101 816 2190 887; x_wconf 89' lang='lat' dir='ltr'><strong>qui</strong></span> 
     </span>
    </p>
   </div>
   <div class='ocr_carea' id='block_1_9' title="bbox 617 912 2190 983">
    <p class='ocr_par' dir='ltr' id='par_1_9' title="bbox 617 912 2190 983">
     <span class='ocr_line' id='line_1_9' title="bbox 617 912 2190 983; baseline -0.001 -16"><span class='ocrx_word' id='word_1_61' title='bbox 617 912 747 967; x_wconf 85' lang='lat' dir='ltr'><strong>mihi</strong></span> <span class='ocrx_word' id='word_1_62' title='bbox 776 923 1057 981; x_wconf 82' lang='lat' dir='ltr'><strong>peccatum</strong></span> <span class='ocrx_word' id='word_1_63' title='bbox 1097 915 1380 983; x_wconf 80' lang='lat' dir='ltr'><strong>suggerit:</strong></span> <span class='ocrx_word' id='word_1_64' title='bbox 1406 928 1508 982; x_wconf 83' lang='lat' dir='ltr'><strong>ego</strong></span> <span class='ocrx_word' id='word_1_65' title='bbox 1539 921 1720 966; x_wconf 90' lang='lat' dir='ltr'><strong>autem</strong></span> <span class='ocrx_word' id='word_1_66' title='bbox 1759 913 2034 967; x_wconf 87' lang='lat' dir='ltr'><strong>secundus</strong></span> <span class='ocrx_word' id='word_1_67' title='bbox 2071 927 2190 966; x_wconf 91' lang='lat' dir='ltr'><strong>sum</strong></span> 
     </span>
    </p>
   </div>
   <div class='ocr_carea' id='block_1_10' title="bbox 616 1003 2192 1075">
    <p class='ocr_par' dir='ltr' id='par_1_10' title="bbox 616 1003 2192 1075">
     <span class='ocr_line' id='line_1_10' title="bbox 616 1003 2192 1075; baseline -0.001 -17"><span class='ocrx_word' id='word_1_68' title='bbox 616 1013 892 1075; x_wconf 87' lang='lat' dir='ltr'><strong>peccator,</strong></span> <span class='ocrx_word' id='word_1_69' title='bbox 926 1004 1017 1072; x_wconf 88' lang='lat' dir='ltr'><strong>qui</strong></span> <span class='ocrx_word' id='word_1_70' title='bbox 1053 1004 1196 1060; x_wconf 92' lang='lat' dir='ltr'><strong>illius</strong></span> <span class='ocrx_word' id='word_1_71' title='bbox 1234 1004 1516 1059; x_wconf 87' lang='lat' dir='ltr'><strong>consilium</strong></span> <span class='ocrx_word' id='word_1_72' title='bbox 1576 1018 1683 1059; x_wconf 89' lang='lat' dir='ltr'><strong>non</strong></span> <span class='ocrx_word' id='word_1_73' title='bbox 1746 1003 2052 1072; x_wconf 87' lang='lat' dir='ltr'><strong>rejecertm,</strong></span> <span class='ocrx_word' id='word_1_74' title='bbox 2100 1003 2192 1057; x_wconf 90' lang='lat' dir='ltr'><strong>sed</strong></span> 
     </span>
    </p>
   </div>
   <div class='ocr_carea' id='block_1_11' title="bbox 616 1083 2195 1166">
    <p class='ocr_par' dir='ltr' id='par_1_11' title="bbox 616 1083 2195 1166">
     <span class='ocr_line' id='line_1_11' title="bbox 616 1083 2195 1166; baseline -0.004 -15"><span class='ocrx_word' id='word_1_75' title='bbox 616 1097 762 1151; x_wconf 89' lang='lat' dir='ltr'><strong>illius</strong></span> <span class='ocrx_word' id='word_1_76' title='bbox 792 1097 901 1150; x_wconf 87' lang='lat' dir='ltr'><strong>vim</strong></span> <span class='ocrx_word' id='word_1_77' title='bbox 924 1097 1245 1166; x_wconf 84' lang='lat' dir='ltr'><strong>receperim,</strong></span> <span class='ocrx_word' id='word_1_78' title='bbox 1279 1112 1400 1151; x_wconf 91' lang='lat' dir='ltr'><strong>cum</strong></span> <span class='ocrx_word' id='word_1_79' title='bbox 1472 1104 1617 1150; x_wconf 86' lang='lat' dir='ltr'><strong>stare</strong></span> <span class='ocrx_word' id='word_1_80' title='bbox 1662 1083 1941 1151; x_wconf 77' lang='lat' dir='ltr'><strong>debuerim</strong></span> <span class='ocrx_word' id='word_1_81' title='bbox 1994 1095 2195 1150; x_wconf 87' lang='lat' dir='ltr'><strong>instru-</strong></span> 
     </span>
    </p>
   </div>
   <div class='ocr_carea' id='block_1_12' title="bbox 617 1187 2193 1254">
    <p class='ocr_par' dir='ltr' id='par_1_12' title="bbox 617 1187 2193 1254">
     <span class='ocr_line' id='line_1_12' title="bbox 617 1187 2193 1254; baseline -0.001 -11"><span class='ocrx_word' id='word_1_82' title='bbox 617 1198 737 1244; x_wconf 86' lang='lat' dir='ltr'><strong>ctus</strong></span> <span class='ocrx_word' id='word_1_83' title='bbox 767 1196 1039 1243; x_wconf 76' lang='lat' dir='ltr'><strong>armatura</strong></span> <span class='ocrx_word' id='word_1_84' title='bbox 1074 1188 1188 1249; x_wconf 86' lang='lat' dir='ltr'><strong>Dei.</strong></span> <span class='ocrx_word' id='word_1_85' title='bbox 1214 1198 1268 1243; x_wconf 92' lang='lat' dir='ltr'><strong>et</strong></span> <span class='ocrx_word' id='word_1_86' title='bbox 1319 1188 1524 1243; x_wconf 79' lang='lat' dir='ltr'><strong>habens</strong></span> <span class='ocrx_word' id='word_1_87' title='bbox 1553 1197 1760 1243; x_wconf 90' lang='lat' dir='ltr'><strong>scutum</strong></span> <span class='ocrx_word' id='word_1_88' title='bbox 1819 1187 1974 1254; x_wconf 89' lang='lat' dir='ltr'><strong>lidei,</strong></span> <span class='ocrx_word' id='word_1_89' title='bbox 2003 1197 2058 1241; x_wconf 89' lang='lat' dir='ltr'><strong>ut</strong></span> <span class='ocrx_word' id='word_1_90' title='bbox 2092 1188 2193 1241; x_wconf 88' lang='lat' dir='ltr'><strong>tela</strong></span> 
     </span>
    </p>
   </div>
   <div class='ocr_carea' id='block_1_13' title="bbox 616 1277 2194 1348">
    <p class='ocr_par' dir='ltr' id='par_1_13' title="bbox 616 1277 2194 1348">
     <span class='ocr_line' id='line_1_13' title="bbox 616 1277 2194 1348; baseline -0.001 -15"><span class='ocrx_word' id='word_1_91' title='bbox 616 1280 800 1333; x_wconf 84' lang='lat' dir='ltr'><strong>omnia</strong></span> <span class='ocrx_word' id='word_1_92' title='bbox 832 1279 996 1348; x_wconf 87' lang='lat' dir='ltr'><strong>ignita</strong></span> <span class='ocrx_word' id='word_1_93' title='bbox 1036 1277 1355 1346; x_wconf 82' lang='lat' dir='ltr'><strong>nequissimi</strong></span> <span class='ocrx_word' id='word_1_94' title='bbox 1391 1280 1443 1332; x_wconf 88' lang='lat' dir='ltr'><strong>in</strong></span> <span class='ocrx_word' id='word_1_95' title='bbox 1477 1293 1609 1332; x_wconf 73' lang='lat' dir='ltr'><strong>mea:</strong></span> <span class='ocrx_word' id='word_1_96' title='bbox 1636 1278 1759 1333; x_wconf 90' lang='lat' dir='ltr'><strong>ﬁdei</strong></span> <span class='ocrx_word' id='word_1_97' title='bbox 1789 1290 1946 1333; x_wconf 89' lang='lat' dir='ltr'><strong>scuto</strong></span> <span class='ocrx_word' id='word_1_98' title='bbox 1989 1279 2194 1333; x_wconf 80' lang='lat' dir='ltr'><strong>exstin-</strong></span> 
     </span>
    </p>
   </div>
   <div class='ocr_carea' id='block_1_14' title="bbox 617 1368 2194 1438">
    <p class='ocr_par' dir='ltr' id='par_1_14' title="bbox 617 1368 2194 1438">
     <span class='ocr_line' id='line_1_14' title="bbox 617 1368 2194 1438; baseline -0.001 -15"><span class='ocrx_word' id='word_1_99' title='bbox 617 1384 837 1438; x_wconf 84' lang='lat' dir='ltr'><strong>guerem</strong></span> <span class='ocrx_word' id='word_1_100' title='bbox 874 1370 942 1424; x_wconf 83' lang='lat'><strong>&quot;.</strong></span> <span class='ocrx_word' id='word_1_101' title='bbox 972 1369 1106 1423; x_wconf 87' lang='lat' dir='ltr'><strong>Cum</strong></span> <span class='ocrx_word' id='word_1_102' title='bbox 1139 1368 1305 1438; x_wconf 80' lang='lat' dir='ltr'><strong>igitur</strong></span> <span class='ocrx_word' id='word_1_103' title='bbox 1338 1384 1526 1437; x_wconf 87' lang='lat' dir='ltr'><strong>pecco,</strong></span> <span class='ocrx_word' id='word_1_104' title='bbox 1560 1386 1679 1437; x_wconf 72' lang='lat' dir='ltr'><strong>qua:</strong></span> <span class='ocrx_word' id='word_1_105' title='bbox 1712 1380 1840 1423; x_wconf 88' lang='lat' dir='ltr'><strong>sunt</strong></span> <span class='ocrx_word' id='word_1_106' title='bbox 1866 1369 2065 1423; x_wconf 88' lang='lat' dir='ltr'><strong>diaboli</strong></span> <span class='ocrx_word' id='word_1_107' title='bbox 2115 1368 2194 1421; x_wconf 85' lang='lat' dir='ltr'><strong>l&#39;a-</strong></span> 
     </span>
    </p>
   </div>
   <div class='ocr_carea' id='block_1_15' title="bbox 619 1459 2195 1533">
    <p class='ocr_par' dir='ltr' id='par_1_15' title="bbox 619 1459 2195 1533">
     <span class='ocr_line' id='line_1_15' title="bbox 619 1459 2195 1533; baseline -0.004 -15"><span class='ocrx_word' id='word_1_108' title='bbox 619 1463 726 1529; x_wconf 87' lang='lat' dir='ltr'><strong>cio,</strong></span> <span class='ocrx_word' id='word_1_109' title='bbox 766 1463 854 1532; x_wconf 90' lang='lat' dir='ltr'><strong>qui</strong></span> <span class='ocrx_word' id='word_1_110' title='bbox 884 1463 935 1516; x_wconf 91' lang='lat' dir='ltr'><strong>in</strong></span> <span class='ocrx_word' id='word_1_111' title='bbox 969 1478 1065 1516; x_wconf 87' lang='lat' dir='ltr'><strong>cur</strong></span> <span class='ocrx_word' id='word_1_112' title='bbox 1096 1462 1245 1515; x_wconf 85' lang='lat' dir='ltr'><strong>misit</strong></span> <span class='ocrx_word' id='word_1_113' title='bbox 1274 1470 1334 1514; x_wconf 91' lang='lat' dir='ltr'><strong>ut</strong></span> <span class='ocrx_word' id='word_1_114' title='bbox 1363 1463 1466 1516; x_wconf 93' lang='lat' dir='ltr'><strong>hoc</strong></span> <span class='ocrx_word' id='word_1_115' title='bbox 1492 1464 1573 1516; x_wconf 92' lang='lat' dir='ltr'><strong>vel</strong></span> <span class='ocrx_word' id='word_1_116' title='bbox 1613 1463 1742 1517; x_wconf 92' lang='lat' dir='ltr'><strong>illud</strong></span> <span class='ocrx_word' id='word_1_117' title='bbox 1792 1472 2072 1533; x_wconf 84' lang='lat' dir='ltr'><strong>peccatum</strong></span> <span class='ocrx_word' id='word_1_118' title='bbox 2114 1459 2195 1513; x_wconf 79' lang='lat' dir='ltr'><strong>fa-</strong></span> 
     </span>
    </p>
   </div>
   <div class='ocr_carea' id='block_1_16' title="bbox 619 1549 2194 1619">
    <p class='ocr_par' dir='ltr' id='par_1_16' title="bbox 619 1549 2194 1619">
     <span class='ocr_line' id='line_1_16' title="bbox 619 1549 2194 1619; baseline -0.004 -11"><span class='ocrx_word' id='word_1_119' title='bbox 619 1552 1088 1608; x_wconf 87' lang='lat' dir='ltr'><strong>cerem.Primutn</strong></span> <span class='ocrx_word' id='word_1_120' title='bbox 1118 1550 1233 1619; x_wconf 79' lang='lat' dir='ltr'><strong>ejus</strong></span> <span class='ocrx_word' id='word_1_121' title='bbox 1278 1550 1482 1619; x_wconf 87' lang='lat' dir='ltr'><strong>recipio</strong></span> <span class='ocrx_word' id='word_1_122' title='bbox 1534 1549 1808 1618; x_wconf 91' lang='lat' dir='ltr'><strong>jaculum,</strong></span> <span class='ocrx_word' id='word_1_123' title='bbox 1864 1559 2082 1618; x_wconf 92' lang='lat' dir='ltr'><strong>tumque</strong></span> <span class='ocrx_word' id='word_1_124' title='bbox 2129 1562 2194 1601; x_wconf 81' lang='lat' dir='ltr'><strong>eo</strong></span> 
     </span>
    </p>
   </div>
   <div class='ocr_carea' id='block_1_17' title="bbox 622 1638 2193 1713">
    <p class='ocr_par' dir='ltr' id='par_1_17' title="bbox 622 1638 2193 1713">
     <span class='ocr_line' id='line_1_17' title="bbox 622 1638 2193 1713; baseline -0.007 -12"><span class='ocrx_word' id='word_1_125' title='bbox 622 1659 865 1713; x_wconf 86' lang='lat' dir='ltr'><strong>recepto,</strong></span> <span class='ocrx_word' id='word_1_126' title='bbox 897 1644 1064 1699; x_wconf 89' lang='lat' dir='ltr'><strong>etiam</strong></span> <span class='ocrx_word' id='word_1_127' title='bbox 1124 1642 1273 1695; x_wconf 92' lang='lat' dir='ltr'><strong>illum</strong></span> <span class='ocrx_word' id='word_1_128' title='bbox 1305 1641 1558 1695; x_wconf 87' lang='lat' dir='ltr'><strong>admitto.</strong></span> <span class='ocrx_word' id='word_1_129' title='bbox 1611 1641 1744 1695; x_wconf 82' lang='lat' dir='ltr'><strong>Nam</strong></span> <span class='ocrx_word' id='word_1_130' title='bbox 1796 1640 1865 1695; x_wconf 91' lang='lat' dir='ltr'><strong>de</strong></span> <span class='ocrx_word' id='word_1_131' title='bbox 1928 1638 2063 1692; x_wconf 86' lang='lat' dir='ltr'><strong>Juda</strong></span> <span class='ocrx_word' id='word_1_132' title='bbox 2122 1638 2193 1691; x_wconf 86' lang='lat' dir='ltr'><strong>ita</strong></span> 
     </span>
    </p>
   </div>
   <div class='ocr_carea' id='block_1_18' title="bbox 616 1733 2195 1808">
    <p class='ocr_par' dir='ltr' id='par_1_18' title="bbox 616 1733 2195 1808">
     <span class='ocr_line' id='line_1_18' title="bbox 616 1733 2195 1808; baseline -0.006 -17"><span class='ocrx_word' id='word_1_133' title='bbox 616 1752 832 1808; x_wconf 87' lang='lat' dir='ltr'><strong>quoque</strong></span> <span class='ocrx_word' id='word_1_134' title='bbox 861 1737 1122 1806; x_wconf 84' lang='lat' dir='ltr'><strong>scriptum</strong></span> <span class='ocrx_word' id='word_1_135' title='bbox 1148 1744 1256 1799; x_wconf 83' lang='lat' dir='ltr'><strong>est,</strong></span> <span class='ocrx_word' id='word_1_136' title='bbox 1290 1750 1395 1787; x_wconf 92' lang='lat' dir='ltr'><strong>non</strong></span> <span class='ocrx_word' id='word_1_137' title='bbox 1436 1734 1672 1803; x_wconf 86' lang='lat' dir='ltr'><strong>primum</strong></span> <span class='ocrx_word' id='word_1_138' title='bbox 1710 1733 2010 1801; x_wconf 88' lang='lat' dir='ltr'><strong>ingressum</strong></span> <span class='ocrx_word' id='word_1_139' title='bbox 2074 1744 2195 1784; x_wconf 84' lang='lat' dir='ltr'><strong>esse</strong></span> 
     </span>
    </p>
   </div>
   <div class='ocr_carea' id='block_1_19' title="bbox 618 1805 2269 1892">
    <p class='ocr_par' dir='ltr' id='par_1_19' title="bbox 618 1805 2269 1892">
     <span class='ocr_line' id='line_1_19' title="bbox 618 1805 2269 1892; baseline -0.007 -9"><span class='ocrx_word' id='word_1_140' title='bbox 618 1805 877 1883; x_wconf 68' lang='lat' dir='ltr'><strong>Satanam</strong></span> <span class='ocrx_word' id='word_1_141' title='bbox 917 1805 984 1881; x_wconf 85' lang='lat' dir='ltr'><strong>in</strong></span> <span class='ocrx_word' id='word_1_142' title='bbox 1009 1842 1156 1889; x_wconf 75' lang='lat' dir='ltr'><strong>etim,</strong></span> <span class='ocrx_word' id='word_1_143' title='bbox 1188 1825 1283 1879; x_wconf 89' lang='lat' dir='ltr'><strong>sed</strong></span> <span class='ocrx_word' id='word_1_144' title='bbox 1314 1825 1546 1892; x_wconf 89' lang='lat' dir='ltr'><strong>primum</strong></span> <span class='ocrx_word' id='word_1_145' title='bbox 1599 1838 1723 1877; x_wconf 90' lang='lat' dir='ltr'><strong>cum</strong></span> <span class='ocrx_word' id='word_1_146' title='bbox 1776 1823 2025 1878; x_wconf 89' lang='lat' dir='ltr'><strong>diabolus</strong></span> <span class='ocrx_word' id='word_1_147' title='bbox 2081 1820 2189 1890; x_wconf 87' lang='lat' dir='ltr'><strong>jam</strong></span> <span class='ocrx_word' id='word_1_148' title='bbox 2229 1805 2269 1860; x_wconf 81' lang='grc' dir='ltr'>Β</span> 
     </span>
    </p>
   </div>
   <div class='ocr_carea' id='block_1_20' title="bbox 617 1913 2196 1976">
    <p class='ocr_par' dir='ltr' id='par_1_20' title="bbox 617 1913 2196 1976">
     <span class='ocr_line' id='line_1_20' title="bbox 617 1913 2196 1976; baseline -0.006 0"><span class='ocrx_word' id='word_1_149' title='bbox 617 1921 856 1976; x_wconf 84' lang='lat' dir='ltr'><strong>misisset</strong></span> <span class='ocrx_word' id='word_1_150' title='bbox 885 1920 937 1973; x_wconf 92' lang='lat' dir='ltr'><strong>in</strong></span> <span class='ocrx_word' id='word_1_151' title='bbox 974 1934 1068 1972; x_wconf 93' lang='lat' dir='ltr'><strong>cor</strong></span> <span class='ocrx_word' id='word_1_152' title='bbox 1108 1927 1164 1971; x_wconf 92' lang='lat' dir='ltr'><strong>ut</strong></span> <span class='ocrx_word' id='word_1_153' title='bbox 1202 1919 1441 1970; x_wconf 85' lang='lat' dir='ltr'><strong>traderet</strong></span> <span class='ocrx_word' id='word_1_154' title='bbox 1485 1930 1607 1970; x_wconf 91' lang='lat' dir='ltr'><strong>eum</strong></span> <span class='ocrx_word' id='word_1_155' title='bbox 1633 1914 1803 1969; x_wconf 85' lang='lat' dir='ltr'><strong>Judas</strong></span> <span class='ocrx_word' id='word_1_156' title='bbox 1833 1914 2021 1968; x_wconf 85' lang='lat' dir='ltr'><strong>Simon</strong></span> <span class='ocrx_word' id='word_1_157' title='bbox 2058 1913 2196 1967; x_wconf 84' lang='lat' dir='ltr'><strong>lsca-</strong></span> 
     </span>
    </p>
   </div>
   <div class='ocr_carea' id='block_1_21' title="bbox 617 2003 2196 2078">
    <p class='ocr_par' dir='ltr' id='par_1_21' title="bbox 617 2003 2196 2078">
     <span class='ocr_line' id='line_1_21' title="bbox 617 2003 2196 2078; baseline -0.008 -11"><span class='ocrx_word' id='word_1_158' title='bbox 617 2011 810 2073; x_wconf 84' lang='lat' dir='ltr'><strong>riotcs,</strong></span> <span class='ocrx_word' id='word_1_159' title='bbox 845 2020 955 2062; x_wconf 91' lang='lat' dir='ltr'><strong>tum</strong></span> <span class='ocrx_word' id='word_1_160' title='bbox 982 2015 1104 2078; x_wconf 89' lang='lat' dir='ltr'><strong>post</strong></span> <span class='ocrx_word' id='word_1_161' title='bbox 1157 2005 1453 2061; x_wconf 88' lang='lat' dir='ltr'><strong>buccellam</strong></span> <span class='ocrx_word' id='word_1_162' title='bbox 1484 2005 1537 2059; x_wconf 92' lang='lat' dir='ltr'><strong>in</strong></span> <span class='ocrx_word' id='word_1_163' title='bbox 1579 2020 1702 2058; x_wconf 91' lang='lat' dir='ltr'><strong>eum</strong></span> <span class='ocrx_word' id='word_1_164' title='bbox 1736 2003 2013 2056; x_wconf 86' lang='lat' dir='ltr'><strong>inlroiisse</strong></span> <span class='ocrx_word' id='word_1_165' title='bbox 2040 2003 2196 2055; x_wconf 88' lang='lat' dir='ltr'><strong>Sata-</strong></span> 
     </span>
    </p>
   </div>
   <div class='ocr_carea' id='block_1_22' title="bbox 617 2088 2194 2172">
    <p class='ocr_par' dir='ltr' id='par_1_22' title="bbox 617 2088 2194 2172">
     <span class='ocr_line' id='line_1_22' title="bbox 617 2088 2194 2172; baseline -0.011 -13"><span class='ocrx_word' id='word_1_166' title='bbox 617 2119 764 2159; x_wconf 86' lang='lat' dir='ltr'><strong>nam.</strong></span> <span class='ocrx_word' id='word_1_167' title='bbox 796 2102 937 2172; x_wconf 85' lang='lat' dir='ltr'><strong>Ergo</strong></span> <span class='ocrx_word' id='word_1_168' title='bbox 963 2102 1004 2155; x_wconf 85' lang='lat' dir='ltr'><strong>si</strong></span> <span class='ocrx_word' id='word_1_169' title='bbox 1038 2108 1260 2154; x_wconf 90' lang='lat' dir='ltr'><strong>sanctus</strong></span> <span class='ocrx_word' id='word_1_170' title='bbox 1292 2114 1412 2153; x_wconf 88' lang='lat' dir='ltr'><strong>sum</strong></span> <span class='ocrx_word' id='word_1_171' title='bbox 1444 2137 1459 2164; x_wconf 92' lang='lat'><strong>,</strong></span> <span class='ocrx_word' id='word_1_172' title='bbox 1511 2105 1723 2167; x_wconf 85' lang='lat' dir='ltr'><strong>patrem</strong></span> <span class='ocrx_word' id='word_1_173' title='bbox 1771 2092 1946 2150; x_wconf 83' lang='lat' dir='ltr'><strong>habeo</strong></span> <span class='ocrx_word' id='word_1_174' title='bbox 1994 2088 2194 2159; x_wconf 85' lang='lat' dir='ltr'><strong>Deum;</strong></span> 
     </span>
    </p>
   </div>
   <div class='ocr_carea' id='block_1_23' title="bbox 614 2184 2193 2262">
    <p class='ocr_par' dir='ltr' id='par_1_23' title="bbox 614 2184 2193 2262">
     <span class='ocr_line' id='line_1_23' title="bbox 614 2184 2193 2262; baseline -0.011 -9"><span class='ocrx_word' id='word_1_175' title='bbox 614 2197 700 2253; x_wconf 75' lang='lat' dir='ltr'><strong>sin</strong></span> <span class='ocrx_word' id='word_1_176' title='bbox 729 2204 909 2249; x_wconf 88' lang='lat' dir='ltr'><strong>autem</strong></span> <span class='ocrx_word' id='word_1_177' title='bbox 936 2209 1054 2248; x_wconf 86' lang='lat' dir='ltr'><strong>smn</strong></span> <span class='ocrx_word' id='word_1_178' title='bbox 1100 2199 1382 2262; x_wconf 78' lang='lat' dir='ltr'><strong>peccator,</strong></span> <span class='ocrx_word' id='word_1_179' title='bbox 1412 2198 1624 2260; x_wconf 87' lang='lat' dir='ltr'><strong>patrem</strong></span> <span class='ocrx_word' id='word_1_180' title='bbox 1685 2187 1859 2243; x_wconf 82' lang='lat' dir='ltr'><strong>habeo</strong></span> <span class='ocrx_word' id='word_1_181' title='bbox 1897 2184 2193 2246; x_wconf 87' lang='lat' dir='ltr'><strong>diabolum,</strong></span> 
     </span>
    </p>
   </div>
   <div class='ocr_carea' id='block_1_24' title="bbox 614 2277 2191 2354">
    <p class='ocr_par' dir='ltr' id='par_1_24' title="bbox 614 2277 2191 2354">
     <span class='ocr_line' id='line_1_24' title="bbox 614 2277 2191 2354; baseline -0.013 -8"><span class='ocrx_word' id='word_1_182' title='bbox 614 2290 745 2354; x_wconf 90' lang='lat' dir='ltr'><strong>imo,</strong></span> <span class='ocrx_word' id='word_1_183' title='bbox 777 2302 899 2343; x_wconf 87' lang='lat' dir='ltr'><strong>eum</strong></span> <span class='ocrx_word' id='word_1_184' title='bbox 925 2287 1088 2342; x_wconf 87' lang='lat' dir='ltr'><strong>etiam</strong></span> <span class='ocrx_word' id='word_1_185' title='bbox 1132 2285 1224 2354; x_wconf 88' lang='lat' dir='ltr'><strong>qtti</strong></span> <span class='ocrx_word' id='word_1_186' title='bbox 1254 2283 1502 2353; x_wconf 75' lang='lat' dir='ltr'><strong>proxime</strong></span> <span class='ocrx_word' id='word_1_187' title='bbox 1529 2296 1725 2336; x_wconf 81' lang='lat' dir='ltr'><strong>auc-tor</strong></span> <span class='ocrx_word' id='word_1_188' title='bbox 1757 2279 1961 2349; x_wconf 86' lang='lat' dir='ltr'><strong>peccati</strong></span> <span class='ocrx_word' id='word_1_189' title='bbox 2011 2277 2191 2341; x_wconf 78' lang='lat' dir='ltr'><strong>fuerit,</strong></span> 
     </span>
    </p>
   </div>
   <div class='ocr_carea' id='block_1_25' title="bbox 612 2372 2192 2453">
    <p class='ocr_par' dir='ltr' id='par_1_25' title="bbox 612 2372 2192 2453">
     <span class='ocr_line' id='line_1_25' title="bbox 612 2372 2192 2453; baseline -0.01 -15"><span class='ocrx_word' id='word_1_190' title='bbox 612 2392 746 2453; x_wconf 88' lang='lat' dir='ltr'><strong>puta</strong></span> <span class='ocrx_word' id='word_1_191' title='bbox 773 2380 1201 2443; x_wconf 80' lang='lat' dir='ltr'><strong>Antichristum,</strong></span> <span class='ocrx_word' id='word_1_192' title='bbox 1229 2392 1321 2431; x_wconf 89' lang='lat' dir='ltr'><strong>seu</strong></span> <span class='ocrx_word' id='word_1_193' title='bbox 1375 2376 1579 2432; x_wconf 89' lang='lat' dir='ltr'><strong>diaboli</strong></span> <span class='ocrx_word' id='word_1_194' title='bbox 1630 2373 1883 2446; x_wconf 78' lang='lat' dir='ltr'><strong>angelum</strong></span> <span class='ocrx_word' id='word_1_195' title='bbox 1934 2372 2192 2441; x_wconf 85' lang='lat' dir='ltr'><strong>aliquem,</strong></span> 
     </span>
    </p>
   </div>
   <div class='ocr_carea' id='block_1_26' title="bbox 615 2466 2198 2538">
    <p class='ocr_par' dir='ltr' id='par_1_26' title="bbox 615 2466 2198 2538">
     <span class='ocr_line' id='line_1_26' title="bbox 615 2466 2198 2538; baseline -0.008 -10"><span class='ocrx_word' id='word_1_196' title='bbox 615 2486 712 2529; x_wconf 78' lang='lat' dir='ltr'><strong>aut</strong></span> <span class='ocrx_word' id='word_1_197' title='bbox 738 2473 1064 2528; x_wconf 71' lang='lat' dir='ltr'><strong>dmmonium</strong></span> <span class='ocrx_word' id='word_1_198' title='bbox 1119 2469 1274 2538; x_wconf 85' lang='lat' dir='ltr'><strong>cujus</strong></span> <span class='ocrx_word' id='word_1_199' title='bbox 1304 2470 1615 2523; x_wconf 90' lang='lat' dir='ltr'><strong>suasionem</strong></span> <span class='ocrx_word' id='word_1_200' title='bbox 1664 2466 1843 2536; x_wconf 82' lang='lat' dir='ltr'><strong>recepi</strong></span> <span class='ocrx_word' id='word_1_201' title='bbox 1880 2487 1891 2521; x_wconf 89' lang='lat'>:</span> <span class='ocrx_word' id='word_1_202' title='bbox 1931 2476 1986 2519; x_wconf 90' lang='lat' dir='ltr'><strong>et</strong></span> <span class='ocrx_word' id='word_1_203' title='bbox 2041 2466 2198 2518; x_wconf 82' lang='lat' dir='ltr'><strong>innu-</strong></span> 
     </span>
    </p>
   </div>
   <div class='ocr_carea' id='block_1_27' title="bbox 594 2556 2194 2630">
    <p class='ocr_par' dir='ltr' id='par_1_27' title="bbox 594 2556 2194 2630">
     <span class='ocr_line' id='line_1_27' title="bbox 594 2556 2194 2630; baseline -0.006 -12"><span class='ocrx_word' id='word_1_204' title='bbox 594 2565 753 2621; x_wconf 92' lang='lat' dir='ltr'><strong>.meri</strong></span> <span class='ocrx_word' id='word_1_205' title='bbox 789 2565 1012 2620; x_wconf 90' lang='lat' dir='ltr'><strong>omnino</strong></span> <span class='ocrx_word' id='word_1_206' title='bbox 1036 2563 1166 2618; x_wconf 89' lang='lat' dir='ltr'><strong>mihi</strong></span> <span class='ocrx_word' id='word_1_207' title='bbox 1198 2574 1326 2618; x_wconf 89' lang='lat' dir='ltr'><strong>sunt</strong></span> <span class='ocrx_word' id='word_1_208' title='bbox 1362 2570 1570 2630; x_wconf 86' lang='lat' dir='ltr'><strong>patres,</strong></span> <span class='ocrx_word' id='word_1_209' title='bbox 1603 2559 1646 2614; x_wconf 88' lang='lat' dir='ltr'><strong>si</strong></span> <span class='ocrx_word' id='word_1_210' title='bbox 1686 2568 1940 2628; x_wconf 86' lang='lat' dir='ltr'><strong>peccator</strong></span> <span class='ocrx_word' id='word_1_211' title='bbox 1961 2557 2088 2620; x_wconf 84' lang='lat' dir='ltr'><strong>sim,</strong></span> <span class='ocrx_word' id='word_1_212' title='bbox 2118 2556 2194 2609; x_wconf 90' lang='lat' dir='ltr'><strong>uti</strong></span> 
     </span>
    </p>
   </div>
   <div class='ocr_carea' id='block_1_28' title="bbox 617 2647 2195 2724">
    <p class='ocr_par' dir='ltr' id='par_1_28' title="bbox 617 2647 2195 2724">
     <span class='ocr_line' id='line_1_28' title="bbox 617 2647 2195 2724; baseline -0.004 -17"><span class='ocrx_word' id='word_1_213' title='bbox 617 2657 888 2721; x_wconf 85' lang='lat' dir='ltr'><strong>vicissim,</strong></span> <span class='ocrx_word' id='word_1_214' title='bbox 920 2656 965 2709; x_wconf 91' lang='lat' dir='ltr'><strong>si</strong></span> <span class='ocrx_word' id='word_1_215' title='bbox 1002 2655 1183 2724; x_wconf 83' lang='lat' dir='ltr'><strong>justus</strong></span> <span class='ocrx_word' id='word_1_216' title='bbox 1236 2655 1455 2720; x_wconf 79' lang='lat' dir='ltr'><strong>fuerim,</strong></span> <span class='ocrx_word' id='word_1_217' title='bbox 1497 2661 1655 2721; x_wconf 81' lang='lat' dir='ltr'><strong>pater</strong></span> <span class='ocrx_word' id='word_1_218' title='bbox 1705 2664 1857 2704; x_wconf 88' lang='lat' dir='ltr'><strong>meus</strong></span> <span class='ocrx_word' id='word_1_219' title='bbox 1906 2657 1989 2702; x_wconf 84' lang='lat' dir='ltr'><strong>est</strong></span> <span class='ocrx_word' id='word_1_220' title='bbox 2035 2647 2195 2712; x_wconf 82' lang='lat' dir='ltr'><strong>Deus,</strong></span> 
     </span>
    </p>
   </div>
   <div class='ocr_carea' id='block_1_29' title="bbox 613 2736 2197 2818">
    <p class='ocr_par' dir='ltr' id='par_1_29' title="bbox 613 2736 2197 2818">
     <span class='ocr_line' id='line_1_29' title="bbox 613 2736 2197 2818; baseline -0.006 -17"><span class='ocrx_word' id='word_1_221' title='bbox 613 2746 1070 2818; x_wconf 80' lang='lat' dir='ltr'><strong>quemadmodum</strong></span> <span class='ocrx_word' id='word_1_222' title='bbox 1128 2745 1206 2800; x_wconf 90' lang='lat' dir='ltr'><strong>ait</strong></span> <span class='ocrx_word' id='word_1_223' title='bbox 1246 2742 1557 2799; x_wconf 79' lang='lat' dir='ltr'><strong>Salvator&quot;</strong></span> <span class='ocrx_word' id='word_1_224' title='bbox 1603 2759 1616 2795; x_wconf 89' lang='lat'><strong>:</strong></span> <span class='ocrx_word' id='word_1_225' title='bbox 1692 2759 1710 2792; x_wconf 85' lang='grc' dir='ltr'>ι</span> <span class='ocrx_word' id='word_1_226' title='bbox 1759 2738 1961 2804; x_wconf 86' lang='lat' dir='ltr'><strong>Filioli,</strong></span> <span class='ocrx_word' id='word_1_227' title='bbox 2018 2736 2197 2792; x_wconf 88' lang='lat' dir='ltr'><strong>adhuc</strong></span> 
     </span>
    </p>
   </div>
   <div class='ocr_carea' id='block_1_30' title="bbox 617 2830 2193 2894">
    <p class='ocr_par' dir='ltr' id='par_1_30' title="bbox 617 2830 2193 2894">
     <span class='ocr_line' id='line_1_30' title="bbox 617 2830 2193 2894; baseline -0.007 0"><span class='ocrx_word' id='word_1_228' title='bbox 617 2839 893 2894; x_wconf 88' lang='lat' dir='ltr'><strong>modicum</strong></span> <span class='ocrx_word' id='word_1_229' title='bbox 927 2838 1206 2893; x_wconf 84' lang='lat' dir='ltr'><strong>vobiscum</strong></span> <span class='ocrx_word' id='word_1_230' title='bbox 1236 2853 1376 2892; x_wconf 90' lang='lat' dir='ltr'><strong>sum.</strong></span> <span class='ocrx_word' id='word_1_231' title='bbox 1416 2855 1434 2889; x_wconf 76' lang='grc' dir='ltr'>ι</span> <span class='ocrx_word' id='word_1_232' title='bbox 1476 2835 1542 2889; x_wconf 84' lang='lat' dir='ltr'><strong>Et</strong></span> <span class='ocrx_word' id='word_1_233' title='bbox 1573 2836 1772 2889; x_wconf 87' lang='lat' dir='ltr'><strong>iterum</strong></span> <span class='ocrx_word' id='word_1_234' title='bbox 1808 2832 1855 2864; x_wconf 66' lang='grc' dir='ltr'>’δ</span> <span class='ocrx_word' id='word_1_235' title='bbox 1892 2849 1906 2885; x_wconf 88' lang='lat'><strong>:</strong></span> <span class='ocrx_word' id='word_1_236' title='bbox 1967 2850 1985 2882; x_wconf 81' lang='grc' dir='ltr'>ι</span> <span class='ocrx_word' id='word_1_237' title='bbox 2035 2830 2193 2894; x_wconf 88' lang='lat' dir='ltr'><strong>Filia,</strong></span> 
     </span>
    </p>
   </div>
   <div class='ocr_carea' id='block_1_31' title="bbox 618 2922 2196 2988">
    <p class='ocr_par' dir='ltr' id='par_1_31' title="bbox 618 2922 2196 2988">
     <span class='ocr_line' id='line_1_31' title="bbox 618 2922 2196 2988; baseline -0.006 -5"><span class='ocrx_word' id='word_1_238' title='bbox 618 2927 756 2984; x_wconf 82' lang='lat' dir='ltr'><strong>ﬁdes</strong></span> <span class='ocrx_word' id='word_1_239' title='bbox 792 2937 880 2983; x_wconf 89' lang='lat' dir='ltr'><strong>tua</strong></span> <span class='ocrx_word' id='word_1_240' title='bbox 906 2937 957 2983; x_wconf 85' lang='lat' dir='ltr'><strong>te</strong></span> <span class='ocrx_word' id='word_1_241' title='bbox 990 2928 1195 2982; x_wconf 87' lang='lat' dir='ltr'><strong>salvam</strong></span> <span class='ocrx_word' id='word_1_242' title='bbox 1227 2927 1377 2981; x_wconf 76' lang='lat' dir='ltr'><strong>fecit.</strong></span> <span class='ocrx_word' id='word_1_243' title='bbox 1413 2946 1432 2979; x_wconf 74' lang='grc' dir='ltr'><strong>ι</strong></span> <span class='ocrx_word' id='word_1_244' title='bbox 1493 2926 1559 2981; x_wconf 88' lang='lat' dir='ltr'><strong>Et</strong></span> <span class='ocrx_word' id='word_1_245' title='bbox 1606 2940 1839 2979; x_wconf 87' lang='lat' dir='ltr'><strong>rursus:</strong></span> <span class='ocrx_word' id='word_1_246' title='bbox 1888 2942 1907 2975; x_wconf 84' lang='grc' dir='ltr'>ι</span> <span class='ocrx_word' id='word_1_247' title='bbox 1945 2923 2071 2988; x_wconf 78' lang='lat' dir='ltr'><strong>Fili,</strong></span> <span class='ocrx_word' id='word_1_248' title='bbox 2116 2922 2196 2975; x_wconf 91' lang='lat' dir='ltr'><strong>di-</strong></span> 
     </span>
    </p>
   </div>
   <div class='ocr_carea' id='block_1_32' title="bbox 617 3019 2197 3092">
    <p class='ocr_par' dir='ltr' id='par_1_32' title="bbox 617 3019 2197 3092">
     <span class='ocr_line' id='line_1_32' title="bbox 617 3019 2197 3092; baseline -0.001 -16"><span class='ocrx_word' id='word_1_249' title='bbox 617 3021 1025 3077; x_wconf 90' lang='lat' dir='ltr'><strong>mittunturtibi</strong></span> <span class='ocrx_word' id='word_1_250' title='bbox 1064 3030 1312 3092; x_wconf 88' lang='lat' dir='ltr'><strong>peccata.</strong></span> <span class='ocrx_word' id='word_1_251' title='bbox 1346 3038 1364 3073; x_wconf 78' lang='grc' dir='ltr'><strong>ι</strong></span> <span class='ocrx_word' id='word_1_252' title='bbox 1417 3019 1507 3075; x_wconf 92' lang='lat' dir='ltr'><strong>Sic</strong></span> <span class='ocrx_word' id='word_1_253' title='bbox 1559 3020 1694 3074; x_wconf 89' lang='lat' dir='ltr'><strong>alios</strong></span> <span class='ocrx_word' id='word_1_254' title='bbox 1743 3034 1961 3089; x_wconf 82' lang='lat' dir='ltr'><strong>quoque</strong></span> <span class='ocrx_word' id='word_1_255' title='bbox 2009 3029 2197 3088; x_wconf 87' lang='lat' dir='ltr'><strong>patres</strong></span> 
     </span>
    </p>
   </div>
   <div class='ocr_carea' id='block_1_33' title="bbox 616 3113 2263 3203">
    <p class='ocr_par' dir='ltr' id='par_1_33' title="bbox 616 3113 2263 3203">
     <span class='ocr_line' id='line_1_33' title="bbox 616 3113 2263 3203; baseline -0.003 -32"><span class='ocrx_word' id='word_1_256' title='bbox 616 3117 763 3180; x_wconf 88' lang='lat' dir='ltr'><strong>nuvi,</strong></span> <span class='ocrx_word' id='word_1_257' title='bbox 795 3117 1093 3172; x_wconf 88' lang='lat' dir='ltr'><strong>secundum</strong></span> <span class='ocrx_word' id='word_1_258' title='bbox 1140 3116 1192 3169; x_wconf 91' lang='lat' dir='ltr'><strong>id</strong></span> <span class='ocrx_word' id='word_1_259' title='bbox 1239 3116 1382 3186; x_wconf 83' lang='lat' dir='ltr'><strong>quod</strong></span> <span class='ocrx_word' id='word_1_260' title='bbox 1432 3114 1671 3170; x_wconf 72' lang='lat' dir='ltr'><strong>Abrahm</strong></span> <span class='ocrx_word' id='word_1_261' title='bbox 1726 3114 1929 3168; x_wconf 89' lang='lat' dir='ltr'><strong>dictum</strong></span> <span class='ocrx_word' id='word_1_262' title='bbox 1977 3113 2133 3168; x_wconf 80' lang='lat' dir='ltr'><strong>cst&quot;</strong></span> <span class='ocrx_word' id='word_1_263' title='bbox 2176 3129 2263 3203; x_wconf 81' lang='lat' dir='ltr'><strong>:C</strong></span> 
     </span>
    </p>
   </div>
   <div class='ocr_carea' id='block_1_34' title="bbox 619 3206 2195 3277">
    <p class='ocr_par' dir='ltr' id='par_1_34' title="bbox 619 3206 2195 3277">
     <span class='ocr_line' id='line_1_34' title="bbox 619 3206 2195 3277; baseline -0.003 -14"><span class='ocrx_word' id='word_1_264' title='bbox 619 3228 645 3263; x_wconf 68' lang='grc' dir='ltr'><strong>ι</strong></span> <span class='ocrx_word' id='word_1_265' title='bbox 678 3209 759 3265; x_wconf 86' lang='lat' dir='ltr'><strong>&#39;l‘u</strong></span> <span class='ocrx_word' id='word_1_266' title='bbox 788 3220 966 3264; x_wconf 90' lang='lat' dir='ltr'><strong>autem</strong></span> <span class='ocrx_word' id='word_1_267' title='bbox 1010 3208 1114 3264; x_wconf 89' lang='lat' dir='ltr'><strong>ibis</strong></span> <span class='ocrx_word' id='word_1_268' title='bbox 1165 3210 1232 3263; x_wconf 88' lang='lat' dir='ltr'><strong>ad</strong></span> <span class='ocrx_word' id='word_1_269' title='bbox 1267 3219 1452 3277; x_wconf 86' lang='lat' dir='ltr'><strong>patres</strong></span> <span class='ocrx_word' id='word_1_270' title='bbox 1517 3220 1661 3269; x_wconf 86' lang='lat' dir='ltr'><strong>tuos,</strong></span> <span class='ocrx_word' id='word_1_271' title='bbox 1704 3226 1723 3259; x_wconf 72' lang='grc' dir='ltr'><strong>ι</strong></span> <span class='ocrx_word' id='word_1_272' title='bbox 1781 3222 1886 3262; x_wconf 82' lang='lat' dir='ltr'><strong>nou</strong></span> <span class='ocrx_word' id='word_1_273' title='bbox 1945 3206 2195 3261; x_wconf 79' lang='lat' dir='ltr'><strong>carnales</strong></span> 
     </span>
    </p>
   </div>
   <div class='ocr_carea' id='block_1_35' title="bbox 616 3299 2196 3373">
    <p class='ocr_par' dir='ltr' id='par_1_35' title="bbox 616 3299 2196 3373">
     <span class='ocr_line' id='line_1_35' title="bbox 616 3299 2196 3373; baseline -0.003 -17"><span class='ocrx_word' id='word_1_274' title='bbox 616 3313 826 3373; x_wconf 85' lang='lat' dir='ltr'><strong>patres,</strong></span> <span class='ocrx_word' id='word_1_275' title='bbox 863 3314 1037 3370; x_wconf 88' lang='lat' dir='ltr'><strong>neque</strong></span> <span class='ocrx_word' id='word_1_276' title='bbox 1067 3301 1211 3356; x_wconf 84' lang='lat' dir='ltr'><strong>enim</strong></span> <span class='ocrx_word' id='word_1_277' title='bbox 1246 3310 1399 3355; x_wconf 87' lang='lat' dir='ltr'><strong>erant</strong></span> <span class='ocrx_word' id='word_1_278' title='bbox 1429 3300 1635 3365; x_wconf 89' lang='lat' dir='ltr'><strong>ﬁdeles,</strong></span> <span class='ocrx_word' id='word_1_279' title='bbox 1690 3313 1866 3368; x_wconf 89' lang='lat' dir='ltr'><strong>neque</strong></span> <span class='ocrx_word' id='word_1_280' title='bbox 1909 3299 2107 3365; x_wconf 88' lang='lat' dir='ltr'><strong>sancti,</strong></span> <span class='ocrx_word' id='word_1_281' title='bbox 2138 3307 2196 3352; x_wconf 92' lang='lat' dir='ltr'><strong>ut</strong></span> 
     </span>
    </p>
   </div>
   <div class='ocr_carea' id='block_1_36' title="bbox 617 3390 2194 3464">
    <p class='ocr_par' dir='ltr' id='par_1_36' title="bbox 617 3390 2194 3464">
     <span class='ocr_line' id='line_1_36' title="bbox 617 3390 2194 3464; baseline -0.003 -16"><span class='ocrx_word' id='word_1_282' title='bbox 617 3393 789 3464; x_wconf 84' lang='lat' dir='ltr'><strong>liquet</strong></span> <span class='ocrx_word' id='word_1_283' title='bbox 837 3409 901 3448; x_wconf 77' lang='lat' dir='ltr'><strong>ex</strong></span> <span class='ocrx_word' id='word_1_284' title='bbox 946 3407 1143 3449; x_wconf 86' lang='lat' dir='ltr'><strong>eorum</strong></span> <span class='ocrx_word' id='word_1_285' title='bbox 1191 3393 1442 3447; x_wconf 84' lang='lat' dir='ltr'><strong>historia.</strong></span> <span class='ocrx_word' id='word_1_286' title='bbox 1497 3392 1554 3446; x_wconf 92' lang='lat' dir='ltr'><strong>Si</strong></span> <span class='ocrx_word' id='word_1_287' title='bbox 1613 3392 1757 3445; x_wconf 79' lang='lat' dir='ltr'><strong>enim</strong></span> <span class='ocrx_word' id='word_1_288' title='bbox 1809 3400 2032 3445; x_wconf 88' lang='lat' dir='ltr'><strong>sanctus</strong></span> <span class='ocrx_word' id='word_1_289' title='bbox 2075 3390 2194 3458; x_wconf 81' lang='lat' dir='ltr'><strong>ejus</strong></span> 
     </span>
    </p>
   </div>
   <div class='ocr_carea' id='block_1_37' title="bbox 618 3483 2193 3554">
    <p class='ocr_par' dir='ltr' id='par_1_37' title="bbox 618 3483 2193 3554">
     <span class='ocr_line' id='line_1_37' title="bbox 618 3483 2193 3554; baseline -0.001 -17"><span class='ocrx_word' id='word_1_290' title='bbox 618 3494 793 3554; x_wconf 88' lang='lat' dir='ltr'><strong>pater,</strong></span> <span class='ocrx_word' id='word_1_291' title='bbox 830 3500 934 3539; x_wconf 80' lang='lat' dir='ltr'><strong>non</strong></span> <span class='ocrx_word' id='word_1_292' title='bbox 966 3484 1017 3540; x_wconf 92' lang='lat' dir='ltr'><strong>ei</strong></span> <span class='ocrx_word' id='word_1_293' title='bbox 1048 3485 1322 3539; x_wconf 82' lang='lat' dir='ltr'><strong>diceretur</strong></span> <span class='ocrx_word' id='word_1_294' title='bbox 1348 3484 1394 3515; x_wconf 83' lang='lat'>“</span> <span class='ocrx_word' id='word_1_295' title='bbox 1428 3500 1444 3537; x_wconf 85' lang='grc' dir='ltr'><strong>ι</strong></span> <span class='ocrx_word' id='word_1_296' title='bbox 1503 3500 1523 3535; x_wconf 87' lang='grc' dir='ltr'>ι</span> <span class='ocrx_word' id='word_1_297' title='bbox 1590 3483 1863 3553; x_wconf 79' lang='lat' dir='ltr'><strong>Egredere</strong></span> <span class='ocrx_word' id='word_1_298' title='bbox 1921 3484 1986 3539; x_wconf 89' lang='lat' dir='ltr'><strong>de</strong></span> <span class='ocrx_word' id='word_1_299' title='bbox 2047 3491 2193 3540; x_wconf 87' lang='lat' dir='ltr'><strong>terra</strong></span> 
     </span>
    </p>
   </div>
   <div class='ocr_carea' id='block_1_38' title="bbox 621 3577 2190 3648">
    <p class='ocr_par' dir='ltr' id='par_1_38' title="bbox 621 3577 2190 3648">
     <span class='ocr_line' id='line_1_38' title="bbox 621 3577 2190 3648; baseline -0.002 -14"><span class='ocrx_word' id='word_1_300' title='bbox 621 3588 733 3645; x_wconf 90' lang='lat' dir='ltr'><strong>tua,</strong></span> <span class='ocrx_word' id='word_1_301' title='bbox 757 3588 811 3635; x_wconf 90' lang='lat' dir='ltr'><strong>et</strong></span> <span class='ocrx_word' id='word_1_302' title='bbox 839 3580 906 3633; x_wconf 88' lang='lat' dir='ltr'><strong>de</strong></span> <span class='ocrx_word' id='word_1_303' title='bbox 939 3579 1261 3647; x_wconf 88' lang='lat' dir='ltr'><strong>cognatione</strong></span> <span class='ocrx_word' id='word_1_304' title='bbox 1296 3588 1409 3642; x_wconf 87' lang='lat' dir='ltr'><strong>tua,</strong></span> <span class='ocrx_word' id='word_1_305' title='bbox 1441 3585 1496 3633; x_wconf 91' lang='lat' dir='ltr'><strong>et</strong></span> <span class='ocrx_word' id='word_1_306' title='bbox 1533 3578 1598 3631; x_wconf 89' lang='lat' dir='ltr'><strong>de</strong></span> <span class='ocrx_word' id='word_1_307' title='bbox 1626 3578 1786 3633; x_wconf 90' lang='lat' dir='ltr'><strong>domo</strong></span> <span class='ocrx_word' id='word_1_308' title='bbox 1819 3577 1995 3648; x_wconf 86' lang='lat' dir='ltr'><strong>patris</strong></span> <span class='ocrx_word' id='word_1_309' title='bbox 2031 3578 2128 3633; x_wconf 90' lang='lat' dir='ltr'><strong>tui.</strong></span> <span class='ocrx_word' id='word_1_310' title='bbox 2171 3595 2190 3631; x_wconf 76' lang='grc' dir='ltr'>ι</span> 
     </span>
    </p>
   </div>
   <div class='ocr_carea' id='block_1_39' title="bbox 618 3669 2198 3739">
    <p class='ocr_par' dir='ltr' id='par_1_39' title="bbox 618 3669 2198 3739">
     <span class='ocr_line' id='line_1_39' title="bbox 618 3669 2198 3739; baseline -0.003 -10"><span class='ocrx_word' id='word_1_311' title='bbox 618 3671 795 3729; x_wconf 79' lang='lat' dir='ltr'><strong>Habet</strong></span> <span class='ocrx_word' id='word_1_312' title='bbox 825 3671 969 3727; x_wconf 89' lang='lat' dir='ltr'><strong>enim</strong></span> <span class='ocrx_word' id='word_1_313' title='bbox 1024 3684 1207 3727; x_wconf 89' lang='lat' dir='ltr'><strong>sermo</strong></span> <span class='ocrx_word' id='word_1_314' title='bbox 1256 3685 1476 3724; x_wconf 85' lang='lat' dir='ltr'><strong>sensum</strong></span> <span class='ocrx_word' id='word_1_315' title='bbox 1538 3684 1880 3739; x_wconf 83' lang='lat' dir='ltr'><strong>corporeum,</strong></span> <span class='ocrx_word' id='word_1_316' title='bbox 1939 3669 2100 3724; x_wconf 85' lang='lat' dir='ltr'><strong>habet</strong></span> <span class='ocrx_word' id='word_1_317' title='bbox 2143 3680 2198 3724; x_wconf 90' lang='lat' dir='ltr'><strong>et</strong></span> 
     </span>
    </p>
   </div>
   <div class='ocr_carea' id='block_1_40' title="bbox 618 3765 2196 3838">
    <p class='ocr_par' dir='ltr' id='par_1_40' title="bbox 618 3765 2196 3838">
     <span class='ocr_line' id='line_1_40' title="bbox 618 3765 2196 3838; baseline -0.003 -15"><span class='ocrx_word' id='word_1_318' title='bbox 618 3767 941 3838; x_wconf 61' lang='lat' dir='ltr'><strong>spiritalem.</strong></span> <span class='ocrx_word' id='word_1_319' title='bbox 970 3768 1027 3822; x_wconf 88' lang='lat' dir='ltr'><strong>Si</strong></span> <span class='ocrx_word' id='word_1_320' title='bbox 1055 3778 1239 3837; x_wconf 86' lang='lat' dir='ltr'><strong>patres</strong></span> <span class='ocrx_word' id='word_1_321' title='bbox 1271 3766 1611 3827; x_wconf 78' lang='lat' dir='ltr'><strong>intellexisti,</strong></span> <span class='ocrx_word' id='word_1_322' title='bbox 1644 3766 1767 3819; x_wconf 85' lang='lat' dir='ltr'><strong>vide</strong></span> <span class='ocrx_word' id='word_1_323' title='bbox 1811 3765 1924 3835; x_wconf 87' lang='lat' dir='ltr'><strong>jam</strong></span> <span class='ocrx_word' id='word_1_324' title='bbox 1959 3767 2088 3836; x_wconf 86' lang='lat' dir='ltr'><strong>quid</strong></span> <span class='ocrx_word' id='word_1_325' title='bbox 2142 3776 2196 3818; x_wconf 94' lang='lat' dir='ltr'><strong>tu</strong></span> 
     </span>
    </p>
   </div>
   <div class='ocr_carea' id='block_1_41' title="bbox 621 3857 2198 3929">
    <p class='ocr_par' dir='ltr' id='par_1_41' title="bbox 621 3857 2198 3929">
     <span class='ocr_line' id='line_1_41' title="bbox 621 3857 2198 3929; baseline -0.001 -14"><span class='ocrx_word' id='word_1_326' title='bbox 621 3859 878 3929; x_wconf 82' lang='lat' dir='ltr'><strong>recipias,</strong></span> <span class='ocrx_word' id='word_1_327' title='bbox 904 3861 993 3929; x_wconf 92' lang='lat' dir='ltr'><strong>qui</strong></span> <span class='ocrx_word' id='word_1_328' title='bbox 1029 3876 1058 3913; x_wconf 90' lang='lat' dir='ltr'><strong>a</strong></span> <span class='ocrx_word' id='word_1_329' title='bbox 1091 3859 1312 3914; x_wconf 86' lang='lat' dir='ltr'><strong>diabolo</strong></span> <span class='ocrx_word' id='word_1_330' title='bbox 1349 3872 1441 3912; x_wconf 92' lang='lat' dir='ltr'><strong>aut</strong></span> <span class='ocrx_word' id='word_1_331' title='bbox 1469 3874 1496 3911; x_wconf 90' lang='lat' dir='ltr'><strong>a</strong></span> <span class='ocrx_word' id='word_1_332' title='bbox 1537 3857 1802 3925; x_wconf 83' lang='lat' dir='ltr'><strong>subjectis</strong></span> <span class='ocrx_word' id='word_1_333' title='bbox 1837 3859 1884 3911; x_wconf 90' lang='lat' dir='ltr'><strong>ei</strong></span> <span class='ocrx_word' id='word_1_334' title='bbox 1916 3858 2198 3927; x_wconf 89' lang='lat' dir='ltr'><strong>spiritibus</strong></span> 
     </span>
    </p>
   </div>
   <div class='ocr_carea' id='block_1_42' title="bbox 621 3949 2201 4021">
    <p class='ocr_par' dir='ltr' id='par_1_42' title="bbox 621 3949 2201 4021">
     <span class='ocr_line' id='line_1_42' title="bbox 621 3949 2201 4021; baseline -0.002 -13"><span class='ocrx_word' id='word_1_335' title='bbox 621 3949 1008 4021; x_wconf 73' lang='lat' dir='ltr'><strong>impulsionem</strong></span> <span class='ocrx_word' id='word_1_336' title='bbox 1051 3952 1328 4021; x_wconf 87' lang='lat' dir='ltr'><strong>peccando</strong></span> <span class='ocrx_word' id='word_1_337' title='bbox 1391 3951 1721 4020; x_wconf 83' lang='lat' dir='ltr'><strong>susceperis.</strong></span> <span class='ocrx_word' id='word_1_338' title='bbox 1793 3949 1991 4006; x_wconf 81' lang='lat' dir='ltr'><strong>Factus</strong></span> <span class='ocrx_word' id='word_1_339' title='bbox 2036 3952 2201 4020; x_wconf 83' lang='lat' dir='ltr'><strong>igitur</strong></span> 
     </span>
    </p>
   </div>
   <div class='ocr_carea' id='block_1_43' title="bbox 625 4040 2197 4114">
    <p class='ocr_par' dir='ltr' id='par_1_43' title="bbox 625 4040 2197 4114">
     <span class='ocr_line' id='line_1_43' title="bbox 625 4040 2197 4114; baseline 0.001 -17"><span class='ocrx_word' id='word_1_340' title='bbox 625 4041 844 4097; x_wconf 74' lang='lat' dir='ltr'><strong>illorum</strong></span> <span class='ocrx_word' id='word_1_341' title='bbox 884 4040 1063 4107; x_wconf 91' lang='lat' dir='ltr'><strong>ﬁlius,</strong></span> <span class='ocrx_word' id='word_1_342' title='bbox 1118 4056 1146 4095; x_wconf 90' lang='lat' dir='ltr'><strong>a</strong></span> <span class='ocrx_word' id='word_1_343' title='bbox 1215 4041 1358 4096; x_wconf 87' lang='lat' dir='ltr'><strong>bono</strong></span> <span class='ocrx_word' id='word_1_344' title='bbox 1417 4040 1529 4095; x_wconf 89' lang='lat' dir='ltr'><strong>Deo</strong></span> <span class='ocrx_word' id='word_1_345' title='bbox 1577 4050 1628 4097; x_wconf 92' lang='lat' dir='ltr'><strong>te</strong></span> <span class='ocrx_word' id='word_1_346' title='bbox 1673 4043 1928 4097; x_wconf 87' lang='lat' dir='ltr'><strong>visitante</strong></span> <span class='ocrx_word' id='word_1_347' title='bbox 1981 4043 2197 4114; x_wconf 87' lang='lat' dir='ltr'><strong>recipis.</strong></span> 
     </span>
    </p>
   </div>
   <div class='ocr_carea' id='block_1_44' title="bbox 622 4133 2202 4206">
    <p class='ocr_par' dir='ltr' id='par_1_44' title="bbox 622 4133 2202 4206">
     <span class='ocr_line' id='line_1_44' title="bbox 622 4133 2202 4206; baseline 0 -14"><span class='ocrx_word' id='word_1_348' title='bbox 622 4133 813 4206; x_wconf 66' lang='lat' dir='ltr'><strong>Neque</strong></span> <span class='ocrx_word' id='word_1_349' title='bbox 839 4135 984 4189; x_wconf 90' lang='lat' dir='ltr'><strong>enim</strong></span> <span class='ocrx_word' id='word_1_350' title='bbox 1012 4133 1197 4189; x_wconf 88' lang='lat' dir='ltr'><strong>visitat</strong></span> <span class='ocrx_word' id='word_1_351' title='bbox 1220 4144 1430 4200; x_wconf 86' lang='lat' dir='ltr'><strong>patrem</strong></span> <span class='ocrx_word' id='word_1_352' title='bbox 1463 4142 1643 4200; x_wconf 88' lang='lat' dir='ltr'><strong>tuum,</strong></span> <span class='ocrx_word' id='word_1_353' title='bbox 1674 4136 1766 4189; x_wconf 90' lang='lat' dir='ltr'><strong>sed</strong></span> <span class='ocrx_word' id='word_1_354' title='bbox 1812 4143 1862 4190; x_wconf 86' lang='lat' dir='ltr'><strong>te</strong></span> <span class='ocrx_word' id='word_1_355' title='bbox 1893 4136 2112 4202; x_wconf 89' lang='lat' dir='ltr'><strong>visitat,</strong></span> <span class='ocrx_word' id='word_1_356' title='bbox 2140 4152 2202 4193; x_wconf 91' lang='lat' dir='ltr'><strong>ac</strong></span> 
     </span>
    </p>
   </div>
   <div class='ocr_carea' id='block_1_45' title="bbox 623 4224 2198 4289">
    <p class='ocr_par' dir='ltr' id='par_1_45' title="bbox 623 4224 2198 4289">
     <span class='ocr_line' id='line_1_45' title="bbox 623 4224 2198 4289; baseline -0.001 -5"><span class='ocrx_word' id='word_1_357' title='bbox 623 4229 758 4285; x_wconf 85' lang='lat' dir='ltr'><strong>dicit</strong></span> <span class='ocrx_word' id='word_1_358' title='bbox 790 4227 939 4281; x_wconf 80' lang='lat' dir='ltr'><strong>tibi&quot;</strong></span> <span class='ocrx_word' id='word_1_359' title='bbox 976 4242 990 4279; x_wconf 92' lang='lat'><strong>:</strong></span> <span class='ocrx_word' id='word_1_360' title='bbox 1032 4245 1052 4278; x_wconf 82' lang='grc' dir='ltr'><strong>ι</strong></span> <span class='ocrx_word' id='word_1_361' title='bbox 1091 4224 1251 4289; x_wconf 78' lang='lat' dir='ltr'><strong>Audi,</strong></span> <span class='ocrx_word' id='word_1_362' title='bbox 1288 4224 1417 4289; x_wconf 89' lang='lat' dir='ltr'><strong>ﬁlia,</strong></span> <span class='ocrx_word' id='word_1_363' title='bbox 1445 4234 1500 4280; x_wconf 89' lang='lat' dir='ltr'><strong>et</strong></span> <span class='ocrx_word' id='word_1_364' title='bbox 1533 4226 1677 4289; x_wconf 89' lang='lat' dir='ltr'><strong>vide,</strong></span> <span class='ocrx_word' id='word_1_365' title='bbox 1701 4237 1753 4281; x_wconf 89' lang='lat' dir='ltr'><strong>et</strong></span> <span class='ocrx_word' id='word_1_366' title='bbox 1778 4228 1979 4283; x_wconf 90' lang='lat' dir='ltr'><strong>inclina</strong></span> <span class='ocrx_word' id='word_1_367' title='bbox 2014 4243 2198 4284; x_wconf 88' lang='lat' dir='ltr'><strong>aurem</strong></span> 
     </span>
    </p>
   </div>
   <div class='ocr_carea' id='block_1_46' title="bbox 623 4321 2204 4390">
    <p class='ocr_par' dir='ltr' id='par_1_46' title="bbox 623 4321 2204 4390">
     <span class='ocr_line' id='line_1_46' title="bbox 623 4321 2204 4390; baseline -0.001 -14"><span class='ocrx_word' id='word_1_368' title='bbox 623 4330 831 4378; x_wconf 63' lang='lat' dir='ltr'><strong>tuam.»</strong></span> <span class='ocrx_word' id='word_1_369' title='bbox 852 4330 983 4380; x_wconf 85' lang='lat' dir='ltr'><strong>etc.,</strong></span> <span class='ocrx_word' id='word_1_370' title='bbox 1005 4334 1209 4390; x_wconf 89' lang='lat' dir='ltr'><strong>proque</strong></span> <span class='ocrx_word' id='word_1_371' title='bbox 1237 4337 1331 4374; x_wconf 87' lang='lat' dir='ltr'><strong>sua</strong></span> <span class='ocrx_word' id='word_1_372' title='bbox 1361 4321 1695 4388; x_wconf 87' lang='lat' dir='ltr'><strong>benignitate</strong></span> <span class='ocrx_word' id='word_1_373' title='bbox 1724 4322 1821 4375; x_wconf 89' lang='lat' dir='ltr'><strong>tibi</strong></span> <span class='ocrx_word' id='word_1_374' title='bbox 1848 4321 2043 4376; x_wconf 75' lang='lat' dir='ltr'><strong>dat.&#39;l&quot;e</strong></span> <span class='ocrx_word' id='word_1_375' title='bbox 2062 4336 2204 4375; x_wconf 84' lang='lat' dir='ltr'><strong>nam-</strong></span> 
     </span>
    </p>
   </div>
   <div class='ocr_carea' id='block_1_47' title="bbox 615 4411 2200 4483">
    <p class='ocr_par' dir='ltr' id='par_1_47' title="bbox 615 4411 2200 4483">
     <span class='ocr_line' id='line_1_47' title="bbox 615 4411 2200 4483; baseline -0.001 -19"><span class='ocrx_word' id='word_1_376' title='bbox 615 4427 729 4483; x_wconf 88' lang='lat' dir='ltr'><strong>que</strong></span> <span class='ocrx_word' id='word_1_377' title='bbox 754 4411 878 4467; x_wconf 91' lang='lat' dir='ltr'><strong>mali</strong></span> <span class='ocrx_word' id='word_1_378' title='bbox 908 4413 1081 4483; x_wconf 87' lang='lat' dir='ltr'><strong>patris</strong></span> <span class='ocrx_word' id='word_1_379' title='bbox 1103 4412 1270 4465; x_wconf 91' lang='lat' dir='ltr'><strong>ﬁlium</strong></span> <span class='ocrx_word' id='word_1_380' title='bbox 1289 4412 1495 4475; x_wconf 88' lang='lat' dir='ltr'><strong>visitat,</strong></span> <span class='ocrx_word' id='word_1_381' title='bbox 1512 4421 1731 4481; x_wconf 91' lang='lat' dir='ltr'><strong>peccata</strong></span> <span class='ocrx_word' id='word_1_382' title='bbox 1754 4412 2001 4467; x_wconf 87' lang='lat' dir='ltr'><strong>reddens.</strong></span> <span class='ocrx_word' id='word_1_383' title='bbox 2027 4431 2043 4463; x_wconf 84' lang='grc' dir='ltr'>ι</span> <span class='ocrx_word' id='word_1_384' title='bbox 2060 4413 2200 4468; x_wconf 77' lang='lat' dir='ltr'><strong>Visi-</strong></span> 
     </span>
    </p>
   </div>
   <div class='ocr_carea' id='block_1_48' title="bbox 621 4487 2195 4573">
    <p class='ocr_par' dir='ltr' id='par_1_48' title="bbox 621 4500 2195 4573">
     <span class='ocr_line' id='line_1_48' title="bbox 621 4500 2195 4573; baseline 0.002 -20"><span class='ocrx_word' id='word_1_385' title='bbox 621 4500 747 4556; x_wconf 84' lang='lat' dir='ltr'><strong>tabo</strong></span> <span class='ocrx_word' id='word_1_386' title='bbox 775 4502 827 4556; x_wconf 92' lang='lat' dir='ltr'><strong>in</strong></span> <span class='ocrx_word' id='word_1_387' title='bbox 846 4502 995 4572; x_wconf 86' lang='lat' dir='ltr'><strong>virga</strong></span> <span class='ocrx_word' id='word_1_388' title='bbox 1023 4502 1342 4573; x_wconf 82' lang='lat' dir='ltr'><strong>iniquitates</strong></span> <span class='ocrx_word' id='word_1_389' title='bbox 1369 4520 1387 4552; x_wconf 74' lang='grc' dir='ltr'>ι</span> <span class='ocrx_word' id='word_1_390' title='bbox 1412 4502 1703 4567; x_wconf 72' lang='lat' dir='ltr'><strong>vestras&quot;,</strong></span> <span class='ocrx_word' id='word_1_391' title='bbox 1727 4502 2037 4558; x_wconf 82' lang='lat' dir='ltr'><strong>licetsancti</strong></span> <span class='ocrx_word' id='word_1_392' title='bbox 2056 4503 2195 4566; x_wconf 74' lang='lat' dir='ltr'><strong>sitis,</strong></span> 
     </span>
    </p>
   </div>
   <div class='ocr_carea' id='block_1_49' title="bbox 2299 4487 3797 4573">
    <p class='ocr_par' dir='ltr' id='par_1_49' title="bbox 2307 4487 3797 4572">
     <span class='ocr_line' id='line_1_49' title="bbox 2307 4487 3797 4572; baseline -0.003 -20"><span class='ocrx_word' id='word_1_393' title='bbox 2307 4499 2395 4553; x_wconf 85' lang='grc' dir='ltr'><strong>διά</strong></span> <span class='ocrx_word' id='word_1_394' title='bbox 2424 4501 2484 4552; x_wconf 73' lang='grc' dir='ltr'>τὸ</span> <span class='ocrx_word' id='word_1_395' title='bbox 2513 4499 2913 4572; x_wconf 72' lang='grc' dir='ltr'><strong>ἡμαρτηκέναι,</strong></span> <span class='ocrx_word' id='word_1_396' title='bbox 2942 4499 3048 4553; x_wconf 81' lang='grc' dir='ltr'>ὑπὸ</span> <span class='ocrx_word' id='word_1_397' title='bbox 3077 4498 3171 4552; x_wconf 80' lang='grc' dir='ltr'><strong>τοῦ</strong></span> <span class='ocrx_word' id='word_1_398' title='bbox 3198 4498 3482 4561; x_wconf 78' lang='grc' dir='ltr'>διαϐόλου,</span> <span class='ocrx_word' id='word_1_399' title='bbox 3508 4499 3544 4569; x_wconf 65' lang='grc' dir='ltr'>ἡ</span> <span class='ocrx_word' id='word_1_400' title='bbox 3591 4510 3705 4556; x_wconf 72' lang='grc' dir='ltr'>τινος</span> <span class='ocrx_word' id='word_1_401' title='bbox 3736 4487 3797 4542; x_wconf 52' lang='lat' dir='ltr'><strong>id</strong></span> 
     </span>
    </p>
   </div>
   <div class='ocr_carea' id='block_1_50' title="bbox 624 4590 2192 4663">
    <p class='ocr_par' dir='ltr' id='par_1_50' title="bbox 624 4590 2192 4663">
     <span class='ocr_line' id='line_1_50' title="bbox 624 4590 2192 4663; baseline 0.001 -18"><span class='ocrx_word' id='word_1_402' title='bbox 624 4590 784 4663; x_wconf 72' lang='lat'><strong>127</strong></span> <span class='ocrx_word' id='word_1_403' title='bbox 813 4593 1038 4648; x_wconf 82' lang='lat' dir='ltr'><strong>visitabo</strong></span> <span class='ocrx_word' id='word_1_404' title='bbox 1076 4611 1097 4645; x_wconf 81' lang='grc' dir='ltr'>ι</span> <span class='ocrx_word' id='word_1_405' title='bbox 1133 4604 1187 4648; x_wconf 92' lang='lat' dir='ltr'><strong>et</strong></span> <span class='ocrx_word' id='word_1_406' title='bbox 1221 4594 1273 4646; x_wconf 91' lang='lat' dir='ltr'><strong>in</strong></span> <span class='ocrx_word' id='word_1_407' title='bbox 1305 4593 1623 4647; x_wconf 88' lang='lat' dir='ltr'><strong>verberibus</strong></span> <span class='ocrx_word' id='word_1_408' title='bbox 1672 4602 1893 4659; x_wconf 83' lang='lat' dir='ltr'><strong>peccata</strong></span> <span class='ocrx_word' id='word_1_409' title='bbox 1947 4608 2192 4648; x_wconf 63' lang='lat' dir='ltr'><strong>eorum.»</strong></span> 
     </span>
    </p>
   </div>
   <div class='ocr_carea' id='block_1_51' title="bbox 621 4684 2197 4756">
    <p class='ocr_par' dir='ltr' id='par_1_51' title="bbox 621 4684 2197 4756">
     <span class='ocr_line' id='line_1_51' title="bbox 621 4684 2197 4756; baseline 0.001 -18"><span class='ocrx_word' id='word_1_410' title='bbox 621 4684 927 4752; x_wconf 82' lang='lat' dir='ltr'><strong>Quorsum?</strong></span> <span class='ocrx_word' id='word_1_411' title='bbox 954 4696 1012 4740; x_wconf 92' lang='lat' dir='ltr'><strong>ut</strong></span> <span class='ocrx_word' id='word_1_412' title='bbox 1038 4704 1057 4739; x_wconf 79' lang='grc' dir='ltr'>ι</span> <span class='ocrx_word' id='word_1_413' title='bbox 1098 4688 1525 4742; x_wconf 77' lang='lat' dir='ltr'><strong>misericordiam</strong></span> <span class='ocrx_word' id='word_1_414' title='bbox 1553 4701 1726 4740; x_wconf 90' lang='lat' dir='ltr'><strong>meam</strong></span> <span class='ocrx_word' id='word_1_415' title='bbox 1757 4702 1862 4740; x_wconf 92' lang='lat' dir='ltr'><strong>non</strong></span> <span class='ocrx_word' id='word_1_416' title='bbox 1888 4686 2197 4756; x_wconf 83' lang='lat' dir='ltr'><strong>dispergam</strong></span> 
     </span>
    </p>
   </div>
   <div class='ocr_carea' id='block_1_52' title="bbox 624 4775 2196 4850">
    <p class='ocr_par' dir='ltr' id='par_1_52' title="bbox 624 4775 2196 4850">
     <span class='ocr_line' id='line_1_52' title="bbox 624 4775 2196 4850; baseline 0.001 -20"><span class='ocrx_word' id='word_1_417' title='bbox 624 4775 694 4830; x_wconf 87' lang='lat' dir='ltr'><strong>ab</strong></span> <span class='ocrx_word' id='word_1_418' title='bbox 725 4777 804 4831; x_wconf 89' lang='lat' dir='ltr'><strong>eis</strong></span> <span class='ocrx_word' id='word_1_419' title='bbox 838 4779 909 4834; x_wconf 68' lang='lat'><strong>’9.</strong></span> <span class='ocrx_word' id='word_1_420' title='bbox 949 4796 969 4830; x_wconf 77' lang='grc' dir='ltr'><strong>ι</strong></span> <span class='ocrx_word' id='word_1_421' title='bbox 1009 4777 1109 4834; x_wconf 90' lang='lat' dir='ltr'><strong>Ubi</strong></span> <span class='ocrx_word' id='word_1_422' title='bbox 1137 4780 1281 4833; x_wconf 80' lang='lat' dir='ltr'><strong>enim</strong></span> <span class='ocrx_word' id='word_1_423' title='bbox 1323 4780 1556 4849; x_wconf 89' lang='lat' dir='ltr'><strong>aliquem</strong></span> <span class='ocrx_word' id='word_1_424' title='bbox 1592 4780 1894 4850; x_wconf 88' lang='lat' dir='ltr'><strong>reliquerit,</strong></span> <span class='ocrx_word' id='word_1_425' title='bbox 1933 4795 2039 4833; x_wconf 90' lang='lat' dir='ltr'><strong>non</strong></span> <span class='ocrx_word' id='word_1_426' title='bbox 2076 4794 2196 4832; x_wconf 90' lang='lat' dir='ltr'><strong>am-</strong></span> 
     </span>
    </p>
   </div>
   <div class='ocr_carea' id='block_1_53' title="bbox 622 4866 2192 4943">
    <p class='ocr_par' dir='ltr' id='par_1_53' title="bbox 622 4866 2192 4943">
     <span class='ocr_line' id='line_1_53' title="bbox 622 4866 2192 4943; baseline 0.003 -23"><span class='ocrx_word' id='word_1_427' title='bbox 622 4866 763 4937; x_wconf 89' lang='lat' dir='ltr'><strong>plius</strong></span> <span class='ocrx_word' id='word_1_428' title='bbox 796 4869 1033 4939; x_wconf 82' lang='lat' dir='ltr'><strong>castigat</strong></span> <span class='ocrx_word' id='word_1_429' title='bbox 1061 4881 1153 4925; x_wconf 86' lang='lat' dir='ltr'><strong>aut</strong></span> <span class='ocrx_word' id='word_1_430' title='bbox 1186 4871 1445 4942; x_wconf 79' lang='lat' dir='ltr'><strong>ﬂagellat.</strong></span> <span class='ocrx_word' id='word_1_431' title='bbox 1505 4890 1525 4924; x_wconf 81' lang='grc' dir='ltr'>ι</span> <span class='ocrx_word' id='word_1_432' title='bbox 1558 4872 1820 4943; x_wconf 85' lang='lat' dir='ltr'><strong>Flagellat</strong></span> <span class='ocrx_word' id='word_1_433' title='bbox 1851 4891 1870 4925; x_wconf 75' lang='grc' dir='ltr'>ι</span> <span class='ocrx_word' id='word_1_434' title='bbox 1908 4873 2051 4926; x_wconf 88' lang='lat' dir='ltr'><strong>enim</strong></span> <span class='ocrx_word' id='word_1_435' title='bbox 2088 4886 2192 4925; x_wconf 88' lang='lat' dir='ltr'><strong>non</strong></span> 
     </span>
    </p>
   </div>
   <div class='ocr_carea' id='block_1_54' title="bbox 582 4963 2198 5035">
    <p class='ocr_par' dir='ltr' id='par_1_54' title="bbox 582 4963 2198 5035">
     <span class='ocr_line' id='line_1_54' title="bbox 582 4963 2198 5035; baseline 0.002 -22"><span class='ocrx_word' id='word_1_436' title='bbox 582 4974 837 5027; x_wconf 87' lang='lat' dir='ltr'><strong>.omnes,</strong></span> <span class='ocrx_word' id='word_1_437' title='bbox 867 4963 960 5017; x_wconf 82' lang='lat' dir='ltr'><strong>sed</strong></span> <span class='ocrx_word' id='word_1_438' title='bbox 1012 4981 1032 5011; x_wconf 76' lang='grc' dir='ltr'>ι</span> <span class='ocrx_word' id='word_1_439' title='bbox 1080 4978 1297 5019; x_wconf 89' lang='lat' dir='ltr'><strong>omnem</strong></span> <span class='ocrx_word' id='word_1_440' title='bbox 1353 4966 1522 5020; x_wconf 90' lang='lat' dir='ltr'><strong>ﬁlium</strong></span> <span class='ocrx_word' id='word_1_441' title='bbox 1556 4981 1715 5035; x_wconf 86' lang='lat' dir='ltr'><strong>quem</strong></span> <span class='ocrx_word' id='word_1_442' title='bbox 1763 4965 1957 5035; x_wconf 82' lang='lat' dir='ltr'><strong>recipit</strong></span> <span class='ocrx_word' id='word_1_443' title='bbox 2017 4963 2198 5018; x_wconf 90' lang='lat' dir='ltr'><strong>Domi-</strong></span> 
     </span>
    </p>
   </div>
   <div class='ocr_carea' id='block_1_55' title="bbox 622 5053 2198 5130">
    <p class='ocr_par' dir='ltr' id='par_1_55' title="bbox 622 5053 2198 5130">
     <span class='ocr_line' id='line_1_55' title="bbox 622 5053 2198 5130; baseline 0.002 -23"><span class='ocrx_word' id='word_1_444' title='bbox 622 5066 727 5108; x_wconf 85' lang='lat' dir='ltr'><strong>nus</strong></span> <span class='ocrx_word' id='word_1_445' title='bbox 751 5053 833 5119; x_wconf 86' lang='grc'><strong>³⁰;</strong></span> <span class='ocrx_word' id='word_1_446' title='bbox 874 5073 894 5108; x_wconf 71' lang='grc' dir='ltr'>ι</span> <span class='ocrx_word' id='word_1_447' title='bbox 931 5056 1236 5127; x_wconf 88' lang='lat' dir='ltr'><strong>diciturque</strong></span> <span class='ocrx_word' id='word_1_448' title='bbox 1292 5060 1431 5130; x_wconf 89' lang='lat' dir='ltr'><strong>apud</strong></span> <span class='ocrx_word' id='word_1_449' title='bbox 1479 5059 1800 5129; x_wconf 87' lang='lat' dir='ltr'><strong>prophetam</strong></span> <span class='ocrx_word' id='word_1_450' title='bbox 1838 5057 1905 5110; x_wconf 90' lang='lat' dir='ltr'><strong>de</strong></span> <span class='ocrx_word' id='word_1_451' title='bbox 1948 5056 2198 5110; x_wconf 76' lang='lat' dir='ltr'><strong>ttiaximis</strong></span> 
     </span>
    </p>
   </div>
   <div class='ocr_carea' id='block_1_56' title="bbox 623 5143 2197 5218">
    <p class='ocr_par' dir='ltr' id='par_1_56' title="bbox 623 5143 2197 5218">
     <span class='ocr_line' id='line_1_56' title="bbox 623 5143 2197 5218; baseline 0.002 -20"><span class='ocrx_word' id='word_1_452' title='bbox 623 5143 1005 5217; x_wconf 83' lang='lat' dir='ltr'><strong>peccatoribus</strong></span> <span class='ocrx_word' id='word_1_453' title='bbox 1031 5145 1073 5184; x_wconf 82' lang='grc'><strong>³¹</strong></span> <span class='ocrx_word' id='word_1_454' title='bbox 1114 5165 1128 5201; x_wconf 92' lang='lat'><strong>:</strong></span> <span class='ocrx_word' id='word_1_455' title='bbox 1164 5167 1182 5198; x_wconf 80' lang='grc' dir='ltr'>ι</span> <span class='ocrx_word' id='word_1_456' title='bbox 1215 5145 1332 5202; x_wconf 86' lang='lat' dir='ltr'><strong>Non</strong></span> <span class='ocrx_word' id='word_1_457' title='bbox 1358 5149 1590 5204; x_wconf 73' lang='lat' dir='ltr'><strong>visitabo</strong></span> <span class='ocrx_word' id='word_1_458' title='bbox 1620 5164 1783 5218; x_wconf 90' lang='lat' dir='ltr'><strong>super</strong></span> <span class='ocrx_word' id='word_1_459' title='bbox 1819 5148 1956 5202; x_wconf 85' lang='lat' dir='ltr'><strong>tilias</strong></span> <span class='ocrx_word' id='word_1_460' title='bbox 1990 5157 2197 5202; x_wconf 88' lang='lat' dir='ltr'><strong>vestras</strong></span> 
     </span>
    </p>
   </div>
   <div class='ocr_carea' id='block_1_57' title="bbox 620 5233 2195 5309">
    <p class='ocr_par' dir='ltr' id='par_1_57' title="bbox 620 5233 2195 5309">
     <span class='ocr_line' id='line_1_57' title="bbox 620 5233 2195 5309; baseline 0.001 -20"><span class='ocrx_word' id='word_1_461' title='bbox 620 5247 744 5289; x_wconf 88' lang='lat' dir='ltr'><strong>cum</strong></span> <span class='ocrx_word' id='word_1_462' title='bbox 772 5233 1051 5290; x_wconf 75' lang='lat' dir='ltr'><strong>fornicata:</strong></span> <span class='ocrx_word' id='word_1_463' title='bbox 1080 5236 1304 5306; x_wconf 80' lang='lat' dir='ltr'><strong>fuerint,</strong></span> <span class='ocrx_word' id='word_1_464' title='bbox 1340 5248 1395 5295; x_wconf 90' lang='lat' dir='ltr'><strong>et</strong></span> <span class='ocrx_word' id='word_1_465' title='bbox 1420 5252 1583 5309; x_wconf 69' lang='lat' dir='ltr'><strong>super</strong></span> <span class='ocrx_word' id='word_1_466' title='bbox 1608 5248 2057 5309; x_wconf 81' lang='lat' dir='ltr'><strong>sponsasvestras</strong></span> <span class='ocrx_word' id='word_1_467' title='bbox 2074 5253 2195 5293; x_wconf 90' lang='lat' dir='ltr'><strong>cum</strong></span> 
     </span>
    </p>
   </div>
   <div class='ocr_carea' id='block_1_58' title="bbox 622 5324 2199 5399">
    <p class='ocr_par' dir='ltr' id='par_1_58' title="bbox 622 5324 2199 5399">
     <span class='ocr_line' id='line_1_58' title="bbox 622 5324 2199 5399; baseline 0 -19"><span class='ocrx_word' id='word_1_468' title='bbox 622 5324 823 5381; x_wconf 77' lang='lat' dir='ltr'><strong>fuerint</strong></span> <span class='ocrx_word' id='word_1_469' title='bbox 857 5340 1244 5398; x_wconf 75' lang='lat' dir='ltr'><strong>constupratae.</strong></span> <span class='ocrx_word' id='word_1_470' title='bbox 1283 5350 1302 5384; x_wconf 75' lang='grc' dir='ltr'><strong>ι</strong></span> <span class='ocrx_word' id='word_1_471' title='bbox 1348 5331 1556 5385; x_wconf 87' lang='lat' dir='ltr'><strong>Tandiu</strong></span> <span class='ocrx_word' id='word_1_472' title='bbox 1608 5342 1693 5384; x_wconf 89' lang='lat' dir='ltr'><strong>est</strong></span> <span class='ocrx_word' id='word_1_473' title='bbox 1742 5345 1806 5385; x_wconf 77' lang='lat' dir='ltr'><strong>ex</strong></span> <span class='ocrx_word' id='word_1_474' title='bbox 1863 5345 1968 5399; x_wconf 86' lang='lat' dir='ltr'><strong>quo</strong></span> <span class='ocrx_word' id='word_1_475' title='bbox 2012 5336 2199 5399; x_wconf 89' lang='lat' dir='ltr'><strong>peccat</strong></span> 
     </span>
    </p>
   </div>
   <div class='ocr_carea' id='block_1_59' title="bbox 621 5418 2197 5487">
    <p class='ocr_par' dir='ltr' id='par_1_59' title="bbox 621 5418 2197 5487">
     <span class='ocr_line' id='line_1_59' title="bbox 621 5418 2197 5487; baseline 0 -14"><span class='ocrx_word' id='word_1_476' title='bbox 621 5418 871 5474; x_wconf 81' lang='lat' dir='ltr'><strong>diabolus</strong></span> <span class='ocrx_word' id='word_1_477' title='bbox 899 5434 929 5472; x_wconf 88' lang='lat' dir='ltr'><strong>a</strong></span> <span class='ocrx_word' id='word_1_478' title='bbox 960 5420 1238 5475; x_wconf 90' lang='lat' dir='ltr'><strong>creatione</strong></span> <span class='ocrx_word' id='word_1_479' title='bbox 1263 5436 1327 5475; x_wconf 91' lang='lat' dir='ltr'><strong>ac</strong></span> <span class='ocrx_word' id='word_1_480' title='bbox 1355 5421 1539 5475; x_wconf 91' lang='lat' dir='ltr'><strong>mundi</strong></span> <span class='ocrx_word' id='word_1_481' title='bbox 1566 5420 1982 5487; x_wconf 84' lang='lat' dir='ltr'><strong>constitutione,</strong></span> <span class='ocrx_word' id='word_1_482' title='bbox 2022 5433 2129 5474; x_wconf 18' lang='lat' dir='ltr'><strong>nec,</strong></span> <span class='ocrx_word' id='word_1_483' title='bbox 2147 5419 2197 5473; x_wconf 91' lang='lat' dir='ltr'><strong>ei</strong></span> 
     </span>
    </p>
   </div>
   <div class='ocr_carea' id='block_1_60' title="bbox 623 5510 2199 5585">
    <p class='ocr_par' dir='ltr' id='par_1_60' title="bbox 623 5510 2199 5585">
     <span class='ocr_line' id='line_1_60' title="bbox 623 5510 2199 5585; baseline -0.001 -19"><span class='ocrx_word' id='word_1_484' title='bbox 623 5512 764 5584; x_wconf 88' lang='lat' dir='ltr'><strong>ignis</strong></span> <span class='ocrx_word' id='word_1_485' title='bbox 791 5526 893 5567; x_wconf 90' lang='lat' dir='ltr'><strong>nec</strong></span> <span class='ocrx_word' id='word_1_486' title='bbox 924 5510 1218 5582; x_wconf 83' lang='lat' dir='ltr'><strong>ﬂagellum.</strong></span> <span class='ocrx_word' id='word_1_487' title='bbox 1254 5511 1369 5568; x_wconf 77' lang='lat' dir='ltr'><strong>Non</strong></span> <span class='ocrx_word' id='word_1_488' title='bbox 1402 5514 1547 5568; x_wconf 89' lang='lat' dir='ltr'><strong>enim</strong></span> <span class='ocrx_word' id='word_1_489' title='bbox 1583 5528 1865 5585; x_wconf 76' lang='lat' dir='ltr'><strong>ptenarum</strong></span> <span class='ocrx_word' id='word_1_490' title='bbox 1895 5513 2088 5583; x_wconf 88' lang='lat' dir='ltr'><strong>dignus</strong></span> <span class='ocrx_word' id='word_1_491' title='bbox 2115 5520 2199 5567; x_wconf 89' lang='lat' dir='ltr'><strong>est</strong></span> 
     </span>
    </p>
   </div>
   <div class='ocr_carea' id='block_1_61' title="bbox 694 5680 1186 5749">
    <p class='ocr_par' dir='ltr' id='par_1_61' title="bbox 694 5680 1186 5749">
     <span class='ocr_line' id='line_1_61' title="bbox 694 5680 1186 5749; baseline 0 -14"><span class='ocrx_word' id='word_1_492' title='bbox 694 5681 739 5711; x_wconf 82' lang='grc'><strong>⁸³</strong></span> <span class='ocrx_word' id='word_1_493' title='bbox 764 5680 965 5749; x_wconf 79' lang='lat' dir='ltr'><strong>Ephes.</strong></span> <span class='ocrx_word' id='word_1_494' title='bbox 992 5697 1067 5746; x_wconf 84' lang='lat' dir='ltr'><strong>vt,</strong></span> <span class='ocrx_word' id='word_1_495' title='bbox 1102 5680 1186 5736; x_wconf 84' lang='lat' dir='ltr'><strong>l6.</strong></span> 
     </span>
    </p>
   </div>
   <div class='ocr_carea' id='block_1_62' title="bbox 1265 5682 1757 5753">
    <p class='ocr_par' dir='ltr' id='par_1_62' title="bbox 1265 5682 1757 5753">
     <span class='ocr_line' id='line_1_62' title="bbox 1265 5682 1757 5753; baseline 0.002 -15"><span class='ocrx_word' id='word_1_496' title='bbox 1265 5683 1310 5714; x_wconf 78' lang='grc'>³³</span> <span class='ocrx_word' id='word_1_497' title='bbox 1338 5682 1494 5738; x_wconf 74' lang='lat' dir='ltr'><strong>Jean.</strong></span> <span class='ocrx_word' id='word_1_498' title='bbox 1529 5701 1644 5753; x_wconf 82' lang='lat' dir='ltr'><strong>xm,</strong></span> <span class='ocrx_word' id='word_1_499' title='bbox 1670 5688 1757 5741; x_wconf 78' lang='lat'><strong>&#39;55.</strong></span> 
     </span>
    </p>
   </div>
   <div class='ocr_carea' id='block_1_63' title="bbox 625 5754 888 5818">
    <p class='ocr_par' dir='ltr' id='par_1_63' title="bbox 625 5754 888 5818">
     <span class='ocr_line' id='line_1_63' title="bbox 625 5754 888 5818; baseline 0.008 -14"><span class='ocrx_word' id='word_1_500' title='bbox 625 5763 769 5818; x_wconf 64' lang='lat' dir='ltr'><strong>xciv,</strong></span> <span class='ocrx_word' id='word_1_501' title='bbox 801 5754 888 5806; x_wconf 79' lang='lat' dir='ltr'><strong>tt.</strong></span> 
     </span>
    </p>
   </div>
   <div class='ocr_carea' id='block_1_64' title="bbox 963 5753 1605 5825">
    <p class='ocr_par' dir='ltr' id='par_1_64' title="bbox 963 5753 1605 5825">
     <span class='ocr_line' id='line_1_64' title="bbox 963 5753 1605 5825; baseline 0.008 -19"><span class='ocrx_word' id='word_1_502' title='bbox 963 5753 1009 5788; x_wconf 73' lang='grc'><strong>³⁸</strong></span> <span class='ocrx_word' id='word_1_503' title='bbox 1040 5753 1188 5809; x_wconf 77' lang='lat' dir='ltr'><strong>l’sal.</strong></span> <span class='ocrx_word' id='word_1_504' title='bbox 1221 5769 1488 5825; x_wconf 77' lang='lat' dir='ltr'><strong>Lxxxvtu,</strong></span> <span class='ocrx_word' id='word_1_505' title='bbox 1514 5756 1605 5811; x_wconf 78' lang='lat'><strong>55.</strong></span> 
     </span>
    </p>
   </div>
   <div class='ocr_carea' id='block_1_65' title="bbox 2252 5404 3817 5494">
    <p class='ocr_par' dir='ltr' id='par_1_65' title="bbox 2252 5404 3817 5494">
     <span class='ocr_line' id='line_1_65' title="bbox 2252 5404 3817 5494; baseline -0.006 -19"><span class='ocrx_word' id='word_1_506' title='bbox 2252 5484 2257 5487; x_wconf 8' lang='grc' dir='ltr'>ἱ</span> <span class='ocrx_word' id='word_1_507' title='bbox 2300 5422 2357 5475; x_wconf 73' lang='grc' dir='ltr'>δὲ</span> <span class='ocrx_word' id='word_1_508' title='bbox 2380 5441 2395 5473; x_wconf 85' lang='grc' dir='ltr'>ι</span> <span class='ocrx_word' id='word_1_509' title='bbox 2421 5425 2513 5476; x_wconf 79' lang='grc' dir='ltr'><strong>καὶ</strong></span> <span class='ocrx_word' id='word_1_510' title='bbox 2539 5425 2595 5476; x_wconf 89' lang='grc' dir='ltr'><strong>ἐν</strong></span> <span class='ocrx_word' id='word_1_511' title='bbox 2617 5422 2833 5494; x_wconf 78' lang='grc' dir='ltr'>μάστιξι</span> <span class='ocrx_word' id='word_1_512' title='bbox 2862 5423 2959 5486; x_wconf 75' lang='grc' dir='ltr'>τὰς</span> <span class='ocrx_word' id='word_1_513' title='bbox 2976 5423 3189 5486; x_wconf 76' lang='grc' dir='ltr'><strong>ἀδικίας</strong></span> <span class='ocrx_word' id='word_1_514' title='bbox 3205 5422 3416 5476; x_wconf 78' lang='grc' dir='ltr'>αὐτῶν.</span> <span class='ocrx_word' id='word_1_515' title='bbox 3449 5442 3468 5473; x_wconf 72' lang='grc' dir='ltr'>ι</span> <span class='ocrx_word' id='word_1_516' title='bbox 3490 5418 3586 5473; x_wconf 82' lang='grc' dir='ltr'>Διά</span> <span class='ocrx_word' id='word_1_517' title='bbox 3610 5416 3655 5469; x_wconf 79' lang='grc' dir='ltr'><strong>τί</strong></span> <span class='ocrx_word' id='word_1_518' title='bbox 3676 5431 3688 5478; x_wconf 90' lang='grc'>;</span> <span class='ocrx_word' id='word_1_519' title='bbox 3711 5404 3817 5463; x_wconf 63' lang='grc' dir='ltr'>ῖνιτδ</span> 
     </span>
    </p>
   </div>
   <div class='ocr_carea' id='block_1_66' title="bbox 1851 5683 2476 5757">
    <p class='ocr_par' dir='ltr' id='par_1_66' title="bbox 1851 5683 2476 5757">
     <span class='ocr_line' id='line_1_66' title="bbox 1851 5683 2476 5757; baseline 0.002 -15"><span class='ocrx_word' id='word_1_520' title='bbox 1851 5688 1897 5720; x_wconf 67' lang='grc'><strong>’⁸</strong></span> <span class='ocrx_word' id='word_1_521' title='bbox 1929 5683 2118 5742; x_wconf 80' lang='lat' dir='ltr'><strong>Matth.</strong></span> <span class='ocrx_word' id='word_1_522' title='bbox 2150 5704 2224 5757; x_wconf 85' lang='lat' dir='ltr'><strong>Ix,</strong></span> <span class='ocrx_word' id='word_1_523' title='bbox 2246 5689 2318 5743; x_wconf 65' lang='grc'><strong>22</strong></span> <span class='ocrx_word' id='word_1_524' title='bbox 2345 5688 2476 5743; x_wconf 68' lang='lat' dir='ltr'><strong>e12.</strong></span> 
     </span>
    </p>
   </div>
   <div class='ocr_carea' id='block_1_67' title="bbox 1681 5759 2326 5829">
    <p class='ocr_par' dir='ltr' id='par_1_67' title="bbox 1681 5759 2326 5829">
     <span class='ocr_line' id='line_1_67' title="bbox 1681 5759 2326 5829; baseline 0.005 -15"><span class='ocrx_word' id='word_1_525' title='bbox 1681 5760 1724 5790; x_wconf 82' lang='grc'><strong>²⁹</strong></span> <span class='ocrx_word' id='word_1_526' title='bbox 1748 5759 1893 5818; x_wconf 85' lang='lat' dir='ltr'><strong>l’sal.</strong></span> <span class='ocrx_word' id='word_1_527' title='bbox 1933 5773 2200 5829; x_wconf 72' lang='lat' dir='ltr'><strong>Lxxxvtu,</strong></span> <span class='ocrx_word' id='word_1_528' title='bbox 2236 5761 2326 5817; x_wconf 70' lang='grc' dir='ltr'>δι.</span> 
     </span>
    </p>
   </div>
   <div class='ocr_carea' id='block_1_68' title="bbox 2297 535 3746 629">
    <p class='ocr_par' dir='ltr' id='par_1_68' title="bbox 2297 535 3746 629">
     <span class='ocr_line' id='line_1_68' title="bbox 2297 535 3746 629; baseline 0.006 -38"><span class='ocrx_word' id='word_1_529' title='bbox 2297 539 2420 601; x_wconf 85' lang='grc' dir='ltr'>στδς</span> <span class='ocrx_word' id='word_1_530' title='bbox 2440 540 2552 602; x_wconf 84' lang='grc' dir='ltr'>τοῖς</span> <span class='ocrx_word' id='word_1_531' title='bbox 2597 537 3021 608; x_wconf 82' lang='grc' dir='ltr'>ἁμαρτάνουσιν,</span> <span class='ocrx_word' id='word_1_532' title='bbox 3057 536 3139 589; x_wconf 79' lang='grc' dir='ltr'>ὅτι</span> <span class='ocrx_word' id='word_1_533' title='bbox 3173 554 3192 588; x_wconf 79' lang='grc' dir='ltr'>ι</span> <span class='ocrx_word' id='word_1_534' title='bbox 3230 535 3403 609; x_wconf 81' lang='grc' dir='ltr'>Ὑμεῖς</span> <span class='ocrx_word' id='word_1_535' title='bbox 3425 540 3480 596; x_wconf 86' lang='grc' dir='ltr'><strong>ἐκ</strong></span> <span class='ocrx_word' id='word_1_536' title='bbox 3518 544 3591 600; x_wconf 73' lang='grc' dir='ltr'>τοῦ</span> 
     </span>
    </p>
   </div>
   <div class='ocr_carea' id='block_1_69' title="bbox 2295 628 3745 721">
    <p class='ocr_par' dir='ltr' id='par_1_69' title="bbox 2295 628 3745 721">
     <span class='ocr_line' id='line_1_69' title="bbox 2295 628 3745 721; baseline 0.006 -37"><span class='ocrx_word' id='word_1_537' title='bbox 2295 630 2388 684; x_wconf 80' lang='grc' dir='ltr'>τοῦ</span> <span class='ocrx_word' id='word_1_538' title='bbox 2423 630 2670 684; x_wconf 78' lang='grc' dir='ltr'>διαϐόλου</span> <span class='ocrx_word' id='word_1_539' title='bbox 2699 629 2842 694; x_wconf 83' lang='grc' dir='ltr'>ἐστὲ,</span> <span class='ocrx_word' id='word_1_540' title='bbox 2887 630 2982 683; x_wconf 74' lang='grc' dir='ltr'><strong>καὶ</strong></span> <span class='ocrx_word' id='word_1_541' title='bbox 3025 628 3127 713; x_wconf 82' lang='grc' dir='ltr'>τὰς</span> <span class='ocrx_word' id='word_1_542' title='bbox 3176 629 3453 701; x_wconf 76' lang='grc' dir='ltr'><strong>ἐπιθυμίας</strong></span> <span class='ocrx_word' id='word_1_543' title='bbox 3502 632 3578 693; x_wconf 66' lang='grc' dir='ltr'>τοῦ</span> <span class='ocrx_word' id='word_1_544' title='bbox 3612 652 3745 721; x_wconf 55' lang='grc' dir='ltr'>πατως</span> 
     </span>
    </p>
   </div>
   <div class='ocr_carea' id='block_1_70' title="bbox 2296 722 3748 807">
    <p class='ocr_par' dir='ltr' id='par_1_70' title="bbox 2296 722 3748 807">
     <span class='ocr_line' id='line_1_70' title="bbox 2296 722 3748 807; baseline 0.008 -31"><span class='ocrx_word' id='word_1_545' title='bbox 2296 723 2448 795; x_wconf 80' lang='grc' dir='ltr'>ὑμῶν</span> <span class='ocrx_word' id='word_1_546' title='bbox 2471 723 2652 776; x_wconf 86' lang='grc' dir='ltr'>θέλετε</span> <span class='ocrx_word' id='word_1_547' title='bbox 2686 723 2930 793; x_wconf 80' lang='grc' dir='ltr'>ποιῆσαι.</span> <span class='ocrx_word' id='word_1_548' title='bbox 2981 723 3219 786; x_wconf 80' lang='grc' dir='ltr'>Ἐκεῖνος</span> <span class='ocrx_word' id='word_1_549' title='bbox 3255 722 3637 807; x_wconf 81' lang='grc' dir='ltr'>ἀνθρωποκτόνος</span> <span class='ocrx_word' id='word_1_550' title='bbox 3658 742 3748 797; x_wconf 69' lang='grc' dir='ltr'>ἐστὶν</span> 
     </span>
    </p>
   </div>
   <div class='ocr_carea' id='block_1_71' title="bbox 2278 816 3821 901">
    <p class='ocr_par' dir='ltr' id='par_1_71' title="bbox 2278 816 3821 901">
     <span class='ocr_line' id='line_1_71' title="bbox 2278 816 3821 901; baseline 0.01 -32"><span class='ocrx_word' id='word_1_551' title='bbox 2278 816 2388 883; x_wconf 30' lang='grc' dir='ltr'>,ἀπ’</span> <span class='ocrx_word' id='word_1_552' title='bbox 2422 816 2618 888; x_wconf 80' lang='grc' dir='ltr'>ἀρχῆς,</span> <span class='ocrx_word' id='word_1_553' title='bbox 2650 817 2741 869; x_wconf 71' lang='grc' dir='ltr'><strong>καὶ</strong></span> <span class='ocrx_word' id='word_1_554' title='bbox 2761 818 2818 870; x_wconf 84' lang='grc' dir='ltr'><strong>ἐν</strong></span> <span class='ocrx_word' id='word_1_555' title='bbox 2844 820 2909 888; x_wconf 81' lang='grc' dir='ltr'>τῇ</span> <span class='ocrx_word' id='word_1_556' title='bbox 2942 816 3171 889; x_wconf 77' lang='grc' dir='ltr'><strong>ἀληθείᾳ</strong></span> <span class='ocrx_word' id='word_1_557' title='bbox 3193 817 3290 897; x_wconf 63' lang='grc' dir='ltr'><strong>οιῦχ</strong></span> <span class='ocrx_word' id='word_1_558' title='bbox 3311 816 3534 901; x_wconf 74' lang='grc' dir='ltr'>ἕστηκεν.</span> <span class='ocrx_word' id='word_1_559' title='bbox 3568 846 3582 877; x_wconf 75' lang='grc' dir='ltr'><strong>ι</strong></span> <span class='ocrx_word' id='word_1_560' title='bbox 3615 834 3746 889; x_wconf 67' lang='lat' dir='ltr'><strong>03min</strong></span> <span class='ocrx_word' id='word_1_561' title='bbox 3820 856 3821 877; x_wconf 64' lang='grc' dir='ltr'>ι</span> 
     </span>
    </p>
   </div>
   <div class='ocr_carea' id='block_1_72' title="bbox 2295 907 3748 987">
    <p class='ocr_par' dir='ltr' id='par_1_72' title="bbox 2295 907 3748 987">
     <span class='ocr_line' id='line_1_72' title="bbox 2295 907 3748 987; baseline 0.007 -28"><span class='ocrx_word' id='word_1_562' title='bbox 2295 907 2348 959; x_wconf 79' lang='grc' dir='ltr'><strong>εἴ</strong></span> <span class='ocrx_word' id='word_1_563' title='bbox 2388 925 2471 971; x_wconf 88' lang='grc' dir='ltr'><strong>τις</strong></span> <span class='ocrx_word' id='word_1_564' title='bbox 2496 909 2821 979; x_wconf 80' lang='grc' dir='ltr'>ἁμαρτάνει,</span> <span class='ocrx_word' id='word_1_565' title='bbox 2852 910 2917 961; x_wconf 86' lang='grc' dir='ltr'><strong>ἐκ</strong></span> <span class='ocrx_word' id='word_1_566' title='bbox 2945 908 3036 962; x_wconf 83' lang='grc' dir='ltr'>τοῦ</span> <span class='ocrx_word' id='word_1_567' title='bbox 3072 908 3279 980; x_wconf 83' lang='grc' dir='ltr'>πατρὸς</span> <span class='ocrx_word' id='word_1_568' title='bbox 3320 908 3408 962; x_wconf 76' lang='grc' dir='ltr'>τοῦ</span> <span class='ocrx_word' id='word_1_569' title='bbox 3443 910 3642 973; x_wconf 72' lang='grc' dir='ltr'>διαϐόλου</span> 
     </span>
    </p>
   </div>
   <div class='ocr_carea' id='block_1_73' title="bbox 2296 1001 3821 1074">
    <p class='ocr_par' dir='ltr' id='par_1_73' title="bbox 2296 1001 3821 1074">
     <span class='ocr_line' id='line_1_73' title="bbox 2296 1001 3821 1074; baseline 0.012 -21"><span class='ocrx_word' id='word_1_570' title='bbox 2296 1002 2388 1054; x_wconf 74' lang='grc' dir='ltr'><strong>καὶ</strong></span> <span class='ocrx_word' id='word_1_571' title='bbox 2417 1001 2503 1054; x_wconf 86' lang='grc' dir='ltr'><strong>διά</strong></span> <span class='ocrx_word' id='word_1_572' title='bbox 2538 1002 2695 1055; x_wconf 78' lang='grc' dir='ltr'>τοῦτο</span> <span class='ocrx_word' id='word_1_573' title='bbox 2717 1001 2778 1055; x_wconf 82' lang='grc' dir='ltr'>τὸ</span> <span class='ocrx_word' id='word_1_574' title='bbox 2812 1002 3121 1074; x_wconf 83' lang='grc' dir='ltr'>ἁμάρτημα</span> <span class='ocrx_word' id='word_1_575' title='bbox 3146 1001 3238 1055; x_wconf 75' lang='grc' dir='ltr'><strong>τοῦ</strong></span> <span class='ocrx_word' id='word_1_576' title='bbox 3271 1002 3497 1059; x_wconf 78' lang='grc' dir='ltr'>διαϐόλου</span> <span class='ocrx_word' id='word_1_577' title='bbox 3543 1011 3749 1072; x_wconf 64' lang='grc' dir='ltr'>ἀποδίδοται</span> <span class='ocrx_word' id='word_1_578' title='bbox 3820 1024 3821 1059; x_wconf 63' lang='lat'>1</span> 
     </span>
    </p>
   </div>
   <div class='ocr_carea' id='block_1_74' title="bbox 2296 1094 3752 1179">
    <p class='ocr_par' dir='ltr' id='par_1_74' title="bbox 2296 1094 3752 1179">
     <span class='ocr_line' id='line_1_74' title="bbox 2296 1094 3752 1179; baseline 0.006 -30"><span class='ocrx_word' id='word_1_579' title='bbox 2296 1096 2388 1149; x_wconf 83' lang='grc' dir='ltr'><strong>ἐπὶ</strong></span> <span class='ocrx_word' id='word_1_580' title='bbox 2412 1095 2501 1148; x_wconf 82' lang='grc' dir='ltr'><strong>τὸν</strong></span> <span class='ocrx_word' id='word_1_581' title='bbox 2525 1096 2659 1149; x_wconf 78' lang='grc' dir='ltr'>υἱόν.</span> <span class='ocrx_word' id='word_1_582' title='bbox 2690 1094 2837 1168; x_wconf 74' lang='grc' dir='ltr'>Πλὴν</span> <span class='ocrx_word' id='word_1_583' title='bbox 2882 1094 3088 1159; x_wconf 83' lang='grc' dir='ltr'>ἐκεῖνός</span> <span class='ocrx_word' id='word_1_584' title='bbox 3123 1097 3268 1149; x_wconf 85' lang='grc' dir='ltr'>ἐστιν</span> <span class='ocrx_word' id='word_1_585' title='bbox 3306 1096 3335 1148; x_wconf 88' lang='grc' dir='ltr'><strong>ὀ</strong></span> <span class='ocrx_word' id='word_1_586' title='bbox 3370 1099 3556 1168; x_wconf 80' lang='grc' dir='ltr'>πρῶτος</span> <span class='ocrx_word' id='word_1_587' title='bbox 3580 1106 3752 1179; x_wconf 69' lang='grc' dir='ltr'>ἁμαρτω.</span> 
     </span>
    </p>
   </div>
   <div class='ocr_carea' id='block_1_75' title="bbox 2295 1187 3750 1270">
    <p class='ocr_par' dir='ltr' id='par_1_75' title="bbox 2295 1187 3750 1270">
     <span class='ocr_line' id='line_1_75' title="bbox 2295 1187 3750 1270; baseline 0.001 -28"><span class='ocrx_word' id='word_1_588' title='bbox 2295 1190 2405 1254; x_wconf 80' lang='grc' dir='ltr'>λὸς,</span> <span class='ocrx_word' id='word_1_589' title='bbox 2429 1192 2457 1243; x_wconf 88' lang='grc' dir='ltr'>ὁ</span> <span class='ocrx_word' id='word_1_590' title='bbox 2484 1187 2767 1267; x_wconf 75' lang='grc' dir='ltr'>ὑποϐαλών</span> <span class='ocrx_word' id='word_1_591' title='bbox 2818 1207 2905 1260; x_wconf 87' lang='grc' dir='ltr'><strong>μοι</strong></span> <span class='ocrx_word' id='word_1_592' title='bbox 2952 1189 3375 1261; x_wconf 79' lang='grc' dir='ltr'>τὸ⁸ἀμάρτημα’</span> <span class='ocrx_word' id='word_1_593' title='bbox 3425 1191 3523 1260; x_wconf 80' lang='grc' dir='ltr'><strong>ἐγὼ</strong></span> <span class='ocrx_word' id='word_1_594' title='bbox 3556 1195 3600 1249; x_wconf 82' lang='grc' dir='ltr'><strong>δέ</strong></span> <span class='ocrx_word' id='word_1_595' title='bbox 3638 1202 3750 1270; x_wconf 50' lang='lat' dir='ltr'><strong>aqua</strong></span> 
     </span>
    </p>
   </div>
   <div class='ocr_carea' id='block_1_76' title="bbox 2296 1283 3753 1361">
    <p class='ocr_par' dir='ltr' id='par_1_76' title="bbox 2296 1283 3753 1361">
     <span class='ocr_line' id='line_1_76' title="bbox 2296 1283 3753 1361; baseline 0.004 -24"><span class='ocrx_word' id='word_1_596' title='bbox 2296 1284 2545 1356; x_wconf 78' lang='grc' dir='ltr'>δεύτερος</span> <span class='ocrx_word' id='word_1_597' title='bbox 2567 1284 2908 1355; x_wconf 85' lang='grc' dir='ltr'>ἁμαρτωλὸς,</span> <span class='ocrx_word' id='word_1_598' title='bbox 2939 1286 2967 1338; x_wconf 86' lang='grc' dir='ltr'>ὁ</span> <span class='ocrx_word' id='word_1_599' title='bbox 2995 1284 3068 1356; x_wconf 84' lang='grc' dir='ltr'><strong>μὴ</strong></span> <span class='ocrx_word' id='word_1_600' title='bbox 3099 1286 3196 1340; x_wconf 83' lang='grc' dir='ltr'>ἐκὸ</span> <span class='ocrx_word' id='word_1_601' title='bbox 3208 1283 3342 1337; x_wconf 74' lang='grc' dir='ltr'>ιλὼν</span> <span class='ocrx_word' id='word_1_602' title='bbox 3396 1285 3448 1337; x_wconf 75' lang='grc' dir='ltr'><strong>τὸ</strong></span> <span class='ocrx_word' id='word_1_603' title='bbox 3492 1286 3681 1361; x_wconf 71' lang='grc' dir='ltr'>βούλημα</span> <span class='ocrx_word' id='word_1_604' title='bbox 3698 1297 3753 1348; x_wconf 62' lang='grc' dir='ltr'><strong>αὑ.</strong></span> 
     </span>
    </p>
   </div>
   <div class='ocr_carea' id='block_1_77' title="bbox 2296 1373 3754 1447">
    <p class='ocr_par' dir='ltr' id='par_1_77' title="bbox 2296 1373 3754 1447">
     <span class='ocr_line' id='line_1_77' title="bbox 2296 1373 3754 1447; baseline -0.011 -3"><span class='ocrx_word' id='word_1_605' title='bbox 2296 1375 2411 1440; x_wconf 68' lang='grc' dir='ltr'><strong>τοῦ,</strong></span> <span class='ocrx_word' id='word_1_606' title='bbox 2441 1374 2575 1427; x_wconf 81' lang='grc' dir='ltr'>ἀλλά</span> <span class='ocrx_word' id='word_1_607' title='bbox 2597 1374 3042 1447; x_wconf 77' lang='grc' dir='ltr'>παραδεξάμενος</span> <span class='ocrx_word' id='word_1_608' title='bbox 3066 1375 3230 1430; x_wconf 77' lang='grc' dir='ltr'><strong>αὑτοῦ</strong></span> <span class='ocrx_word' id='word_1_609' title='bbox 3257 1374 3355 1445; x_wconf 81' lang='grc' dir='ltr'><strong>τὴν</strong></span> <span class='ocrx_word' id='word_1_610' title='bbox 3384 1373 3621 1445; x_wconf 80' lang='grc' dir='ltr'>ἐνέργειαν</span> <span class='ocrx_word' id='word_1_611' title='bbox 3643 1398 3653 1411; x_wconf 91' lang='grc'>·</span> <span class='ocrx_word' id='word_1_612' title='bbox 3685 1384 3754 1438; x_wconf 72' lang='grc' dir='ltr'><strong>δέω</strong></span> 
     </span>
    </p>
   </div>
   <div class='ocr_carea' id='block_1_78' title="bbox 2301 1453 3755 1541">
    <p class='ocr_par' dir='ltr' id='par_1_78' title="bbox 2301 1453 3755 1541">
     <span class='ocr_line' id='line_1_78' title="bbox 2301 1453 3755 1541; baseline 0.006 -21"><span class='ocrx_word' id='word_1_613' title='bbox 2301 1485 2368 1539; x_wconf 87' lang='grc' dir='ltr'><strong>με</strong></span> <span class='ocrx_word' id='word_1_614' title='bbox 2400 1470 2588 1539; x_wconf 80' lang='grc' dir='ltr'>στῆναι</span> <span class='ocrx_word' id='word_1_615' title='bbox 2631 1453 3083 1538; x_wconf 72' lang='grc' dir='ltr'>καθωπλισμένον</span> <span class='ocrx_word' id='word_1_616' title='bbox 3124 1468 3222 1539; x_wconf 74' lang='grc' dir='ltr'><strong>τὴν</strong></span> <span class='ocrx_word' id='word_1_617' title='bbox 3252 1471 3535 1525; x_wconf 78' lang='grc' dir='ltr'>πανοπλίαν</span> <span class='ocrx_word' id='word_1_618' title='bbox 3567 1473 3639 1541; x_wconf 67' lang='grc' dir='ltr'><strong>τοῦ</strong></span> <span class='ocrx_word' id='word_1_619' title='bbox 3661 1475 3755 1541; x_wconf 63' lang='grc' dir='ltr'>θεώ,</span> 
     </span>
    </p>
   </div>
   <div class='ocr_carea' id='block_1_79' title="bbox 2298 1558 3756 1632">
    <p class='ocr_par' dir='ltr' id='par_1_79' title="bbox 2298 1558 3756 1632">
     <span class='ocr_line' id='line_1_79' title="bbox 2298 1558 3756 1632; baseline 0.002 -17"><span class='ocrx_word' id='word_1_620' title='bbox 2298 1560 2393 1615; x_wconf 69' lang='grc' dir='ltr'><strong>καὶ</strong></span> <span class='ocrx_word' id='word_1_621' title='bbox 2417 1560 2610 1632; x_wconf 81' lang='grc' dir='ltr'>ἔχοντα</span> <span class='ocrx_word' id='word_1_622' title='bbox 2640 1560 2730 1615; x_wconf 84' lang='grc' dir='ltr'><strong>τὸν</strong></span> <span class='ocrx_word' id='word_1_623' title='bbox 2772 1560 2965 1631; x_wconf 81' lang='grc' dir='ltr'>θυρεὸν</span> <span class='ocrx_word' id='word_1_624' title='bbox 3011 1558 3111 1629; x_wconf 81' lang='grc' dir='ltr'>τῆς</span> <span class='ocrx_word' id='word_1_625' title='bbox 3156 1558 3408 1625; x_wconf 77' lang='grc' dir='ltr'>πίστεως,</span> <span class='ocrx_word' id='word_1_626' title='bbox 3450 1562 3527 1615; x_wconf 83' lang='grc' dir='ltr'>ἵνα</span> <span class='ocrx_word' id='word_1_627' title='bbox 3563 1564 3691 1617; x_wconf 66' lang='grc' dir='ltr'>πάντα</span> <span class='ocrx_word' id='word_1_628' title='bbox 3717 1567 3756 1619; x_wconf 66' lang='lat' dir='ltr'><strong>ti</strong></span> 
     </span>
    </p>
   </div>
   <div class='ocr_carea' id='block_1_80' title="bbox 2301 1648 3759 1724">
    <p class='ocr_par' dir='ltr' id='par_1_80' title="bbox 2301 1648 3759 1724">
     <span class='ocr_line' id='line_1_80' title="bbox 2301 1648 3759 1724; baseline -0.011 -16"><span class='ocrx_word' id='word_1_629' title='bbox 2301 1650 2427 1721; x_wconf 74' lang='grc' dir='ltr'>βέλη</span> <span class='ocrx_word' id='word_1_630' title='bbox 2477 1649 2570 1704; x_wconf 83' lang='grc' dir='ltr'>τοῦ</span> <span class='ocrx_word' id='word_1_631' title='bbox 2624 1649 2861 1722; x_wconf 72' lang='grc' dir='ltr'>πονηροῦ</span> <span class='ocrx_word' id='word_1_632' title='bbox 2914 1648 2983 1702; x_wconf 85' lang='grc' dir='ltr'>τὰ</span> <span class='ocrx_word' id='word_1_633' title='bbox 3026 1649 3395 1720; x_wconf 81' lang='grc' dir='ltr'>πεπυρωμένα</span> <span class='ocrx_word' id='word_1_634' title='bbox 3450 1651 3617 1723; x_wconf 70' lang='grc' dir='ltr'>σϐεσθῇ</span> <span class='ocrx_word' id='word_1_635' title='bbox 3649 1656 3687 1707; x_wconf 60' lang='grc' dir='ltr'>ὲν</span> <span class='ocrx_word' id='word_1_636' title='bbox 3715 1656 3759 1724; x_wconf 61' lang='grc' dir='ltr'><strong>τῷ</strong></span> 
     </span>
    </p>
   </div>
   <div class='ocr_carea' id='block_1_81' title="bbox 2300 1736 3758 1814">
    <p class='ocr_par' dir='ltr' id='par_1_81' title="bbox 2300 1736 3758 1814">
     <span class='ocr_line' id='line_1_81' title="bbox 2300 1736 3758 1814; baseline 0.002 -19"><span class='ocrx_word' id='word_1_637' title='bbox 2300 1742 2477 1814; x_wconf 83' lang='grc' dir='ltr'>θυρεῷ</span> <span class='ocrx_word' id='word_1_638' title='bbox 2505 1743 2604 1812; x_wconf 78' lang='grc' dir='ltr'>τῆς</span> <span class='ocrx_word' id='word_1_639' title='bbox 2628 1741 2863 1805; x_wconf 77' lang='grc' dir='ltr'>πίστεώς</span> <span class='ocrx_word' id='word_1_640' title='bbox 2890 1759 3010 1813; x_wconf 85' lang='grc' dir='ltr'>μου.</span> <span class='ocrx_word' id='word_1_641' title='bbox 3030 1741 3155 1793; x_wconf 85' lang='grc' dir='ltr'><strong>Ἐὰν</strong></span> <span class='ocrx_word' id='word_1_642' title='bbox 3179 1736 3270 1793; x_wconf 77' lang='grc' dir='ltr'><strong>οὖν</strong></span> <span class='ocrx_word' id='word_1_643' title='bbox 3300 1740 3587 1811; x_wconf 81' lang='grc' dir='ltr'>ἁμαρτάνω,</span> <span class='ocrx_word' id='word_1_644' title='bbox 3614 1746 3758 1799; x_wconf 62' lang='lat' dir='ltr'><strong>mea</strong></span> 
     </span>
    </p>
   </div>
   <div class='ocr_carea' id='block_1_82' title="bbox 2297 1833 3761 1906">
    <p class='ocr_par' dir='ltr' id='par_1_82' title="bbox 2297 1833 3761 1906">
     <span class='ocr_line' id='line_1_82' title="bbox 2297 1833 3761 1906; baseline 0.001 -17"><span class='ocrx_word' id='word_1_645' title='bbox 2297 1835 2389 1889; x_wconf 83' lang='grc' dir='ltr'>τοῦ</span> <span class='ocrx_word' id='word_1_646' title='bbox 2417 1836 2662 1889; x_wconf 77' lang='grc' dir='ltr'>διαϐόλου</span> <span class='ocrx_word' id='word_1_647' title='bbox 2694 1834 3016 1905; x_wconf 75' lang='grc' dir='ltr'>βεϐληκότος</span> <span class='ocrx_word' id='word_1_648' title='bbox 3042 1835 3122 1897; x_wconf 81' lang='grc' dir='ltr'>εἰς</span> <span class='ocrx_word' id='word_1_649' title='bbox 3155 1834 3252 1905; x_wconf 78' lang='grc' dir='ltr'>τὴν</span> <span class='ocrx_word' id='word_1_650' title='bbox 3276 1833 3513 1906; x_wconf 83' lang='grc' dir='ltr'>καρδίαν,</span> <span class='ocrx_word' id='word_1_651' title='bbox 3534 1836 3606 1889; x_wconf 73' lang='grc' dir='ltr'>ἵνα</span> <span class='ocrx_word' id='word_1_652' title='bbox 3630 1838 3712 1890; x_wconf 69' lang='grc' dir='ltr'>τόδε</span> <span class='ocrx_word' id='word_1_653' title='bbox 3730 1839 3761 1891; x_wconf 69' lang='lat' dir='ltr'><strong>ti</strong></span> 
     </span>
    </p>
   </div>
   <div class='ocr_carea' id='block_1_83' title="bbox 2298 1923 3761 1997">
    <p class='ocr_par' dir='ltr' id='par_1_83' title="bbox 2298 1923 3761 1997">
     <span class='ocr_line' id='line_1_83' title="bbox 2298 1923 3761 1997; baseline 0 -18"><span class='ocrx_word' id='word_1_654' title='bbox 2298 1928 2623 1997; x_wconf 77' lang='grc' dir='ltr'>ἁμάρτημα,</span> <span class='ocrx_word' id='word_1_655' title='bbox 2679 1927 2711 1996; x_wconf 84' lang='grc' dir='ltr'>ἢ</span> <span class='ocrx_word' id='word_1_656' title='bbox 2766 1923 2884 1977; x_wconf 84' lang='grc' dir='ltr'>τόδε</span> <span class='ocrx_word' id='word_1_657' title='bbox 2947 1925 3178 1996; x_wconf 82' lang='grc' dir='ltr'>ποιήσω.</span> <span class='ocrx_word' id='word_1_658' title='bbox 3233 1923 3451 1995; x_wconf 81' lang='grc' dir='ltr'>Πρῶτον</span> <span class='ocrx_word' id='word_1_659' title='bbox 3497 1926 3761 1997; x_wconf 68' lang='grc' dir='ltr'>παραδέχομαι</span> 
     </span>
    </p>
   </div>
   <div class='ocr_carea' id='block_1_84' title="bbox 2298 2012 3763 2086">
    <p class='ocr_par' dir='ltr' id='par_1_84' title="bbox 2298 2012 3763 2086">
     <span class='ocr_line' id='line_1_84' title="bbox 2298 2012 3763 2086; baseline 0.001 -18"><span class='ocrx_word' id='word_1_660' title='bbox 2298 2015 2463 2068; x_wconf 76' lang='grc' dir='ltr'>αὑτοῦ</span> <span class='ocrx_word' id='word_1_661' title='bbox 2500 2016 2557 2068; x_wconf 85' lang='grc' dir='ltr'><strong>τὸ</strong></span> <span class='ocrx_word' id='word_1_662' title='bbox 2588 2014 2760 2085; x_wconf 74' lang='grc' dir='ltr'>βέλος,</span> <span class='ocrx_word' id='word_1_663' title='bbox 2798 2015 2890 2068; x_wconf 71' lang='grc' dir='ltr'><strong>καὶ</strong></span> <span class='ocrx_word' id='word_1_664' title='bbox 2939 2014 3066 2067; x_wconf 80' lang='grc' dir='ltr'>ὅταν</span> <span class='ocrx_word' id='word_1_665' title='bbox 3115 2012 3500 2086; x_wconf 79' lang='grc' dir='ltr'>παραδέξωμαι</span> <span class='ocrx_word' id='word_1_666' title='bbox 3540 2016 3661 2079; x_wconf 73' lang='grc' dir='ltr'>αὐτὸ,</span> <span class='ocrx_word' id='word_1_667' title='bbox 3694 2019 3763 2069; x_wconf 60' lang='grc' dir='ltr'>τότε</span> 
     </span>
    </p>
   </div>
   <div class='ocr_carea' id='block_1_85' title="bbox 2298 2106 3763 2179">
    <p class='ocr_par' dir='ltr' id='par_1_85' title="bbox 2298 2106 3763 2179">
     <span class='ocr_line' id='line_1_85' title="bbox 2298 2106 3763 2179; baseline -0.002 -16"><span class='ocrx_word' id='word_1_668' title='bbox 2298 2113 2391 2163; x_wconf 71' lang='grc' dir='ltr'><strong>καὶ</strong></span> <span class='ocrx_word' id='word_1_669' title='bbox 2420 2109 2581 2164; x_wconf 72' lang='grc' dir='ltr'>αὑτὸν</span> <span class='ocrx_word' id='word_1_670' title='bbox 2626 2108 3026 2179; x_wconf 83' lang='grc' dir='ltr'>παραδέχομαι.</span> <span class='ocrx_word' id='word_1_671' title='bbox 3092 2108 3202 2162; x_wconf 73' lang='grc' dir='ltr'><strong>Καὶ</strong></span> <span class='ocrx_word' id='word_1_672' title='bbox 3250 2106 3360 2177; x_wconf 84' lang='grc' dir='ltr'><strong>γὰρ</strong></span> <span class='ocrx_word' id='word_1_673' title='bbox 3407 2108 3493 2159; x_wconf 53' lang='grc' dir='ltr'><strong>ἐπὶ⁸</strong></span> <span class='ocrx_word' id='word_1_674' title='bbox 3543 2106 3620 2161; x_wconf 73' lang='grc' dir='ltr'>τοῦ</span> <span class='ocrx_word' id='word_1_675' title='bbox 3662 2108 3763 2160; x_wconf 68' lang='grc' dir='ltr'>Ἰοὗδι</span> 
     </span>
    </p>
   </div>
   <div class='ocr_carea' id='block_1_86' title="bbox 2298 2196 3762 2273">
    <p class='ocr_par' dir='ltr' id='par_1_86' title="bbox 2298 2196 3762 2273">
     <span class='ocr_line' id='line_1_86' title="bbox 2298 2196 3762 2273; baseline -0.003 -18"><span class='ocrx_word' id='word_1_676' title='bbox 2298 2202 2440 2255; x_wconf 70' lang='grc' dir='ltr'>οὕτω</span> <span class='ocrx_word' id='word_1_677' title='bbox 2461 2201 2792 2273; x_wconf 84' lang='grc' dir='ltr'>γέγραπται,</span> <span class='ocrx_word' id='word_1_678' title='bbox 2824 2200 2903 2253; x_wconf 83' lang='grc' dir='ltr'><strong>ὅτι</strong></span> <span class='ocrx_word' id='word_1_679' title='bbox 2930 2200 2990 2253; x_wconf 81' lang='grc' dir='ltr'>οὐ</span> <span class='ocrx_word' id='word_1_680' title='bbox 3018 2199 3228 2271; x_wconf 80' lang='grc' dir='ltr'>πρῶτον</span> <span class='ocrx_word' id='word_1_681' title='bbox 3266 2196 3504 2268; x_wconf 72' lang='grc' dir='ltr'>εἰσῆλθεν</span> <span class='ocrx_word' id='word_1_682' title='bbox 3542 2201 3567 2252; x_wconf 80' lang='grc' dir='ltr'><strong>ὁ</strong></span> <span class='ocrx_word' id='word_1_683' title='bbox 3607 2199 3762 2261; x_wconf 63' lang='grc' dir='ltr'>Σατανῇ</span> 
     </span>
    </p>
   </div>
   <div class='ocr_carea' id='block_1_87' title="bbox 2299 2290 3764 2365">
    <p class='ocr_par' dir='ltr' id='par_1_87' title="bbox 2299 2290 3764 2365">
     <span class='ocr_line' id='line_1_87' title="bbox 2299 2290 3764 2365; baseline -0.003 -17"><span class='ocrx_word' id='word_1_684' title='bbox 2299 2297 2377 2359; x_wconf 87' lang='grc' dir='ltr'><strong>είς</strong></span> <span class='ocrx_word' id='word_1_685' title='bbox 2410 2294 2593 2359; x_wconf 74' lang='grc' dir='ltr'>αὑτὸν,</span> <span class='ocrx_word' id='word_1_686' title='bbox 2620 2293 2755 2347; x_wconf 79' lang='grc' dir='ltr'>ἀλλὰ</span> <span class='ocrx_word' id='word_1_687' title='bbox 2802 2294 3015 2365; x_wconf 82' lang='grc' dir='ltr'>πρῶτον</span> <span class='ocrx_word' id='word_1_688' title='bbox 3049 2291 3143 2345; x_wconf 79' lang='grc' dir='ltr'>τοῦ</span> <span class='ocrx_word' id='word_1_689' title='bbox 3176 2291 3424 2345; x_wconf 74' lang='grc' dir='ltr'>διαϐόλου</span> <span class='ocrx_word' id='word_1_690' title='bbox 3453 2290 3764 2361; x_wconf 69' lang='grc' dir='ltr'>βεδληκὰτοςιὶς</span> 
     </span>
    </p>
   </div>
   <div class='ocr_carea' id='block_1_88' title="bbox 2298 2382 3765 2458">
    <p class='ocr_par' dir='ltr' id='par_1_88' title="bbox 2298 2382 3765 2458">
     <span class='ocr_line' id='line_1_88' title="bbox 2298 2382 3765 2458; baseline -0.003 -19"><span class='ocrx_word' id='word_1_691' title='bbox 2298 2388 2398 2457; x_wconf 73' lang='grc' dir='ltr'>τὴν</span> <span class='ocrx_word' id='word_1_692' title='bbox 2443 2387 2673 2458; x_wconf 84' lang='grc' dir='ltr'>καρδίαν</span> <span class='ocrx_word' id='word_1_693' title='bbox 2722 2386 2808 2438; x_wconf 78' lang='grc' dir='ltr'><strong>ἵνα</strong></span> <span class='ocrx_word' id='word_1_694' title='bbox 2857 2383 3086 2456; x_wconf 83' lang='grc' dir='ltr'>παραδῷ</span> <span class='ocrx_word' id='word_1_695' title='bbox 3139 2384 3308 2437; x_wconf 76' lang='grc' dir='ltr'>αὐτὸν</span> <span class='ocrx_word' id='word_1_696' title='bbox 3373 2382 3556 2446; x_wconf 80' lang='grc' dir='ltr'>Ἰούδας</span> <span class='ocrx_word' id='word_1_697' title='bbox 3604 2383 3765 2453; x_wconf 67' lang='grc' dir='ltr'>Σίμωνὺ</span> 
     </span>
    </p>
   </div>
   <div class='ocr_carea' id='block_1_89' title="bbox 2312 2468 3767 2553">
    <p class='ocr_par' dir='ltr' id='par_1_89' title="bbox 2312 2468 3767 2553">
     <span class='ocr_line' id='line_1_89' title="bbox 2312 2468 3767 2553; baseline -0.004 -21"><span class='ocrx_word' id='word_1_698' title='bbox 2312 2478 2683 2553; x_wconf 79' lang='grc' dir='ltr'>Ἰσκαριώτης,</span> <span class='ocrx_word' id='word_1_699' title='bbox 2713 2475 2830 2533; x_wconf 78' lang='grc' dir='ltr'>εἶτα</span> <span class='ocrx_word' id='word_1_700' title='bbox 2864 2478 3001 2549; x_wconf 85' lang='grc' dir='ltr'><strong>μετά</strong></span> <span class='ocrx_word' id='word_1_701' title='bbox 3021 2468 3083 2530; x_wconf 74' lang='grc' dir='ltr'>τὸ</span> <span class='ocrx_word' id='word_1_702' title='bbox 3104 2476 3320 2548; x_wconf 73' lang='grc' dir='ltr'>ψωμίον</span> <span class='ocrx_word' id='word_1_703' title='bbox 3343 2475 3574 2546; x_wconf 80' lang='grc' dir='ltr'>εἰσῆλθεν</span> <span class='ocrx_word' id='word_1_704' title='bbox 3596 2477 3656 2539; x_wconf 80' lang='grc' dir='ltr'>εἰς</span> <span class='ocrx_word' id='word_1_705' title='bbox 3671 2477 3767 2528; x_wconf 59' lang='grc' dir='ltr'>αὑτὸν</span> 
     </span>
    </p>
   </div>
   <div class='ocr_carea' id='block_1_90' title="bbox 2299 2568 3765 2645">
    <p class='ocr_par' dir='ltr' id='par_1_90' title="bbox 2299 2568 3765 2645">
     <span class='ocr_line' id='line_1_90' title="bbox 2299 2568 3765 2645; baseline -0.005 -19"><span class='ocrx_word' id='word_1_706' title='bbox 2299 2575 2326 2626; x_wconf 86' lang='grc' dir='ltr'>ὁ</span> <span class='ocrx_word' id='word_1_707' title='bbox 2362 2573 2625 2635; x_wconf 75' lang='grc' dir='ltr'>Σατανᾶς,</span> <span class='ocrx_word' id='word_1_708' title='bbox 2664 2570 2872 2625; x_wconf 72' lang='grc' dir='ltr'>Οὐκοῦν</span> <span class='ocrx_word' id='word_1_709' title='bbox 2908 2570 3016 2642; x_wconf 77' lang='grc' dir='ltr'>ἔχω</span> <span class='ocrx_word' id='word_1_710' title='bbox 3039 2571 3276 2645; x_wconf 81' lang='grc' dir='ltr'>πατέρα,</span> <span class='ocrx_word' id='word_1_711' title='bbox 3324 2571 3372 2622; x_wconf 83' lang='grc' dir='ltr'><strong>εί</strong></span> <span class='ocrx_word' id='word_1_712' title='bbox 3408 2569 3500 2639; x_wconf 83' lang='grc' dir='ltr'>μὲν</span> <span class='ocrx_word' id='word_1_713' title='bbox 3534 2568 3656 2634; x_wconf 73' lang='grc' dir='ltr'>ἅγιός</span> <span class='ocrx_word' id='word_1_714' title='bbox 3686 2570 3765 2637; x_wconf 71' lang='grc' dir='ltr'>εἰμι,</span> 
     </span>
    </p>
   </div>
   <div class='ocr_carea' id='block_1_91' title="bbox 2296 2657 3770 2732">
    <p class='ocr_par' dir='ltr' id='par_1_91' title="bbox 2296 2657 3770 2732">
     <span class='ocr_line' id='line_1_91' title="bbox 2296 2657 3770 2732; baseline -0.005 -17"><span class='ocrx_word' id='word_1_715' title='bbox 2296 2660 2448 2715; x_wconf 79' lang='grc' dir='ltr'>Θεὸν·</span> <span class='ocrx_word' id='word_1_716' title='bbox 2471 2663 2519 2713; x_wconf 84' lang='grc' dir='ltr'><strong>εἰ</strong></span> <span class='ocrx_word' id='word_1_717' title='bbox 2549 2662 2605 2714; x_wconf 80' lang='grc' dir='ltr'><strong>δὲ</strong></span> <span class='ocrx_word' id='word_1_718' title='bbox 2639 2660 2962 2732; x_wconf 81' lang='grc' dir='ltr'>ἁμαρτωλός</span> <span class='ocrx_word' id='word_1_719' title='bbox 2992 2662 3126 2730; x_wconf 87' lang='grc' dir='ltr'>εἰμι,</span> <span class='ocrx_word' id='word_1_720' title='bbox 3158 2660 3248 2713; x_wconf 81' lang='grc' dir='ltr'><strong>τὸν</strong></span> <span class='ocrx_word' id='word_1_721' title='bbox 3276 2657 3517 2712; x_wconf 72' lang='grc' dir='ltr'>διάϐολον</span> <span class='ocrx_word' id='word_1_722' title='bbox 3553 2658 3640 2727; x_wconf 80' lang='grc' dir='ltr'>ἑχω</span> <span class='ocrx_word' id='word_1_723' title='bbox 3672 2657 3770 2708; x_wconf 71' lang='grc' dir='ltr'>πατέ-</span> 
     </span>
    </p>
   </div>
   <div class='ocr_carea' id='block_1_92' title="bbox 2304 2749 3769 2825">
    <p class='ocr_par' dir='ltr' id='par_1_92' title="bbox 2304 2749 3769 2825">
     <span class='ocr_line' id='line_1_92' title="bbox 2304 2749 3769 2825; baseline -0.007 -18"><span class='ocrx_word' id='word_1_724' title='bbox 2304 2771 2390 2825; x_wconf 79' lang='grc' dir='ltr'>ρα’</span> <span class='ocrx_word' id='word_1_725' title='bbox 2424 2754 2560 2807; x_wconf 82' lang='grc' dir='ltr'>ἀλλὰ</span> <span class='ocrx_word' id='word_1_726' title='bbox 2590 2755 2682 2807; x_wconf 75' lang='grc' dir='ltr'><strong>καὶ</strong></span> <span class='ocrx_word' id='word_1_727' title='bbox 2714 2754 2804 2806; x_wconf 77' lang='grc' dir='ltr'>τὸν</span> <span class='ocrx_word' id='word_1_728' title='bbox 2832 2752 3119 2825; x_wconf 80' lang='grc' dir='ltr'>προσεχῶς</span> <span class='ocrx_word' id='word_1_729' title='bbox 3162 2751 3297 2823; x_wconf 78' lang='grc' dir='ltr'>φέρε</span> <span class='ocrx_word' id='word_1_730' title='bbox 3339 2753 3510 2804; x_wconf 85' lang='grc' dir='ltr'>εἰπεῖν</span> <span class='ocrx_word' id='word_1_731' title='bbox 3547 2749 3769 2819; x_wconf 56' lang='grc' dir='ltr'>ἐνεργήσει-</span> 
     </span>
    </p>
   </div>
   <div class='ocr_carea' id='block_1_93' title="bbox 2299 2838 3772 2917">
    <p class='ocr_par' dir='ltr' id='par_1_93' title="bbox 2299 2838 3772 2917">
     <span class='ocr_line' id='line_1_93' title="bbox 2299 2838 3772 2917; baseline -0.009 -16"><span class='ocrx_word' id='word_1_732' title='bbox 2299 2865 2368 2902; x_wconf 82' lang='grc' dir='ltr'><strong>τα</strong></span> <span class='ocrx_word' id='word_1_733' title='bbox 2403 2845 2840 2917; x_wconf 79' lang='grc' dir='ltr'>Ἀντίχριστον,ἥ</span> <span class='ocrx_word' id='word_1_734' title='bbox 2876 2843 3105 2914; x_wconf 85' lang='grc' dir='ltr'>ἄγγελόν</span> <span class='ocrx_word' id='word_1_735' title='bbox 3132 2861 3254 2897; x_wconf 86' lang='grc' dir='ltr'>τινα</span> <span class='ocrx_word' id='word_1_736' title='bbox 3284 2842 3379 2895; x_wconf 65' lang='grc' dir='ltr'>τοῦ</span> <span class='ocrx_word' id='word_1_737' title='bbox 3413 2840 3648 2903; x_wconf 70' lang='grc' dir='ltr'>διαϐόλου,</span> <span class='ocrx_word' id='word_1_738' title='bbox 3670 2838 3772 2909; x_wconf 67' lang='grc' dir='ltr'>ἤδει-</span> 
     </span>
    </p>
   </div>
   <div class='ocr_carea' id='block_1_94' title="bbox 2303 2928 3771 3013">
    <p class='ocr_par' dir='ltr' id='par_1_94' title="bbox 2303 2928 3771 3013">
     <span class='ocr_line' id='line_1_94' title="bbox 2303 2928 3771 3013; baseline -0.01 -19"><span class='ocrx_word' id='word_1_739' title='bbox 2303 2941 2504 3013; x_wconf 81' lang='grc' dir='ltr'>μόνιον,</span> <span class='ocrx_word' id='word_1_740' title='bbox 2539 2934 2600 2992; x_wconf 69' lang='grc' dir='ltr'>οὗ</span> <span class='ocrx_word' id='word_1_741' title='bbox 2634 2938 2731 3010; x_wconf 79' lang='grc' dir='ltr'>τὴν</span> <span class='ocrx_word' id='word_1_742' title='bbox 2765 2938 3045 3009; x_wconf 74' lang='grc' dir='ltr'>ἐνέργειαν</span> <span class='ocrx_word' id='word_1_743' title='bbox 3082 2935 3487 3008; x_wconf 76' lang='grc' dir='ltr'>παρεδεξάμην.</span> <span class='ocrx_word' id='word_1_744' title='bbox 3528 2932 3619 2986; x_wconf 73' lang='grc' dir='ltr'>Καὶ</span> <span class='ocrx_word' id='word_1_745' title='bbox 3643 2928 3771 2994; x_wconf 61' lang='lat' dir='ltr'><strong>tinuit-</strong></span> 
     </span>
    </p>
   </div>
   <div class='ocr_carea' id='block_1_95' title="bbox 2300 3024 3775 3103">
    <p class='ocr_par' dir='ltr' id='par_1_95' title="bbox 2300 3024 3775 3103">
     <span class='ocr_line' id='line_1_95' title="bbox 2300 3024 3775 3103; baseline -0.007 -17"><span class='ocrx_word' id='word_1_746' title='bbox 2300 3034 2447 3096; x_wconf 77' lang='grc' dir='ltr'>πλῶς</span> <span class='ocrx_word' id='word_1_747' title='bbox 2478 3032 2581 3086; x_wconf 80' lang='grc' dir='ltr'>εἰσί</span> <span class='ocrx_word' id='word_1_748' title='bbox 2616 3049 2704 3103; x_wconf 88' lang='grc' dir='ltr'><strong>μοι</strong></span> <span class='ocrx_word' id='word_1_749' title='bbox 2728 3031 2959 3102; x_wconf 76' lang='grc' dir='ltr'>πατέρες</span> <span class='ocrx_word' id='word_1_750' title='bbox 3007 3030 3212 3101; x_wconf 84' lang='grc' dir='ltr'>μυρίοι,</span> <span class='ocrx_word' id='word_1_751' title='bbox 3274 3028 3371 3082; x_wconf 84' lang='grc' dir='ltr'><strong>ἐάν</strong></span> <span class='ocrx_word' id='word_1_752' title='bbox 3413 3028 3630 3097; x_wconf 75' lang='grc' dir='ltr'>γένωμαι</span> <span class='ocrx_word' id='word_1_753' title='bbox 3667 3024 3775 3090; x_wconf 52' lang='lat' dir='ltr'><strong>dtur</strong></span> 
     </span>
    </p>
   </div>
   <div class='ocr_carea' id='block_1_96' title="bbox 2298 3114 3773 3195">
    <p class='ocr_par' dir='ltr' id='par_1_96' title="bbox 2298 3114 3773 3195">
     <span class='ocr_line' id='line_1_96' title="bbox 2298 3114 3773 3195; baseline -0.006 -17"><span class='ocrx_word' id='word_1_754' title='bbox 2298 3126 2486 3189; x_wconf 82' lang='grc' dir='ltr'>τωλός·</span> <span class='ocrx_word' id='word_1_755' title='bbox 2516 3124 2706 3195; x_wconf 76' lang='grc' dir='ltr'>ὥσπερ</span> <span class='ocrx_word' id='word_1_756' title='bbox 2737 3121 2897 3176; x_wconf 81' lang='grc' dir='ltr'>πάλιν</span> <span class='ocrx_word' id='word_1_757' title='bbox 2928 3120 3020 3173; x_wconf 81' lang='grc' dir='ltr'>ἐὰν</span> <span class='ocrx_word' id='word_1_758' title='bbox 3043 3121 3291 3192; x_wconf 75' lang='grc' dir='ltr'>γένωμαι</span> <span class='ocrx_word' id='word_1_759' title='bbox 3318 3119 3540 3181; x_wconf 86' lang='grc' dir='ltr'>δίκαιος,</span> <span class='ocrx_word' id='word_1_760' title='bbox 3564 3114 3699 3183; x_wconf 63' lang='grc' dir='ltr'>πατὴρ</span> <span class='ocrx_word' id='word_1_761' title='bbox 3718 3126 3773 3178; x_wconf 72' lang='grc' dir='ltr'><strong>μω</strong></span> 
     </span>
    </p>
   </div>
   <div class='ocr_carea' id='block_1_97' title="bbox 2300 3202 3775 3285">
    <p class='ocr_par' dir='ltr' id='par_1_97' title="bbox 2300 3202 3775 3285">
     <span class='ocr_line' id='line_1_97' title="bbox 2300 3202 3775 3285; baseline -0.014 -13"><span class='ocrx_word' id='word_1_762' title='bbox 2300 3219 2447 3272; x_wconf 77' lang='grc' dir='ltr'>ἐστὶν</span> <span class='ocrx_word' id='word_1_763' title='bbox 2476 3218 2504 3269; x_wconf 85' lang='grc' dir='ltr'><strong>ὁ</strong></span> <span class='ocrx_word' id='word_1_764' title='bbox 2538 3217 2691 3281; x_wconf 80' lang='grc' dir='ltr'>Θεὸς,</span> <span class='ocrx_word' id='word_1_765' title='bbox 2723 3214 2975 3285; x_wconf 85' lang='grc' dir='ltr'>καθάπερ</span> <span class='ocrx_word' id='word_1_766' title='bbox 3007 3214 3171 3285; x_wconf 68' lang='grc' dir='ltr'>φησιν</span> <span class='ocrx_word' id='word_1_767' title='bbox 3194 3214 3222 3266; x_wconf 88' lang='grc' dir='ltr'>ὁ</span> <span class='ocrx_word' id='word_1_768' title='bbox 3251 3211 3465 3282; x_wconf 78' lang='grc' dir='ltr'>Σωτὴρ,</span> <span class='ocrx_word' id='word_1_769' title='bbox 3501 3229 3517 3260; x_wconf 87' lang='grc' dir='ltr'>ι</span> <span class='ocrx_word' id='word_1_770' title='bbox 3558 3202 3775 3261; x_wconf 69' lang='grc' dir='ltr'>Τεκνία,ἓτι</span> 
     </span>
    </p>
   </div>
   <div class='ocr_carea' id='block_1_98' title="bbox 2303 3295 3779 3383">
    <p class='ocr_par' dir='ltr' id='par_1_98' title="bbox 2303 3295 3779 3383">
     <span class='ocr_line' id='line_1_98' title="bbox 2303 3295 3779 3383; baseline -0.014 -18"><span class='ocrx_word' id='word_1_771' title='bbox 2303 3311 2497 3383; x_wconf 73' lang='grc' dir='ltr'>μικρὸν</span> <span class='ocrx_word' id='word_1_772' title='bbox 2570 3308 2687 3379; x_wconf 85' lang='grc' dir='ltr'>μεθ’</span> <span class='ocrx_word' id='word_1_773' title='bbox 2743 3305 2898 3378; x_wconf 82' lang='grc' dir='ltr'>ὑμῶν</span> <span class='ocrx_word' id='word_1_774' title='bbox 2944 3306 3077 3376; x_wconf 78' lang='grc' dir='ltr'>ειμι.</span> <span class='ocrx_word' id='word_1_775' title='bbox 3143 3323 3162 3356; x_wconf 73' lang='grc' dir='ltr'>ι</span> <span class='ocrx_word' id='word_1_776' title='bbox 3227 3304 3345 3357; x_wconf 70' lang='grc' dir='ltr'>Καὶ</span> <span class='ocrx_word' id='word_1_777' title='bbox 3395 3301 3585 3364; x_wconf 76' lang='grc' dir='ltr'>πάλιν,</span> <span class='ocrx_word' id='word_1_778' title='bbox 3632 3295 3779 3359; x_wconf 58' lang='lat' dir='ltr'><strong>«esu.</strong></span> 
     </span>
    </p>
   </div>
   <div class='ocr_carea' id='block_1_99' title="bbox 2297 3389 3780 3475">
    <p class='ocr_par' dir='ltr' id='par_1_99' title="bbox 2297 3389 3780 3475">
     <span class='ocr_line' id='line_1_99' title="bbox 2297 3389 3780 3475; baseline -0.008 -19"><span class='ocrx_word' id='word_1_779' title='bbox 2297 3421 2415 3475; x_wconf 86' lang='grc' dir='ltr'>τερ,</span> <span class='ocrx_word' id='word_1_780' title='bbox 2450 3402 2687 3473; x_wconf 78' lang='grc' dir='ltr'>ἡπίστις</span> <span class='ocrx_word' id='word_1_781' title='bbox 2720 3416 2813 3452; x_wconf 89' lang='grc' dir='ltr'><strong>σου</strong></span> <span class='ocrx_word' id='word_1_782' title='bbox 2850 3396 3057 3451; x_wconf 83' lang='grc' dir='ltr'>σέσωκέ</span> <span class='ocrx_word' id='word_1_783' title='bbox 3093 3414 3172 3451; x_wconf 87' lang='grc' dir='ltr'>σε.</span> <span class='ocrx_word' id='word_1_784' title='bbox 3207 3416 3225 3448; x_wconf 74' lang='grc' dir='ltr'><strong>ι</strong></span> <span class='ocrx_word' id='word_1_785' title='bbox 3262 3397 3382 3449; x_wconf 74' lang='grc' dir='ltr'>Καὶ</span> <span class='ocrx_word' id='word_1_786' title='bbox 3413 3394 3585 3457; x_wconf 71' lang='grc' dir='ltr'>πᾶλιν,</span> <span class='ocrx_word' id='word_1_787' title='bbox 3617 3389 3780 3444; x_wconf 62' lang='grc' dir='ltr'>«Τέκνα.</span> 
     </span>
    </p>
   </div>
   <div class='ocr_carea' id='block_1_100' title="bbox 2299 3480 3780 3564">
    <p class='ocr_par' dir='ltr' id='par_1_100' title="bbox 2299 3480 3780 3564">
     <span class='ocr_line' id='line_1_100' title="bbox 2299 3480 3780 3564; baseline -0.008 -15"><span class='ocrx_word' id='word_1_788' title='bbox 2299 3494 2574 3564; x_wconf 73' lang='grc' dir='ltr'>ἀφέωνταί</span> <span class='ocrx_word' id='word_1_789' title='bbox 2602 3510 2695 3546; x_wconf 88' lang='grc' dir='ltr'><strong>σου</strong></span> <span class='ocrx_word' id='word_1_790' title='bbox 2729 3496 2783 3547; x_wconf 89' lang='grc' dir='ltr'>αἱ</span> <span class='ocrx_word' id='word_1_791' title='bbox 2811 3491 3099 3563; x_wconf 75' lang='grc' dir='ltr'>ἁμαρτίαι.</span> <span class='ocrx_word' id='word_1_792' title='bbox 3129 3508 3147 3541; x_wconf 76' lang='grc' dir='ltr'><strong>ι</strong></span> <span class='ocrx_word' id='word_1_793' title='bbox 3188 3488 3385 3551; x_wconf 74' lang='grc' dir='ltr'>Οὕτως</span> <span class='ocrx_word' id='word_1_794' title='bbox 3414 3484 3527 3540; x_wconf 75' lang='grc' dir='ltr'>οἶδα</span> <span class='ocrx_word' id='word_1_795' title='bbox 3557 3484 3635 3537; x_wconf 77' lang='grc' dir='ltr'>καὶ</span> <span class='ocrx_word' id='word_1_796' title='bbox 3662 3480 3780 3537; x_wconf 64' lang='grc' dir='ltr'>ἄλλας</span> 
     </span>
    </p>
   </div>
   <div class='ocr_carea' id='block_1_101' title="bbox 2300 3571 3785 3658">
    <p class='ocr_par' dir='ltr' id='par_1_101' title="bbox 2300 3571 3785 3658">
     <span class='ocr_line' id='line_1_101' title="bbox 2300 3571 3785 3658; baseline -0.012 -17"><span class='ocrx_word' id='word_1_797' title='bbox 2300 3587 2560 3658; x_wconf 79' lang='grc' dir='ltr'>πατέρας,</span> <span class='ocrx_word' id='word_1_798' title='bbox 2591 3585 2732 3640; x_wconf 74' lang='grc' dir='ltr'>κατὰ</span> <span class='ocrx_word' id='word_1_799' title='bbox 2761 3585 2821 3638; x_wconf 80' lang='grc' dir='ltr'>τὸ</span> <span class='ocrx_word' id='word_1_800' title='bbox 2853 3583 3236 3656; x_wconf 80' lang='grc' dir='ltr'>γεγραμμένον</span> <span class='ocrx_word' id='word_1_801' title='bbox 3262 3580 3348 3652; x_wconf 80' lang='grc' dir='ltr'>τῷ</span> <span class='ocrx_word' id='word_1_802' title='bbox 3395 3578 3640 3651; x_wconf 70' lang='grc' dir='ltr'>Ἂὸραάμ·</span> <span class='ocrx_word' id='word_1_803' title='bbox 3669 3571 3785 3627; x_wconf 61' lang='grc' dir='ltr'><strong>ιΣὺᾶ</strong></span> 
     </span>
    </p>
   </div>
   <div class='ocr_carea' id='block_1_102' title="bbox 2300 3659 3784 3749">
    <p class='ocr_par' dir='ltr' id='par_1_102' title="bbox 2300 3659 3784 3749">
     <span class='ocr_line' id='line_1_102' title="bbox 2300 3659 3784 3749; baseline -0.009 -19"><span class='ocrx_word' id='word_1_804' title='bbox 2300 3676 2574 3749; x_wconf 77' lang='grc' dir='ltr'>ἀπελεύσῃ</span> <span class='ocrx_word' id='word_1_805' title='bbox 2602 3676 2738 3747; x_wconf 76' lang='grc' dir='ltr'>πρὸς</span> <span class='ocrx_word' id='word_1_806' title='bbox 2757 3676 2883 3738; x_wconf 82' lang='grc' dir='ltr'>τοὺς</span> <span class='ocrx_word' id='word_1_807' title='bbox 2908 3675 3150 3746; x_wconf 78' lang='grc' dir='ltr'>πατέρας</span> <span class='ocrx_word' id='word_1_808' title='bbox 3187 3687 3302 3725; x_wconf 75' lang='grc' dir='ltr'>σου”</span> <span class='ocrx_word' id='word_1_809' title='bbox 3324 3693 3342 3723; x_wconf 74' lang='grc' dir='ltr'>ι</span> <span class='ocrx_word' id='word_1_810' title='bbox 3381 3672 3442 3725; x_wconf 75' lang='grc' dir='ltr'><strong>οὐ</strong></span> <span class='ocrx_word' id='word_1_811' title='bbox 3461 3669 3585 3742; x_wconf 82' lang='grc' dir='ltr'>πρὸς</span> <span class='ocrx_word' id='word_1_812' title='bbox 3596 3659 3784 3729; x_wconf 53' lang='lat' dir='ltr'><strong>magna!</strong></span> 
     </span>
    </p>
   </div>
   <div class='ocr_carea' id='block_1_103' title="bbox 2304 3756 3786 3840">
    <p class='ocr_par' dir='ltr' id='par_1_103' title="bbox 2304 3756 3786 3840">
     <span class='ocr_line' id='line_1_103' title="bbox 2304 3756 3786 3840; baseline -0.009 -18"><span class='ocrx_word' id='word_1_813' title='bbox 2304 3769 2483 3840; x_wconf 78' lang='grc' dir='ltr'>σάρκα</span> <span class='ocrx_word' id='word_1_814' title='bbox 2514 3767 2773 3838; x_wconf 60' lang='grc' dir='ltr'>πατέρας</span> <span class='ocrx_word' id='word_1_815' title='bbox 2807 3767 2868 3819; x_wconf 79' lang='grc' dir='ltr'><strong>οὑ</strong></span> <span class='ocrx_word' id='word_1_816' title='bbox 2902 3767 3010 3838; x_wconf 86' lang='grc' dir='ltr'><strong>γάρ</strong></span> <span class='ocrx_word' id='word_1_817' title='bbox 3034 3762 3174 3838; x_wconf 72' lang='grc' dir='ltr'>ἦσαν</span> <span class='ocrx_word' id='word_1_818' title='bbox 3195 3764 3406 3825; x_wconf 77' lang='grc' dir='ltr'>πιστοὶ,</span> <span class='ocrx_word' id='word_1_819' title='bbox 3437 3760 3535 3816; x_wconf 70' lang='grc' dir='ltr'><strong>οὐκ</strong></span> <span class='ocrx_word' id='word_1_820' title='bbox 3562 3756 3786 3831; x_wconf 59' lang='grc' dir='ltr'>ἢσανίτικ,</span> 
     </span>
    </p>
   </div>
   <div class='ocr_carea' id='block_1_104' title="bbox 2302 3844 3788 3930">
    <p class='ocr_par' dir='ltr' id='par_1_104' title="bbox 2302 3844 3788 3930">
     <span class='ocr_line' id='line_1_104' title="bbox 2302 3844 3788 3930; baseline 0.003 -20"><span class='ocrx_word' id='word_1_821' title='bbox 2302 3859 2377 3924; x_wconf 83' lang='grc' dir='ltr'>ὡς</span> <span class='ocrx_word' id='word_1_822' title='bbox 2410 3858 2567 3930; x_wconf 78' lang='grc' dir='ltr'>δῆλον</span> <span class='ocrx_word' id='word_1_823' title='bbox 2602 3862 2665 3912; x_wconf 87' lang='grc' dir='ltr'><strong>ἐκ</strong></span> <span class='ocrx_word' id='word_1_824' title='bbox 2707 3860 2805 3930; x_wconf 84' lang='grc' dir='ltr'><strong>τῆς</strong></span> <span class='ocrx_word' id='word_1_825' title='bbox 2864 3859 3102 3930; x_wconf 84' lang='grc' dir='ltr'>ἱστορίας</span> <span class='ocrx_word' id='word_1_826' title='bbox 3154 3857 3251 3927; x_wconf 80' lang='grc' dir='ltr'><strong>τῆς</strong></span> <span class='ocrx_word' id='word_1_827' title='bbox 3311 3854 3676 3926; x_wconf 73' lang='grc' dir='ltr'>γεγραμμένης</span> <span class='ocrx_word' id='word_1_828' title='bbox 3713 3844 3788 3915; x_wconf 52' lang='grc' dir='ltr'>περὶ</span> 
     </span>
    </p>
   </div>
   <div class='ocr_carea' id='block_1_105' title="bbox 2305 3943 3789 4024">
    <p class='ocr_par' dir='ltr' id='par_1_105' title="bbox 2305 3943 3789 4024">
     <span class='ocr_line' id='line_1_105' title="bbox 2305 3943 3789 4024; baseline -0.005 -19"><span class='ocrx_word' id='word_1_829' title='bbox 2305 3953 2504 4005; x_wconf 77' lang='grc' dir='ltr'>αὐτῶν.</span> <span class='ocrx_word' id='word_1_830' title='bbox 2541 3954 2603 4005; x_wconf 87' lang='grc' dir='ltr'><strong>Εἰ</strong></span> <span class='ocrx_word' id='word_1_831' title='bbox 2637 3952 2744 4024; x_wconf 77' lang='grc' dir='ltr'>γὰρ</span> <span class='ocrx_word' id='word_1_832' title='bbox 2771 3952 2922 4020; x_wconf 76' lang='grc' dir='ltr'>ἅγιος</span> <span class='ocrx_word' id='word_1_833' title='bbox 2956 3949 3120 4003; x_wconf 75' lang='grc' dir='ltr'>αὐτοῦ</span> <span class='ocrx_word' id='word_1_834' title='bbox 3152 3950 3180 4002; x_wconf 84' lang='grc' dir='ltr'>ὁ</span> <span class='ocrx_word' id='word_1_835' title='bbox 3213 3950 3424 4021; x_wconf 82' lang='grc' dir='ltr'>πατὴρ,</span> <span class='ocrx_word' id='word_1_836' title='bbox 3448 3949 3545 4001; x_wconf 75' lang='grc' dir='ltr'><strong>οὐκ</strong></span> <span class='ocrx_word' id='word_1_837' title='bbox 3574 3946 3629 4000; x_wconf 81' lang='grc' dir='ltr'><strong>ἂν</strong></span> <span class='ocrx_word' id='word_1_838' title='bbox 3653 3943 3789 4010; x_wconf 56' lang='grc' dir='ltr'>ἑλέτεθ</span> 
     </span>
    </p>
   </div>
   <div class='ocr_carea' id='block_1_106' title="bbox 2306 4038 3791 4114">
    <p class='ocr_par' dir='ltr' id='par_1_106' title="bbox 2306 4038 3791 4114">
     <span class='ocr_line' id='line_1_106' title="bbox 2306 4038 3791 4114; baseline -0.005 -18"><span class='ocrx_word' id='word_1_839' title='bbox 2306 4042 2475 4114; x_wconf 77' lang='grc' dir='ltr'>αὐτῷ,</span> <span class='ocrx_word' id='word_1_840' title='bbox 2509 4043 2763 4108; x_wconf 78' lang='grc' dir='ltr'>«Ἔξελθε</span> <span class='ocrx_word' id='word_1_841' title='bbox 2803 4045 2866 4096; x_wconf 84' lang='grc' dir='ltr'><strong>ἐκ</strong></span> <span class='ocrx_word' id='word_1_842' title='bbox 2891 4043 2987 4114; x_wconf 76' lang='grc' dir='ltr'>τῆς</span> <span class='ocrx_word' id='word_1_843' title='bbox 3019 4042 3120 4113; x_wconf 86' lang='grc' dir='ltr'><strong>γῆς</strong></span> <span class='ocrx_word' id='word_1_844' title='bbox 3154 4059 3271 4105; x_wconf 89' lang='grc' dir='ltr'>σου,</span> <span class='ocrx_word' id='word_1_845' title='bbox 3301 4043 3401 4095; x_wconf 76' lang='grc' dir='ltr'>καὶ</span> <span class='ocrx_word' id='word_1_846' title='bbox 3458 4043 3522 4094; x_wconf 87' lang='grc' dir='ltr'><strong>ἐκ</strong></span> <span class='ocrx_word' id='word_1_847' title='bbox 3551 4038 3637 4108; x_wconf 78' lang='grc' dir='ltr'>τῆς</span> <span class='ocrx_word' id='word_1_848' title='bbox 3678 4048 3791 4101; x_wconf 57' lang='lat' dir='ltr'><strong>cum</strong></span> 
     </span>
    </p>
   </div>
   <div class='ocr_carea' id='block_1_107' title="bbox 2302 4126 3792 4207">
    <p class='ocr_par' dir='ltr' id='par_1_107' title="bbox 2302 4126 3792 4207">
     <span class='ocr_line' id='line_1_107' title="bbox 2302 4126 3792 4207; baseline -0.009 -18"><span class='ocrx_word' id='word_1_849' title='bbox 2302 4137 2450 4199; x_wconf 89' lang='grc' dir='ltr'>νείας</span> <span class='ocrx_word' id='word_1_850' title='bbox 2486 4152 2599 4199; x_wconf 83' lang='grc' dir='ltr'>σου,</span> <span class='ocrx_word' id='word_1_851' title='bbox 2624 4137 2718 4189; x_wconf 74' lang='grc' dir='ltr'>καὶ</span> <span class='ocrx_word' id='word_1_852' title='bbox 2746 4137 2810 4188; x_wconf 88' lang='grc' dir='ltr'>ὲκ</span> <span class='ocrx_word' id='word_1_853' title='bbox 2842 4134 2934 4187; x_wconf 82' lang='grc' dir='ltr'>τοῦ</span> <span class='ocrx_word' id='word_1_854' title='bbox 2962 4135 3112 4188; x_wconf 79' lang='grc' dir='ltr'>οἴκου</span> <span class='ocrx_word' id='word_1_855' title='bbox 3142 4133 3238 4187; x_wconf 79' lang='grc' dir='ltr'>τοῦ</span> <span class='ocrx_word' id='word_1_856' title='bbox 3274 4133 3490 4207; x_wconf 79' lang='grc' dir='ltr'>πατρός</span> <span class='ocrx_word' id='word_1_857' title='bbox 3524 4149 3625 4186; x_wconf 77' lang='grc' dir='ltr'>σου.</span> <span class='ocrx_word' id='word_1_858' title='bbox 3656 4148 3670 4181; x_wconf 85' lang='grc' dir='ltr'>ι</span> <span class='ocrx_word' id='word_1_859' title='bbox 3701 4126 3792 4195; x_wconf 50' lang='lat'><strong>112:</strong></span> 
     </span>
    </p>
   </div>
   <div class='ocr_carea' id='block_1_108' title="bbox 2305 4223 3792 4299">
    <p class='ocr_par' dir='ltr' id='par_1_108' title="bbox 2305 4223 3792 4299">
     <span class='ocr_line' id='line_1_108' title="bbox 2305 4223 3792 4299; baseline -0.018 -2"><span class='ocrx_word' id='word_1_860' title='bbox 2305 4228 2413 4299; x_wconf 66' lang='grc' dir='ltr'>γὰρ</span> <span class='ocrx_word' id='word_1_861' title='bbox 2444 4231 2470 4281; x_wconf 72' lang='grc' dir='ltr'>ὁ</span> <span class='ocrx_word' id='word_1_862' title='bbox 2503 4228 2661 4295; x_wconf 83' lang='grc' dir='ltr'>λόγος</span> <span class='ocrx_word' id='word_1_863' title='bbox 2686 4229 2748 4281; x_wconf 70' lang='grc' dir='ltr'><strong>τὸ</strong></span> <span class='ocrx_word' id='word_1_864' title='bbox 2785 4228 3120 4298; x_wconf 68' lang='grc' dir='ltr'>σωματικὸν,</span> <span class='ocrx_word' id='word_1_865' title='bbox 3171 4225 3285 4297; x_wconf 79' lang='grc' dir='ltr'>ἔχει</span> <span class='ocrx_word' id='word_1_866' title='bbox 3347 4225 3446 4279; x_wconf 77' lang='grc' dir='ltr'>καὶ</span> <span class='ocrx_word' id='word_1_867' title='bbox 3502 4223 3560 4277; x_wconf 83' lang='grc' dir='ltr'>τὸ</span> <span class='ocrx_word' id='word_1_868' title='bbox 3591 4235 3792 4288; x_wconf 51' lang='lat' dir='ltr'><strong>meumr:-</strong></span> 
     </span>
    </p>
   </div>
   <div class='ocr_carea' id='block_1_109' title="bbox 2306 4308 3795 4387">
    <p class='ocr_par' dir='ltr' id='par_1_109' title="bbox 2306 4308 3795 4387">
     <span class='ocr_line' id='line_1_109' title="bbox 2306 4308 3795 4387; baseline -0.007 -20"><span class='ocrx_word' id='word_1_869' title='bbox 2306 4315 2399 4367; x_wconf 83' lang='grc' dir='ltr'><strong>κόν</strong></span> <span class='ocrx_word' id='word_1_870' title='bbox 2462 4314 2523 4367; x_wconf 84' lang='grc' dir='ltr'><strong>Εἰ</strong></span> <span class='ocrx_word' id='word_1_871' title='bbox 2578 4315 2842 4387; x_wconf 68' lang='grc' dir='ltr'>νενόηκας</span> <span class='ocrx_word' id='word_1_872' title='bbox 2896 4316 3022 4379; x_wconf 75' lang='grc' dir='ltr'>τοὺς</span> <span class='ocrx_word' id='word_1_873' title='bbox 3071 4314 3381 4385; x_wconf 73' lang='grc' dir='ltr'>πατέρας,’</span> <span class='ocrx_word' id='word_1_874' title='bbox 3419 4315 3522 4386; x_wconf 81' lang='grc' dir='ltr'><strong>δρα</strong></span> <span class='ocrx_word' id='word_1_875' title='bbox 3568 4309 3715 4365; x_wconf 58' lang='grc' dir='ltr'>λοιπὸν</span> <span class='ocrx_word' id='word_1_876' title='bbox 3749 4308 3795 4358; x_wconf 72' lang='grc' dir='ltr'>ἑτι</span> 
     </span>
    </p>
   </div>
   <div class='ocr_carea' id='block_1_110' title="bbox 2306 4402 3792 4478">
    <p class='ocr_par' dir='ltr' id='par_1_110' title="bbox 2306 4402 3792 4478">
     <span class='ocr_line' id='line_1_110' title="bbox 2306 4402 3792 4478; baseline -0.005 -19"><span class='ocrx_word' id='word_1_877' title='bbox 2306 4405 2715 4476; x_wconf 72' lang='grc' dir='ltr'>ἀπολαμϐάνεις</span> <span class='ocrx_word' id='word_1_878' title='bbox 2746 4408 2832 4469; x_wconf 78' lang='grc' dir='ltr'><strong>σὺ,</strong></span> <span class='ocrx_word' id='word_1_879' title='bbox 2862 4409 2890 4461; x_wconf 89' lang='grc' dir='ltr'>ὁ</span> <span class='ocrx_word' id='word_1_880' title='bbox 2935 4404 3390 4478; x_wconf 80' lang='grc' dir='ltr'>παραδεξάμενος</span> <span class='ocrx_word' id='word_1_881' title='bbox 3444 4404 3543 4476; x_wconf 77' lang='grc' dir='ltr'>τὴν</span> <span class='ocrx_word' id='word_1_882' title='bbox 3581 4402 3792 4473; x_wconf 69' lang='grc' dir='ltr'>ἐνέργειαι.</span> 
     </span>
    </p>
   </div>
   <div class='ocr_carea' id='block_1_111' title="bbox 2308 4582 3798 4663">
    <p class='ocr_par' dir='ltr' id='par_1_111' title="bbox 2308 4582 3798 4663">
     <span class='ocr_line' id='line_1_111' title="bbox 2308 4582 3798 4663; baseline -0.002 -18"><span class='ocrx_word' id='word_1_883' title='bbox 2308 4594 2398 4645; x_wconf 82' lang='grc' dir='ltr'>ὑπ’</span> <span class='ocrx_word' id='word_1_884' title='bbox 2434 4592 2593 4645; x_wconf 79' lang='grc' dir='ltr'>αὑτὸν</span> <span class='ocrx_word' id='word_1_885' title='bbox 2617 4593 2961 4663; x_wconf 78' lang='grc' dir='ltr'>πνευμάτων.</span> <span class='ocrx_word' id='word_1_886' title='bbox 3007 4592 3045 4644; x_wconf 89' lang='grc' dir='ltr'><strong>Γ</strong></span> <span class='ocrx_word' id='word_1_887' title='bbox 3050 4591 3306 4662; x_wconf 78' lang='grc' dir='ltr'>ενόμενος</span> <span class='ocrx_word' id='word_1_888' title='bbox 3346 4587 3447 4645; x_wconf 70' lang='grc' dir='ltr'>οὖν</span> <span class='ocrx_word' id='word_1_889' title='bbox 3478 4591 3679 4645; x_wconf 75' lang='grc' dir='ltr'>ἐκείνων</span> <span class='ocrx_word' id='word_1_890' title='bbox 3717 4582 3798 4641; x_wconf 63' lang='lat' dir='ltr'><strong>aii;-</strong></span> 
     </span>
    </p>
   </div>
   <div class='ocr_carea' id='block_1_112' title="bbox 2307 4674 3799 4754">
    <p class='ocr_par' dir='ltr' id='par_1_112' title="bbox 2307 4674 3799 4754">
     <span class='ocr_line' id='line_1_112' title="bbox 2307 4674 3799 4754; baseline -0.005 -17"><span class='ocrx_word' id='word_1_891' title='bbox 2307 4683 2710 4754; x_wconf 67' lang='grc' dir='ltr'>ἀπολαμϐάνεις</span> <span class='ocrx_word' id='word_1_892' title='bbox 2741 4683 2847 4735; x_wconf 78' lang='grc' dir='ltr'><strong>ἀπὸ</strong></span> <span class='ocrx_word' id='word_1_893' title='bbox 2880 4682 3084 4752; x_wconf 75' lang='grc' dir='ltr'>ἀγαθοῦ</span> <span class='ocrx_word' id='word_1_894' title='bbox 3117 4681 3253 4735; x_wconf 84' lang='grc' dir='ltr'>Θεοῦ</span> <span class='ocrx_word' id='word_1_895' title='bbox 3293 4699 3358 4737; x_wconf 90' lang='grc' dir='ltr'><strong>σε</strong></span> <span class='ocrx_word' id='word_1_896' title='bbox 3402 4674 3799 4747; x_wconf 56' lang='grc' dir='ltr'>ἐπισκεπτομένιι</span> 
     </span>
    </p>
   </div>
   <div class='ocr_carea' id='block_1_113' title="bbox 2306 4764 3795 4848">
    <p class='ocr_par' dir='ltr' id='par_1_113' title="bbox 2306 4764 3795 4848">
     <span class='ocr_line' id='line_1_113' title="bbox 2306 4764 3795 4848; baseline -0.011 -19"><span class='ocrx_word' id='word_1_897' title='bbox 2306 4778 2381 4829; x_wconf 78' lang='grc' dir='ltr'><strong>Οὐ</strong></span> <span class='ocrx_word' id='word_1_898' title='bbox 2405 4775 2514 4848; x_wconf 84' lang='grc' dir='ltr'>γὰρ</span> <span class='ocrx_word' id='word_1_899' title='bbox 2543 4775 2931 4830; x_wconf 76' lang='grc' dir='ltr'>ἐπισκέπτεται</span> <span class='ocrx_word' id='word_1_900' title='bbox 2961 4777 3051 4830; x_wconf 85' lang='grc' dir='ltr'><strong>τὸν</strong></span> <span class='ocrx_word' id='word_1_901' title='bbox 3096 4775 3312 4847; x_wconf 79' lang='grc' dir='ltr'>πατέρα</span> <span class='ocrx_word' id='word_1_902' title='bbox 3346 4794 3448 4830; x_wconf 77' lang='grc' dir='ltr'><strong>σου</strong></span> <span class='ocrx_word' id='word_1_903' title='bbox 3471 4815 3485 4839; x_wconf 93' lang='grc'><strong>,</strong></span> <span class='ocrx_word' id='word_1_904' title='bbox 3530 4772 3633 4828; x_wconf 78' lang='grc' dir='ltr'>ἀλλ’</span> <span class='ocrx_word' id='word_1_905' title='bbox 3656 4764 3795 4822; x_wconf 62' lang='lat' dir='ltr'><strong>smni-</strong></span> 
     </span>
    </p>
   </div>
   <div class='ocr_carea' id='block_1_114' title="bbox 2303 4862 3802 4938">
    <p class='ocr_par' dir='ltr' id='par_1_114' title="bbox 2303 4862 3802 4938">
     <span class='ocr_line' id='line_1_114' title="bbox 2303 4862 3802 4938; baseline -0.012 -14"><span class='ocrx_word' id='word_1_906' title='bbox 2303 4869 2496 4924; x_wconf 84' lang='grc' dir='ltr'>πτεταί</span> <span class='ocrx_word' id='word_1_907' title='bbox 2560 4886 2639 4933; x_wconf 86' lang='grc' dir='ltr'><strong>σε,</strong></span> <span class='ocrx_word' id='word_1_908' title='bbox 2697 4868 2790 4922; x_wconf 82' lang='grc' dir='ltr'><strong>καὶ</strong></span> <span class='ocrx_word' id='word_1_909' title='bbox 2830 4868 2977 4938; x_wconf 84' lang='grc' dir='ltr'>λέγει</span> <span class='ocrx_word' id='word_1_910' title='bbox 3044 4886 3159 4934; x_wconf 87' lang='grc' dir='ltr'>σοι,</span> <span class='ocrx_word' id='word_1_911' title='bbox 3213 4888 3231 4921; x_wconf 82' lang='grc' dir='ltr'>ι</span> <span class='ocrx_word' id='word_1_912' title='bbox 3286 4870 3582 4931; x_wconf 71' lang='grc' dir='ltr'>Ἄκουσον,</span> <span class='ocrx_word' id='word_1_913' title='bbox 3627 4862 3802 4928; x_wconf 60' lang='grc' dir='ltr'>Θύγατερ.</span> 
     </span>
    </p>
   </div>
   <div class='ocr_carea' id='block_1_115' title="bbox 2302 4953 3805 5029">
    <p class='ocr_par' dir='ltr' id='par_1_115' title="bbox 2302 4953 3805 5029">
     <span class='ocr_line' id='line_1_115' title="bbox 2302 4953 3805 5029; baseline -0.005 -11"><span class='ocrx_word' id='word_1_914' title='bbox 2302 4967 2397 5018; x_wconf 69' lang='grc' dir='ltr'><strong>καὶ</strong></span> <span class='ocrx_word' id='word_1_915' title='bbox 2422 4964 2518 5029; x_wconf 84' lang='grc' dir='ltr'>ἴδε,</span> <span class='ocrx_word' id='word_1_916' title='bbox 2562 4965 2657 5017; x_wconf 78' lang='grc' dir='ltr'>καὶ</span> <span class='ocrx_word' id='word_1_917' title='bbox 2704 4964 2883 5018; x_wconf 85' lang='grc' dir='ltr'>κλῖνον</span> <span class='ocrx_word' id='word_1_918' title='bbox 2937 4963 2999 5019; x_wconf 68' lang='grc' dir='ltr'>τὸ</span> <span class='ocrx_word' id='word_1_919' title='bbox 3047 4959 3139 5028; x_wconf 79' lang='grc' dir='ltr'><strong>οὖς</strong></span> <span class='ocrx_word' id='word_1_920' title='bbox 3192 4980 3286 5017; x_wconf 82' lang='grc' dir='ltr'><strong>σου</strong></span> <span class='ocrx_word' id='word_1_921' title='bbox 3316 5004 3332 5027; x_wconf 90' lang='grc'><strong>,</strong></span> <span class='ocrx_word' id='word_1_922' title='bbox 3394 4984 3413 5015; x_wconf 73' lang='grc' dir='ltr'><strong>ι</strong></span> <span class='ocrx_word' id='word_1_923' title='bbox 3474 4963 3565 5015; x_wconf 71' lang='grc' dir='ltr'>καὶ</span> <span class='ocrx_word' id='word_1_924' title='bbox 3602 4957 3661 5011; x_wconf 82' lang='grc' dir='ltr'>τὰ</span> <span class='ocrx_word' id='word_1_925' title='bbox 3703 4953 3805 5019; x_wconf 64' lang='grc' dir='ltr'><strong>ὲῇ;’</strong></span> 
     </span>
    </p>
   </div>
   <div class='ocr_carea' id='block_1_116' title="bbox 2303 5039 3783 5125">
    <p class='ocr_par' dir='ltr' id='par_1_116' title="bbox 2303 5039 3783 5125">
     <span class='ocr_line' id='line_1_116' title="bbox 2303 5039 3783 5125; baseline -0.006 -15"><span class='ocrx_word' id='word_1_926' title='bbox 2303 5057 2396 5110; x_wconf 77' lang='grc' dir='ltr'><strong>καὶ</strong></span> <span class='ocrx_word' id='word_1_927' title='bbox 2451 5057 2635 5111; x_wconf 80' lang='grc' dir='ltr'>δίδωσί</span> <span class='ocrx_word' id='word_1_928' title='bbox 2700 5074 2782 5110; x_wconf 89' lang='grc' dir='ltr'><strong>σοι</strong></span> <span class='ocrx_word' id='word_1_929' title='bbox 2837 5057 2912 5120; x_wconf 83' lang='grc' dir='ltr'>ὡς</span> <span class='ocrx_word' id='word_1_930' title='bbox 2981 5055 3201 5125; x_wconf 86' lang='grc' dir='ltr'>ἀγαθός.</span> <span class='ocrx_word' id='word_1_931' title='bbox 3274 5054 3689 5108; x_wconf 75' lang='grc' dir='ltr'>Ἑπισκέπτετιι</span> <span class='ocrx_word' id='word_1_932' title='bbox 3743 5039 3783 5107; x_wconf 65' lang='grc' dir='ltr'>τά</span> 
     </span>
    </p>
   </div>
   <div class='ocr_carea' id='block_1_117' title="bbox 2304 5136 3821 5215">
    <p class='ocr_par' dir='ltr' id='par_1_117' title="bbox 2304 5136 3821 5215">
     <span class='ocr_line' id='line_1_117' title="bbox 2304 5136 3821 5215; baseline 0.007 -20"><span class='ocrx_word' id='word_1_933' title='bbox 2304 5160 2363 5196; x_wconf 86' lang='grc' dir='ltr'><strong>σε</strong></span> <span class='ocrx_word' id='word_1_934' title='bbox 2414 5144 2504 5196; x_wconf 82' lang='grc' dir='ltr'><strong>τὸν</strong></span> <span class='ocrx_word' id='word_1_935' title='bbox 2563 5145 2676 5198; x_wconf 80' lang='grc' dir='ltr'>υἱὸν</span> <span class='ocrx_word' id='word_1_936' title='bbox 2748 5143 2842 5199; x_wconf 80' lang='grc' dir='ltr'>τοῦ</span> <span class='ocrx_word' id='word_1_937' title='bbox 2903 5143 3139 5215; x_wconf 75' lang='grc' dir='ltr'>πονηροῦ</span> <span class='ocrx_word' id='word_1_938' title='bbox 3213 5140 3438 5215; x_wconf 74' lang='grc' dir='ltr'>πατρὸς</span> <span class='ocrx_word' id='word_1_939' title='bbox 3472 5186 3487 5209; x_wconf 90' lang='grc'><strong>,</strong></span> <span class='ocrx_word' id='word_1_940' title='bbox 3571 5141 3632 5194; x_wconf 63' lang='grc' dir='ltr'>τὶ</span> <span class='ocrx_word' id='word_1_941' title='bbox 3695 5136 3821 5211; x_wconf 44' lang='grc' dir='ltr'><strong>ἀμίῒῖ</strong></span> 
     </span>
    </p>
   </div>
   <div class='ocr_carea' id='block_1_118' title="bbox 2300 5216 3821 5308">
    <p class='ocr_par' dir='ltr' id='par_1_118' title="bbox 2300 5223 3821 5308">
     <span class='ocr_line' id='line_1_118' title="bbox 2300 5223 3821 5308; baseline -0.009 -14"><span class='ocrx_word' id='word_1_942' title='bbox 2300 5238 2518 5307; x_wconf 79' lang='grc' dir='ltr'>τήματα</span> <span class='ocrx_word' id='word_1_943' title='bbox 2587 5236 2889 5302; x_wconf 78' lang='grc' dir='ltr'>ἀποδιδούς.</span> <span class='ocrx_word' id='word_1_944' title='bbox 2958 5257 2977 5289; x_wconf 85' lang='grc' dir='ltr'>ι</span> <span class='ocrx_word' id='word_1_945' title='bbox 3043 5236 3462 5308; x_wconf 68' lang='grc' dir='ltr'>Ἐπισκέψομαι</span> <span class='ocrx_word' id='word_1_946' title='bbox 3536 5228 3621 5287; x_wconf 78' lang='grc' dir='ltr'><strong>οὖν</strong></span> <span class='ocrx_word' id='word_1_947' title='bbox 3666 5232 3710 5282; x_wconf 82' lang='grc' dir='ltr'><strong>ἐν</strong></span> <span class='ocrx_word' id='word_1_948' title='bbox 3754 5223 3821 5307; x_wconf 54' lang='lat' dir='ltr'><strong>éi-l</strong></span> 
     </span>
    </p>
   </div>
   <div class='ocr_carea' id='block_1_119' title="bbox 2302 5320 3815 5402">
    <p class='ocr_par' dir='ltr' id='par_1_119' title="bbox 2302 5320 3815 5402">
     <span class='ocr_line' id='line_1_119' title="bbox 2302 5320 3815 5402; baseline -0.003 -20"><span class='ocrx_word' id='word_1_949' title='bbox 2302 5329 2410 5401; x_wconf 78' lang='grc' dir='ltr'><strong>ϐδῳ</strong></span> <span class='ocrx_word' id='word_1_950' title='bbox 2450 5329 2548 5393; x_wconf 75' lang='grc' dir='ltr'><strong>τὰς</strong></span> <span class='ocrx_word' id='word_1_951' title='bbox 2603 5328 2831 5402; x_wconf 81' lang='grc' dir='ltr'>ἀνομίας</span> <span class='ocrx_word' id='word_1_952' title='bbox 2880 5349 2897 5381; x_wconf 74' lang='grc' dir='ltr'>ι</span> <span class='ocrx_word' id='word_1_953' title='bbox 2943 5329 3094 5399; x_wconf 82' lang='grc' dir='ltr'>ὑμῶν</span> <span class='ocrx_word' id='word_1_954' title='bbox 3125 5331 3233 5383; x_wconf 81' lang='grc' dir='ltr'><strong>τῶν</strong></span> <span class='ocrx_word' id='word_1_955' title='bbox 3277 5322 3487 5397; x_wconf 74' lang='grc' dir='ltr'>ἁγίων·</span> <span class='ocrx_word' id='word_1_956' title='bbox 3531 5320 3815 5388; x_wconf 58' lang='grc' dir='ltr'>ἐπισκέᾇθξω</span> 
     </span>
    </p>
   </div>
   <div class='ocr_carea' id='block_1_120' title="bbox 2308 5504 3820 5586">
    <p class='ocr_par' dir='ltr' id='par_1_120' title="bbox 2308 5504 3820 5586">
     <span class='ocr_line' id='line_1_120' title="bbox 2308 5504 3820 5586; baseline 0.001 -22"><span class='ocrx_word' id='word_1_957' title='bbox 2308 5531 2326 5563; x_wconf 80' lang='grc' dir='ltr'>ι</span> <span class='ocrx_word' id='word_1_958' title='bbox 2360 5513 2506 5578; x_wconf 71' lang='grc' dir='ltr'>ἔλεός</span> <span class='ocrx_word' id='word_1_959' title='bbox 2538 5531 2639 5586; x_wconf 90' lang='grc' dir='ltr'><strong>μου</strong></span> <span class='ocrx_word' id='word_1_960' title='bbox 2670 5515 2744 5586; x_wconf 78' lang='grc' dir='ltr'>μὴ</span> <span class='ocrx_word' id='word_1_961' title='bbox 2774 5514 3106 5568; x_wconf 78' lang='grc' dir='ltr'>διασκεδάσω</span> <span class='ocrx_word' id='word_1_962' title='bbox 3124 5512 3451 5567; x_wconf 74' lang='grc' dir='ltr'>ἀπἀὐτῶν.</span> <span class='ocrx_word' id='word_1_963' title='bbox 3495 5532 3512 5564; x_wconf 75' lang='grc' dir='ltr'><strong>ι</strong></span> <span class='ocrx_word' id='word_1_964' title='bbox 3542 5512 3657 5565; x_wconf 78' lang='grc' dir='ltr'>Ὅτε</span> <span class='ocrx_word' id='word_1_965' title='bbox 3670 5504 3751 5575; x_wconf 67' lang='grc' dir='ltr'><strong>γὰρ</strong></span> <span class='ocrx_word' id='word_1_966' title='bbox 3765 5514 3820 5551; x_wconf 58' lang='lat' dir='ltr'><strong>l3“</strong></span> 
     </span>
    </p>
   </div>
   <div class='ocr_carea' id='block_1_121' title="bbox 2557 5668 3821 5757">
    <p class='ocr_par' dir='ltr' id='par_1_121' title="bbox 2557 5668 3821 5757">
     <span class='ocr_line' id='line_1_121' title="bbox 2557 5668 3821 5757; baseline -0.006 -13"><span class='ocrx_word' id='word_1_967' title='bbox 2557 5688 2605 5720; x_wconf 80' lang='grc'>³⁵</span> <span class='ocrx_word' id='word_1_968' title='bbox 2641 5688 2777 5744; x_wconf 86' lang='lat' dir='ltr'><strong>Gen.</strong></span> <span class='ocrx_word' id='word_1_969' title='bbox 2820 5704 2909 5757; x_wconf 81' lang='lat' dir='ltr'><strong>xv,</strong></span> <span class='ocrx_word' id='word_1_970' title='bbox 2940 5688 3022 5745; x_wconf 78' lang='lat' dir='ltr'><strong>l5.</strong></span> <span class='ocrx_word' id='word_1_971' title='bbox 3118 5687 3164 5718; x_wconf 85' lang='lat'><strong>&quot;</strong></span> <span class='ocrx_word' id='word_1_972' title='bbox 3196 5686 3342 5742; x_wconf 84' lang='lat' dir='ltr'><strong>Gett.</strong></span> <span class='ocrx_word' id='word_1_973' title='bbox 3386 5702 3490 5755; x_wconf 70' lang='lat' dir='ltr'><strong>stt,</strong></span> <span class='ocrx_word' id='word_1_974' title='bbox 3518 5685 3569 5739; x_wconf 80' lang='lat' dir='ltr'><strong>i.</strong></span> <span class='ocrx_word' id='word_1_975' title='bbox 3655 5678 3690 5713; x_wconf 52' lang='lat'><strong>&#39;1</strong></span> <span class='ocrx_word' id='word_1_976' title='bbox 3724 5668 3821 5757; x_wconf 47' lang='grc' dir='ltr'><strong>Ρωῆ</strong></span> 
     </span>
    </p>
   </div>
   <div class='ocr_carea' id='block_1_122' title="bbox 2405 5757 3371 5828">
    <p class='ocr_par' dir='ltr' id='par_1_122' title="bbox 2405 5757 3371 5828">
     <span class='ocr_line' id='line_1_122' title="bbox 2405 5757 3371 5828; baseline -0.001 -13"><span class='ocrx_word' id='word_1_977' title='bbox 2405 5759 2448 5792; x_wconf 84' lang='grc'><strong>³⁰</strong></span> <span class='ocrx_word' id='word_1_978' title='bbox 2486 5758 2618 5816; x_wconf 83' lang='lat' dir='ltr'><strong>Ilcb.</strong></span> <span class='ocrx_word' id='word_1_979' title='bbox 2672 5776 2771 5828; x_wconf 76' lang='lat' dir='ltr'><strong>xu,</strong></span> <span class='ocrx_word' id='word_1_980' title='bbox 2799 5759 2853 5815; x_wconf 84' lang='lat'><strong>6.</strong></span> <span class='ocrx_word' id='word_1_981' title='bbox 2933 5759 3132 5817; x_wconf 79' lang='lat' dir='ltr'><strong>&quot;Osee</strong></span> <span class='ocrx_word' id='word_1_982' title='bbox 3163 5773 3238 5828; x_wconf 80' lang='lat' dir='ltr'><strong>tv,</strong></span> <span class='ocrx_word' id='word_1_983' title='bbox 3274 5757 3371 5814; x_wconf 65' lang='grc' dir='ltr'><strong>ιι.</strong></span> 
     </span>
    </p>
   </div>
  </div>
