3902 6546
154 355 246 416 295

1339 334 1652 392 SELECTA
1689 333 1756 387 ΙΝ
1794 332 2104 389 EXODUM.

3243 334 3360 391 ,ετιιι

139 474 310 544 alter;
335 465 460 530 τινά,
518 459 700 514 οὐκέτι
751 459 914 513 αὐτὸν
953 457 1194 524 κολάζει,
1235 457 1358 512 οὔτε
1413 461 1687 529 μαστιγοῖ.

1797 471 1913 525 qua!
1955 471 1984 510 ιι
2030 457 2136 510 Deo
2185 455 2518 524 inlliguntur,
2564 468 2662 510 nec
2708 461 2885 522 potest
2931 452 3178 508 diabolus
3207 454 3355 508 dice-

147 585 172 624 -ι
203 561 440 628 “amyci
469 575 486 608 ι
527 554 631 625 γὰρ
675 555 735 606 ού
779 554 1006 618 πάντας,
1039 553 1174 606 ἀλλὰ.
1209 572 1226 604 ι
1278 554 1454 606 πάντα
1481 552 1593 604 υἱὸν
1619 551 1678 603 ὃν

155 651 473 725 παραδέχεται
515 643 732 715 Κύριος.
769 663 788 695 ι
842 644 952 696 Καὶ
980 643 1196 712 λέγεται
1233 645 1289 694 ἐν
1317 644 1394 713 τῷ
1425 644 1680 714 προφήτῃ

153 747 260 815 περὶ
283 739 380 793 τῶν
410 737 540 790 πάνυ
561 734 916 805 ἁμαρτωλῶψ
961 755 978 784 ι
1020 735 1134 788 Οὐκ
1177 733 1542 803 ἐπισκέψομαι
1589 733 1680 783 ἐπὶ

153 837 236 898 τὰς
257 830 538 900 θυγατέρας
583 827 736 898 ὑμῶν
772 829 900 879 ὅταν
931 826 1288 898 πορνεύσωσι,
1330 828 1421 879 καὶ
1452 826 1544 878 ἐπὶ
1582 823 1680 887 τὰς

149 929 338 998 νύμφας
365 921 510 992 ὑμῶν
539 921 664 972 ὅταν
699 919 1048 991 μοιχευθῶσι.
1087 939 1104 972 ι
1144 920 1394 990 Τοσούτῳ
1439 921 1614 990 χρόνῳ
1652 921 1681 971 ὁ

150 1016 360 1077 διάϐολος
393 1010 686 1082 ἁμαρτάνει
721 1010 828 1063 ἀπὸ
851 1012 1100 1074 κτίσεως,
1133 1012 1226 1064 καὶ
1252 1010 1554 1079 καταϐολῆς
1591 1010 1682 1062 κό-

145 1125 282 1178 σμου,
313 1105 400 1158 καὶ
422 1103 538 1156 οὔτε
578 1101 708 1173 πῦρ,
738 1103 860 1154 οὕτε
891 1101 1116 1172 μάστιξ·
1139 1103 1216 1154 -οὑ
1251 1104 1357 1173 γάρ
1387 1102 1530 1166 ἄξιός
1563 1104 1680 1154 ἐστι

1787 565 1845 603 re
1874 548 1962 602 ³²ε
2008 565 2026 600 ι
2067 547 2312 614 Domine,
2346 563 2412 602 ne
2457 548 2510 600 in
2565 549 2644 602 ira
2695 557 2782 602 tua
2820 562 3016 613 arguas
3045 563 3154 612 me,
3195 565 3213 598 ι
3247 553 3353 602 etc.

1786 642 2048 711 Quisquis
2076 657 2208 712 ergo
2227 642 2328 698 sibi
2358 643 2562 710 peccati
2587 643 2835 696 conscius
2875 652 2978 706 est,
3012 650 3131 695 oret
3172 649 3225 694 ιιι
3257 657 3355 712 pu-

1787 735 1991 790 niatur.
2021 735 2248 790 Prtestat
2281 736 2495 802 quidem
2545 735 2677 788 nihil
2703 734 3045 788 conmisisse
3067 735 3207 802 quod
3245 747 3358 804 pte-

1771 843 1909 880 .nam
1945 838 2238 881 mereatur.
2283 825 2376 880 Sin
2411 834 2799 892 autem-paena
2832 827 3048 894 dignum
3085 824 3355 893 quidpiam

1787 923 2024 990 egimus,
2059 922 2138 976 sic
2183 922 2469 990 puniamur
2505 929 2558 972 ut
2601 919 2852 988 praesenti
2882 920 3094 986 quidem
3127 932 3240 971 mro
3275 931 3358 970 reo

1787 1014 2078 1082 cipiamus,
2103 1027 2224 1084 post
2251 1014 2363 1067 haec
2394 1027 2521 1066 vero
2549 1013 2602 1064 in
2633 1011 2752 1064 sinu
2785 1008 3015 1063 Abrahae
3041 1010 3354 1076 requiesca-

1791 1121 1838 1156 lll
1849 1119 1934 1157 IIS.

142 1205 232 1258 τῶν
282 1201 538 1255 κολάσεων
570 1199 677 1250 τῶν
718 1197 824 1252 ἀπὸ
855 1198 949 1254 τοῦ
991 1198 1146 1251 Θεοῦ.
1187 1201 1261 1252 Ού
1315 1199 1423 1269 γάρ
1451 1198 1672 1252 δύναται
1730 1200 1901 1252 εἰπεῖν
1953 1202 1980 1252 ὁ
2031 1200 2289 1264 διάϐολος,
2336 1218 2354 1250 ι
2403 1197 2592 1270 Κύριε,
2624 1197 2696 1268 μὴ
2725 1196 2799 1266 τῷ
2827 1196 2979 1268 θυμῷ
3012 1214 3103 1249 σου
3137 1196 3360 1268 ἐλέγξῃς

143 1315 216 1370 με,
255 1315 270 1346 ι
315 1295 400 1347 καὶ
443 1292 510 1344 τά
561 1292 706 1361 ἑξῆς.
745 1293 1012 1354 Ἕκαστος
1053 1288 1145 1344 οὖν
1199 1289 1454 1353 συνειδὼς
1505 1291 1682 1360 ἑαυτῷ
1721 1293 1994 1363 ἁμαρτίας
2020 1333 2034 1360 ,
2089 1293 2328 1363 εὐχέσθω
2369 1291 2714 1360 κολασθῆναι.
2755 1291 2930 1343 Καλὸν
2990 1289 3086 1359 μὲν
3131 1290 3237 1360 γάρ
3299 1289 3362 1341 τὸ

142 1390 283 1462 μηδὲν
311 1385 450 1450 ἄξιον
498 1383 772 1446 κολάσεως
819 1385 1198 1453 πεποιηκέναι.
1243 1385 1304 1437 Εἰ
1344 1385 1399 1436 δέ
1441 1401 1492 1436 τι
1529 1383 1676 1447 ἄξιον
1727 1385 1999 1449 κολάσεως
2056 1386 2469 1455 πεποιήκαμεν,
2505 1384 2644 1437 οὕτω
2694 1381 3064 1452 κολασθῶμεν,
3099 1383 3239 1436 ὥστε
3275 1383 3361 1437 ἑν-

135 1484 243 1537 θάδε
275 1482 365 1551 μὲν
395 1477 706 1540 ἀπολαϐεῖν,
754 1480 889 1548 μετὰ
933 1479 988 1532 δὲ
1033 1478 1204 1531 ταῦτα
1247 1480 1326 1541 εἰς
1369 1479 1494 1541 τοὺς
1535 1478 1767 1541 κόλπους
1805 1479 2056 1549 Ἀϐραὰμ
2083 1477 2518 1532 ἀναπαύσασθαι.

197 1600 214 1631 ‹
242 1579 340 1632 Καὶ
367 1576 532 1628 ταῦτα
548 1575 614 1628 τὰ
641 1575 984 1646 δικαιώματά
1011 1594 1131 1646 μου,
1168 1576 1202 1629 ἃ
1227 1575 1516 1648 παραθήσῃ
1548 1574 1678 1628 ὲνὼ-
1711 1585 1751 1638 Β

129 1687 236 1722 πιον
285 1666 474 1722 αὐτῶν.
515 1667 640 1718 Ἐὰν
693 1667 868 1737 κτήσῃ
913 1667 1077 1718 παῖδα
1138 1667 1554 1737 Ἐϐραῖον,»καὶ
1607 1665 1678 1718 τά

129 1762 258 1829 ἑξῆς.
321 1759 648 1824 Ἀναγκαῖον
718 1757 968 1823 ἐξετάσαι
997 1759 1049 1811 τί
1083 1759 1264 1828 νόμος,
1297 1759 1390 1811 καὶ
1423 1759 1477 1811 τί
1517 1760 1684 1830 πρόσ-

123 1871 306 1922 ταγμα,
329 1850 377 1902 τί
399 1850 454 1902 δὲ
482 1847 845 1918 δικαιώματα,
873 1851 961 1902 καὶ
979 1850 1242 1920 κρίματα,
1269 1851 1360 1902 καὶ
1391 1851 1681 1922 μαρτύρια,

127 1947 208 1997 καὶ
237 1940 457 1996 ἑντολαί.
488 1940 844 2011 Δικαιώματα
884 1943 980 2011 μὲν
1009 1939 1100 1994 οὖν
1135 1943 1272 2006 ἑστι,
1303 1943 1362 1994 τὸ
1388 1942 1572 1995 ἐνθάδε
1606 1945 1684 1994 εἰ-

123 2034 354 2106 ρημένον,
401 2049 420 2081 ι
478 2031 608 2086 Ἐάν
647 2034 824 2105 κτήσῃ
874 2034 1037 2086 παῖδα
1089 2033 1360 2103 Ἐϐραῖον,
1400 2053 1418 2084 ι
1459 2035 1552 2087 καὶ
1617 2033 1684 2087 τά

121 2125 249 2194 έξῆςν
275 2123 398 2193 περὶ
420 2121 592 2174 αὑτοῦ
617 2123 885 2192 εἰρημένα
904 2139 917 2151 ·
945 2121 1119 2192 κρίμα
1151 2122 1226 2186 δὲ,
1263 2123 1346 2174 ἵνα
1383 2121 1572 2193 ἱερέως
1594 2121 1686 2173 θυ-

119 2217 277 2287 γάτηρ
311 2217 404 2268 ἐάν
442 2215 730 2286 μοιχευθῇ,
778 2217 908 2285 πυρὶ
931 2215 1296 2285 κατακαίηται
1321 2231 1334 2243 ·
1372 2215 1582 2267 ἐντολαὶ
1605 2215 1680 2280 δὲ,

121 2325 138 2358 ι
161 2309 260 2360 Οὐκ
281 2305 490 2359 ἔσονταί
507 2321 598 2358 σοι
627 2305 738 2358 θεοὶ
753 2307 946 2376 ἕτεροι·
961 2325 980 2358 ι
1013 2306 1342 2376 πρόσταγμα
1361 2304 1438 2368 δὲ,
1461 2324 1478 2354 ι
1501 2307 1687 2358 Κατα-

119 2399 208 2461 ϐάς
237 2398 608 2469 διαμάρτυραι
655 2397 733 2467 τῷ
771 2397 902 2467 λαῷ,
939 2397 1033 2450 καὶ
1069 2397 1424 2449 πλυνάτωσαν
1458 2396 1526 2449 τὰ
1561 2395 1686 2467 ἰμά-

111 2508 190 2543 τια
233 2490 426 2544 αὐτῶν·
479 2509 498 2541 ι
545 2489 821 2560 μαρτύρια
861 2489 937 2553 δὲ,
1002 2507 1020 2539 ι
1059 2486 1508 2558 Διαμαρτύρομαι
1560 2489 1686 2560 ὑμῖν

114 2585 329 2654 σήμερον
351 2583 444 2635 τὸν
475 2583 712 2652 οὐρανὸν
740 2583 832 2636 καὶ
863 2581 962 2652 τὴν
983 2583 1106 2650 γῆν.
1149 2599 1167 2632 ι

176 2693 192 2724 ι
232 2673 324 2738 Ἓξ
376 2674 472 2744 ἔτη
517 2673 800 2726 δουλεύσει
834 2690 950 2726 σοι·
987 2673 1064 2744 τῷ
1097 2673 1152 2726 δὲ
1205 2673 1314 2726 ἔτει
1353 2673 1428 2744 τῷ
1455 2673 1684 2744 ἑϐδόμῳ,

109 2765 452 2820 ἀπελεύσεται
489 2766 786 2837 ἐλεύθερος
831 2766 1061 2836 δωρεάν.
1097 2785 1115 2814 ι
1139 2766 1404 2836 Σημαίνει
1448 2769 1481 2836 ἡ
1505 2761 1574 2819 ¹ἑν
1606 2764 1683 2835 τῷ

105 2841 296 2927 ἑϐδόμῳ
327 2857 724 2929 ἐλευθέρωσις,
757 2857 836 2908 ἔτι
857 2857 913 2908 δὲ
947 2857 1090 2927 καὶὴ
1117 2857 1172 2910 ἑν
1197 2857 1276 2927 τῷ
1305 2857 1558 2928 σαϐϐάτῳ
1577 2856 1686 2910 τῶν

106 2949 262 3020 ἔργων
303 2950 664 3012 κατάπαυσις
712 2950 812 3020 τὴν
846 2949 904 3002 ἑν
952 2951 1132 3022 χάριτι
1164 2952 1296 3020 ἡμῖν
1325 2951 1414 3004 διὰ
1444 2951 1682 3024 Χριστοῦ

105 3041 404 3113 ἐλευθερίαν
415 3085 428 3098 .

171 3151 188 3182 ι
219 3133 488 3204 Προσάξει
525 3133 697 3187 αὐτὸν
726 3136 754 3187 ὁ
785 3133 972 3204 κύριος
1019 3133 1186 3185 αὐτοῦ
1229 3133 1366 3203 πρὸς
1410 3134 1470 3186 τὸ
1509 3135 1688 3206 κριτή-

47 3247 50 3250 ‘
105 3243 202 3297 ριον
227 3226 320 3279 τοῦ
344 3225 509 3279 Θεοῦ.
543 3247 564 3276 ι
606 3227 834 3289 Ἀκύλας
857 3226 950 3278 καὶ
978 3225 1268 3296 Σύμμαχος
1295 3223 1466 3292 εἷπον,
1501 3247 1518 3278 ‹
1551 3229 1688 3298 πρὸς

101 3319 212 3380 τοὺς
244 3318 418 3382 θεούς.
460 3339 480 3370 ι
518 3318 695 3381 Θεοὺς
724 3319 778 3370 δὲ
806 3321 934 3382 τοὺς
977 3319 1166 3388 κριτὰς
1204 3316 1548 3388 ὀνομάζουσι,
1594 3321 1689 3373 καὶ

99 3409 206 3462 Θεοῦ
245 3411 566 3481 κριτήριον,
599 3411 696 3481 τὴν
725 3409 928 3464 τούτων
954 3411 1156 3480 ψῆφον.

163 3520 180 3550 ι
216 3501 376 3571 Τρεῖς
407 3501 654 3572 καιροὺς
681 3499 774 3552 τοῦ
817 3501 1064 3554 ἐνιαυτοῦ
1096 3499 1394 3572 ἑορτάσατέ
1434 3517 1544 3570 μοι.
1575 3500 1691 3572 Τὴν

97 3596 272 3666 ἑορτὴν
297 3595 410 3648 τῶν
442 3594 686 3664 ἀζύμων
709 3592 1036 3662 φυλάξασθε.
1073 3591 1242 3645 Ἑπτά
1265 3591 1476 3662 ἡμέρας
1509 3591 1688 3644 ἕδεσθε

98 3689 286 3760 ἄζυμα,
327 3688 608 3758 καθάπερ
661 3688 1012 3758 ἐνετειλάμην
1062 3703 1164 3750 σοι,
1205 3685 1346 3738 κατὰ
1382 3685 1470 3738 τὸν
1503 3687 1690 3756 καιρὸν

93 3779 176 3832 τοῦ
209 3781 378 3852 μηνὸς
413 3781 536 3832 τῶν
574 3779 732 3831 νέων.
779 3779 868 3830 Ἐν
901 3778 1008 3846 γὰρ
1052 3775 1198 3846 αὐτῷ
1234 3776 1457 3846 ἐξῆλθες
1495 3775 1553 3840 ἑξ
1593 3778 1687 3830 Αί-

95 3871 309 3938 γύπτου.
347 3873 472 3925 Οὐκ
502 3871 728 3941 ὸςρθήσῃ
758 3868 985 3922 ἐνώπιόν
1020 3887 1117 3940 μου
1147 3870 1322 3930 κενὸς,
1371 3869 1464 3920 καὶ
1498 3869 1690 3940 ἑορτὴν

91 3963 174 4016 τοῦ
214 3963 492 4035 θερισμοῦ
547 3961 1063 4034 πρωτογενημάτων
1096 3963 1340 4032 ποιήσεις
1369 3960 1478 4013 τῶν
1515 3961 1690 4032 ἔργων

95 4072 198 4110 σου.
237 4075 255 4107 ι
297 4058 366 4108 Ai
401 4056 612 4125 ἑορταὶ
641 4055 820 4107 τοίνυν
857 4053 951 4107 τοῦ
985 4052 1142 4114 Θεοῦ,
1176 4049 1257 4116 οἷς
1287 4056 1402 4106 ἐστι
1451 4053 1688 4123 πνεῦμα,

93 4147 456 4216 πνευματικαί
508 4147 663 4198 είσι’
707 4145 800 4198 καὶ
849 4143 1023 4205 οὐδεὶς
1069 4143 1251 4211 χοῖκὺς
1307 4142 1552 4213 ἑορτάζει
1591 4143 1692 4206 τὰς

1856 1595 1874 1628 ι
1919 1579 1985 1632 Et
2024 1578 2105 1630 hae
2127 1575 2844 1645 suntjustilicationesquas
2875 1589 3144 1644 propones
3175 1589 3358 1630 coram

1785 1669 1883 1723 eis.
1921 1671 1974 1723 Si
2004 1670 2204 1724 emeris
2233 1683 2446 1722 servum
2493 1667 2776 1721 Hebraeum
2801 1668 2870 1734 ³³,
2911 1686 2928 1718 ι
2966 1678 3071 1723 etc.
3121 1667 3360 1722 Necesse

1785 1769 1868 1812 est
1903 1762 2332 1829 tttquuiramus
2379 1757 2508 1827 quid
2565 1758 2635 1810 sit
2683 1757 2791 1820 lex,
2826 1757 2954 1826 quid
3006 1768 3357 1826 przeceptum,

1785 1849 1914 1916 quid
1949 1851 2073 1903 item
2101 1849 2543 1920 justilicationes.
2575 1863 2636 1901 ac
2665 1846 2890 1914 judicia,
2929 1859 2986 1902 et
3022 1850 3357 1913 testimonia,

1785 1951 1838 1995 et
1863 1943 2138 1995 mandata.
2195 1941 2626 1996 Justiﬁcationes
2668 1942 2851 2009 itaque
2893 1950 3042 2006 sunt,
3093 1943 3236 2009 quod
3271 1942 3360 1994 hic

1787 2033 1986 2086 dictum
2019 2045 2099 2088 est
2135 2053 2148 2088 :
2185 2052 2204 2084 ι
2248 2031 2304 2087 Si
2356 2031 2555 2088 emeris
2603 2048 2822 2086 servum
2876 2031 3184 2100 Hebraeum,
3221 2053 3240 2086 ι
3297 2049 3363 2090 ac

1785 2139 1906 2193 qum
1940 2135 2246 2194 sequuntur
2271 2128 2336 2189 de
2368 2141 2432 2180 eo
2459 2124 2637 2189 dicta;
2666 2125 2949 2194 judicium,
2975 2137 3034 2179 ut
3061 2129 3102 2181 si
3141 2127 3247 2181 ﬁlia
3275 2145 3362 2182 sa-

1787 2219 2026 2272 cerdotis
2053 2229 2402 2290 constuprata
2437 2219 2627 2284 fuerit,
2650 2221 2770 2288 igne
2797 2222 3174 2286 comburatur;
3211 2237 3363 2275 tuan-

1788 2307 1911 2362 data
1951 2325 2077 2362 vero
2110 2311 2156 2342 ³³
2190 2329 2202 2363 :
2250 2331 2267 2362 ι
2309 2311 2422 2366 Non
2459 2321 2624 2367 erunt
2659 2313 2752 2366 tibi
2809 2313 2880 2364 dii
2931 2311 3056 2378 alii;
3095 2330 3114 2364 ι
3156 2327 3360 2380 ιιι-ωρο-

1790 2409 1938 2469 ptum
1963 2400 2008 2432 ³⁸
2043 2417 2055 2453 :
2095 2421 2114 2453 ι
2162 2402 2512 2458 Descendens
2545 2413 2747 2458 testare
2780 2403 3006 2472 pepulo,
3042 2413 3096 2458 et
3137 2405 3364 2458 abluant

1789 2492 2112 2545 vestimenta
2145 2507 2278 2556 sua;
2321 2511 2339 2542 ι
2377 2481 2682 2548 te5timonia
2719 2495 2950 2563 denique
2983 2492 3029 2524 ³⁸
3061 2511 3074 2547 :
3111 2512 3130 2546 ι
3165 2494 3362 2550 Testor

1791 2583 1946 2638 vobis
1976 2582 2146 2638 hodie
2171 2584 2367 2639 malum
2385 2593 2440 2638 et
2466 2594 2686 2638 terram.
2737 2603 2756 2636 ι

1867 2695 1886 2726 ι
1919 2674 2023 2730 Sex
2068 2677 2224 2730 annis
2269 2677 2474 2730 serviet
2519 2677 2648 2742 tibi;
2700 2693 2844 2734 anno
2897 2686 3078 2732 autem
3132 2676 3362 2747 septEmo

1791 2767 1962 2822 abibit
1995 2767 2130 2821 liber
2169 2769 2338 2838 gratis
2373 2769 2436 2820 ³⁷.
2501 2788 2518 2818 ι
2561 2767 2846 2838 Signiﬁcat
2875 2784 2996 2838 quae
3032 2769 3082 2822 in
3133 2770 3364 2836 septimo

1792 2859 2168 2928 intlulgebatur
2216 2860 2465 2925 libertas,
2509 2861 2686 2914 adhuc
2733 2871 2916 2914 autem
2969 2869 3020 2915 et
3071 2877 3188 2929 qua:
3224 2859 3364 2914 Sab-

1789 2951 1918 3004 bato
1951 2951 2164 3004 eratab
2221 2952 2482 3020 operibus
2515 2951 2753 3021 requies,
2794 2961 3034 3008 nostram
3089 2953 3140 3006 in
3189 2952 3362 3022 gratia

1788 3057 1882 3111 per
1904 3043 2182 3096 Christum
2221 3041 2554 3096 libertatem.

1866 3149 1882 3182 ι
1931 3131 2318 3187 Adducetcum
2352 3133 2603 3187 dominus
2633 3131 2748 3200 ejus
2781 3133 2845 3186 ad
2874 3133 3108 3188 tribunal
3142 3134 3234 3188 Dei
3261 3133 3358 3188 ³⁸.»

1787 3222 1980 3290 Aquila
2010 3233 2064 3278 et
2097 3222 2462 3292 Symmachus
2491 3223 2771 3288 dixerunt,
2810 3243 2828 3275 ι
2873 3228 2940 3278 ad
2982 3226 3132 3281 deos.
3175 3245 3194 3279 ι
3224 3227 3362 3282 Deos

1791 3324 1995 3378 autem,
2033 3313 2246 3382 judices
2283 3313 2580 3383 appellant,
2623 3330 2686 3368 ac
2731 3313 2822 3370 Dei
2863 3316 3128 3382 judicium
3173 3332 3362 3372 eorum

1790 3405 2140 3460 sententiam.

1867 3495 2120 3548 «Tribus
2174 3493 2506 3564 temporibus
2548 3494 2675 3548 anni
2734 3494 2930 3550 festum
2986 3495 3158 3565 agetis
3210 3493 3362 3550 mihi.

1793 3585 2202 3640 Solemnitate‘m
2237 3603 2554 3656 azymorum
2591 3588 2880 3640 custodite.
2922 3585 3140 3655 Septem
3173 3587 3366 3640 diebus

1791 3679 1962 3734 edctis
2017 3694 2232 3749 azyma,
2288 3681 2429 3734 sicut
2477 3679 2706 3748 prmcepi
2756 3678 2848 3732 tibi
2886 3689 3130 3746 tempore
3166 3679 3366 3732 mensis

1793 3786 2077 3824 novorum.
2115 3771 2170 3823 ln
2227 3771 2341 3840 ipso
2384 3771 2528 3822 enim
2581 3785 2837 3840 egressus
2887 3786 2946 3824 es
2994 3770 3059 3823 de
3104 3769 3366 3840 Algypto.

1793 3859 1906 3914 Non
1943 3861 2229 3931 apparebis
2265 3862 2316 3914 in
2353 3872 2648 3928 conspectu
2684 3877 2802 3915 meo
2829 3877 3058 3923 vacuus,
3087 3869 3140 3913 et
3167 3861 3368 3914 solem-

1793 3952 2016 4005 nitatem
2080 3950 2273 4006 messis
2327 3953 2622 4018 primarum
2671 3953 2880 4020 frugum
2929 3949 3096 4004 facies
3143 3965 3368 4020 Operum

1796 4056 2008 4099 tuorum
2047 4045 2110 4098 ’9.
2155 4065 2172 4098 ι
2207 4045 2298 4100 Dei
2352 4047 2537 4114 itaque
2578 4047 2948 4102 solemnitate:
2988 4047 3054 4101 iis
3096 4045 3370 4115 spiritales

1793 4146 1944 4200 sum,
1981 4138 2174 4205 quibus
2225 4138 2445 4206 spiritus
2481 4146 2581 4202 est,
2623 4153 2722 4190 nec
2749 4137 2888 4190 ullus
2927 4147 3182 4192 terrenus
3212 4137 3371 4208 spiri-

93 4237 272 4307 ἑορτὰς
303 4235 741 4308 πνευματικῶς.
793 4254 811 4286 ι
848 4235 943 4298 Τίς
969 4233 1078 4305 γὰρ
1117 4235 1400 4303 συμφωνία
1429 4234 1688 4286 δικαιοσύ-

1801 4227 1976 4282 taliter
2007 4225 2142 4280 festa
2183 4228 2414 4295 peragit.
2450 4245 2468 4278 ι
2506 4226 2635 4292 Quae
2661 4227 2808 4281 enim
2840 4223 3371 4296 concordiajustitite

91 4341 177 4394 γης
208 4327 300 4380 καὶ
323 4327 588 4397 ἀνομίας
610 4343 658 4391 ;ι
698 4325 784 4378 ἵνα
820 4323 893 4395 μὴ
919 4323 988 4377 τὰ
1011 4323 1136 4394 ἑξῆς
1168 4323 1332 4392 λέγω.
1369 4325 1440 4376 Oti
1473 4324 1694 4379 δύναται

89 4418 260 4487 χοῖκδς
317 4420 608 4490 ἑορτάσαι
651 4416 843 4487 ἑορτὰς
890 4416 1286 4486 πνευματικὰς,
1345 4415 1530 4488 ὥσπερ
1576 4418 1696 4472 οὐδὲ

91 4514 464 4583 πνευματικὸς
519 4511 722 4582 ἑορτὴν
778 4511 990 4581 χοῖκήν.
1038 4509 1150 4564 Καὶ
1193 4511 1319 4578 μετ’
1378 4510 1574 4578 ὀλίγα.
1629 4509 1695 4561 Τί

89 4607 224 4658 ἐστιν
255 4609 286 4660 ὁ
323 4607 442 4678 μὴν
485 4605 610 4659 τῶν
645 4604 816 4668 νέωνς
851 4605 978 4666 τοὺς
1010 4603 1302 4673 αἰσθητοὺς
1336 4603 1530 4671 φήσεις
1559 4620 1696 4674 καρσ-

89 4697 230 4761 πούς·
259 4698 428 4752 οὔπω
461 4697 770 4766 ἐνέστηκεν
799 4695 826 4746 ὁ
869 4696 972 4766 μὴν
999 4693 1106 4747 τῶν
1144 4694 1298 4761 νέων,
1323 4693 1416 4746 τοῦ
1449 4693 1692 4746 ἐνιαυτοῦ

88 4790 208 4860 φέρε
243 4793 432 4844 εἰπεῖν
470 4789 828 4860 ὀψιμωτέρου
873 4787 1043 4850 ὄντος.
1099 4787 1172 4839 Τὸ
1213 4787 1290 4848 δὲ,
1343 4785 1435 4838 ἑὰν
1475 4785 1696 4855 γένηταί

87 4897 204 4935 ποτε
227 4883 524 4944 ἐνιαυτὸς,
567 4879 710 4934 ὥστε
746 4879 882 4950 μηδὲ
917 4879 1101 4948 φέρειν
1137 4876 1234 4947 τὴν
1267 4877 1369 4948 γῆν
1402 4877 1526 4940 τοὺς
1573 4894 1700 4948 καρ-

85 4977 230 5038 ποὺς,
267 4971 390 5047 ἆρα.
417 4971 722 5042 δυνάμεθα
751 4969 1028 5041 ἑορτάζειν
1065 4971 1123 5021 ὲν
1149 4967 1228 5038 τῷ
1254 4970 1384 5038 μηνὶ
1405 4967 1510 5020 τῶν
1539 4968 1694 5033 νέων,

83 5065 152 5128 ὡς
179 5066 540 5120 κεκέλευκεν
574 5065 604 5115 ὁ
657 5062 788 5126 Θεὸς
828 5061 1104 5133 ἑορτάζειν
1137 5061 1262 5124 τοὺς
1309 5059 1695 5130 ἑορτάζοντας;

81 5159 284 5212 Οὔκοῦν
307 5160 400 5212 δεῖ
433 5156 581 5211 κατ’
604 5155 846 5208 ἐνιαυτὸν
872 5154 970 5226 τὴν
987 5152 1176 5224 ἑορτὴν
1209 5151 1502 5222 ἑορτάζειν.
1536 5151 1700 5203 Ἐπα-

83 5251 228 5322 empti:
273 5252 336 5304 δὲ
386 5249 580 5304 πάλιν
615 5247 710 5300 καὶ
759 5247 887 5318 περὶ
932 5244 1025 5298 τοῦ
1077 5244 1330 5314 δευτέρου
1376 5243 1564 5314 νόμου,
1606 5241 1698 5295 τοῦ

79 5347 212 5399 κατὰ
247 5345 358 5417 τὴν
407 5341 632 5416 ἑορτὴν
659 5339 759 5411 τὴν
790 5337 1066 5409 δευτέραν.
1099 5338 1236 5408 Φησὶ
1287 5336 1398 5406 γὰρ
1439 5354 1456 5386 ι
1507 5334 1700 5406 ἑορτὴν

81 5437 166 5490 τοῦ
199 5435 490 5510 θερισμοῦ
527 5431 646 5487 τῶν
675 5427 1408 5502 πρωτογεννημάτωνΛῘΕάν
1431 5444 1514 5491 τις
1547 5426 1700 5479 σπεί-

81 5545 166 5600 ρῃ,
197 5533 298 5583 καὶ
339 5529 426 5600 μὴ
457 5525 748 5596 γένωνται
775 5523 823 5575 οἱ
848 5520 1049 5591 καρποὶ
1082 5518 1306 5590 πρῶτοι,
1340 5518 1478 5571 ἀλλὰ
1509 5516 1696 5570 τελευ-

141 5717 184 5744 ³²
205 5713 366 5768 Psal.
387 5727 480 5776 Vl,
505 5711 578 5765 2.
635 5707 680 5737 ³³
700 5701 1085 5776 Exod.1tttt._i_.
1234 5700 1526 5776 ἥκοιμι-ξ.
1545 5701 1632 5776 --5.

83 5782 122 5816 ⁸⁸
153 5784 318 5850 ibid.,
351 5785 412 5840 6.
465 5773 473 5776 ’
509 5779 566 5812 ³⁸
609 5779 776 5832 Exod.
802 5789 958 5842 xxiii,
999 5773 1084 5840 Η,
1114 5773 1312 5840 15,16.

1709 5699 1754 5731 ³⁸
1789 5699 1956 5754 Exod.
2015 5711 2126 5764 xix,
2178 5694 2262 5750 10.

1388 5771 1435 5806 ⁸ο
1461 5771 1502 5825 ιι
1537 5771 1656 5826 Cor.
1695 5785 1769 5839 VI,
1803 5771 1887 5824 t4.

1796 4329 1849 4374 et
1875 4319 2180 4387 iniquitatis
2213 4315 2299 4368 ‘°?
2335 4337 2352 4369 ι
2407 4335 2472 4372 ne
2503 4335 2623 4388 quae
2657 4319 2910 4387 deinceps
2953 4329 3254 4388 sequuntur
3287 4322 3371 4374 di-

1797 4427 1934 4464 cam.
1967 4410 2082 4464 Non
2113 4419 2286 4480 potest
2321 4419 2570 4464 terrenus
2605 4410 2740 4464 festa
2773 4410 3040 4480 spiritalia
3071 4411 3367 4478 celebrare,

1795 4501 1868 4553 uti
1903 4515 2077 4568 neque
2115 4499 2380 4568 spiritalis
2431 4497 2566 4553 festa
2617 4511 2854 4552 terrena.
2899 4499 2964 4551 Et
3007 4509 3121 4568 post
3165 4515 3356 4569 pauca.

1794 4591 1931 4658 Quid
1967 4603 2048 4646 est
2081 4591 2242 4659 128
2269 4591 2468 4645 mensis
2493 4591 2796 4644 novorum?
2835 4592 3083 4654 Fructus,
3131 4591 3369 4659 inquies,

1793 4684 2038 4740 scnsiles.
2089 4683 2342 4736 Nondum
2398 4683 2618 4736 advenit
2675 4683 2880 4736 mensis
2921 4699 3205 4751 novorum,
3247 4699 3370 4738 cum

1793 4775 2028 4846 exempli
2063 4789 2226 4828 causa
2261 4788 2437 4826 annus
2471 4775 2678 4827 tardior
2706 4783 2808 4828 est.
2851 4773 3003 4839 Quod
3035 4775 3077 4828 si
3105 4773 3369 4844 ejusmodi

1795 4868 2084 4938 aliquando
2114 4865 2394 4935 contingat
2421 4879 2614 4932 annus,
2653 4875 2708 4920 ιιι
2751 4866 2926 4920 nullos
2967 4877 3109 4920 terra
3151 4867 3366 4921 fructus

1795 4957 1956 5022 ferat,
1983 4973 2112 5012 num
2149 4971 2438 5027 possumus
2486 4957 2539 5010 in
2585 4973 2771 5010 tuense
2802 4973 3064 5010 novorum
3115 4958 3254 5011 diem
3295 4957 3374 5010 fe-

1797 5059 1939 5103 stum
1979 5063 2162 5116 agere,
2228 5049 2369 5102 sicut
2419 5050 2678 5118 praecepit
2721 5049 2899 5102 Deus?
2953 5063 3082 5119 ergo
3140 5050 3371 5120 singulis

1800 5141 1958 5194 annis
1992 5139 2188 5194 festum
2219 5141 2620 5210 percolendum.
2665 5141 2825 5194 Subit
2879 5157 3067 5196 rursus
3106 5140 3268 5195 etiam
3303 5143 3371 5197 de

1797 5233 2030 5288 secunda
2063 5235 2201 5304 lege,
2239 5245 2358 5302 quae
2393 5233 2686 5288 secundam
2715 5233 3092 5288 celebritatem
3129 5245 3367 5304 spectat,

1797 5327 2079 5382 dubitatio.
2121 5326 2208 5378 Ait
2241 5325 2386 5378 enim
2419 5340 2431 5375 ι
2475 5341 2494 5374 ι
2534 5323 2922 5378 Celebritatetn
2955 5325 3150 5379 messis
3177 5325 3375 5391 prima-

1799 5435 1914 5474 rum
1945 5417 2178 5488 frugum.
2213 5435 2230 5468 ι
2263 5415 2318 5469 Si
2366 5414 2487 5484 quis
2539 5415 2792 5478 seminat,
2823 5430 2926 5470 nec
2975 5415 3159 5485 primae
3194 5413 3373 5483 fruges

1799 5508 2145 5580 proveniant,
2195 5505 2286 5560 sed
2326 5505 2658 5573 novissimae,
2700 5508 2744 5560 is
2786 5505 3000 5560 initium
3041 5505 3232 5560 messis
3261 5505 3376 5576 pri-

2344 5694 2388 5726 “
2413 5693 2567 5749 Deut.
2599 5706 2727 5758 xxx,
2757 5689 2840 5744 t9.
2919 5685 3132 5742 "Exod.
3169 5699 3281 5754 xxi,
