3902 6522
650 332 760 391 295

2077 331 2165 388 tax
2206 331 2505 389 ORIGENE
3727 352 3795 408 ,εδ

655 464 868 504 marum
893 446 1105 520 frugum
1135 446 1413 505 celebrare
1438 463 1543 502 non
1573 448 1798 518 poterit.
1826 447 2053 504 Necesse
2080 452 2204 504 enin

2326 453 2486 515 ταῖοι,
2519 443 2672 514 οὗτος
2701 448 2800 504 οὐκ
2845 451 2912 504 ἂν
2937 448 3153 505 δύναιτο
3189 452 3438 524 ἑορτάσαι
3471 452 3558 528 τὴν
3580 459 3716 534 ἀρχὴν
3735 472 3793 524 τω

654 552 736 598 est
770 543 968 595 habere
1003 550 1055 593 te
1089 538 1293 611 fruges,
1325 550 1385 596 ut
1420 542 1618 596 festum
1660 557 1821 612 agere
1855 543 2054 612 possis.
2083 542 2222 608 Quid

657 649 809 696 vero,
837 633 878 686 si
909 647 1097 702 agrum
1149 647 1252 686 non
1308 632 1502 699 habeo,
1559 637 1830 700 quomodo
1873 633 2066 688 festum
2121 635 2224 689 hoc

656 738 814 794 agere
841 731 1050 792 potero,
1085 737 1204 776 cum
1237 723 1519 792 Scriptura
1553 725 1694 779 dicat
1726 741 1739 776 :
1773 743 1790 775 ι
1816 724 1882 777 Et
1913 723 2224 778 solemnita-

653 829 759 876 tem
813 821 1008 875 messis
1057 820 1358 890 primarum
1397 821 1613 891 frugum
1639 822 1805 876 facies
1845 837 2070 890 operum
2101 831 2224 877 tuo-

650 928 792 981 rum,
819 929 1161 984 quaecunque
1212 913 1570 968 seminaveris
1613 914 1664 968 in
1701 931 1829 986 agro
1854 916 1986 970 tuo?
2031 934 2050 967 ι
2107 915 2220 969 Non

649 1005 938 1070 seminari,
979 1005 1314 1060 architectus
1365 1021 1506 1060 sum.
1555 1005 1670 1060 Non
1721 1009 2010 1073 seminavi,
2047 1018 2224 1064 textor

647 1114 803 1162 sum;
842 1114 1034 1167 agrum
1079 1114 1182 1151 non
1217 1097 1410 1160 habeo,
1443 1101 1711 1167 quomodo
1747 1115 1966 1169 possunt
1993 1101 2220 1156 alterum

647 1189 846 1241 festum
899 1188 1098 1258 agere?
1155 1190 1298 1256 quod
1363 1187 1491 1243 item
1557 1199 1766 1257 spectat
1825 1192 1892 1244 ad
1954 1193 2218 1246 tertium:

651 1301 670 1333 ι
711 1282 772 1336 Ει
799 1281 1190 1336 solemnitatem
1220 1285 1712 1340 consummationis
1739 1287 1789 1340 in
1817 1287 1964 1340 exitu
2002 1286 2153 1343 anni.
2195 1305 2214 1337 ι

719 1465 786 1519 Et
810 1476 926 1535 post
953 1467 1086 1522 alia.
1143 1466 1283 1533 Quid
1316 1467 1419 1522 sibi
1458 1467 1572 1521 vult
1619 1467 1900 1539 Scriptura
1928 1484 2049 1524 cum
2079 1469 2220 1526 cele-

647 1561 808 1615 brare
836 1577 936 1615 nos
965 1561 1117 1630 jubet
1151 1562 1345 1615 festum
1390 1551 1703 1632 azymorum
1743 1561 1794 1616 in
1825 1577 2010 1617 mense
2049 1579 2219 1618 novo-

649 1657 805 1710 rum?
848 1655 1068 1724 Depone
1096 1666 1332 1709 veterem
1361 1656 1634 1708 hominem
1665 1670 1789 1708 cum
1821 1656 2030 1709 actibus
2067 1657 2217 1710 suis:

647 1757 700 1800 et
730 1755 785 1798 ut
820 1746 870 1798 in
902 1760 1089 1798 mense
1128 1759 1386 1798 novorum
1434 1743 1834 1797 solemnitatem
1869 1744 2132 1810 celebres,
2165 1755 2218 1798 tu

647 1850 861 1903 quoque
889 1849 1060 1887 novus
1086 1833 1316 1898 cilicere,
1353 1840 1410 1884 ut
1441 1833 1646 1887 mensis
1679 1834 2014 1889 celebritatis
2046 1850 2218 1890 novo-

647 1942 791 1989 rum,
819 1936 938 1980 tuus
966 1927 1168 1980 mensis
1200 1926 1312 1979 ﬁat.
1342 1925 1610 1980 Novornm
1641 1927 1808 1990 enim,
1839 1942 1945 1982 non
1976 1938 2218 1982 veterum

646 2019 851 2072 mensis
880 2028 963 2072 est
991 2019 1111 2074 iste.
1145 2020 1258 2083 Qua
1293 2034 1422 2084 ergo
1457 2019 1668 2073 ratione
1698 2034 1895 2074 novum
1927 2035 2140 2090 quoque
2166 2033 2220 2078 te

646 2108 768 2163 ﬁeri
812 2110 1122 2178 Oportebit?
1151 2109 1284 2163 Cum
1313 2110 1719 2164 solemnitatum
1757 2115 1996 2166 rationes
2027 2113 2216 2180 explo-

645 2211 794 2254 ratas
827 2202 1051 2255 haberet
1086 2201 1363 2268 apostolus
1399 2199 1617 2265 Paulus,
1664 2201 1732 2257 de
1787 2201 1924 2256 festo
1956 2218 2217 2258 novorum

639 2293 718 2346 ait
739 2293 782 2323 δι
817 2309 870 2344 ιι
909 2291 1279 2362 Exspoliantes
1309 2308 1404 2347 vos
1428 2303 1662 2346 veterem
1690 2295 1959 2348 hominem
1977 2309 2098 2349 cum
2129 2310 2220 2350 ac~

641 2385 788 2438 tibus
819 2384 954 2449 suis,
997 2394 1054 2438 et
1085 2385 1372 2438 induentes
1408 2399 1608 2438 novum
1637 2400 1761 2439 eum
1801 2387 1896 2454 qui
1926 2396 2218 2440 renovatur

642 2477 696 2530 in
725 2477 1080 2545 agnitionem,
1111 2477 1408 2530 secundum
1443 2476 1730 2548 imaginem
1769 2479 1907 2548 ejus,
1941 2481 2030 2548 qui
2059 2494 2214 2535 ert-a-

638 2571 740 2621 vit.
779 2586 796 2620 ι
827 2567 894 2620 Ut
924 2568 1088 2638 igitur
1124 2567 1316 2623 festum
1349 2585 1475 2638 agas
1500 2569 1554 2622 in
1589 2585 1773 2625 mense
1803 2585 2084 2634 novorum,
2123 2585 2218 2624 nc-

641 2675 794 2716 cesse
822 2670 906 2715 est
936 2672 993 2716 ut
1029 2676 1200 2715 novus
1227 2663 1345 2726 tias,
1379 2671 1431 2716 et
1459 2677 1676 2716 omnem
1709 2663 1956 2731 deponas
1980 2674 2216 2717 vetusta—

640 2759 771 2806 tem.
803 2752 1004 2807 Deinde
1029 2769 1189 2822 quam
1226 2753 1454 2823 primam
1488 2755 1606 2821 agis
1636 2753 2078 2807 solemnitatem?
2109 2755 2214 2808 So-

639 2842 975 2898 lemnitatem
1019 2860 1212 2914 nempe
1262 2859 1606 2914 azymorum,
1643 2846 1876 2898 docente
1911 2845 2213 2915 Apostolo:

641 2953 664 2988 ι
705 2935 910 2990 Pascha
941 2937 1108 2998 enim,
1137 2938 1399 3008 inquit",
1435 2947 1678 2992 nostrum
1702 2953 1798 3007 pro
1831 2937 1986 2992 nobis
2021 2938 2215 2992 immo-

638 3025 784 3084 latus
814 3038 894 3083 est
926 3027 1195 3084 Christus.
1233 3030 1419 3098 Itaque
1459 3028 1655 3084 festum
1708 3044 1957 3098 agamus,
2001 3045 2109 3083 non
2158 3033 2212 3084 in

637 3117 910 3174 fet-mento
938 3122 1130 3186 veteri,
1161 3135 1335 3190 neque
1381 3122 1433 3176 in
1482 3121 1752 3176 lermento
1778 3121 2000 3176 malitia
2035 3130 2090 3175 et
2117 3135 2211 3175 ne—

637 3213 845 3282 quitiae,
883 3215 976 3269 sed
1015 3212 1068 3268 in
1099 3215 1304 3284 azymis
1333 3214 1666 3269 sinceritatis
1687 3223 1740 3270 et
1766 3213 2033 3269 veritatis.
2071 3231 2091 3265 ι
2120 3213 2211 3269 Si-

637 3305 752 3358 mul
784 3313 964 3359 autem
995 3305 1185 3372 collige
1218 3305 1361 3374 leges
1384 3305 1451 3359 de
1473 3305 1701 3376 azymis,
1727 3321 1789 3360 ac
1814 3305 2024 3361 videbis
2049 3320 2209 3375 quam

635 3399 750 3453 sint
784 3413 814 3452 a
846 3399 1058 3455 ratione
1093 3399 1253 3454 alieni
1300 3400 1389 3467 qui
1419 3402 1484 3455 ad
1519 3400 1820 3468 spiritalem
1859 3401 2056 3457 littera:
2088 3416 2211 3457 sen-

633 3505 754 3548 sum
784 3506 888 3546 non
925 3491 1230 3560 attendunt,
1261 3493 1356 3548 sed
1385 3494 1655 3564 spiritalia
1690 3505 1947 3564 tanquam
1997 3493 2207 3549 inutilia

633 3593 924 3654 spernunt.

703 3691 726 3726 ι
759 3674 872 3728 Non
914 3675 1202 3746 apparebis
1248 3676 1302 3729 ir:
1353 3687 1650 3746 conspectu
1697 3690 1817 3733 meo
1844 3691 2054 3733 vacuus
2080 3677 2146 3732 ⁵³.
2183 3696 2202 3729 ι

630 3767 783 3822 Scito
812 3784 1022 3822 omnem
1049 3768 1322 3823 hominem
1351 3779 1441 3822 ant
1469 3785 1698 3824 vacuum
1719 3781 1812 3824 aut
1831 3770 2044 3841 plenum
2063 3785 2206 3826 esse.

631 3857 689 3913 Si
722 3860 866 3912 enim
902 3875 1010 3913 non
1064 3861 1228 3915 habet
1267 3861 1530 3927 Spiritum
1577 3870 1850 3926 sanctum,
1901 3878 2009 3916 non
2046 3865 2210 3919 habet

629 3952 911 4007 Creatoris
937 3953 1208 4017 notitiam,
1237 3970 1344 4008 nun
1374 3955 1582 4023 recepit
1618 3957 1788 4009 vitam
1822 3953 2007 4010 Jesum
2042 3955 2204 4012 Chri-

572 4065 579 4072 ·
629 4057 809 4110 stum;
845 4046 888 4098 si
922 4060 1026 4098 non
1057 4047 1202 4098 novit
1226 4045 1440 4101 Patrem
1472 4048 1563 4116 qui
1592 4047 1645 4100 in
1677 4047 1831 4101 caelis
1862 4056 1968 4112 est,
2009 4049 2054 4104 si
2097 4064 2202 4104 non

630 4137 764 4190 vivit
802 4151 870 4190 ex
917 4137 1150 4204 ratione,
1199 4136 1266 4190 ad
1311 4137 1448 4207 legis
1486 4137 1728 4194 celestis
1776 4155 2046 4207 normam,
2092 4155 2202 4196 non

629 4227 829 4291 sobrie,
871 4243 978 4282 non
1005 4225 1148 4294 juste
1174 4227 1322 4297 agit;
1358 4241 1558 4280 vacuus
1580 4236 1665 4283 est
1694 4229 1784 4297 qui
1809 4228 2070 4296 ejusmodi
2095 4237 2200 4286 est.

627 4321 729 4390 Qui
763 4331 942 4376 autent
973 4319 1134 4391 129
1162 4320 1311 4389 capit
1354 4319 1520 4373 Deum
1549 4321 1641 4391 qui
1676 4322 1812 4376 dixit
1850 4322 1965 4356 “M
2003 4339 2017 4374 :
2049 4340 2068 4375 ι
2105 4319 2198 4378 lu-

626 4414 886 4470 habitabo
917 4414 968 4468 in
997 4416 1098 4477 eis,
1125 4423 1180 4468 et
1227 4411 1602 4479 inambulabo,
1640 4423 1696 4470 et
1726 4429 1823 4470 ero
1857 4415 1938 4471 eis
1966 4415 2127 4480 Deus,
2173 4433 2193 4468 ι

626 4508 672 4561 is
700 4523 804 4562 non
838 4522 1065 4569 vacuus,
1095 4505 1188 4561 sed
1228 4505 1422 4576 plenus
1463 4517 1568 4561 est.

697 4614 720 4650 ι
749 4597 1286 4668 Tribustemporibus
1309 4599 1432 4653 anni
1465 4599 1748 4670 apparebit
1773 4615 1935 4656 omne
1975 4616 2195 4658 mascu-

627 4691 792 4748 linum
825 4701 972 4748 tuum
1021 4709 1204 4748 coram
1260 4692 1487 4746 Domino
1537 4692 1644 4747 Deo
1699 4703 1790 4748 tuo
1828 4693 1896 4748 “.
1941 4712 1960 4746 ι
2010 4695 2194 4748 Dicam

625 4786 752 4857 quid
787 4785 888 4840 sibi
924 4785 1073 4839 locus
1105 4784 1205 4838 iste
1238 4785 1386 4840 velit.
1437 4785 1590 4851 Quod
1628 4785 1862 4852 agimus,
1904 4795 1997 4838 aut
2032 4783 2197 4838 ferui-

626 4895 714 4944 na,
742 4887 837 4933 aut
863 4892 980 4934 mas
1007 4889 1112 4936 est.
1141 4878 1196 4932 Si
1232 4876 1520 4932 femineum
1547 4887 1630 4931 est
1655 4877 1798 4945 quod
1837 4877 2069 4945 agimus,
2102 4884 2194 4928 aut

624 4985 941 5040 corporeum
990 4978 1074 5025 est
1126 4979 1211 5022 aut
1265 4968 1505 5024 carnale.
1559 4969 1899 5022 Seminantcs
1939 4969 2084 5022 enim
2137 4968 2190 5022 in

622 5077 806 5128 carne,
843 5078 949 5118 non
977 5076 1181 5116 marem
1216 5063 1310 5117 sed
1342 5061 1598 5116 feminam
1634 5061 1848 5115 edimus
1889 5061 2081 5114 animae
2115 5060 2195 5114 le-

625 5166 757 5219 tum,
794 5169 986 5224 nempe
1025 5167 1302 5218 enervem,
1333 5152 1655 5222 mollemque
1684 5167 1747 5206 ac
1785 5156 2007 5207 materia
2036 5165 2192 5207 cras-

619 5263 761 5304 sum.
795 5243 852 5301 Si
878 5259 1007 5301 vero
1028 5254 1230 5299 :cterna
1253 5252 1553 5312 spectantes
1575 5252 1628 5298 et
1651 5243 1716 5298 ad
1761 5243 1982 5297 meliora
2015 5251 2195 5298 atten-

621 5355 732 5396 tum
786 5340 1052 5396 habentes
1095 5337 1356 5403 animum,
1411 5335 1623 5391 fructus
1685 5337 1908 5406 spiritus
1952 5339 2189 5405 edimus,

615 5448 804 5490 omnes
841 5430 984 5486 fetus
1010 5429 1178 5484 nostri
1215 5443 1391 5482 mares
1413 5436 1558 5484 sunt.
1591 5428 1720 5494 Qua:
1750 5429 1912 5498 igitur
1953 5428 2190 5484 oﬂerun-

617 5535 706 5580 tur
750 5525 804 5579 in
850 5531 1143 5592 conspectu
1169 5519 1287 5588 Dei,
1325 5535 1548 5591 qumque
1584 5520 1862 5575 Creatoris
1905 5520 2078 5576 oculis
2106 5537 2194 5590 ap-

690 5707 727 5738 “
767 5709 982 5764 Coloss.
1035 5727 1116 5764 ιιι.
1160 5712 1213 5770 ς),
1269 5711 1351 5764 l0.

615 5780 658 5808 “
699 5779 862 5835 Exod.
908 5797 1058 5848 χχιιι,
1109 5783 1188 5836 17.

2233 4500 2277 4555 Ῐ)
2306 4513 2414 4575 νὸς,
2452 4509 2605 4563 ἀλλὰο
2629 4508 2862 4579 πλήμης.

1465 5710 1505 5739 δ’
1537 5709 1698 5764 lCor.
1754 5724 1803 5774 γ,
1836 5710 1886 5763 8.
1997 5707 2045 5740 "
2078 5706 2252 5763 Exod.
2304 5723 2462 5773 xxut,
2503 5708 2590 5764 l5.
2699 5709 2820 5742 “-"
2863 5709 3036 5766 Levit.
3079 5725 3227 5776 xxvi,
3272 5708 3374 5775 12;
3413 5708 3451 5762 ll
3499 5707 3610 5761 Cur.
3643 5693 3740 5756 vt.‘

2322 543 2582 614 θερισμοῦ
2625 541 2734 594 τῶν
2789 544 3459 615 πρωτογεννημάτων.Δεῖ
3490 548 3583 620 γὰρ
3620 551 3730 622 ἔχειν
3757 577 3792 613 σε

2322 632 2652 702 γεννήματα,
2669 633 2758 686 ἵνα
2792 633 3023 704 δυνηθῇς
3057 634 3355 705 ἑορτάζειν.
3397 638 3457 690 Τί
3483 640 3552 704 δὲ,
3581 644 3635 698 ἂν
3671 649 3793 721 χώραν

2424 721 2550 790 ἔχω,
2574 721 2690 786 πῶς
2716 724 2781 776 ἂν
2809 723 3075 796 δυναίμην
3112 727 3210 798 τὴν
3241 729 3430 802 ἑορτὴν
3459 735 3634 806 ταύτην
3668 741 3796 811 ἑορτά.

2323 808 2457 874 ζειν,
2499 812 2598 881 τῆς
2638 812 2834 878 λέξεως
2867 813 3157 885 λεγούσης,
3204 835 3223 867 ι
3264 818 3372 870 Καὶ
3410 821 3582 893 ἑορτὴν
3609 808 3792 899 θερισμιῡ

2323 903 2428 954 τῶν
2462 905 2999 976 πρωτογεννημάτων
3016 909 3264 980 ποιήσεις
3311 909 3415 962 τῶν
3461 912 3613 982 ἔργων
3641 936 3726 982 σου,
3748 918 3793 978 ὧν

2325 995 2418 1047 ἑὰν
2453 996 2684 1070 σπείρης
2719 998 2777 1050 ἑν
2806 997 2884 1068 τῷ
2921 999 3079 1070 ἀγρῷ
3111 1018 3202 1055 σου
3229 1019 3244 1063 ;
3280 1023 3299 1054 ›
3330 1004 3430 1056 οῦκ
3469 1005 3677 1080 ἔσπειρα,
3705 1016 3795 1070 οἰκο-

2321 1087 2480 1159 δόμος
2510 1090 2655 1160 είμί·
2685 1091 2784 1144 οὐκ
2837 1092 3085 1166 ἔσπειρα,
3120 1093 3363 1166 ὑφάντης
3405 1099 3537 1167 εἰμί·
3569 1101 3701 1173 ἀγρὸν
3732 1109 3793 1162 olm

2323 1179 2450 1249 ἔχω,
2490 1181 2604 1245 πῶς
2647 1182 2880 1254 δύναμαι
2907 1185 3008 1256 τὴν
3043 1185 3301 1258 δευτέραν
3344 1188 3597 1258 ἑορτάζειν
3634 1194 3789 1264 ἑορτήνς

2324 1271 2430 1322 Καὶ
2480 1271 2543 1342 δὴ
2573 1274 2666 1326 καὶ
2713 1276 2840 1346 περὶ
2891 1275 2987 1346 τὴν
3020 1276 3232 1348 τρίτην,
3265 1297 3283 1330 ι
3332 1279 3442 1332 Καὶ
3477 1281 3641 1353 ἑορτὴν
3672 1302 3792 1340 sam-

2321 1362 2471 1426 λείας
2505 1364 2590 1416 ἐπ’
2629 1365 2791 1434 ἐξόδῳ
2819 1366 2912 1420 τοῦ
2939 1368 3205 1424 ἐνιαυτοῦ.
3240 1388 3258 1420 ι

2396 1455 2506 1510 Καὶ
2532 1458 2661 1525 μεθ’
2695 1456 2885 1525 ἔτερα.
2928 1459 2992 1511 Τί
3025 1459 3269 1530 βούλεται
3307 1460 3460 1530 λόγος
3483 1464 3596 1534 ἡμῖν
3625 1465 3791 1533 λέγεινὸ

2323 1549 2560 1603 κελεύων
2593 1552 2741 1620 ἡμᾶς
2764 1550 3040 1622 ἑορτάζειν
3074 1555 3172 1624 τὴν
3214 1555 3408 1626 ἑορτὴν
3432 1556 3531 1608 τῶν
3558 1557 3728 1629 ἀζύμων
3745 1566 3788 1632 τις,

2325 1643 2456 1711 μηνὶ
2484 1642 2590 1695 τῶν
2618 1643 2788 1707 νέων;
2836 1643 3060 1697 Ἀπόθου
3101 1645 3194 1698 τὸν
3227 1647 3450 1702 παλαιὸν
3480 1648 3707 1720 ἄνθρωπον
3732 1657 3787 1706 τὴν

2323 1737 2440 1796 ταῖς
2463 1733 2722 1805 πράξεσιν
2757 1736 2942 1789 αὑτοῦ.
2973 1738 3082 1790 Καὶ
3112 1737 3198 1790 ἴνα
3228 1755 3290 1807 γε
3321 1740 3543 1811 ποιήσῃς
3567 1743 3645 1812 τὴν
3666 1743 3787 1812 ἑορτὴν

2322 1828 2379 1878 ὲν
2407 1825 2482 1894 τῷ
2513 1828 2645 1897 μηνὶ
2664 1826 2772 1880 τῶν
2809 1827 2963 1892 νέων,
2987 1830 3084 1882 καί
3118 1831 3182 1883 σὺ
3206 1831 3325 1893 νέος
3350 1830 3522 1898 γενοῦ,
3545 1832 3617 1884 ίνα
3642 1833 3788 1902 γένηται

2321 1919 2349 1970 ὁ
2375 1917 2479 1987 μὴν
2509 1917 2607 1987 τῆς
2631 1919 2826 1990 ἑορτῆς
2857 1920 2964 1974 τῶν
2994 1922 3150 1984 νέων,
3181 1923 3275 1974 καὶ
3305 1922 3398 1986 σὸς
3429 1923 3544 1994 μήν.
3574 1924 3694 1976 Νέων
3709 1927 3786 1995 γὰρ,

2322 2015 2414 2068 καὶ
2449 2015 2508 2066 ού
2572 2013 2815 2067 παλαιῶν
2853 2014 3000 2065 ἑστιν
3054 2009 3206 2078 οὗτος
3235 2016 3263 2066 ὁ
3304 2016 3432 2085 μήν.
3465 2015 3575 2078 [Ιῶς
3611 2014 3682 2068 οὖν

2323 2121 2404 2157 σει
2435 2106 2552 2157 νέον
2596 2105 2690 2158 καὶ
2738 2103 2797 2156 σὲ
2839 2103 3121 2172 γενέσθαι·
3160 2104 3380 2173 Νοήσας
3418 2104 3511 2168 τὰς
3547 2105 3785 2175 ἑορτὰς,τῄ

2321 2199 2514 2269 ἑορτὴν
2545 2196 2650 2250 τῶν
2681 2197 2815 2249 νέων
2857 2198 2886 2248 ὁ
2917 2194 3211 2259 ἀπόστολος
3229 2194 3439 2257 Παῦλος
3462 2197 3783 2265 meimihi»-

2319 2291 2542 2360 σάμενοι
2576 2288 2666 2343 τὸν
2715 2288 2943 2343 παλαιὸν
2999 2285 3282 2361 ἄνθρωπον
3326 2290 3426 2341 σὺν
3473 2292 3579 2350 ταῖς
3612 2288 3781 2358 mea.

2318 2382 2481 2437 αὐτοῦ
2507 2421 2521 2445 ,
2594 2380 2686 2432 καὶ
2775 2381 3127 2451 ἐνδυσάμενοι
3160 2381 3250 2433 τὸν
3287 2380 3408 2434 νέον
3452 2380 3534 2432 τὸν
3558 2382 3781 2434 ἀνακαινώ-

2321 2494 2478 2546 μενον
2531 2477 2611 2540 εἰς
2655 2476 2948 2545 ἐπίγνωσιν
2994 2476 3115 2529 κατ’
3161 2474 3346 2528 εἰκόνα
3396 2474 3486 2528 τοῦ
3515 2475 3779 2536 κτίσαντος.»

2313 2569 2524 2624 Οὐκοῦν
2571 2569 2658 2623 ἵνα
2701 2569 2916 2640 ἀγάγῃς
2950 2567 3047 2638 τὴν
3081 2567 3274 2638 ἑορτὴν
3323 2569 3383 2619 ἑν
3433 2568 3552 2637 μηνὶ
3579 2567 3663 2620 τῶν
3686 2567 3779 2620 νέων.

2315 2665 2434 2718 νέον
2477 2681 2536 2717 σε
2566 2661 2820 2732 γενέσθαι
2844 2663 2943 2726 δεῖ,
2974 2661 3068 2714 καὶ
3104 2663 3281 2714 πᾶσαν
3313 2661 3600 2714 ἀποθέσθαι
3639 2659 3781 2712 sum.

2316 2772 2471 2826 τητα,
2501 2749 2636 2806 Εἶτα
2665 2753 2821 2807 ποίαν
2853 2755 3046 2826 ἑορτὴν
3073 2753 3294 2826 πρώτην
3319 2752 3508 2821 ἄγειςς
3534 2753 3602 2804 ὅτι
3628 2752 3698 2820 τὴν
3719 2750 3781 2817 ie;-

2313 2848 2412 2918 τὴν
2436 2847 2542 2901 τῶν
2574 2848 2818 2919 ἀζύμων,
2859 2848 3091 2919 μάνθανε
3126 2847 3234 2902 ἀπὸ
3265 2846 3359 2900 τοῦ
3392 2845 3689 2899 Ἀποστόλουο
3709 2865 3720 2894 ι
3743 2846 3780 2894 li

2316 2939 2423 3011 γὰρ
2455 2941 2639 3011 πάσχα
2669 2940 2846 3012 ἡμῶν,
2880 2942 3063 3012 φησιν,
3087 2941 3229 3013 ὑπὲρ
3259 2940 3420 3012 ἡμῶν
3449 2939 3593 3009 ἐτύθη
3614 2937 3776 3007 Χριστός·

2315 3032 2453 3085 ὥστε
2491 3032 2833 3104 ἑορτάζωμεν
2861 3033 2934 3104 μὴ
2961 3035 3016 3085 ὲν
3050 3031 3195 3105 ζύμῃ
3230 3033 3458 3102 παλαιᾷ,
3490 3031 3606 3102 μηδὲ
3627 3031 3670 3082 ὲν
3691 3026 3778 3095 ζύμῃ

2316 3122 2513 3186 κακίας
2542 3125 2636 3177 καὶ
2691 3124 2975 3196 πονηρίας,
3016 3124 3130 3177 ἀλλ’
3159 3127 3217 3176 ἑν
3261 3122 3492 3195 ἀζύμοις
3539 3120 3777 3190 εἰλικρινώς

2316 3217 2409 3268 καὶ
2450 3215 2729 3287 ἀληθείας.
2772 3235 2790 3268 ι
2827 3218 2977 3288 ’Ἅμα
3017 3217 3074 3270 δὲ
3105 3218 3384 3286 συνάγαγε
3427 3216 3496 3270 τὰ
3534 3211 3779 3284 νενομοθετη-

2319 3309 2456 3378 μένα
2489 3309 2616 3381 περὶ
2647 3311 2743 3381 τῆς
2771 3311 2962 3380 ἑορτῆς
2999 3309 3106 3363 τῶν
3133 3309 3381 3380 ἀζύμων,
3423 3310 3514 3362 καὶ
3539 3307 3635 3376 ὄψει
3666 3303 3778 3373 pini

2313 3401 2504 3468 ἄλογον
2554 3400 2664 3454 τῶν
2700 3401 2778 3471 τῷ
2818 3401 2965 3472 ρητῷ
2991 3401 3066 3465 ὡς
3095 3399 3453 3472 πνευματικῷ
3483 3399 3550 3470 μὴ
3583 3393 3778 3468 aperan-

2312 3508 2441 3555 των,
2478 3492 2958 3563 καταφρονούντων
2998 3493 3056 3547 δὲ
3101 3493 3208 3546 τῶν
3259 3489 3625 3562 πνευματικῶν
3736 3482 3776 3552 μὴ

2313 3585 2622 3656 χρησίμων.

2389 3695 2408 3727 ι
2445 3677 2558 3730 Οὐκ
2585 3677 2796 3751 ὀφθήσῃ
2819 3676 3047 3732 ἐνώπιόν
3082 3695 3182 3746 μου
3215 3679 3396 3744 κενός.
3430 3698 3448 3731 ι
3488 3677 3609 3730 ’ῐσθι
3637 3677 3696 3728 ὅτι
3715 3672 3775 3727 =5;

2309 3769 2648 3841 ἄνθρωποςῆ
2683 3772 2836 3834 κενός
2868 3773 3038 3832 ἑστιν,
3064 3772 3097 3842 ἢ
3135 3771 3371 3843 πλήρης.
3417 3773 3477 3826 El
3507 3771 3592 3842 μὲν
3620 3770 3697 3837 γὲρ
3720 3764 3775 3815 ei!

2307 3861 2595 3933 ἑχειᾶγιον
2631 3863 2874 3932 Πνεῦμα,
2905 3863 3004 3915 ούκ
3047 3862 3157 3932 ἔχει
3198 3862 3399 3930 γνῶσιν
3443 3862 3531 3915 τοῦ
3571 3861 3774 3914 arrisum.

2305 3957 2368 4010 οὐ
2392 3956 2725 4028 παρεδέξατο
2755 3955 2900 4027 ζωὴν
2937 3955 3142 4026 Ἰησοῦν
3169 3956 3259 4010 τὸν
3289 3956 3538 4029 Χριστόν·
3571 3955 3611 4006 εἱ
3631 3943 3774 4004 οὒκιῖῐε

2305 4053 2396 4106 τὸν
2420 4053 2640 4123 Πατέρα
2661 4050 2750 4103 τὸν
2784 4052 2840 4102 ὲν
2871 4049 3139 4121 οὐρανοῖς,
3175 4051 3224 4102 εί
3249 4050 3312 4103 οὐ
3356 4049 3463 4120 βιοῖ
3497 4048 3618 4101 κατὰ
3651 4042 3774 4099 rivi-

2303 4161 2419 4214 γον,
2457 4143 2597 4196 κατὰ
2621 4141 2712 4194 τὸν
2752 4141 2916 4212 νόμον
2949 4143 3198 4214 οὐράνιον
3221 4158 3236 4172 ·
3280 4142 3345 4195 οὐ
3385 4141 3644 4211 σωφρονεῖ,
3673 4136 3712 4189 oi
3732 4134 3772 4183 ίι-
3803 4139 3807 4231 l‘

2306 4237 2668 4307 καιοπραγεῖο
2693 4234 2722 4286 ὁ
2751 4233 2992 4297 τοιοῦτος
3022 4233 3178 4296 κενός
3215 4234 3381 4288 ἑστιν.
3409 4234 3472 4286 Ei
3507 4233 3557 4286 δὲ
3584 4227 3803 4307 κεχώρηιελ

2301 4326 2394 4380 τὸν
2407 4328 2631 4379 εἰπόντα
2651 4324 2804 4379 Θεὸνο
2835 4343 2854 4376 ι
2896 4325 3192 4396 Ἐνοικήσω
3218 4327 3274 4378 ἑν
3307 4326 3509 4388 αὐτοῖς,
3526 4323 3606 4376 καὶ
3631 4324 3784 4390 iutilius

2304 4421 2555 4491 πατήσω,
2584 4419 2678 4472 καὶ
2703 4416 2898 4488 ἔσομαι
2928 4417 3112 4482 αὐτοῖς
3132 4416 3282 4482 Θεὸς,
3300 4413 3482 4480 »οὗτος
3507 4417 3595 4468 οὐκ
3619 4414 3700 4466 εστι
3722 4425 3776 4459 κει·

3777 4257 3804 4530 l

3743 4530 3798 4852 ἦ

3729 5171 3784 5297 Ξ]

3715 5297 3780 5625 ,3

2380 4618 2398 4651 ι
2423 4600 2582 4670 Τρεῖς
2609 4600 2830 4670 καιροὺς
2859 4596 2951 4650 τοῦ
2967 4595 3214 4651 ἐνιαυτοῦ
3247 4598 3540 4670 ὀφθήσεται
3574 4596 3658 4648 πᾶν
3680 4591 3780 4670 ἀρεῖ-ι

2299 4692 2449 4746 νικόν
2484 4709 2576 4745 σου
2611 4689 2837 4744 ἐνώπιον
2871 4689 3078 4761 Κυρίου
3107 4690 3197 4744 τοῦ
3227 4689 3364 4743 Θεοῦ
3409 4707 3520 4742 σου.
3557 4683 3732 4738 »Τίέστι

2303 4785 2465 4857 ῥητὸν
2513 4785 2720 4852 εἴποιμι
2755 4782 2838 4836 ἄν.
2881 4785 2946 4836 '0
3004 4783 3334 4854 πράττομεν,
3387 4783 3420 4853 ἦ
3475 4779 3591 4851 θῆλύ

2301 4875 2607 4947 ἀρσενικόν.
2633 4875 2693 4925 Εἰ
2731 4873 2828 4943 μὲν
2873 4869 2964 4926 οῦν
2998 4872 3226 4943 θηλυκόν
3257 4875 3407 4926 ἐστιν
3444 4873 3473 4925 δ
3521 4867 3732 4936 ποιοῦμεν,

2301 4966 2611 5038 σωματικόν
2637 4965 2858 5036 ὲστιν,ἢ
2895 4966 3174 5037 σαρκικόν.
3205 4965 3524 5038 Σπείροντες
3538 4965 3629 5032 γὰρ
3657 4953 3758 5020 εἰς

2298 5061 2500 5132 σάρκα,
2540 5058 2798 5127 ποιοῦμεν
2839 5056 2969 5126 Θῆλυ
3011 5057 3071 5109 τὸ
3103 5058 3344 5128 γέννημα
3400 5059 3500 5126 τῆς
3527 5053 3684 5124 ψυχῆς,
3718 5045 3752 5095 oi

2294 5154 2480 5226 ἄρῥεπν
2515 5152 2628 5205 ἀλλ’
2667 5153 3162 5225 ἐκνενευρισμένον,
3199 5152 3410 5206 ἁπαλόν
3455 5168 3512 5203 τε
3539 5148 3619 5202 καὶ
3645 5144 3728 5196 ida:

2293 5246 2355 5298 Εί
2393 5248 2572 5317 μέντοι
2609 5246 2894 5316 βλέποντες
2927 5247 2993 5300 τά
3032 5245 3240 5308 αἰώνια,
3265 5248 3358 5300 καὶ
3389 5245 3522 5315 πρὸς
3544 5244 3636 5301 τοῖς
3663 5231 3744 5304 κρεὲ

2290 5355 2439 5390 τοσιν
2503 5338 2716 5408 ἔχοντες
2771 5337 2868 5409 τὴν
2923 5337 3179 5401 διάνοιαν,
3241 5334 3667 5408 καρποφοροῦμεν
3703 5319 3750 5373 τά

2293 5431 2540 5502 καρποὺς
2593 5429 2684 5484 τοῦ
2725 5430 3054 5502 πνεύματος,
3088 5431 3183 5483 καὶ
3221 5431 3400 5483 πάντα
3454 5429 3518 5480 τὰ
3553 5422 3714 5492 γεννῆμ

2298 5521 2454 5594 ἡμῶν
2488 5522 2690 5592 ᾰῤῥενά
2731 5524 2864 5576 ἑστι.
2897 5523 2976 5575 Τὰ
3005 5523 3184 5577 τοίνυν
3222 5522 3497 5593 φερόμενα
3521 5516 3702 5571 suam»

3571 4800 3594 4832 υ

3620 4781 3638 4830 ἑ

3644 4792 3687 4828 ετ
3693 4791 3722 4823 ιν

3673 4792 3735 4832 ειν,

3541 4797 3566 4832 Α
