3902 6568
539 305 648 362 999

1993 311 2154 370 01th
2164 312 2318 372 ENIS
3632 346 3702 406 Μ

538 449 631 489 vet
661 434 805 528 enim
845 451 930 490 me
950 435 1014 528 in
1041 434 1143 528 hac
1182 434 1484 528 intentione
1511 443 1567 490 et
1597 435 1753 528 illud,
1797 437 1938 528 quod
1965 436 2131 528 Joan-
2159 443 2205 498 Α
2237 440 2471 507 habere,
2523 447 2616 496 aut
2654 449 2949 512 nequeunt.
2999 443 3246 515 Denique
3302 450 3467 507 statim
3507 455 3550 512 in
3589 462 3703 528 initiis

537 541 639 581 nos
679 526 730 580 in
763 525 1083 596 Apocalypsi
1113 526 1176 579 de
1213 524 1410 594 populo
1439 525 1544 580 hoc
1571 526 1663 594 qui
1696 523 1912 580 Christo
1940 527 2117 581 credi-

538 619 636 684 dit,
663 618 850 673 scribit
880 618 945 672 ".
977 617 1114 672 Dicit
1141 618 1284 670 enim
1307 617 1433 686 quia
1467 632 1535 672 ex
1569 618 1710 672 tribu
1744 617 1932 674 Ruben
1976 618 2116 674 duo-

536 709 710 764 decim
747 709 935 776 millia,
959 724 1026 764 ex
1064 709 1203 764 tribu
1252 708 1472 764 Simeon
1505 709 1789 764 duodecim
1820 711 2010 773 millia,
2043 710 2116 765 si-

532 802 962 882 militer.autem
1012 811 1065 856 et
1116 817 1183 856 ex
1235 801 1464 872 singulis
1517 802 1822 871 quibusque
1867 804 2114 861 tribubus

530 896 777 952 duodena
812 896 1001 963 millia,
1024 912 1158 966 quos
1185 897 1344 952 simul
1368 894 1557 951 omnes
1584 896 1717 950 dicit
1749 910 1870 951 esse
1896 907 2110 952 centum

529 990 894 1060 quadraginta
950 999 1185 1060 quatuor
1227 990 1418 1056 millia,
1442 991 1533 1060 qui
1565 1005 1624 1045 se
1647 1005 1768 1046 cum
1797 990 2112 1045 mulieribus

529 1097 635 1137 non
654 1083 1145 1152 coinquinaverint,
1165 1085 1256 1138 sed
1271 1083 1507 1148 virgines
1524 1083 1939 1152 permanserint.
1957 1082 2110 1148 Quod

527 1176 717 1244 utique
769 1190 894 1229 cum
945 1175 1168 1244 dicitur,
1221 1189 1319 1229 nec
1362 1175 1760 1245 qualiscunque
1810 1177 1892 1232 vel
1928 1177 2108 1247 inepta

526 1276 710 1338 potest
734 1283 856 1324 esse
890 1269 1128 1336 suspicio
1173 1270 1304 1338 quin
1339 1271 1404 1324 ad
1436 1271 1565 1326 istas
1595 1272 1767 1326 tribus
1799 1270 2106 1328 Judazorum

527 1360 773 1426 Simeon,
799 1369 853 1414 et.
881 1359 1032 1427 Levi,
1058 1371 1112 1415 et
1139 1371 1362 1416 czeteras
1389 1379 1506 1432 qum
1529 1365 1594 1418 de
1622 1363 1788 1420 Jacob
1817 1380 1986 1435 genus
2008 1367 2108 1420 du-

525 1461 679 1517 cunt,
733 1452 944 1522 possint
998 1453 1265 1507 revocari.
1298 1454 1377 1507 Ad
1425 1470 1563 1524 quos
1589 1456 1753 1526 igitur
1783 1468 1964 1527 patres
2006 1460 2109 1515 iste

523 1557 784 1598 numerus
813 1543 1087 1611 virginum
1119 1542 1434 1599 referendus
1457 1547 1545 1608 sit,
1575 1555 1681 1600 tam
1722 1549 1971 1616 :equalis,
1998 1559 2104 1604 tam

522 1638 760 1709 integer,
799 1649 1018 1707 tamque
1068 1638 1426 1707 compositus,
1474 1639 1543 1693 ita
1606 1649 1660 1692 ut
1721 1641 1898 1696 nullus
1931 1642 2105 1698 altero

523 1733 774 1802 superior
815 1739 906 1785 attt
937 1730 1162 1786 inferior
1213 1740 1549 1794 numeretur,
1595 1747 1694 1797 ego
1730 1733 1947 1802 quidem
1973 1749 2102 1802 pro-

2222 531 2339 600 ipse
2365 532 2541 587 Adam
2567 534 2698 603 quid
2745 535 2877 595 dicit
2903 535 3060 605 (76)?
3108 554 3127 588 ι
3166 537 3280 594 Hoc
3308 555 3436 599 nunc
3459 562 3511 604 os
3533 551 3587 608 de
3612 565 3706 618 ossi.

2218 625 2320 680 bus
2367 627 2522 688 meis,
2563 637 2618 682 et
2675 642 2805 682 caro
2848 629 2914 683 de
2942 643 3111 686 carne
3158 646 3278 686 mea
3314 633 3376 698 θ’,
3409 655 3426 689 ι
3472 656 3554 697 nec
3577 656 3701 711 tamen

2217 716 2466 772 addidit:
2494 716 2557 771 Et
2600 718 2783 772 anima
2819 721 2886 774 de
2928 719 3110 775 anima
3153 738 3294 777 mea.
3326 724 3422 782 Sed
3446 734 3580 790 velim
3618 748 3704 803 mihi

2217 806 2448 869 diceres,
2477 821 2509 860 o
2542 807 2736 873 Adam,
2767 809 2811 863 si
2846 825 2908 864 os
2937 811 3002 864 de
3035 810 3140 866 tuis
3173 813 3381 870 ossibus
3419 827 3654 894 agnovisti,
3672 848 3706 889 et

2216 913 2435 953 carnem
2481 899 2546 954 de
2576 909 2665 954 tua
2698 916 2865 956 carne
2914 903 3156 968 sensisti,
3203 921 3301 959 cur
3341 923 3436 964 non
3470 913 3707 982 intellexisti

2213 992 2375 1046 etiam
2405 992 2642 1046 animam
2667 993 2732 1047 de
2769 1002 2858 1047 tua
2894 997 3075 1048 anima
3129 1001 3486 1066 processisse?
3516 1009 3563 1062 Si
3607 1017 3704 1072 enim

2213 1085 2396 1139 omnia
2441 1100 2560 1154 quze
2591 1085 2644 1139 in
2685 1094 2736 1140 te
2783 1097 2940 1141 erant
2981 1089 3272 1155 tradidisti,
3322 1109 3414 1148 cur
3455 1113 3547 1155 non
3593 1107 3707 1164 etiam

2215 1178 2411 1230 animae
2443 1177 2576 1231 facis
2629 1192 2751 1232 cum
2805 1179 3019 1234 caeteris
3047 1183 3396 1249 mentionem,
3435 1203 3538 1258 qua:
3575 1197 3707 1253 melior

2215 1268 2381 1323 totius
2421 1269 2656 1324 hominis
2702 1285 2830 1339 pars
2864 1272 2989 1326 est?
3044 1274 3150 1329 Sed
3182 1276 3394 1330 videtur
3424 1294 3509 1348 per
3542 1285 3633 1342 hac
3655 1292 3711 1343 iu-

2215 1359 2583 1430 telligentibus
2614 1361 2880 1417 indicium
2936 1364 3091 1431 dare,
3120 1367 3263 1435 quod
3299 1367 3406 1438 (77)
3439 1386 3544 1427 cum
3591 1379 3709 1437 dicit:

2217 1470 2236 1504 ι
2274 1454 2346 1508 Os
2379 1455 2446 1509 de
2482 1455 2698 1510 ossibus
2729 1455 2886 1524 meis,
2911 1466 2966 1511 et
2999 1473 3132 1514 caro
3169 1463 3236 1514 de
3263 1476 3422 1518 carne
3449 1481 3568 1534 mea,
3595 1487 3711 1542 ique

2211 1545 2276 1599 de
2305 1555 2445 1600 terra
2474 1557 2715 1601 suntsua
2741 1562 2862 1603 esse
2891 1549 3157 1618 profiteri,
3187 1568 3295 1607 non
3328 1557 3514 1613 audere
3533 1576 3708 1618 veroalia

2209 1637 2390 1692 dicere
2434 1653 2553 1706 qua:
2582 1640 2687 1694 scit
2725 1655 2832 1694 non
2879 1657 3003 1696 esse
3037 1643 3104 1697 de
3149 1653 3315 1699 terra.
3354 1644 3451 1700 Sed
3494 1660 3541 1704 et
3579 1651 3708 1708 Lati-ni

2209 1728 2460 1786 similiter
2490 1747 2610 1786 cum
2644 1734 2777 1788 dicit
2819 1734 2884 1788 ad
2921 1734 3110 1801 Jacob,
3137 1738 3398 1806 quoniam
3433 1759 3450 1790 ‹
3482 1756 3536 1796 os
3567 1759 3710 1811 meum,

521 1826 672 1895 gredi
704 1825 845 1880 ultra
889 1825 1214 1892 inquirendo
1269 1840 1373 1879 non
1409 1827 1602 1890 audeo,
1637 1826 1728 1880 sed
1756 1838 1807 1880 et
1836 1827 2100 1883 hactenus
2134 1812 2175 1866 Β
2207 1833 2260 1877 et
2286 1839 2414 1879 caro
2446 1840 2563 1880 mea
2594 1839 2653 1880 es
2685 1835 2736 1879 tu
2761 1827 2832 1892 ‘°,
2870 1845 2888 1878 ι
2921 1841 3023 1883 nec
3064 1829 3181 1898 ipse
3208 1829 3437 1898 amplius
3469 1833 3638 1903 aliquid
3658 1841 3711 1891 vi-

518 1934 816 1988 pene-cum
850 1918 1032 1988 aliquo
1080 1917 1391 1972 discrimine
1429 1919 1640 1972 incedo.
1676 1921 1972 1987 Apostolus
2021 1931 2098 1975 ta-

517 2025 643 2066 men
674 2011 937 2080 quasdam
966 2009 1299 2078 suspiciones
1333 2010 1416 2064 his
1443 2011 1530 2079 qui
1568 2011 1731 2066 altius
1754 2013 1948 2066 intueri
1976 2029 2102 2082 pos-

515 2112 663 2170 sunt,
695 2102 946 2171 subjecit,
973 2117 1092 2157 cum
1136 2102 1268 2155 dicit
1296 2101 1342 2133 ⁸³
1372 2119 1386 2156 :
1423 2121 1440 2154 ε
1480 2103 1712 2173 Propter
1748 2106 1891 2174 quod
1935 2105 2096 2162 ﬂecto

514 2211 690 2265 genua
719 2211 838 2250 mea
887 2197 952 2250 ad
982 2196 1200 2250 Patrem
1236 2198 1446 2252 Domini
1483 2197 1655 2252 nostri
1686 2196 1813 2253 Jesu
1869 2198 2095 2266 Christi,

511 2309 576 2347 ex
606 2308 716 2362 quo
746 2292 924 2346 omnis
961 2292 1261 2360 paternitas
1295 2292 1346 2344 in
1384 2293 1537 2345 caelis
1565 2303 1618 2343 et
1645 2293 1694 2344 iu
1734 2302 1877 2344 terra
1918 2294 2095 2346 nomi-

513 2395 693 2440 natur.
729 2405 749 2438 ι
789 2385 853 2440 Ει
885 2388 1102 2454 quidem
1146 2385 1212 2438 de
1259 2384 1496 2438 terrenis
1555 2386 1977 2452 paternitatibns
2016 2387 2098 2439 in-

513 2477 762 2532 tellectus
791 2492 896 2531 non
931 2478 1143 2530 videtur
1173 2490 1296 2530 esse
1337 2473 1572 2528 dillicilis
1616 2491 1627 2527 :
1666 2486 1849 2546 patres
1893 2478 2094 2531 etenim

513 2570 753 2624 tribuum
781 2569 862 2624 vel
887 2570 1193 2632 domorum,
1215 2568 1279 2620 ad
1303 2583 1439 2636 quos
1464 2569 1741 2622 successio
1759 2570 2095 2636 posteritatis

514 2662 770 2727 refertur,
823 2661 986 2716 simul
1016 2662 1194 2715 otuuis
1229 2660 1529 2730 paternitas
1581 2660 1922 2730 appellantur
1956 2661 2092 2730 (74).

504 2754 568 2808 Ἰιι
599 2754 736 2810 caelo
769 2769 896 2809 vero
924 2755 1064 2824 quod
1103 2754 1255 2819 dicit,
1289 2753 1560 2823 quomodo
1589 2762 1681 2806 aut
1711 2753 1950 2822 qualiter
1981 2755 2094 2809 sint

510 2857 716 2916 patres,
763 2857 857 2901 aut
893 2861 990 2916 pro
1023 2845 1220 2916 quibus
1272 2843 1682 2913 posteritatibus
1725 2844 1964 2899 caelestis
1996 2861 2091 2915 pa-

510 2939 738 2994 ternitas
794 2940 1126 3000 nominetur,
1175 2937 1342 3004 ipsius
1385 2947 1470 2990 est
1506 2951 1665 2990 uosse
1718 2937 1911 3002 solius,
1940 2937 2094 3005 cujus

513 3048 532 3081 ι
573 3030 770 3085 coelum
796 3031 916 3085 coeli
945 3040 1047 3094 est,
1083 3038 1280 3084 terram
1334 3038 1513 3082 autem
1546 3029 1695 3084 dedit
1738 3028 1864 3084 liliis
1913 3030 2092 3086 homi-

508 3141 635 3178 num
665 3125 732 3177 ⁸³.
774 3143 792 3174 ι
1538 3120 1546 3124 ’

576 3221 635 3273 5.
667 3217 1071 3272 Descenderunt
1094 3216 1290 3282 ergoin
1317 3213 1613 3286 zEgyptum
1648 3215 2086 3285 patres,Ruben,

491 3308 754 3372 ‘Simeon,
813 3309 964 3373 Levi,
1021 3327 1040 3360 ι
1105 3311 1479 3379 unusquisque
1540 3324 1663 3363 cum
1717 3311 1880 3364 omni
1931 3309 2090 3364 domo

505 3420 604 3459 sua
626 3405 693 3459 ⁸³.
733 3424 751 3458 ι
782 3404 1062 3470 Quomodo
1097 3404 1221 3474 quis
1249 3415 1302 3458 et
1333 3406 1434 3459 hoc
1465 3404 1754 3468 edisserat,
1782 3404 1927 3472 quod
1963 3418 2088 3456 cum

495 3499 652 3552 omni
713 3497 874 3552 domo
906 3512 1004 3549 sua
1037 3497 1362 3552 introierunt
1395 3496 1447 3549 in
1493 3493 1824 3566 IEgyptum?
1881 3493 2089 3560 Quibus

489 3591 720 3643 additur
747 3588 860 3658 (75)
897 3606 911 3641 :
960 3607 978 3640 ι
1020 3587 1086 3641 Ει
1137 3602 1352 3652 omnes,
1386 3585 1586 3655 inquit,
1619 3584 1813 3639 animae
1841 3598 1958 3652 quze
2002 3582 2085 3636 in-

493 3681 771 3736 troierunt
809 3695 932 3735 cum
975 3678 1164 3743 Jacob,
1212 3692 1376 3731 xxxv.
1425 3696 1442 3729 ι
1481 3675 1582 3730 llic
1607 3675 1718 3746 jam
1753 3675 2088 3729 nominando

496 3775 713 3829 animas
748 3787 886 3842 pene
932 3771 1233 3825 nudaverat
1275 3770 1603 3840 mysterium
1634 3782 1819 3834 sermo
1850 3767 2088 3836 prOphe-

493 3865 644 3920 tieus
686 3865 830 3933 quod
887 3863 1086 3932 ubique
1133 3867 1475 3921 contexerat,
1523 3867 1583 3911 ut
1633 3859 1889 3926 proderet
1943 3856 2088 3926 quod

497 3971 606 4010 non
633 3955 701 4010 de
733 3953 1072 4023 corporibus,
1095 3953 1190 4006 sed
1224 3950 1290 4004 de
1318 3949 1610 4003 animabus
1635 3949 1746 4003 haec
1791 3946 1946 4002 dicit.
1979 3947 2086 4002 Ve~

497 4056 809 4100 rumtamen
839 4045 1001 4100 habet
1023 4045 1198 4098 adhuc
1232 4042 1476 4095 velamen
1508 4055 1691 4095 suum.
1725 4039 1782 4093 ln
1815 4055 1912 4094 usu
1931 4055 2087 4093 nam-

498 4155 606 4208 que
638 4151 758 4194 esse
790 4138 1052 4202 creditur,
1083 4137 1300 4190 animas
1328 4149 1425 4204 pro
1455 4133 1769 4189 hominibus
1794 4133 2082 4202 appellari.

497 4230 717 4285 interim
771 4244 914 4284 Lxxv
963 4229 1156 4282 animae
1196 4229 1600 4299 descenderunt
1651 4241 1772 4281 cum
1817 4225 1988 4280 Jacob
2031 4228 2083 4280 iu

495 4323 812 4393 Egyptum.
866 4322 988 4376 Istae
1030 4329 1165 4375 sunt
1220 4323 1435 4386 animm,
1485 4333 1623 4388 quas
1660 4319 1849 4388 genuit
1892 4316 2082 4374 Jacob.

494 4417 608 4486 Ego
637 4431 742 4471 non
773 4423 904 4484 puto
925 4414 1066 4484 quod
1085 4414 1311 4483 quilibet
1336 4415 1613 4468 hominum
1644 4411 1812 4482 possit
1841 4413 2079 4465 animam

2205 1918 2362 1970 detur
2393 1919 2596 1973 audere
2647 1934 2801 1973 suum
2837 1919 3041 1987 dicere,
3077 1922 3179 1975 nisi
3205 1923 3356 1990 quod
3399 1933 3600 1982 terrente
3633 1946 3714 1984 esse

2203 2013 2691 2081 consanguinitatis
2721 2017 2984 2084 agnoscit.
3008 2015 3124 2068 Alia
3146 2016 3350 2084 quippe
3377 2028 3456 2072 est
3480 2021 3712 2076 animarum

2202 2106 2482 2176 cognatio,
2529 2121 2649 2176 (inae
2675 2108 2752 2161 vel
2801 2106 2972 2162 Jacob
3002 2109 3354 2162 descendenti
3401 2111 3448 2164 iu
3491 2111 3713 2183 {Egyptum

2202 2197 2463 2260 sociatur,
2488 2199 2569 2252 vel
2599 2198 2816 2253 caeteris
2851 2199 3184 2267 patriarchis
3215 2211 3270 2256 et
3293 2203 3496 2257 sanctis
3516 2206 3600 2258 sul;
3625 2222 3714 2260 eu-

2201 2289 2508 2343 meratione
2571 2290 2724 2359 131
2784 2290 3030 2360 mystica
3083 2293 3423 2359 posteritatis
3473 2297 3714 2353 ascribitur.

2203 2382 2310 2434 Sed
2370 2382 2460 2451 qui
2499 2381 2738 2435 vicinum
2803 2391 2961 2436 terra:
2997 2384 3317 2453 navigantes
3354 2400 3560 2442 scrvare
3587 2389 3716 2456 dispo-

2200 2471 2408 2526 suimus
2467 2487 2710 2538 cursum,
2747 2481 2801 2528 et
2838 2475 3011 2544 ipsam
3066 2477 3468 2544 quodammodo
3515 2483 3717 2534 oramlit-

2203 2565 2336 2620 toris
2361 2566 2652 2634 stringere,
2699 2567 2751 2620 iu
2785 2567 2952 2621 altum
2994 2571 3178 2623 nescio
3220 2573 3490 2638 quomodo
3519 2573 3715 2625 undarum
3814 2579 3815 2624 l

2199 2675 2298 2714 nos
2321 2659 2614 2713 violentior
2635 2668 2801 2712 testus
2829 2660 3069 2714 abducit.
3115 2661 3429 2717 Redeamus
3452 2663 3597 2732 igitur
3609 2674 3658 2716 ad
3678 2678 3718 2716 ea

2198 2766 2320 2821 qum
2351 2760 2752 2820 consequenter
2779 2751 3079 2806 adduntur.

2267 2844 2320 2898 4.
2363 2861 2382 2894 ι
2417 2842 2657 2897 Mortuus
2689 2853 2793 2906 est,
2821 2844 3074 2912 inquit“,
3118 2843 3322 2913 Joseph
3355 2859 3411 2902 et
3443 2861 3610 2901 omnes
3633 2847 3713 2899 ira-

2199 2947 2310 2991 tres
2328 2935 2467 3004 eius,
2501 2945 2557 2990 et
2583 2937 2762 2990 omnis
2795 2937 3082 3006 generatio
3110 2939 3223 2992 illa.
3254 2937 3382 2994 Filii
3407 2949 3574 2993 autem
3601 2938 3716 2992 Israel

2195 3028 2488 3083 crevertint
2526 3036 2580 3082 et
2621 3027 2966 3098 multiplicati
3006 3039 3156 3094 sunt,
3213 3043 3269 3084 et
3322 3031 3378 3084 in
3429 3030 3715 3084 multitudine

2199 3135 2392 3190 magna
2420 3118 2604 3172 diffusi
2632 3127 2779 3181 sunt,
2825 3128 2882 3172 et
2931 3118 3286 3174 invaluerunt
3335 3121 3554 3174 multum
3581 3119 3719 3182 valde;

2197 3211 2577 3281 multiplicavit
2606 3211 2754 3264 enim
2785 3209 2906 3265 illos
2947 3220 3115 3265 terra.
3160 3230 3178 3263 ι
3217 3213 3407 3268 Donec
3457 3213 3640 3267 viveret
3659 3209 3722 3264 lo-

2193 3304 2350 3374 seph,
2387 3319 2492 3359 non
2544 3303 2784 3357 refertur
2831 3305 2974 3372 quod
3024 3303 3373 3374 multiplicati
3426 3306 3611 3360 fuerint
3655 3303 3720 3355 ﬁlii

2193 3397 2380 3463 lsrael,
2413 3411 2512 3451 nec
2538 3396 2746 3468 aliquid
2792 3398 3017 3452 omnino
3051 3397 3106 3451 in
3148 3397 3234 3453 his
3283 3400 3359 3455 de
3399 3397 3728 3470 augmentiset

2192 3488 2589 3541 numerositate
2642 3499 2999 3543 memoratur.
3035 3489 3145 3559 Ego
3183 3492 3424 3546 credens
3470 3489 3724 3544 verbisne-

2193 3580 2328 3632 mini
2356 3580 2458 3634 mei
2489 3577 2616 3633 Jesu
2649 3580 2877 3646 Christi,
2903 3581 2959 3636 in
2992 3581 3110 3650 lege
3137 3591 3193 3636 et
3216 3582 3507 3652 prophetis
3533 3591 3625 3637 tota
3643 3579 3726 3647 qui-

2191 3672 2314 3726 dem
2347 3689 2516 3727 unum
2552 3681 2647 3727 aut
2680 3687 2848 3728 unum
2877 3674 3084 3742 apicem
3117 3691 3225 3729 non
3266 3685 3406 3744 puto
3441 3688 3557 3730 esse
3574 3681 3724 3739 myste-

2191 3764 2288 3818 riis
2351 3779 2620 3830 vacuum,
2675 3780 2773 3820 nec
2833 3777 2966 3835 puto
3027 3766 3231 3835 aliquid
3284 3769 3490 3824 horum
3545 3777 3726 3822 transue

2189 3871 2369 3928 posse,
2396 3858 2569 3913 donec
2602 3859 2785 3913 omnia
2825 3857 2982 3914 fiant.
3036 3859 3240 3914 Verum
3280 3861 3548 3931 quoniam
3574 3857 3728 3924 exigua

2190 3952 2510 4019 capacitatis
2535 3967 2747 4018 sumus,
2777 3967 2839 4007 ea
2865 3967 3011 4007 nunc
3041 3963 3249 4007 tantum
3266 3954 3572 4024 pulsemus,
3587 3949 3729 4021 quibus

2191 4045 2361 4098 tutius
2389 4044 2726 4100 incedamus.
2777 4045 3081 4114 Antequam
3112 4057 3436 4102 moreretur
3477 4054 3643 4100 noster
3663 4039 3730 4094 Jo-

2189 4137 2349 4205 seph,
2385 4136 2473 4190 ille
2507 4136 2602 4204 qui
2655 4137 2963 4191 distractus
3012 4145 3096 4192 est
3138 4137 3366 4207 triginta
3404 4136 3655 4208 argenteis
3686 4131 3732 4185 ali

2191 4244 2298 4283 uno
2329 4245 2396 4284 ex
2428 4229 2693 4284 fratribus
2721 4232 2836 4284 suis
2867 4227 3030 4294 Juda,
3058 4230 3216 4285 valde
3270 4231 3440 4300 pauci
3485 4237 3628 4285 erant
3660 4226 3728 4279 lilii

2188 4320 2375 4377 Israel.
2404 4322 2540 4376 Cum
2571 4337 2700 4376 vero
2726 4338 2824 4391 pro
2846 4322 3103 4377 omnibus
3127 4325 3377 4392 gustavit
3411 4332 3648 4386 mortem,
3666 4331 3733 4389 per

2187 4427 2349 4481 quam
2379 4413 2649 4467 destruxit
2683 4429 2806 4467 eum
2837 4412 2928 4481 qui
2966 4413 3200 4469 habebat
3233 4414 3446 4470 mortis
3475 4412 3734 4494 imperium,

495 4510 737 4580 gignere,
775 4510 880 4563 nisi
915 4511 958 4564 si
996 4510 1120 4578 quis
1166 4508 1305 4564 forte
1343 4508 1471 4563 talis
1513 4511 1610 4572 sit,
1638 4506 1815 4576 qualis
1850 4506 1944 4559 ille
1989 4507 2080 4574 qui
2112 4512 2162 4571 Ι)
2191 4506 2242 4560 id
2277 4514 2362 4560 est
2389 4506 2666 4560 diabolum
2697 4507 2763 4573 ⁶¹,
2795 4505 3188 4575 multiplicatus
3225 4516 3308 4561 est
3339 4506 3580 4560 fidelium
3605 4514 3733 4572 popu-

490 4603 712 4658 dicebat
754 4603 798 4634 "
829 4618 843 4656 :
888 4622 906 4654 ‹
944 4601 1077 4657 Nam
1113 4603 1216 4658 etsi
1254 4603 1420 4656 multa
1457 4601 1623 4655 millia
1662 4601 2076 4670 paedagogorum

487 4695 744 4751 habeatis
777 4697 830 4750 in
861 4696 1103 4759 Christo,
1133 4698 1226 4751 sed
1254 4711 1358 4750 non
1393 4695 1591 4750 multos
1623 4704 1827 4764 patres.
1862 4691 1994 4746 Nam
2022 4690 2075 4744 iu

489 4789 711 4845 Christo
752 4789 878 4845 Jesu
929 4805 1022 4860 per
1054 4790 1404 4860 Evangelium
1435 4803 1534 4859 ego
1566 4803 1665 4844 vos
1700 4786 1883 4858 genui.
1927 4803 1944 4837 ι
1984 4784 2075 4838 Isti

492 4879 629 4935 tales
665 4889 812 4945 sunt,
845 4882 934 4949 qui
968 4890 1231 4951 generant
1275 4881 1507 4946 animas,
1535 4888 1590 4933 et
1622 4875 1933 4946 parturiunt
1955 4888 2072 4937 eas,

487 4974 633 5028 sicut
669 4983 722 5028 et
769 4972 894 5027 alibi
952 4973 1196 5028 dicit“:
1247 4991 1264 5024 ι
1305 4973 1484 5028 Filioli
1524 4972 1650 5037 mei,
1685 4986 1824 5040 quos
1875 4970 2072 5022 iterum

486 5067 733 5137 parturio
763 5066 934 5120 donec
983 5064 1248 5120 formetur
1296 5065 1550 5120 Christus
1594 5066 1646 5118 in
1703 5063 1878 5117 vobis.
1917 5078 1936 5112 ι
1970 5057 2074 5112 Alii

485 5160 632 5213 enim
682 5157 990 5227 huiusmodi
1035 5159 1402 5228 generationis
1457 5172 1675 5222 curam,
1742 5163 1837 5208 aut
1881 5152 2075 5208 nolunt

1000 5277 1046 5308 ⁸³
1075 5276 1275 5347 Ephes.
1314 5293 1395 5341 III,
1437 5277 1528 5330 H.

553 5276 601 5307 "
625 5277 797 5346 Apoc.
824 5293 920 5331 vu.
1000 5277 1046 5308 ⁸³
1075 5276 1275 5347 Ephes.
1314 5293 1395 5341 III,
1437 5278 1475 5330 1ι

553 5347 800 5403 Galat.tv
849 5347 932 5402 l9.
1012 5348 1057 5380 "
1081 5347 1279 5403 Genes.
1306 5348 1475 5412 tt,‘25.

480 5347 528 5378 ⁸⁵
550 5347 727 5402 Galat.
750 5364 800 5403 tv
849 5347 932 5402 i9.

555 5505 664 5578 (74)
691 5506 781 5561 Sic
807 5521 939 5563 mss.
967 5506 1115 5562 Alias
1141 5523 1291 5571 vero,
1327 5525 1345 5556 ι
1387 5506 1467 5560 vel
1504 5508 1788 5562 domorum
1817 5518 1964 5574 sunt,
1998 5508 2064 5561 ad

478 5593 618 5648 (ιιιιις
651 5580 999 5634 successio...
1031 5581 1328 5648 paternitas
1359 5580 1694 5632 nominatur.
1738 5596 1757 5628 ι

554 5647 664 5719 (ῖό)
694 5650 914 5716 Aliquot
947 5647 1099 5713 mss,
1128 5669 1147 5702 ι
1183 5651 1248 5703 de
1279 5651 1477 5719 quibus
1506 5648 1726 5704 dicitur.
1770 5665 1790 5700 ι

555 5716 668 5786 (76)
715 5719 882 5782 Alias,
934 5740 952 5772 ι
992 5722 1082 5790 qui
1118 5721 1271 5776 dicit.
1297 5716 1334 5773 ἰ
1388 5720 1507 5773 Mox
1561 5735 1657 5788 pro
1698 5719 1781 5772 his
1818 5720 2060 5785 vocrbus,

479 5805 506 5840 ς
546 5802 644 5842 nec
699 5799 876 5846 tamen
936 5794 1162 5858 addidit,
1213 5802 1268 5847 ct
1304 5792 1483 5847 anima
1534 5793 1600 5845 de
1634 5790 1812 5845 anima
1855 5806 1995 5859 mea,
2041 5810 2059 5843 ι

1628 5276 1675 5306 ’δ
1709 5274 1855 5329 Psal.
1886 5289 2040 5336 cxm,
2069 5267 2156 5323 16.

1555 5347 1601 5380 ⁸⁸
1623 5346 1821 5402 Genes.
1859 5361 2012 5410 xxix,
2039 5339 2126 5395 14.

2189 4599 2291 4664 lus,
2325 4609 2378 4654 et
2412 4598 2595 4654 diﬂusi
2647 4608 2776 4654 sunt
2806 4599 2898 4652 lilii
2944 4597 3134 4666 Israel,
3177 4609 3231 4654 et
3261 4597 3645 4669 multiplicavit
3669 4607 3739 4646 eos

2189 4701 2361 4757 terra,
2399 4701 2454 4746 et
2504 4703 2797 4747 creverunt
2829 4696 2991 4750 nimis
3035 4694 3210 4750 valde.
3245 4691 3370 4746 Nisi
3406 4693 3591 4754 enim,
3631 4686 3738 4741 sicut

2189 4781 2306 4850 ipse
2334 4781 2472 4834 dixit
2510 4782 2575 4847 “,
2601 4784 2893 4840 cecidisset
2922 4801 3153 4855 granum
3186 4784 3460 4838 frumenti
3500 4783 3552 4837 in
3583 4790 3740 4834 ternm

2187 4884 2243 4930 et
2275 4885 2547 4930 mortuum
2580 4876 2793 4943 fuisset,
2821 4893 2928 4934 non
2971 4879 3165 4948 utique
3190 4879 3445 4933 fructum
3491 4876 3629 4930 hunc
3651 4869 3739 4940 plu-

2187 4967 2384 5022 rimum
2420 4967 2588 5022 totius
2615 4968 2767 5024 orbis
2798 4980 2962 5026 term
2999 4970 3247 5027 Ecciesia
3274 4970 3586 5025 attulisset.
3615 4964 3743 5034 Igitur

2185 5067 2546 5128 posteaquam
2579 5061 2777 5116 cecidit
2810 5079 3042 5132 granum
3078 5064 3131 5118 in
3161 5072 3377 5117 terram
3416 5073 3478 5116 et
3513 5067 3742 5115 mortuum

2182 5160 2289 5216 est,
2326 5152 2506 5207 omnis
2541 5153 2661 5209 haec
2697 5169 2764 5210 ex
2798 5156 2915 5224 ipso
2955 5157 3194 5212 surrexit
3233 5155 3492 5211 fidelium
3523 5165 3682 5222 seges,
3708 5157 3747 5198 ει

2262 5269 2306 5302 ⁵⁵
2339 5271 2507 5326 Exod.
2539 5288 2578 5338 I,
2612 5273 2663 5327 1.
2775 5275 2820 5306 ⁵⁸
2851 5275 3022 5332 Exod.
3056 5292 3094 5340 ι,
3127 5276 3179 5330 5.
3289 5276 3342 5308 ⁵⁷
3373 5274 3393 5328 Ι
3425 5277 3556 5333 Cor.
3586 5287 3654 5336 ιν,
3683 5266 3745 5340 ιδ·

2208 5341 2250 5372 “
2282 5341 2452 5398 Exod.
2480 5361 2518 5409 ι,
2543 5345 2599 5412 6,
2626 5345 2680 5399 7.
2758 5347 2802 5378 “
2832 5345 2993 5402 Hebr.
3036 5339 3096 5413 tt,
3122 5347 3209 5400 14.
3285 5347 3336 5378 ⁸³
3360 5347 3528 5402 Joau.
3553 5362 3644 5410 xu,
3678 5339 3747 5394 εὖ.

2178 5511 2348 5566 codex
2407 5511 2763 5582 ltemigianus
2826 5515 2986 5572 habet
3023 5534 3037 5571 :
3078 5536 3096 5568 ι
3133 5515 3244 5570 Cur
3285 5530 3411 5571 non
3470 5507 3752 5571 intellexisti

2175 5585 2340 5637 etiam
2372 5584 2609 5639 animam
2643 5588 2710 5643 de
2742 5598 2829 5640 tua
2865 5590 3044 5641 anima
3082 5588 3475 5655 processisse?
3513 5605 3530 5638 ι

2249 5655 2363 5724 (77)
2389 5656 2482 5709 Vel
2510 5659 2928 5728 expungendum
2976 5652 3106 5712 illud
3141 5676 3159 5708 ι
3197 5661 3373 5726 quod,
3428 5677 3446 5708 ι
3486 5657 3571 5709 vel
3634 5652 3749 5708 inira

2176 5726 2463 5796 legentum
2495 5745 2513 5779 ι
2546 5743 2644 5784 sua
2677 5726 2798 5785 esse
2835 5731 3140 5799 profitetur,
3165 5745 3267 5784 non
3303 5734 3490 5783 audet
3517 5743 3657 5782 vero.
3679 5745 3696 5776 ι
