3902 6508
261 294 330 353 δε
342 297 364 353 I

1457 306 1524 366 IN
1563 311 1857 371 EXODUM'
1884 314 2164 374 HOMILIA
2207 319 2248 377 I.

3411 338 3516 394 302

263 421 612 490 multiplicati
658 434 785 481 sunt
815 427 908 482 ﬁlii
959 428 1148 496 Israel,
1180 441 1238 486 et
1285 431 1629 491 invaluerunt
1678 439 1838 495 nimis
1866 447 1912 504 Α
1942 442 2126 511 quitur
2155 453 2370 515 gentem
2407 461 2586 517 suam,
2625 466 2914 522 corporeas
2938 454 3149 513 scilicet
3171 457 3508 531 voluptates.

261 513 444 568 valde.
478 533 497 567 ι
539 516 593 570 In
620 532 834 574 omnem
870 523 1017 576 enim
1059 533 1254 578 terram
1282 527 1449 582 exivit
1485 544 1652 586 sonus
1701 548 1834 602 apo-

263 604 557 670 stolorum,
583 618 638 663 et
668 609 720 663 in
761 610 896 666 ﬁnes
923 613 1074 668 orbis
1100 625 1260 670 terrae
1287 619 1451 673 verba
1484 636 1673 674 eorum
1699 624 1762 684 ⁸⁸,
1811 643 1830 676 ι

258 706 320 750 et
359 711 456 765 per
499 699 666 767 ipsos,
722 702 859 757 sicut
903 705 1166 774 scriptum
1204 719 1284 762 est
1310 708 1376 774 ⁸⁸,
1417 729 1436 762 ι
1467 714 1690 767 verbum
1726 715 1834 769 Do-

260 790 396 843 mini
429 792 743 858 crescebat,
775 804 830 849 et
860 797 1337 866 multiplicabatur.
1379 824 1398 859 ι
1427 803 1548 860 Haec
1573 820 1831 875 quantum

255 882 329 932 ad
360 884 646 951 mysticum
681 888 918 954 pertinet
948 888 1304 947 intellectum.
1332 894 1438 949 Sed
1471 906 1525 952 et
1573 900 1832 955 moralem

257 969 317 1024 in
348 974 432 1026 his
463 991 569 1028 non
623 979 940 1035 omittamus
995 982 1188 1038 locum.
1225 984 1484 1042 ASdiﬁcat
1521 990 1664 1044 enim
1718 993 1834 1046 ani-

257 1075 379 1116 mas
405 1064 730 1119 auditorum.
764 1065 932 1136 Igitur
963 1080 1016 1124 et
1053 1073 1103 1125 in
1132 1084 1182 1127 te
1215 1075 1260 1129 si
1307 1077 1574 1133 moriatur
1592 1078 1790 1152 Joseph
1815 1103 1844 1149 ,ι’

258 1151 317 1205 id
337 1154 476 1207 estsi
499 1157 971 1213 mortiﬁcationem
995 1162 1197 1216 Christi
1216 1165 1267 1218 in
1289 1182 1513 1236 corpore
1531 1180 1620 1222 tuo
1653 1151 1830 1226 susci-

255 1243 410 1312 pias,
443 1260 496 1300 et
523 1249 817 1304 mortiﬁccs
855 1253 1095 1308 membra
1134 1265 1219 1308 tua
1251 1270 1506 1326 peccato,
1536 1269 1664 1316 tunc
1691 1263 1742 1316 in
1780 1274 1832 1320 te

255 1335 767 1408 multiplicabuntur
798 1342 890 1397 ﬁlii
921 1343 1106 1398 Israel.
1135 1346 1257 1400 Filii
1290 1347 1454 1404 Israel
1483 1367 1680 1408 sensus
1705 1353 1828 1409 boui

251 1437 316 1482 et
338 1429 605 1499 spiritales
638 1434 1000 1503 accipiuntur.
1033 1436 1088 1490 Si
1109 1453 1238 1506 ergo
1268 1455 1457 1497 sensus
1483 1447 1662 1500 carnis
1689 1462 1833 1499 mor-

254 1522 558 1586 tiliccntur,
580 1539 771 1580 sensus
799 1528 1022 1595 spiritus
1043 1539 1321 1597 crescunt,
1341 1543 1394 1586 et
1411 1537 1649 1602 quotidie
1677 1554 1830 1592 emo-

251 1617 527 1672 rientibus
570 1619 624 1672 in
659 1628 710 1673 te
761 1621 937 1687 vitiis,
975 1623 1239 1676 virtutum
1286 1641 1545 1684 numerus
1573 1641 1828 1699 augetur,

249 1709 354 1762 sed
383 1719 438 1763 et
466 1720 610 1765 terra
662 1720 712 1766 te
755 1713 1076 1782 multiplicat
1125 1716 1176 1770 in
1204 1718 1460 1786 operibus
1503 1719 1678 1789 bonis,
1713 1737 1831 1790 qme

248 1814 354 1867 per
377 1801 610 1858 oﬁicium
644 1807 890 1874 corporis
920 1806 1314 1863 ministrantnr.
1350 1809 1545 1864 Verum
1573 1814 1616 1866 si
1657 1813 1738 1867 vis
1772 1825 1827 1867 ιιι
1861 1801 1901 1856 Β

246 1895 539 1949 ostendam
592 1897 686 1951 tibi
732 1899 798 1950 de
850 1901 1172 1969 Scripturis,
1205 1904 1327 1972 quis
1357 1913 1440 1958 est
1473 1921 1632 1973 quem
1685 1915 1823 1962 terra

247 1986 718 2055 multiplicaverit,
748 1990 957 2046 intuere
983 1996 1282 2061 apostolum
1313 1994 1534 2050 Paulum
1557 2000 1825 2066 quomodo

247 2079 390 2134 dicit
417 2079 462 2110 “
491 2099 546 2134 ει
573 2079 628 2134 Si
662 2094 838 2137 autem
860 2085 1041 2140 vivere
1067 2087 1117 2140 in
1142 2101 1323 2151 carne,
1353 2090 1440 2142 hic
1464 2091 1592 2143 mihi
1619 2091 1824 2147 fructus

244 2172 436 2238 aperis
468 2182 571 2237 est,
603 2183 658 2226 et
679 2175 808 2243 quid
835 2176 1027 2246 eligam
1058 2177 1267 2247 ignoro.
1302 2179 1721 2236 Coarctorenim
1755 2200 1822 2238 cx

244 2262 486 2332 duobus,
531 2265 862 2321 desiderium
916 2269 1124 2324 habens
1172 2272 1390 2341 dissolvi
1423 2284 1477 2327 et
1530 2289 1651 2328 esse
1699 2291 1820 2330 cmn

241 2354 491 2419 Christo,
536 2358 703 2412 multo
736 2361 880 2413 enim
933 2361 1146 2427 melius,
1185 2378 1504 2430 permanere
1551 2375 1732 2422 autem
1768 2371 1817 2422 in

239 2461 417 2503 carne
431 2452 598 2519 magis
610 2453 974 2506 necessarimn
992 2467 1210 2522 propter
1224 2471 1335 2510 vos.
1350 2477 1367 2508 ι
1383 2457 1540 2512 Vides
1553 2462 1822 2528 quomodo

223 2541 404 2596 hunc
441 2552 582 2598 terra
615 2545 939 2614 multiplicat
994 2545 1152 2617 (78)?
1199 2549 1330 2601 Dmn
1380 2551 1522 2603 enim
1553 2563 1733 2605 manet
1767 2554 1818 2606 in

241 2642 423 2697 terra,
459 2633 510 2688 id
531 2644 616 2688 est
649 2636 702 2688 in
727 2651 894 2690 carne
928 2654 1045 2703 sua,
1098 2639 1487 2707 multiplicatur
1534 2643 1815 2699 condendo

239 2722 538 2791 Ecclesias,
570 2728 968 2798 multiplicatur
1007 2733 1336 2800 acquirendo
1385 2735 1637 2801 populum
1687 2738 1818 2800 Deo,

237 2827 298 2870 et
341 2817 408 2871 ab
433 2818 767 2874 Hierusalem
800 2821 852 2875 in
879 2823 1109 2876 circuitu
1136 2825 1386 2893 usquead
1420 2824 1693 2896 Illyricum
1724 2829 1815 2884 Dei

237 2909 600 2979 Evangelium
639 2913 1005 2978 praedicando.
1039 2913 1146 2969 Sed
1179 2916 1463 2973 videamus
1493 2919 1619 2991 quid
1663 2921 1814 2975 addi-

238 3006 339 3055 tur
365 3001 417 3054 in
443 3003 923 3073 consequentibus.

317 3091 372 3145 5.
416 3110 438 3142 ι
481 3091 735 3148 Surrexit
794 3105 1007 3164 autem,
1061 3098 1236 3166 inquit
1269 3099 1350 3166 ⁸⁷,
1420 3115 1512 3156 rex
1574 3103 1713 3158 alius
1759 3106 1814 3160 in

232 3180 502 3254 Egypto,
533 3185 624 3252 qui
652 3186 933 3241 nesciebat
967 3187 1190 3258 Ioseph,
1217 3199 1272 3244 et
1306 3191 1444 3245 dixit
1484 3193 1629 3262 genti
1658 3209 1770 3249 sua:
1797 3215 1813 3253 :

233 3275 386 3332 Ecce
409 3293 540 3347 gens
571 3278 808 3334 ﬁliorttm
842 3278 1013 3335 Israel
1043 3284 1266 3350 grandis
1312 3284 1601 3341 multitudo
1630 3297 1734 3352 est,
1761 3297 1816 3342 et

234 3368 388 3424 valet
424 3385 586 3440 super
633 3386 752 3425 nos.
786 3390 804 3423 ι
841 3371 1023 3426 Primo
1065 3376 1308 3428 omnium
1363 3378 1641 3445 requirere
1691 3379 1816 3436 volo

231 3463 365 3529 quis
396 3475 480 3515 Cal
514 3477 605 3516 rex
637 3463 689 3515 in
715 3461 953 3534 ngypto
985 3464 1075 3533 qui
1111 3467 1214 3520 scit
1235 3464 1458 3534 Ioseph,
1489 3477 1544 3522 et
1573 3470 1694 3538 quis
1720 3480 1813 3525 est

236 3571 341 3610 rex
369 3555 460 3623 qui
493 3557 670 3610 nescit
702 3555 922 3626 Ioseph.
959 3558 1092 3611 Dum
1122 3561 1268 3613 enim
1308 3559 1398 3612 ille
1433 3572 1687 3630 regnaret
1723 3564 1811 3630 qui

235 3649 455 3703 sciebat
497 3649 716 3718 Ioseph,
774 3666 880 3706 non
940 3652 1258 3707 referuntur
1310 3651 1490 3708 aIIlicti
1548 3669 1672 3709 esse
1720 3655 1813 3709 ﬁlii

241 3743 438 3810 Israel,
485 3759 663 3814 neque
711 3745 763 3798 in
802 3745 912 3799 luto
945 3755 999 3800 ct
1045 3745 1218 3801 latere
1265 3747 1594 3816 consumpti,
1639 3761 1814 3817 neque

231 3837 465 3892 masculi
501 3853 690 3891 eorum
727 3839 923 3905 necati,
978 3849 1032 3893 et
1084 3839 1297 3894 feminas
1346 3840 1652 3895 viviﬁcatte.
1705 3841 1813 3895 Sed

233 3947 365 3986 cum
401 3934 641 3985 surrexit
670 3931 769 3985 iste
803 3931 895 4000 qui
926 3947 1032 3985 non
1065 3943 1290 3986 noverat
1317 3932 1546 4003 Ioseph,
1573 3943 1626 3988 et
1649 3935 1815 4004 coepit

233 4023 356 4094 ipse
391 4039 638 4091 regnare,
692 4033 818 4078 tunc
866 4025 982 4078 haec
1031 4024 1212 4078 omnia
1268 4035 1419 4094 gesta
1474 4024 1810 4080 referuntur.

234 4117 377 4184 Quis
400 4132 531 4184 ergo
557 4127 638 4170 est
665 4117 764 4170 iste
811 4131 931 4183 rex,
962 4117 1261 4170 videamus.
1298 4116 1352 4170 Si
1380 4116 1640 4171 Dominus
1673 4117 1813 4186 regit

231 4223 358 4274 nos,
397 4218 453 4261 et
482 4223 674 4262 sensus
717 4210 911 4262 mentis
942 4219 1144 4262 nostrae
1176 4209 1508 4265 illuminatus
1534 4225 1559 4261 a
1586 4209 1811 4262 Domino

230 4301 440 4356 Christi
475 4317 692 4368 semper
719 4302 1033 4355 memoriam
1069 4311 1237 4364 tenet,
1273 4301 1480 4355 faciens
1511 4301 1640 4355 illud
1669 4303 1812 4370 quod

232 4395 437 4449 Paulus
466 4393 533 4447 ad
568 4394 908 4448 Timotheum
935 4393 1125 4447 scribit
1151 4392 1194 4426 ⁸⁸
1226 4411 1238 4446 :
1270 4413 1287 4446 ι
1330 4393 1532 4448 Memor
1570 4403 1684 4448 esto
1717 4392 1811 4447 Je—

1938 547 1993 592 et
2021 538 2274 594 vitiorum
2312 541 2540 598 ducibus
2568 547 2632 600 ad
2666 549 2955 604 consilium
2980 553 3314 621 convocatis,
3341 556 3511 612 initur
3603 598 3610 604 ι

1935 629 2257 686 deliberatio
2293 633 2555 690 adversus
2593 637 2732 694 ﬁlios
2762 639 2929 696 Israel
2960 645 3231 713 quomodo
3270 647 3503 702 circum-

1935 722 2242 791 veniantur,
2277 727 2549 794 quomodo
2581 731 2979 800 opprimantur,
3009 743 3066 788 ut
3094 735 3205 792 luto
3233 747 3290 792 et
3327 738 3506 793 lateri.

1935 813 2034 868 bus
2067 813 2399 885 afﬂigantur,
2432 827 2490 872 ut
2518 835 2696 876 mares
2719 834 3014 892 exponant,
3051 826 3283 884 feminas
3331 830 3503 894 alant,

1936 914 1993 958 ut
2019 907 2291 963 aediﬁcent
2313 910 2571 968 civitates
2617 913 2856 984 Egypti,
2891 927 2946 972 et
2967 919 3218 978 civitates
3249 927 3504 982 munitas.

1933 994 2049 1050 Non
2080 999 2233 1055 nobis
2261 1001 2378 1056 haec
2400 1002 2466 1057 ad
2487 1002 2770 1060 historiam
2795 1009 2996 1078 scripta
3021 1022 3147 1066 sunt
3165 1014 3297 1082 (80),
3329 1031 3505 1086 neque

1933 1091 2228 1159 putandum
2288 1103 2372 1150 est
2429 1095 2596 1152 libros
2645 1099 2863 1156 divinos
2912 1101 3290 1174 IEgyptiorum
3351 1121 3502 1179 gesta

1937 1197 2192 1248 narrare;
2221 1189 2313 1238 sed
2338 1200 2458 1254 quze
2482 1188 2682 1257 scripta
2717 1198 2866 1256 sunt,
2921 1194 2988 1247 ad
3021 1205 3266 1251 nostram
3299 1200 3504 1255 doctri-

1935 1288 2058 1326 nam
2091 1283 2144 1328 et
2168 1278 2642 1334 commonitionem
2671 1283 2874 1352 scripta
2905 1297 3030 1342 sunt
3059 1303 3074 1343 :
3105 1302 3158 1344 ιιι
3185 1299 3237 1344 ιιι
3273 1293 3362 1360 qui
3388 1292 3506 1349 haec

1933 1364 2107 1429 audis,
2140 1366 2186 1420 si
2214 1365 2353 1422 forte
2383 1366 2492 1435 jam
2520 1371 2748 1440 gratiam
2780 1375 3033 1445 baptismi
3068 1390 3392 1438 consecutus
3420 1398 3502 1448 es,

1933 1465 1986 1508 et
2017 1469 2406 1515 annumeratus
2443 1476 2500 1515 es
2535 1463 2676 1517 inter
2706 1464 2846 1520 ﬁlios
2888 1465 3074 1532 Israel,
3115 1485 3177 1525 ac
3217 1475 3502 1542 suscepisti

1935 1547 1987 1600 in
2031 1559 2080 1602 te
2111 1548 2281 1604 Deum
2314 1567 2517 1620 regem,
2569 1564 2623 1609 et
2656 1566 2772 1625 post
2808 1559 2922 1614 haec
2949 1561 3224 1618 declinare
3264 1565 3502 1622 volueris

1933 1639 1998 1691 ad
2025 1655 2187 1709 opera
2217 1644 2419 1704 saeculi.
2447 1661 2608 1716 agere
2639 1657 2792 1703 actus
2822 1659 3004 1716 terrae,
3031 1662 3084 1708 et
3111 1653 3254 1710 lutea
3281 1658 3503 1726 explere

1936 1731 2260 1798 ministeria,
2299 1737 2444 1792 scias
2491 1748 2546 1792 et
2601 1754 2867 1810 agnoscas
2899 1744 3029 1812 quia
3077 1749 3314 1803 surrexit
3361 1749 3413 1803 in
3452 1759 3503 1804 te

1933 1838 2024 1878 rex
2057 1826 2215 1894 alius,
2243 1828 2334 1896 qui
2371 1831 2544 1884 nescit
2569 1830 2791 1901 Ioseph,
2824 1849 2918 1887 rex
2949 1833 3188 1907 Egypti,
3220 1849 3274 1892 et
3305 1841 3418 1908 ipse
3448 1850 3502 1894 te

1927 1917 2073 1987 cogit
2111 1919 2177 1972 ad
2211 1935 2376 1989 opera
2407 1937 2526 1988 sua,
2562 1933 2618 1978 et
2671 1925 2787 1994 ipse
2841 1937 2892 1982 te
2941 1927 3076 1982 facit
3127 1930 3354 1987 laterem
3391 1933 3497 1989 sibi

1925 2010 2139 2077 operari
2173 2019 2227 2065 et
2248 2011 2440 2067 lutum.
2475 2012 2594 2082 Ipse
2617 2025 2702 2070 est
2731 2018 2825 2086 qui
2863 2027 2913 2072 te
2943 2023 3298 2091 superpositis
3326 2026 3498 2096 magi-

1925 2101 2056 2155 stris
2091 2110 2144 2156 et
2174 2105 2610 2173 compulsoribus
2665 2110 2734 2161 ad
2761 2124 2926 2178 opera
2967 2122 3180 2166 terrena
3220 2112 3401 2184 ﬂagris
3431 2131 3497 2171 ac

1924 2194 2246 2250 verberibus
2276 2199 2406 2266 agit,
2453 2209 2512 2252 ut
2543 2201 2781 2256 aediﬁces
2823 2203 2896 2256 illi
2943 2204 3214 2260 civitates.
3248 2205 3368 2276 Ipse
3411 2217 3497 2261 est

1923 2286 2014 2352 qui
2043 2293 2094 2338 te
2121 2283 2252 2340 facit
2279 2285 2588 2344 discurrere
2619 2304 2714 2359 per
2750 2293 3027 2359 saeculum,
3053 2296 3219 2348 maris
3248 2309 3311 2350 ac
3337 2305 3495 2351 terra:

1923 2375 2192 2431 elementa
2220 2393 2317 2447 pro
2340 2380 2640 2447 cupiditate
2673 2383 2910 2439 turbare.
2957 2385 3074 2454 Ipse
3103 2387 3259 2457 132
3295 2395 3378 2442 est
3407 2387 3494 2443 hic

1921 2464 2137 2536 Egypti
2177 2483 2295 2533 rex,
2323 2470 2414 2538 qui
2469 2479 2520 2527 te
2563 2470 2739 2526 forum
2772 2474 2989 2543 pulsare
3031 2475 3220 2530 litibus
3255 2477 3406 2545 facit,
3438 2488 3497 2534 et

1922 2571 2020 2624 pro
2050 2559 2243 2629 exiguo
2269 2570 2426 2615 terra:
2460 2563 2667 2632 cespite
2689 2567 3024 2636 pr0pinquos
3063 2567 3261 2638 jurgiis
3295 2568 3496 2640 fatiga-

1922 2663 2004 2716 re,
2037 2659 2109 2716 et,
2150 2661 2208 2705 ut
2233 2653 2302 2705 ita
2337 2653 2515 2708 dicam
2561 2655 2724 2726 (80‘),
2775 2659 3011 2713 castitati
3051 2659 3318 2727 insidiari,
3353 2663 3498 2719 deci-

1920 2755 2050 2810 pere
2082 2742 2473 2810 innocentiam,
2509 2749 2650 2802 domi
2681 2747 2846 2815 fmda,
2877 2749 3012 2806 foris
3057 2752 3322 2818 crudelia,
3354 2754 3497 2809 intra

1921 2832 2307 2887 conscientiam
2332 2835 2603 2904 ﬂagitiosa
2637 2843 2999 2895 committere.
3033 2840 3167 2896 Cum
3197 2858 3328 2911 ergo
3361 2844 3496 2900 tales

1918 2921 2122 2978 videris
2151 2935 2306 2980 actus
2333 2934 2474 2992 tuos,
2517 2929 2656 2984 scito
2700 2939 2750 2984 te
2795 2931 2906 3000 regi
2946 2930 3202 3003 Egyptio
3232 2933 3492 3003 militare,

1919 3015 2062 3084 quod
2092 3026 2178 3072 est
2205 3019 2388 3074 mundi
2443 3019 2604 3090 hujus
2654 3023 2845 3092 spiritu
2895 3025 2979 3094 agi
3015 3024 3148 3098 (8|).
3195 3025 3252 3080 Si
3283 3041 3410 3081 vero
3440 3037 3498 3084 et

1919 3108 2127 3178 aliquid
2153 3111 2218 3165 de
2255 3110 2356 3166 hoc
2384 3112 2546 3166 etiam
2574 3113 2738 3168 altius
2779 3107 3124 3170 sentiendum
3158 3127 3262 3184 est,
3315 3127 3494 3188 potest

1919 3201 2087 3256 videri
2119 3217 2213 3258 rex
2260 3203 2367 3257 iste
2418 3206 2506 3274 qui
2539 3206 2716 3260 nescit
2751 3204 2976 3276 Joseph,
3009 3207 3278 3274 diabolus,
3308 3227 3329 3261 ι
3363 3210 3495 3265 insi—

1917 3293 2069 3366 piens
2095 3293 2184 3347 ille
2208 3293 2300 3362 qui
2331 3294 2466 3348 dixit
2503 3295 2556 3348 in
2586 3296 2749 3350 corde
2777 3311 2876 3350 suo
2902 3313 2916 3347 :
2942 3295 3060 3351 Non
3085 3305 3171 3351 est
3197 3297 3341 3355 Deus
3365 3300 3435 3368 ⁶⁹,-
3465 3319 3485 3353 ι

1917 3387 2065 3456 genti
2129 3402 2262 3452 suae,
2303 3386 2409 3441 hoc
2439 3395 2524 3442 est
2566 3389 2830 3458 apostatis
2879 3390 3101 3460 angelis,
3155 3392 3406 3462 colloqui,
3435 3401 3493 3450 et

1918 3477 2100 3533 dicere
2121 3479 2166 3510 ⁷ο
2203 3493 2214 3527 :
2255 3498 2274 3530 ι
2306 3479 2452 3533 Ecce
2496 3495 2628 3548 gens
2666 3465 2900 3535 ﬁliorum
2931 3481 3096 3537 Israel
3129 3499 3320 3552 magna
3353 3486 3489 3540 mul-

1919 3571 2089 3624 titudo
2121 3581 2221 3634 est,
2251 3590 2269 3623 ι
2293 3571 2462 3625 dehis
2485 3571 2691 3626 scilicet
2722 3574 2809 3640 qui
2841 3581 3066 3642 possunt
3099 3587 3275 3629 mente
3318 3577 3487 3631 Deum

1917 3660 2121 3724 videre,
2160 3677 2180 3711 ι
2215 3671 2267 3714 et
2298 3661 2570 3729 potentior
2601 3668 2685 3714 est
2711 3662 2886 3715 nobis.
2913 3663 3104 3718 Venite
3137 3663 3340 3732 itaque,
3383 3668 3490 3719 cir-

1916 3751 2348 3805 cumscribamus
2405 3750 2524 3805 illos
2577 3766 2643 3804 ne
2700 3751 2840 3806 forte
2880 3752 3213 3820 increscant,
3275 3765 3487 3810 etcum

1918 3843 2182 3898 acciderit
2213 3841 2369 3897 nobis
2411 3843 2634 3910 bellum,
2681 3845 3027 3900 consentient
3052 3853 3107 3899 et
3138 3846 3193 3900 hi
3243 3861 3364 3901 cum
3399 3850 3491 3902 ad-

1915 3937 2197 4002 versariis,
2243 3944 2297 3990 et
2345 3944 2720 4005 expugnantes
2785 3951 2882 3991 nos
2934 3937 3161 3991 exibunt
3215 3940 3280 3992 de
3341 3948 3487 3994 terra

1918 4032 2128 4078 nostra.
2165 4043 2184 4076 ι
2224 4022 2332 4077 Sed
2378 4023 2522 4077 unde
2562 4023 2664 4078 hoc
2691 4025 2858 4077 sentit
2905 4023 3185 4080 diabolus?
3236 4027 3375 4082 unde
3408 4029 3494 4082 in-

1919 4113 2117 4184 telligit
2149 4112 2273 4181 quia
2301 4127 2492 4182 magna
2529 4126 2662 4182 gens
2689 4112 2758 4166 sit
2788 4111 2975 4179 Israel,
3006 4123 3060 4168 et
3102 4113 3220 4183 ipso
3258 4115 3488 4181 fortior,

1917 4207 2024 4261 nisi
2057 4205 2185 4276 quia
2212 4220 2353 4274 saepe
2385 4219 2710 4273 congressus
2746 4213 2851 4268 est,
2885 4219 3029 4274 saepe
3080 4206 3268 4260 habuit
3312 4206 3491 4261 lucta-

1919 4312 2076 4363 men,
2111 4305 2166 4351 et
2199 4310 2338 4364 saepe
2374 4307 2662 4364 superatus
2693 4295 2814 4350 est?
2871 4294 2987 4351 Scit
3035 4297 3183 4350 enim
3217 4304 3270 4352 et
3315 4298 3491 4366 ipsum

1919 4387 2083 4444 Iacob
2114 4388 2379 4443 luctatum
2413 4401 2557 4452 esse,
2611 4396 2666 4441 et
2691 4386 2962 4457 adjutorio
2987 4387 3162 4457 angeli
3190 4389 3494 4445 obtinuisse

229 4501 355 4543 sum
383 4488 658 4543 Christum
697 4487 1060 4541 resurrexisse
1117 4500 1147 4538 a
1184 4486 1444 4550 mortuis;
1478 4504 1496 4537 ι
1533 4486 1658 4539 dum
1696 4485 1810 4539 hiec

1925 4481 2316 4543 adversarium,
2361 4487 2418 4534 et
2471 4478 2774 4533 invaluisse
2817 4494 2940 4532 cum
2992 4478 3122 4534 Deo.
3155 4479 3272 4534 Non
3305 4482 3494 4537 dubito

230 4581 487 4635 meminit
503 4579 613 4650 (79)
633 4579 680 4633 in
704 4577 960 4649 Egypto,
981 4577 1030 4630 id
1057 4587 1137 4632 est
1165 4577 1218 4631 in
1240 4591 1405 4631 carne
1422 4586 1626 4639 nostra,
1652 4577 1810 4646 spiri-

232 4679 326 4725 tus
357 4681 544 4725 noster
569 4685 791 4738 regnum
825 4685 945 4724 cum
966 4668 1176 4737 justitia
1200 4677 1438 4733 tenet,et
1460 4669 1600 4721 ﬁlios
1625 4667 1810 4731 Israel,

228 4782 375 4835 quos
404 4782 567 4835 supra
599 4766 832 4819 diximus
866 4764 1220 4819 rationabiles
1243 4778 1459 4827 sensus,
1493 4762 1573 4815 vel
1615 4763 1812 4815 anima:

227 4865 492 4923 virtutes,
524 4858 576 4912 in
613 4857 720 4912 luto
758 4867 812 4912 et
850 4857 1018 4910 latere
1047 4872 1150 4909 non
1200 4854 1489 4918 consumit,
1527 4868 1627 4908 nec
1665 4855 1812 4907 curis

225 4969 328 5010 eos
371 4951 603 5006 terrenis
631 4962 686 5004 et
708 4948 1164 5005 sollicitudinibus
1191 4947 1400 5002 atterit.
1440 4946 1496 5001 Si
1536 4962 1664 5000 vero
1688 4961 1814 5015 per-

226 5044 434 5098 diderit
461 5043 653 5096 horum
688 5040 1004 5094 memoriam
1037 5054 1228 5093 sensus
1265 5048 1468 5105 noster,
1505 5037 1813 5091 declinave-

225 5137 301 5188 rit
337 5152 364 5187 a
400 5135 530 5198 Deo,
558 5134 815 5188 nescierit
843 5131 1141 5196 Clnistum,
1172 5142 1298 5186 tunc
1316 5131 1580 5200 sapientia
1606 5128 1808 5192 carnis,

223 5245 354 5298 qua:
378 5226 599 5280 inimica
624 5234 710 5279 est
739 5227 865 5289 Deo,
914 5225 1160 5277 succedit
1195 5223 1247 5275 in
1294 5237 1548 5290 regnum,
1589 5231 1642 5275 et
1677 5219 1811 5273 allo-

301 5319 352 5352 “
374 5318 520 5372 Psal.
549 5333 708 5382 xvm,
741 5317 794 5371 5.
893 5317 936 5346 "
968 5315 1090 5370 Act.
1122 5332 1192 5382 Vl,
1236 5317 1290 5372 7.

221 5407 353 5452 xm,
384 5391 438 5444 I.
501 5389 548 5419 ⁷⁰
579 5389 754 5442 Exod.
780 5403 820 5452 ι,
849 5387 903 5454 9,
931 5387 1018 5439 I0.

300 5487 418 5558 (78)
459 5485 584 5539 Mss.
609 5504 636 5558 γι
670 5485 823 5538 Ilnnc
848 5491 994 5538 terra
1013 5478 1356 5548 multiplicat.
1382 5496 1400 5531 ι
1427 5476 1598 5544 Alias,
1631 5494 1650 5528 ι
1691 5478 1804 5531 hazc

220 5557 374 5616 terra
411 5557 755 5630 multiplicat.
798 5573 816 5604 ι
859 5623 908 5630 __
1015 5622 1026 5630 _
1071 5622 1103 5630 ,ν
1308 5619 1321 5630 _
1563 5627 1571 5630 Α
1608 5617 1620 5630 .

299 5631 414 5700 (79)
447 5619 614 5692 Alias,
651 5645 669 5677 I
708 5628 832 5680 dum
853 5623 946 5678 hic
978 5622 1133 5686 vivit,
1169 5639 1187 5672 ›
1229 5619 1323 5676 sed
1359 5635 1489 5675 mss.
1521 5627 1578 5673 ιιι
1607 5619 1660 5674 in
1701 5631 1802 5672 no-

217 5713 343 5757 δικ-ο
373 5709 546 5751 textu.

296 5771 414 5842 (δυ)
452 5768 581 5824 Vide
607 5767 644 5822 ι.
671 5783 710 5823 ιι
738 5764 978 5836 Origen.,
1003 5773 1174 5835 quaest
1203 5761 1288 5817 15.

1384 5316 1429 5347 ⁸⁸
1451 5314 1649 5384 Philip.
1683 5330 1722 5379 t,
1751 5312 1845 5379 ‘22,
1875 5309 1966 5377 25,
1995 5309 2087 5363 24.

1917 4575 2046 4643 quin
2081 4581 2138 4627 et
2188 4573 2419 4626 aliorum
2470 4579 2783 4624 sanctorum
2832 4572 3069 4624 senserit
3112 4571 3404 4638 luctamen,
3436 4585 3492 4628 et

1916 4665 2181 4735 spiritalia
2206 4662 2489 4732 pertulerit
2505 4676 2649 4730 saepe
2665 4661 2986 4727 certamina,
3005 4670 3058 4715 et
3074 4660 3198 4716 inde
3214 4662 3359 4718 dicat
3378 4663 3490 4736 (82)

1917 4760 2044 4829 quia
2075 4773 2206 4829 gens
2238 4757 2474 4810 ﬁliorum
2507 4754 2675 4809 Israel
2707 4769 2898 4825 magna
2937 4764 3019 4810 est
3050 4754 3226 4821 valde,
3259 4765 3314 4812 et
3345 4756 3490 4810 valet

1916 4866 2079 4921 super
2106 4865 2223 4903 nos.
2252 4848 2361 4903 Sed
2384 4855 2438 4902 et
2467 4845 2597 4900 illud
2623 4847 2764 4915 quod
2798 4845 2970 4910 timet,
3023 4846 3312 4914 nequando
3355 4860 3488 4902 eve-

1916 4945 2032 4998 niat
2056 4943 2138 4997 eis
2169 4939 2396 5004 bellum,
2428 4947 2484 4993 et
2525 4938 2875 4993 consentiant
2906 4937 3239 4993 adversariis
3271 4937 3410 5004 ejus,
3435 4950 3490 4993 et

1913 5035 2144 5092 devictis
2172 5035 2252 5089 eis
2273 5029 2556 5086 discedant
2580 5030 2645 5084 de
2682 5039 2825 5085 terra
2859 5045 2978 5098 sua,
3009 5031 3224 5085 videtur
3256 5032 3386 5084 mihi
3417 5045 3486 5086 ex

1913 5126 2000 5180 his
2029 5139 2148 5194 qua:
2172 5120 2378 5178 sanctis
2401 5118 2728 5189 patriarchis
2749 5119 2833 5174 vel
2859 5120 3134 5187 prophetis
3167 5121 3230 5175 de
3253 5122 3485 5176 adventu

1913 5217 2117 5272 Christi
2149 5226 2534 5282 nonnunquam
2569 5210 2803 5265 indicata
2831 5209 3068 5274 fuerant,
3109 5212 3482 5280 praesensisse,

2166 5305 2210 5339 ⁸⁷
2233 5306 2406 5361 Exod.
2444 5321 2489 5370 ι,
2527 5303 2583 5370 8,
2609 5304 2663 5358 9.
2743 5303 2789 5334 ⁸⁸
2817 5301 2861 5357 II
2883 5300 3024 5358 Tim.
3060 5317 3123 5370 tt,
3156 5301 3210 5360 8.
3287 5302 3482 5359 "Psal.

1985 5469 2120 5542 (80')
2154 5471 2305 5536 Mss.,
2338 5486 2358 5521 ι
2395 5478 2454 5524 ιιι
2482 5484 2586 5523 non
2621 5469 2752 5524 illud
2778 5468 2990 5534 dicam;
3016 5467 3186 5523 tlibb.
3217 5467 3400 5533 editi,¢
3424 5478 3482 5523 ιιι

1913 5539 2001 5599 ita
2016 5539 2208 5596 dicam.
2251 5560 2268 5593 ι

1985 5614 2096 5690 (ξι)
2129 5612 2299 5690 Alias,
2337 5629 2355 5662 ι
2397 5609 2670 5690 immundi
2695 5607 2923 5690 spiritus
2951 5608 3311 5690 imperio-agi.
3354 5628 3371 5660 ›

1986 5679 2098 5752 (82)
2131 5683 2298 5743 Alias,
2332 5700 2349 5732 ι
2383 5681 2534 5743 dicit,
2578 5698 2597 5731 ι
2625 5689 2680 5734 et
2713 5679 2876 5743 infra,
2910 5697 2927 5729 ι
2966 5681 3058 5733 sed
3090 5689 3145 5734 et
3176 5680 3305 5735 illud
3335 5680 3480 5748 quod

1915 5755 2141 5820 titnent;
2182 5771 2199 5806 ι
2233 5763 2288 5805 at
2317 5766 2449 5808 mss.
2479 5761 2536 5805 ut
2565 5753 2618 5805 in
2657 5760 2847 5805 nostro
2884 5759 3050 5804 textu.
