3902 6516
500 305 608 366 503

1953 303 2233 361 ORICENi
2244 305 2282 362 S
3615 321 3693 378 301

500 439 556 486 et
586 429 713 486 inde
759 429 902 485 scire
952 429 1095 500 quod
1146 428 1247 482 sibi
1289 428 1571 484 immineat
1618 429 1841 484 bellum.
1899 429 2075 484 Sentit
2104 432 2149 488 Δ
2181 430 2451 498 perdicem
2478 445 2537 486 se
2559 430 2787 495 dictum,
2827 445 2947 500 quae
2971 445 3078 485 non
3119 431 3329 501 peperit
3370 447 3694 511 congregasse.

504 533 794 579 venturum
825 522 916 592 qui
967 533 1133 577 exuat
1184 523 1528 592 principatus
1560 521 1677 590 eius
1731 535 1784 577 et
1834 534 2074 592 potesta-

504 627 589 671 tes
627 616 696 681 τί.
718 623 776 672 et
810 630 932 671 cum
965 615 1160 669 ﬁducia
1201 613 1501 682 triumphet
1547 629 1664 680 eos,
1698 623 1754 669 et
1785 613 1967 687 alligat
2025 617 2077 670 in

503 708 652 778 ligno
684 707 867 763 crucis
895 723 1029 764 sum.
1062 708 1230 779 Igitur
1272 720 1566 762 convocata
1611 712 1756 764 omni
1793 721 1952 782 gente
1981 726 2077 765 sua

501 801 899 855 circumvenire
951 810 1008 856 et
1057 800 1508 855 circumscribere
1552 804 1702 868 cupit
1732 803 1784 856 itt
1838 803 2081 857 homini-

499 894 599 948 bus
623 893 1004 950 rationabilem
1039 909 1278 958 sensum,
1313 893 1404 964 qui
1441 909 1580 948 nunc
1614 895 1911 964 ﬁguraliter
1945 897 2079 951 dici-

501 997 590 1040 tur
615 982 820 1048 Israel;
865 995 923 1040 et
953 985 1074 1040 ideo
1120 984 1368 1056 praefecit
1401 985 1483 1038 eis
1514 987 1800 1053 magistros
1830 1001 2075 1055 operum.

498 1077 592 1147 qui
638 1092 734 1133 eos
779 1087 983 1146 cogant
1026 1079 1241 1134 discere
1272 1093 1435 1148 Opera
1479 1079 1680 1138 carnis.
1732 1079 1871 1132 sicut
1920 1087 1976 1132 et
2022 1078 2077 1132 in

499 1169 728 1225 Psalmis
755 1170 954 1226 dicit"
988 1190 1000 1227 :
1035 1190 1053 1223 ι
1093 1171 1155 1226 Ει
1193 1175 1408 1228 admisti
1444 1184 1574 1229 sunt
1630 1171 1882 1241 gentibus
1912 1180 1968 1226 et
1997 1171 2079 1223 di-

497 1260 745 1316 dicerunt
789 1276 952 1331 opera
1005 1277 1222 1318 eorum.
1270 1283 1287 1314 ι
1345 1263 1512 1318 Docet
1565 1279 1661 1318 eos
1715 1272 1768 1316 et
1829 1262 2076 1316 civitates

497 1355 767 1412 aediﬁcare
797 1356 1086 1417 Pharaoni,
1126 1355 1339 1411 Philum
1365 1355 1497 1426 (85),
1535 1371 1654 1425 quze
1684 1356 1734 1408 in
1762 1364 1944 1408 nostra
1968 1353 2074 1406 lin-

502 1464 607 1517 gua
632 1449 912 1518 significat
959 1464 1015 1502 os
1065 1449 1397 1516 defectionis,
1432 1449 1514 1503 vel
1549 1465 1607 1502 os
1637 1447 1853 1517 abyssi;
1880 1456 1934 1501 et
1961 1446 2072 1499 Ra-

499 1555 704 1596 messes
758 1538 870 1610 (84)
899 1579 915 1606 ,
965 1555 1086 1609 quae
1119 1539 1508 1608 interpretatur
1557 1539 1837 1592 commotio
1878 1538 2071 1602 tinem;

498 1634 697 1700 Ethon,
737 1635 789 1689 id
825 1643 909 1690 est
937 1632 1228 1702 Heliopolis
1256 1648 1376 1703 qua:
1425 1633 1622 1686 dicitur
1679 1631 1864 1685 civitas
1918 1630 2068 1684 solis.

507 1728 670 1782 Vides
701 1726 896 1796 quales
925 1725 1026 1780 sibi
1057 1726 1308 1780 civitates
1339 1724 1596 1778 :ndiﬁcari
1647 1723 1897 1792 praecipit
1929 1721 2072 1776 Pha-

2186 535 2240 579 et
2291 526 2433 594 quod
2483 525 2534 578 hi
2567 540 2702 595 quos
2735 541 2840 579 non
2881 541 3006 580 cum
3047 525 3256 596 judicio
3289 534 3620 600 congregavit.
3654 538 3694 594 in

2184 617 2413 672 dimidio
2458 617 2668 672 dierum
2701 632 2925 672 suorum
2968 617 3511 686 derelinquentemn,
3557 639 3601 680 ει
3639 646 3698 684 se.

2181 718 2419 776 quenlur
2473 709 2757 763 Dominum
2806 719 2861 764 et
2896 711 3214 766 Creatorem
3275 691 3426 766 suum
3471 715 3696 778 Christum

2182 801 2390 866 Jesum.
2419 802 2508 871 qui
2542 818 2636 858 eos
2675 804 2863 872 genuit
2908 803 3043 875 (85).
3076 803 3166 858 Ille
3193 814 3371 858 autem
3402 817 3695 880 COIIgrt‘gatil

2181 911 2319 965 quos
2361 911 2465 950 non
2500 895 2703 966 genuit.
2741 895 2806 949 Et
2836 897 2955 950 ideo
2990 897 3290 951 remanebit
3341 898 3524 954 stultus
3551 903 3594 954 in
3625 923 3697 960 ηο-

2183 988 2422 1043 vissimis
2454 989 2587 1051 suis,
2608 1005 2730 1043 cmn
2757 989 2823 1042 ad
2850 989 3108 1044 factorem
3133 999 3188 1043 et
3215 989 3280 1042 ad
3303 1003 3560 1058 parentem
3578 1011 3696 1054 suum

2183 1077 2459 1139 universa,
2503 1091 2623 1145 quze
2655 1091 2801 1133 nunc
2832 1092 2929 1146 pro
2958 1079 3119 1149 hujus
3168 1080 3452 1149 tyrannide
3479 1092 3698 1154 congemi-

2183 1166 2303 1228 scit,
2346 1177 2601 1221 creatura
2655 1167 2986 1238 confugerit.
3039 1171 3104 1226 Et
3158 1175 3262 1228 hoc
3313 1173 3614 1243 indignatur,
3658 1193 3697 1236 et

2183 1258 2315 1312 dicit
2345 1257 2414 1322 ’⁷,
2436 1275 2454 1308 ‹
2482 1273 2551 1314 ne
2575 1271 2972 1329 expugnantes,
3031 1261 3205 1332 inquit
3230 1305 3244 1329 ,
3304 1281 3420 1330 nos,
3467 1275 3697 1328 exeantile

2181 1358 2325 1404 terra
2353 1359 2559 1403 nostra.
2601 1369 2620 1403 ›
2658 1349 2775 1405 Non
2821 1354 2934 1406 vult
2971 1370 3072 1408 nos
3114 1357 3266 1411 exire
3316 1337 3383 1410 de
3425 1368 3552 1412 terra
3599 1378 3695 1427 sua,

2181 1443 2276 1495 sed
2311 1442 2424 1496 vult
2456 1453 2512 1495 ut
2541 1458 2756 1512 semper
2782 1454 3068 1514 portemus
3109 1446 3403 1518 imaginem
3444 1452 3634 1506 terreni.
3656 1455 3697 1508 Si

2179 1536 2326 1588 enim
2363 1535 2427 1589 ad
2465 1537 2846 1590 adversarium
2883 1539 3001 1606 ejus
3025 1537 3454 1609 confugerimus,
3495 1557 3599 1596 cum
3631 1547 3696 1614 qui

2181 1627 2336 1681 nobis
2361 1632 2688 1697 przrparavit
2731 1646 2898 1700 regna
2953 1631 3242 1695 cmlorum,
3301 1647 3515 1687 necesse
3551 1644 3619 1688 est
3659 1644 3701 1690 ut

2180 1719 2554 1790 relinquamus
2582 1724 2873 1792 imaginem
2900 1721 3122 1786 terreni,
3152 1734 3207 1776 et
3233 1723 3580 1790 suscipiamus
3603 1727 3700 1778 ima-

501 1818 628 1872 rao!
666 1815 761 1881 Os,
788 1816 986 1886 inquit,
1016 1813 1276 1869 deﬁciens
1305 1829 1318 1878 ;
1355 1813 1540 1868 deﬁcit
1573 1827 1809 1882 namque
1833 1827 1915 1874 os,
1949 1826 2074 1866 cum
2108 1797 2150 1853 Β
2181 1812 2360 1881 ginem
2387 1815 2645 1869 cmlestis.
2680 1815 2976 1886 Propterea
3018 1830 3149 1886 ergo
3179 1815 3398 1870 Pharao
3423 1817 3595 1872 statuit
3618 1837 3701 1873 tua-

499 1910 844 1965 mcndacium
896 1906 1156 1975 loquitur,
1193 1914 1245 1958 et
1296 1918 1343 1957 a-
1385 1903 1612 1957 veritate
1659 1902 2077 1972 probationibus

493 2003 703 2059 deficit.
750 1999 845 2057 Ille
890 2001 1033 2056 enim
1070 2001 1138 2053 ab
1168 1999 1330 2054 initio
1361 1998 1597 2052 mendax
1645 1995 1745 2050 fuit
1768 1997 1836 2060 τ’,
1870 2006 1926 2050 et
1955 1995 2077 2048 ideo

496 2096 632 2152 tales
681 2093 784 2150 sibi
839 2093 1092 2148 civitates
1141 2091 1403 2145 aediﬁcari
1458 2089 1598 2144 vult.
1657 2089 1750 2142 Vel
1809 2089 1979 2143 etiam
2013 2101 2076 2140 os

493 2189 697 2261 abyssi,
749 2187 876 2257 quia
905 2187 1133 2256 abyssus
1187 2185 1534 2255 perditionis,
1591 2193 1646 2238 et
1685 2185 1942 2237 interitus
1992 2192 2076 2236 est

493 2280 660 2337 locus.
688 2278 753 2335 Et
783 2277 887 2334 alia
913 2276 1030 2345 ejus
1054 2276 1252 2332 civitas
1291 2277 1585 2334 commotio
1613 2276 1771 2329 tinem
1805 2285 1912 2332 est.
1946 2274 2076 2330 Om-

491 2389 588 2428 nes
621 2371 770 2426 enim
797 2371 890 2442 qui
917 2383 1038 2425 eum
1073 2379 1399 2438 sequuntur,
1451 2368 1522 2422 ibi
1579 2378 1915 2439 congregant
1953 2370 2074 2424 the-

493 2479 686 2519 sauros
725 2476 875 2527 suos.
923 2463 1014 2516 ubi
1075 2463 1217 2516 tinea
1271 2461 1630 2523 exterminat,
1690 2471 1747 2515 et
1802 2461 1890 2515 ubi
1926 2461 2076 2515 fures

489 2555 758 2611 eﬁodiunt
783 2564 839 2610 et
882 2553 1156 2608 furantur.
1199 2552 1302 2608 Sed
1337 2563 1390 2608 et
1421 2554 1697 2607 civitatem
1735 2555 1867 2607 solis
1900 2552 2074 2607 tediﬁ-

492 2657 620 2702 cant
655 2647 794 2702 falso
826 2647 1066 2711 nomine,
1109 2660 1210 2713 pro
1242 2659 1307 2698 eo
1336 2645 1480 2714 quod
1516 2645 1790 2699 convertit
1825 2659 1884 2698 se
1927 2645 2075 2699 sicut

492 2739 719 2810 angelus
753 2738 908 2793 lucis.
937 2735 992 2790 In
1031 2737 1114 2791 his
1155 2751 1284 2806 ergo
1331 2737 1618 2805 prmveuit,
1646 2737 1699 2790 iu
1731 2736 1814 2790 his
1841 2746 2075 2806 occupat

495 2839 729 2897 mentes,
761 2842 883 2898 qua:
906 2828 971 2881 ad
1002 2827 1103 2881 hoc
1138 2828 1295 2880 facta:
1340 2836 1486 2887 sunt,
1530 2837 1589 2880 ut
1624 2827 1849 2881 videant
1879 2828 2070 2882 Deum.

492 2920 760 2989 Prospicit
795 2929 972 2974 tamen
1007 2918 1294 2972 imminere
1324 2917 1425 2971 sibi
1462 2918 1681 2982 bellum,
1717 2929 1770 2974 et
1799 2934 2071 2976 maturum

494 3015 640 3086 genti
669 3028 781 3068 suae
811 3011 1124 3066 adfuturum
1149 3011 1317 3064 sentit
1349 3012 1600 3066 exilium.
1628 3012 1750 3066 Ideo
1790 3016 1921 3068 dicit
1947 3017 2070 3084 quia

2178 1905 2379 1976 gistros
2411 1923 2662 1977 operum,
2687 1910 2776 1979 qui
2805 1925 2904 1964 nos
2938 1923 3067 1962 suas
3092 1918 3240 1962 artes
3267 1910 3510 1971 doceant,
3539 1911 3702 1978 quinos

2179 1998 2420 2054 artifices
2475 1999 2694 2054 malitia:
2759 1999 2984 2064 faciant,
3039 2003 3132 2068 qui
3190 2001 3348 2053 nobis
3389 2000 3700 2069 magisterium

2180 2090 2445 2144 tnalorutn
2474 2092 2774 2159 praebeant.
2806 2092 2872 2145 Et
2901 2093 3027 2160 quia
3065 2090 3368 2144 multisuut
3397 2091 3478 2144 isti
3513 2095 3700 2159 magistri

2178 2195 2231 2237 et
2263 2184 2514 2238 doctores
2539 2184 2780 2249 malitiae,
2813 2199 2948 2252 quos
2980 2183 3222 2253 praefecit
3253 2184 3484 2247 l'harao,
3521 2194 3567 2236 et
3586 2183 3701 2254 133

2177 2285 2260 2329 est
2286 2275 2475 2345 ingens
2513 2276 2802 2330 multitudo
2828 2275 3197 2344 hujuscemodi
3221 2275 3700 2342 compulsorum,qui

2177 2383 2368 2422 omnes
2395 2368 2642 2440 exigunt,
2666 2369 2954 2435 imperant,
2981 2376 3037 2422 et
3069 2376 3702 2435 extorqueutOperaterre-

2181 2478 2247 2516 na
2270 2478 2282 2512 :
2306 2461 2426 2516 ideo
2445 2461 2668 2516 veniens
2682 2459 2946 2514 Dominus
2969 2459 3128 2514 Jcsus
3149 2460 3276 2513 fecit
3293 2458 3431 2512 alios
3453 2460 3702 2527 magistros,

2179 2562 2236 2607 et
2276 2553 2550 2614 doctores,
2581 2551 2673 2620 qui
2704 2560 3009 2620 pugnantes
3041 2552 3334 2602 adversum
3379 2547 3514 2608 illos,
3550 2557 3595 2598 et
3620 2551 3704 2598 sub-

2173 2643 2432 2713 jicientes
2468 2657 2660 2696 omnes
2690 2657 2877 2695 eorum
2909 2639 3268 2709 principatus,
3327 2648 3385 2691 et
3435 2648 3699 2706 potestates,

2177 2746 2236 2794 et
2283 2739 2552 2801 virtutes,
2610 2736 2907 2791 defendant
2957 2749 2986 2786 a
3046 2723 3320 2786 violentiis
3381 2747 3559 2787 eorum
3605 2731 3704 2783 ﬁliis

2180 2832 2363 2896 Israel,
2393 2841 2450 2885 et
2480 2835 2712 2886 doceant
2745 2845 2843 2883 nos
2882 2843 3045 2898 Opera
3077 2826 3381 2881 Israelitica
3412 2840 3427 2878 :
3462 2834 3513 2879 et
3538 2840 3703 2876 I'ttrsunt

2180 2927 2414 2980 doceant
2445 2940 2544 2979 nos
2574 2933 2755 2979 mente
2781 2921 2946 2976 Deum
2985 2920 3198 2983 videre,
3241 2920 3546 2988 relinquere
3579 2932 3704 2984 opera

2179 3016 2504 3080 Pharaonis,
2562 3017 2715 3071 exire
2752 3016 2818 3070 de
2847 3026 2990 3068 terra
3027 3013 3272 3085 Egypti,
3325 3010 3558 3078 abjicere
3581 3007 3706 3077 dig]-

493 3123 628 3177 gens
655 3106 821 3162 Israel
853 3105 993 3159 valet
1021 3119 1184 3172 super
1225 3118 1343 3156 nos.
1376 3102 1589 3158 Utinam
1616 3116 1669 3158 et
1697 3105 1764 3160 de
1790 3106 1943 3160 nobis
1967 3109 2069 3162 hoc
2100 3142 2143 3201 c
2180 3109 2325 3181 ptios
2353 3118 2411 3164 et
2465 3109 2735 3164 barbaros
2767 3124 2976 3172 mores,
3010 3109 3280 3177 deponere
3315 3114 3486 3158 totum
3519 3115 3704 3156 veterem

493 3203 657 3265 dicat,
689 3199 890 3256 sentiat
918 3213 1016 3252 nos
1035 3195 1214 3251 valere
1245 3211 1412 3266 super
1431 3199 1526 3252 se!
1558 3196 1839 3264 Quomodo
1869 3202 2075 3257 sentire

493 3291 600 3347 hoc
629 3290 873 3362 poterit?
903 3289 961 3344 Si
993 3302 1115 3342 cum
1151 3287 1281 3340 mihi
1335 3291 1698 3356 cogitationes
1737 3291 1930 3362 injicit
1961 3289 2074 3346 ma-

491 3383 598 3450 Ias,
632 3392 688 3439 et
719 3381 1192 3452 concupiscentias
1228 3379 1494 3448 pessimas
1518 3420 1534 3446 ,
1587 3397 1687 3453 ego
1737 3399 1845 3437 non
1897 3384 2066 3438 susci-

492 3480 662 3548 piam,
695 3477 788 3532 sed
809 3477 991 3546 jacula
1015 3478 1135 3548 ejus
1159 3477 1330 3550 ignita
1355 3487 1510 3530 scuto
1541 3475 1663 3530 ﬁdei
1703 3475 1984 3544 repellant,
2026 3477 2071 3530 si

494 3571 548 3625 in
579 3571 833 3624 omnibus
869 3585 1210 3640 quaecunque
1270 3568 1512 3640 suggerit
1559 3569 1726 3622 menti
1764 3581 1931 3631 meae,
1969 3583 2072 3637 ego

491 3676 701 3718 memor
726 3662 930 3718 Christi
960 3664 1063 3718 mei
1100 3662 1316 3718 Domini
1342 3703 1357 3728 ,
1387 3663 1566 3717 dicam
1600 3661 1647 3693 ⁷⁸
1679 3677 1693 3714 :
1737 3680 1756 3712 ι
1807 3661 1959 3715 Vade
1985 3677 2073 3716 re-

491 3763 602 3820 tro,
628 3755 861 3811 Satana.
897 3756 1175 3825 Scriptum
1229 3769 1314 3812 est
1355 3757 1542 3812 enim:
1578 3755 1869 3810 Dominum
1903 3755 2072 3808 Deum

491 3858 643 3904 tuum
681 3850 962 3916 adorabis,
1013 3859 1068 3906 et
1099 3851 1197 3919 ipsi
1221 3851 1320 3906 soli
1357 3850 1586 3906 servies.
1623 3869 1642 3902 ι
1685 3849 1742 3904 Si
1775 3864 1910 3918 ergo
1954 3849 2074 3904 haec

489 3943 640 3998 omni
672 3943 804 4009 ﬁde,
858 3943 1006 3997 omni
1065 3943 1375 3998 constantia
1422 3958 1670 4013 agamus,
1719 3943 1852 3996 dicit
1903 3950 1956 3996 et
2007 3943 2074 3998 de

489 4038 669 4103 nobis,
699 4038 824 4107 quia
845 4037 1156 4109 genslsrael
1178 4052 1368 4104 magna
1389 4047 1492 4102 est,
1521 4045 1576 4090 et
1603 4036 1744 4090 valet
1772 4052 1934 4106 super
1951 4053 2072 4092 nos.

492 4131 602 4187 Sed
639 4140 691 4187 et
718 4133 824 4188 hoc
847 4131 990 4200 quod
1033 4129 1168 4208 dicit
1196 4131 1240 4162 ⁷⁸
1267 4145 1282 4184 :
1325 4148 1342 4182 ι
1394 4129 1472 4184 Ne
1504 4129 1645 4184 forte
1675 4131 1886 4184 accidat
1916 4130 2073 4185 nobis

488 4223 713 4290 bellum,
761 4232 820 4280 et
866 4221 1212 4278 consentiant
1253 4231 1308 4277 et
1345 4222 1399 4278 hi
1436 4237 1560 4277 cum
1611 4223 1938 4276 adversariis
1973 4237 2072 4276 no-

489 4315 664 4384 stris;
703 4334 724 4369 ι
762 4330 834 4374 ex
860 4315 1199 4386 propheticis
1238 4315 1468 4370 vocibus
1499 4315 1754 4384 prmvidit
1782 4325 2070 4369 venturum

489 4407 594 4464 sibi
631 4408 829 4464 bellum
857 4418 914 4465 et
942 4409 1427 4480 derelinquendum
1469 4423 1529 4463 se
1557 4423 1587 4461 a
1637 4407 1761 4462 filiis
1798 4407 1986 4474 Israel,
2018 4418 2072 4463 et

2179 3208 2452 3262 hominem
2487 3221 2609 3259 cum
2642 3203 2855 3259 actibus
2883 3205 3018 3268 suis,
3044 3211 3097 3255 et
3132 3201 3366 3254 induere
3396 3211 3600 3262 novum,
3633 3196 3701 3263 qui

2177 3297 2479 3350 secundum
2533 3295 2699 3348 Deum
2752 3302 2972 3346 creatus
3021 3300 3106 3346 est
3157 3291 3414 3344 renovari
3448 3301 3638 3356 semper
3658 3286 3704 3336 de

2176 3389 2264 3443 die
2301 3389 2352 3442 in
2381 3388 2522 3442 diem
2577 3389 2642 3441 ad
2701 3386 2990 3454 imaginem
3041 3384 3160 3452 ejus
3198 3383 3288 3453 qui
3344 3382 3476 3437 fecit
3508 3396 3597 3434 nos
3624 3375 3705 3446 (86)

2176 3480 2381 3537 Christi
2415 3479 2540 3535 Jesn
2584 3479 2799 3534 Domini
2842 3482 3009 3533 nostri
3051 3477 3137 3533 cui
3175 3486 3261 3531 est
3296 3474 3472 3546 gloria
3509 3481 3559 3526 et
3583 3472 3706 3539 impe

2178 3575 2318 3630 rium
2352 3575 2404 3628 in
2433 3573 2629 3630 saecula
2657 3573 2996 3628 saeculorum.
3031 3571 3229 3625 Amen.

2774 3660 3051 3718 HOMILIA
3113 3661 3176 3716 II.

2708 3755 2784 3810 De
2807 3757 3189 3810 obstetricibus.

2249 3855 2298 3909 1.
2343 3851 2506 3907 Multa
2550 3851 2766 3924 quidem
2810 3855 3096 3907 adversum
3143 3861 3362 3922 gentem
3409 3851 3500 3907 Dei
3539 3850 3710 3905 molitur

2177 3959 2272 4002 rex
2305 3947 2409 4001 iste
2434 3985 2449 4010 ,
2483 3946 2577 4015 qui
2624 3961 2732 4000 non
2781 3946 2930 3999 novit
2956 3944 3157 4016 Joseph
3189 3987 3202 4010 ,
3240 3954 3296 4000 et
3347 3957 3496 4000 artes
3534 3941 3711 4000 nocendi

2179 4053 2348 4092 novas
2391 4052 2610 4104 semper
2641 4037 2885 4106 inquirit.
2921 4035 3120 4091 Verum
3156 4052 3299 4091 nunc
3335 4037 3596 4093 calliditas
3625 4033 3710 4102 ejus

2177 4133 2549 4201 supereminet
2590 4133 2808 4184 modum
2841 4168 2856 4193 ,
2888 4143 3013 4182 cum
3063 4130 3426 4184 obstetricum
3462 4124 3712 4183 ministerio

2178 4224 2421 4280 sobolem
2470 4225 2650 4294 gentis
2680 4230 2915 4277 conatur
2949 4223 3299 4294 exstinguere
3326 4263 3342 4288 ,
3379 4238 3596 4292 quarum
3627 4230 3713 4273 arte

2176 4316 2316 4372 solet
2346 4318 2450 4371 vita
2482 4317 2716 4372 servari.
2753 4317 2893 4384 Quid
2930 4318 3080 4371 enim
3115 4316 3292 4371 dicit?
3333 4336 3352 4368 ‹
3378 4316 3446 4371 Ει
3480 4314 3624 4375 dixit,
3650 4312 3712 4365 in-

2177 4409 2293 4478 quit
2323 4409 2504 4472 ",rcx
2536 4409 2912 4483 Aﬁgyptiorum
2949 4409 3336 4464 obstetricibus
3367 4407 3710 4467 Hebraeorum,

489 4497 617 4568 quia
647 4498 1002 4554 consentient
1030 4501 1347 4554 adversario
1381 4497 1522 4566 ejus,
1555 4507 1609 4552 et
1644 4497 1970 4566 adjicieutur
2001 4501 2068 4556 ad
2103 4491 2148 4548 D
2178 4516 2408 4570 quarum
2442 4503 2532 4555 uni
2586 4516 2780 4556 nomen
2824 4508 2941 4556 erat
2971 4500 3216 4569 Sephora
3247 4540 3262 4562 ,
3302 4511 3360 4552 et
3398 4513 3588 4554 nomen
3616 4497 3714 4551 alte-

491 4591 800 4647 Dominum.
838 4590 952 4647 Hoc
975 4601 1059 4649 est
1091 4594 1234 4648 enim
1259 4593 1402 4662 quod
1431 4593 1498 4646 de
1545 4606 1612 4646 eo
1636 4590 1902 4646 Jeremias
1943 4607 2070 4662 pro-

490 4685 654 4755 pheta
677 4684 1073 4754 prazdixerat"
1105 4702 1118 4739 :
1150 4703 1170 4737 ι
1205 4683 1473 4739 Clamavit
1505 4684 1692 4752 perdix
1717 4726 1732 4750 ,
1768 4700 2069 4756 congrega-

490 4783 568 4833 vit
596 4792 719 4849 quae
769 4794 876 4834 non
921 4779 1154 4849 peperit,
1206 4778 1336 4834 fecit
1365 4779 1584 4834 divitias
1631 4795 1757 4832 suas
1789 4795 1894 4834 non
1948 4797 2072 4834 cum

483 4868 714 4940 judicio,
745 4869 797 4924 in
832 4869 1055 4925 dimidio
1094 4870 1304 4924 dierum
1354 4868 1470 4937 ejus
1505 4870 1888 4940 derclinquent
1923 4888 2073 4937 eum,

489 4973 546 5025 et
577 4964 630 5020 iu
660 4964 973 5020 novissimis
1017 4966 1135 5020 suis
1165 4965 1270 5019 erit
1315 4964 1536 5019 stultus.
1580 4983 1600 5016 ι
1635 4962 1890 5036 luteiligit
1940 4983 2073 5038 ergo

477 5196 492 5222 -'
568 5186 613 5224 ’ί
647 5183 764 5239 Col.
792 5198 831 5240 ι.
876 5181 944 5237 l5
1024 5181 1071 5214 "
1100 5181 1242 5237 Psal.
1283 5181 1507 5246 C\'l,35.

486 5255 533 5292 "
561 5256 730 5312 Exod.
760 5271 801 5321 ι,
834 5253 917 5309 10.
1009 5252 1055 5284 ⁷⁸
1084 5254 1255 5310 Exod.
1305 5270 1341 5318 t,
1377 5253 1465 5318 15,
1496 5251 1581 5307 16.
1663 5253 1714 5285 ⁷⁹λ
1737 5254 1868 5309 ibid.
1905 5255 1995 5310 17.

565 5423 676 5490 (85)
710 5419 947 5483 Phitom.
984 5420 1252 5476 Hebraice
1277 5427 1402 5479 una
1435 5418 1494 5473 Si
1531 5419 1763 5472 duratur
1799 5435 1868 5473 ex
1897 5429 1969 5481 τε)
1992 5438 2073 5487 os,

490 5497 600 5549 orr‘s
623 5507 678 5555 et
707 5503 844 5553 ann
875 5493 1098 5553 absolvi.
1129 5492 1355 5558 absumi,
1382 5490 1624 5558 deﬁcere,
1665 5501 1939 5560 utcunque
1990 5493 2074 5546 itt-

493 5565 879 5634 terpretabitur
909 5580 966 5617 os
996 5562 1332 5632 defectionis,
1365 5576 1490 5614 nam
1519 5561 1711 5613 melius
1753 5561 2074 5634 redderetur

491 5652 548 5689 os
572 5632 928 5703 perfectionis,
958 5635 1002 5688 si
1038 5647 1168 5687 vero
1198 5641 1323 5694 una
1349 5648 1416 5686 ex
1436 5639 1514 5692 ΠΒ
1552 5639 1607 5703 et
1637 5639 1786 5690 man
1808 5632 2034 5703 abyssus
2054 5673 2070 5699 ,

492 5700 1053 5775 abyssialerivaretur,
1069 5707 1207 5758 verti
1233 5713 1416 5773 posset
1430 5719 1487 5758 os
1507 5702 1704 5772 abyssi,
1730 5712 1784 5758 ut
1803 5700 2072 5761 Iiebraice

493 5775 752 5831 scribitur
771 5784 916 5845 una,
951 5791 1060 5833 non
1075 5784 1287 5843 £373.13.

2182 4595 2298 4650 rius
2325 4593 2475 4647 Phua
2507 4634 2521 4658 ,
2554 4602 2608 4648 et
2636 4593 2745 4647 ait:
2776 4592 2908 4646 Cum
2936 4591 3365 4646 obstetricabitis
3400 4590 3654 4651 ilebraaas,
3677 4596 3715 4638 et

2183 4703 2348 4758 prope
2375 4697 2588 4758 partum
2621 4694 2805 4747 erunt,
2840 4686 2884 4738 si
2918 4683 3190 4738 masculus
3218 4682 3407 4745 fuerit,
3434 4682 3644 4738 occidite
3666 4677 3715 4732 il-

2182 4781 2291 4835 lum
2320 4776 2336 4845 ,
2371 4781 2414 4835 si
2451 4780 2650 4834 femina
2676 4817 2690 4842 ,
2724 4778 3016 4832 viviﬁcale.
3048 4795 3066 4828 ι
3109 4774 3214 4830 Sed
3244 4776 3330 4831 his
3360 4775 3649 4846 adjungitur
3676 4770 3714 4821 in

2181 4874 2646 4944 consequentibus
2681 4873 2759 4926 "’:
2801 4889 2820 4924 c
2855 4871 3180 4926 Timuerunt
3229 4881 3413 4925 autem
3445 4864 3716 4924 obstetrices

2187 4971 2400 5038 Deum,
2451 4978 2506 5025 et
2549 4983 2658 5024 non
2692 4967 2942 5023 fecerunt
2986 4968 3128 5022 sicut
3167 4974 3505 5036 praeceperat
3532 4961 3623 5018 illis
3645 4970 3716 5012 rex

1613 5181 1658 5212 "
1681 5180 1840 5237 Joan.
1877 5199 1994 5248 vttt,
2021 5186 2072 5242 44

2191 5189 2237 5221 ’⁸
2261 5187 2450 5243 Matth.
2487 5202 2561 5251 tv,
2597 5186 2682 5240 10.
2759 5180 2980 5237 "Exod.
3010 5197 3050 5246 ι,
3101 5179 3185 5234 10.
3261 5177 3308 5208 ’⁸
3342 5173 3456 5230 Jer.
3485 5185 3608 5230 xvn.
3649 5162 3716 5220 ιι.

2246 5417 2361 5490 (84)
2387 5417 2686 5490 Ramesses,
2727 5413 2993 5469 Hebraice
3018 5421 3222 5490 nomn
3247 5425 3274 5463 a
3311 5406 3482 5490 verba
3502 5407 3715 5490 0113f:

2175 5477 2710 5553 nare,'comntoveri,
2751 5495 2807 5539 et
2852 5497 2980 5539 voco
3023 5495 3104 5548 DD
3141 5484 3305 5545 tinea,
3353 5479 3554 5541 blatta;
3601 5477 3716 5526 recte

2174 5562 2567 5625 interpretatur
2599 5557 2879 5610 commotio
2909 5557 3082 5608 tineis.

2244 5622 2360 5702 (85)
2393 5630 2485 5702 Sic
2514 5643 2646 5682 mss.
2671 5627 2847 5702 alias,
2885 5646 2905 5702 ς
2942 5625 3032 5694 qui
3068 5639 3166 5702 nos
3195 5622 3401 5702 genuit.
3446 5637 3465 5671 ι

2243 5683 2358 5774 {SS}
2389 5683 2577 5774 Alias,
2619 5716 2636 5750 ι
2660 5697 2760 5766 Qui
2806 5683 2933 5774 fecit
2961 5683 3064 5750 nos
3105 5699 3157 5749 in
3193 5683 3421 5761 gloriam
3451 5699 3505 5745 et
3537 5683 3716 5745 laudent

2169 5770 2348 5830 suam.
2372 5791 2391 5824 ι
2436 5770 2544 5828 Sed
2573 5784 2706 5828 mss.
2738 5777 2794 5825 ut
2822 5771 2878 5824 in
2907 5778 3097 5824 nostro
3133 5777 3302 5821 textu.
