3902 6504
215 430 325 488 5οῢ

1434 429 1502 487 ΙΝ
1533 431 1823 490 EXODUM
1857 431 2144 490 llOMlLlA
2180 431 2246 488 11.

3387 435 3496 491 506

213 548 435 619 Egypti
463 587 478 614 ,
513 557 568 602 et
611 547 964 602 vivificabanl
1005 548 1298 604 masculos.
1337 569 1355 603 1
1414 551 1471 607 Si
1503 553 1805 607 secundum
1837 556 1885 614 Α
1914 551 2120 622 spectui
2155 550 2425 607 habentur
2465 556 2519 604 et
2563 549 2922 620 contemptui.
2972 548 3098 605 Inde
3148 551 3493 607 contumeliis

214 642 460 700 historia:
497 643 872 699 narrationem
918 642 1031 713 (87)
1064 643 1408 712 suscipienda
1460 655 1646 701 essent
1683 662 1805 716 quae

211 735 422 803 scripta
449 747 598 802 sunt,
633 734 847 789 videtur
875 737 980 790 hoc
1007 738 1151 806 quod
1181 737 1312 790 dicit
1346 737 1648 808 Scriptura,
1675 739 1804 809 quia

213 842 326 884 non
364 829 612 884 fecerunt
649 829 984 885 obstetrices
1027 830 1326 886 secundum
1361 833 1502 902 quod
1534 848 1806 904 praicepe-

210 931 305 977 rat
333 920 414 974 eis
443 935 539 975 rex
581 919 825 993 Egypti,
860 931 1008 978 stare
1047 937 1154 977 non
1191 939 1371 994 posse.
1402 925 1517 980 Non
1552 927 1696 981 enim
1731 927 1806 980 iii-

212 1013 510 1069 veniuiitur
533 1015 862 1070 obstetrices
908 1029 1012 1070 non
1038 1016 1347 1072 viviﬁcasse
1383 1017 1636 1079 feminas.
1667 1033 1805 1088 quas

213 1106 476 1178 prmcepit
508 1122 604 1162 rex
637 1105 860 1180 Egypti
891 1108 1172 1164 vivilicari.
1209 1110 1300 1165 Sic
1329 1111 1472 1166 enini
1507 1113 1582 1165 ait
1607 1112 1674 1174 ⁸ο,
1713 1130 1731 1164 i
1758 1112 1802 1166 si

215 1198 498 1253 masculus
521 1207 623 1264 est,
655 1200 889 1255 occidite
919 1201 1100 1265 illum;
1134 1203 1178 1256 si
1208 1203 1432 1269 femina,
1459 1204 1749 1259 vivilicate.
1779 1224 1798 1257 1

215 1288 280 1342 Ei
316 1289 361 1343 si
391 1304 496 1345 non
524 1289 774 1347 fecerunt
807 1293 1131 1349 obstetrices
1170 1295 1310 1350 sicut
1349 1307 1679 1364 praeceperat
1709 1311 1803 1350 rex

211 1383 443 1456 Egypti
465 1427 482 1453 ,
518 1385 825 1442 debuerant
855 1387 1045 1458 utique
1084 1388 1225 1444 sicut
1258 1388 1526 1444 masculos
1555 1390 1802 1444 vivilica-

213 1473 350 1528 bant
380 1483 572 1529 contra
603 1485 937 1546 praeceptum
968 1475 1134 1546 regis,
1169 1477 1240 1530 ita
1269 1479 1502 1533 feminas
1526 1480 1800 1544 occidere,

212 1575 278 1619 ut
319 1575 376 1621 et
424 1567 526 1621 hoc
559 1577 705 1623 esset
740 1578 931 1623 contra
971 1579 1297 1639 praeceptum
1347 1575 1510 1640 regis.
1550 1571 1683 1627 Nam
1719 1573 1802 1628 fe-

212 1657 399 1712 minas
423 1659 747 1728 vivificasse,
805 1663 1101 1716 secundum
1131 1676 1461 1736 przeceptum
1494 1676 1573 1721 est
1607 1666 1803 1724 fecisse

210 1751 542 1811 Pharaonis.
580 1755 707 1812 llaec
746 1758 963 1814 interim
995 1768 1211 1829 propter
1239 1776 1333 1816 eos
1365 1763 1454 1831 qui
1482 1763 1643 1818 amici
1677 1773 1800 1819 sunt

207 1844 433 1913 litterae,
467 1857 518 1903 et
547 1865 653 1903 nun
684 1859 880 1920 putant
914 1855 1087 1925 legem
1115 1855 1416 1925 spiritalem
1450 1871 1571 1912 esse
1599 1868 1654 1912 et
1689 1859 1801 1928 spi—

207 1937 453 1994 ritaliter
499 1941 927 2016 intelligendam.
986 1946 1092 2002 Sed
1147 1962 1245 2002 nos
1297 1949 1388 2017 qui
1448 1950 1632 2005 omnia
1682 1968 1801 2021 qua:

207 2034 420 2102 scripta
461 2045 588 2090 sunt
622 2052 727 2091 non
773 2055 871 2108 pro
915 2041 1323 2096 narrationibus
1367 2044 1800 2112 antiquitatum,

207 2123 309 2177 sed
363 2141 459 2193 pro
520 2127 811 2198 disciplina
867 2142 918 2186 et
978 2133 1214 2189 utilitate
1267 2144 1450 2190 nostra
1511 2137 1802 2192 didicimus

207 2216 443 2286 scripta,
472 2219 583 2274 haec
607 2237 726 2289 qua:
755 2223 1025 2293 leguntur,
1056 2227 1221 2281 etiam
1257 2242 1402 2282 nunc
1434 2228 1550 2283 fieri
1580 2245 1684 2284 non
1715 2247 1804 2284 so-

207 2305 326 2360 lum
363 2309 414 2362 iii
445 2309 548 2365 hoc
579 2315 801 2376 mundo.
833 2316 922 2384 qui
951 2315 1218 2388 Egyptus
1250 2319 1552 2390 figuraliter
1581 2323 1804 2388 dicitur,

208 2401 311 2454 sed
333 2400 385 2454 iii
414 2418 743 2476 unoquoque
768 2418 1010 2464 nostrum
1035 2411 1516 2481 deprehendimus.
1544 2415 1804 2485 lteqiiira-

213 2502 345 2543 mus
374 2502 504 2561 ergo
549 2497 822 2562 quomodo
865 2514 958 2552 rex
992 2497 1214 2572 Egypti
1243 2543 1258 2569 ,
1305 2505 1401 2572 qui
1435 2515 1519 2560 est
1553 2509 1806 2576 princeps

215 2579 385 2649 hujus
430 2586 660 2652 mundi,
694 2589 958 2646 vivilicari
1002 2607 1182 2648 mares
1233 2611 1339 2650 non
1383 2599 1535 2662 vult,
1573 2599 1808 2657 feminas

209 2671 352 2725 vult.
387 2673 446 2728 Si
481 2679 830 2750 meministis,
865 2698 1009 2754 saepe
1039 2689 1382 2745 ostendimus
1413 2691 1763 2762 disputantes
1789 2737 1804 2761 ,

205 2765 357 2833 quod
393 2765 446 2821 in
476 2768 691 2827 feminis
717 2789 854 2829 caro
881 2786 937 2831 et
971 2778 1201 2835 affectus
1229 2784 1414 2838 carnis
1450 2786 1805 2855 designatur,

205 2856 300 2910 vir
334 2867 516 2914 autem
568 2865 911 2924 rationabilis
945 2885 1140 2928 sensus
1165 2915 1180 2940 ,
1217 2883 1271 2930 et
1319 2877 1705 2937 intellectualis
1739 2884 1808 2938 sit

208 2947 462 3015 spiritus.
512 2951 746 3009 Sensum
794 2968 982 3015 autem
1027 2964 1412 3024 rationabilem
1440 3009 1457 3036 ,
1489 2973 1582 3040 qui
1631 2982 1811 3044 potest

209 3040 462 3097 caelestia
491 3061 705 3116 sapere,
736 3050 826 3118 qui
856 3061 1037 3122 potest
1063 3054 1369 3129 intelligere
1394 3062 1584 3131 Deum,
1613 3040 1668 3122 et
1691 3084 1812 3138 qua:

210 3147 437 3187 sursum
482 3148 610 3192 sunt
655 3153 901 3208 quzerere
929 3186 944 3212 ,
986 3147 1134 3204 hunc
1184 3153 1297 3208 odit
1335 3155 1553 3213 Pharao
1607 3176 1699 3216 rex
1758 3173 1814 3218 et

208 3231 470 3302 princeps
494 3235 733 3311 Egypti,
764 3242 906 3298 liune
938 3248 1119 3301 necari
1150 3251 1299 3318 cupit
1323 3259 1377 3304 et
1404 3251 1662 3311 interimi.
1693 3255 1800 3310 Cii-
1827 3253 1868 3311 C

207 3323 292 3392 pit
328 3336 510 3383 autem
557 3345 896 3405 quaecunque
946 3341 1137 3395 carnis
1173 3351 1300 3396 sunt
1345 3343 1564 3410 vivere,
1599 3355 1654 3400 ct
1682 3362 1802 3416 quae

207 3415 278 3469 ad
313 3425 598 3476 materiam
631 3426 906 3493 pertinent
935 3432 1302 3500 corporalem,
1333 3433 1447 3490 haec
1481 3452 1585 3490 non
1621 3415 1798 3492 solum

205 3507 432 3576 vivere,
465 3515 559 3568 sed
592 3525 646 3570 ct
675 3520 861 3589 augeri
903 3531 958 3576 et
987 3525 1163 3578 excoli
1196 3528 1362 3594 cupii.
1399 3528 1530 3582 Vult
1564 3532 1710 3586 enim
1743 3541 1803 3586 ut

207 3616 406 3658 omnes
437 3607 676 3662 carnalia
708 3612 944 3680 sapiant,
972 3598 1294 3684 temporalia
1320 3619 1653 3686 desiderent,
1679 3640 1800 3692 qua:

210 3707 381 3762 supra
411 3704 608 3752 terram
638 3710 766 3755 sunt
798 3715 1047 3772 quairant
1067 3747 1080 3771 ,
1118 3722 1276 3761 nemo
1298 3711 1474 3765 elevet
1503 3715 1569 3765 ad
1601 3715 1798 3768 ctelum

204 3785 401 3841 oculos
434 3803 583 3854 suos,
618 3807 777 3847 nemo
805 3797 1045 3864 requirat
1078 3799 1219 3854 unde
1249 3798 1356 3856 hue
1383 3803 1610 3868 venerit,
1643 3820 1801 3861 nemo

206 3881 450 3946 patriam
494 3884 806 3951 paradisum
856 3893 1196 3945 recordetur.
1248 3892 1380 3946 Cum
1413 3908 1547 3964 ergo
1596 3897 1800 3952 videris

208 3972 467 4031 homines
515 3977 566 4031 iii
598 3980 968 4047 voluptatibus
1016 3996 1072 4038 et
1102 3983 1312 4040 deliciis
1357 3989 1520 4041 vitam
1559 3991 1756 4046 dueere
1783 4033 1798 4058 ,

204 4065 338 4120 luxu
389 4067 605 4124 fluitare
627 4113 640 4137 ,
673 4073 878 4142 epulis,
907 4075 1065 4141 vino,
1097 4077 1394 4144 conviviis,
1430 4079 1703 4138 cubilibus
1743 4093 1798 4140 et

207 4157 575 4226 impiidiriiiis
614 4177 835 4230 operam
879 4165 1040 4228 dare,
1093 4167 1145 4220 in
1192 4166 1312 4222 istis
1343 4168 1486 4223 scias
1529 4175 1672 4241 quod
1702 4189 1798 4230 rex

204 4249 434 4322 Egypti
479 4255 747 4309 masculos
804 4267 998 4322 necat,
1051 4267 1106 4313 et
1151 4261 1391 4318 viviﬁcat
1433 4262 1686 4320 feminas.
1738 4267 1798 4322 Si

204 4360 339 4400 vero
374 4361 559 4398 rarum
592 4362 860 4418 quemque
894 4350 1080 4405 videas
1113 4368 1278 4407 unum
1313 4369 1376 4408 ex
1417 4356 1562 4412 mille
1595 4358 1661 4412 ad
1695 4357 1798 4414 Do-

206 4437 422 4490 minum
457 4439 735 4506 converti,
771 4433 1210 4498 oculossursum
1244 4447 1486 4516 erigere,
1528 4465 1647 4522 quae
1677 4466 1800 4521 per-

205 4543 370 4600 petua
406 4543 535 4586 sunt
565 4542 618 4588 et
651 4544 854 4590 acterna
888 4551 1166 4605 quierere,
1201 4542 1556 4612 contemplari
1591 4560 1696 4598 non
1731 4561 1792 4601 ea

203 4641 330 4693 quin
349 4625 620 4690 videntur,
649 4632 742 4682 sed
763 4643 882 4698 qua:
910 4645 1013 4684 non
1036 4631 1309 4695 videntur,
1336 4635 1519 4690 odisse
1543 4637 1789 4705 delicias,

202 4735 397 4773 amare
447 4721 836 4775 continentiam
873 4763 888 4788 ,
933 4723 1198 4778 luxuriam
1255 4725 1444 4796 fugere
1477 4768 1492 4792 ,
1542 4731 1793 4788 excolere

201 4815 481 4877 virtutes,
516 4815 680 4869 istum
716 4817 870 4887 quasi
916 4818 1250 4884 masculum,
1293 4822 1446 4889 quasi
1481 4822 1658 4876 virum
1695 4839 1794 4878 nc-

202 4907 320 4959 cari
373 4909 525 4977 cupit
559 4909 773 4965 Pharao
798 4950 810 4974 ,
857 4914 1203 4982 perSi-qiiitur
1227 4954 1241 4980 ,
1279 4913 1579 4968 insectatur
1603 4957 1616 4981 ,
1649 4916 1797 4972 inille

203 5001 476 5054 adversus
510 5018 631 5056 eiiiii
677 5003 943 5060 machinis
976 5017 1197 5076 pugnat.
1234 5005 1358 5060 Odit
1397 5007 1562 5074 tales,
1608 5011 1797 5064 vivere

199 5109 304 5147 eos
338 5095 389 5145 in
419 5093 655 5164 IEgypto
685 5114 789 5151 non
821 5098 967 5152 sinit.
1000 5098 1128 5152 Inde
1161 5114 1288 5165 ergo
1316 5101 1564 5168 estquod
1599 5101 1652 5156 in
1693 5103 1796 5158 hoc

202 5183 415 5235 iiiiiiido
448 5184 588 5237 servi
627 5184 720 5238 Dei
752 5195 804 5240 et
831 5202 1022 5240 omnes
1053 5188 1144 5255 qui
1179 5188 1342 5241 Deum
1370 5201 1620 5258 qiizcrunt
1643 5233 1656 5256 ,
1697 5194 1792 5247 de-

275 5319 327 5352 ⁸⁸
368 5318 540 5373 Exod.
573 5336 613 5385 1,
649 5321 734 5375 16.
811 5322 854 5353 ⁸¹
886 5321 1015 5376 ibid.
1049 5323 1136 5376 17.

274 5463 396 5534 (87)
428 5463 561 5534 Yide
599 5462 698 5517 lib.
731 5479 792 5527 tl,
829 5465 1072 5528 0rigen..
1103 5476 1291 5532 quiest.
1329 5467 1413 5519 15.

275 5531 399 5604 (88)
423 5531 683 5608 sephora,
705 5535 970 5590 Hebraice
987 5531 1156 5597 .1“de
1171 5552 1198 5587 a
1231 5539 1413 5590 radice
1432 5546 1564 5596 nec:
1589 5538 1801 5608 elegans

195 5623 345 5666 esse,
387 5605 528 5659 male
558 5607 957 5675 interpretatur
981 5624 1184 5672 passer,
1222 5609 1428 5673 Optime
1465 5625 1592 5662 vero
1625 5605 1800 5666 verte-

199 5689 362 5731 retur
374 5692 564 5747 passer,
581 5677 618 5732 si
645 5676 911 5731 llebraice
933 5677 1192 5747 scriptum
1207 5689 1369 5743 esset,
1389 5686 1544 5740 mar
1561 5695 1589 5733 a
1618 5682 1798 5738 radice

195 5756 330 5808 ἝΈ
350 5746 591 5800 evolavit.

281 5816 398 5886 (89)
435 5814 607 5892 Plinii,
627 5816 886 5892 Ilebraicc
913 5829 1053 5882 7.39.5
1083 5819 1222 5873 unde
1250 5819 1594 5888 interpretari
1627 5827 1794 5892 possit

202 5895 403 5944 rut-ens
431 5925 446 5951 ,
486 5890 567 5942 vel
602 5891 887 5944 verecunda
914 5930 926 5954 ,
967 5894 1220 5960 ignorare
1274 5899 1358 5947 me
1400 5895 1592 5948 fateor.
1630 5890 1788 5950 'Phua

1909 646 2145 716 expositi
2183 652 2336 710 sunt,
2373 645 2495 698 inde
2529 644 2807 714 replentur
2837 646 3178 716 Opprobriis,
3220 648 3342 702 inde
3367 651 3489 704 odia

1911 741 1964 794 iii
2016 755 2111 795 eos
2141 749 2198 794 et
2239 737 2649 808 persecutiones
2698 738 2977 809 agitantur
3004 781 3018 805 ,
3058 742 3186 809 quia
3231 743 3345 796 odit
3396 758 3493 799 eos

1907 834 2123 890 Pharao
2145 872 2160 898 ,
2193 832 2306 886 odit
2341 829 2646 897 liiijusmodi
2693 846 2894 895 mares,
2924 832 3016 900 qui
3064 829 3290 886 feminas
3321 845 3492 887 amat.

1910 927 2016 982 Iste
2039 927 2204 980 etiam
2233 923 2556 980 obstetrices
2579 937 2933 991 corrumpere
2955 926 3291 995 aggreditur,
3316 937 3370 980 et
3399 943 3495 997 per

1909 1020 2055 1088 ipsas
2090 1019 2317 1087 implere
2350 1017 2498 1086 quod
2552 1015 2866 1081 desiderat,
2907 1031 3138 1084 quarum
3173 1019 3338 1072 etiam
3394 1033 3493 1073 no-

1909 1112 2052 1167 mina
2105 1113 2263 1165 nobis
2306 1126 2400 1180 per
2448 1109 2810 1180 provisioneni
2863 1108 3103 1177 Spiritus
3142 1113 3315 1165 sancti
3343 1152 3357 1174 ,
3399 1113 3490 1182 qui

1910 1205 2026 1260 haec
2061 1205 2224 1260 scribi
2261 1203 2448 1266 voluit,
2484 1201 2811 1256 indicantur.
2843 1201 3084 1269 Sephora
3124 1189 3258 1273 (88),
3293 1204 3489 1274 inquit.

1907 1314 2038 1364 una,
2073 1312 2195 1367 qua:
2222 1297 2612 1365 interpretatur
2657 1310 2882 1362 passer;
2916 1302 2971 1347 et
3004 1293 3154 1347 Pliiia
3193 1295 3328 1366 (89),
3373 1312 3494 1365 quin

1908 1390 2050 1457 apud
2076 1403 2174 1441 nos
2202 1386 2284 1440 vel
2321 1391 2540 1448 rubens,
2578 1383 2662 1438 vel
2693 1383 2985 1436 verecunda
3022 1383 3128 1436 dici
3160 1394 3358 1452 potest.
3389 1383 3494 1438 Per

1910 1483 2011 1538 lias
2045 1481 2212 1550 igitur
2244 1481 2426 1535 necari
2465 1493 2644 1534 mares
2670 1488 2725 1532 et
2764 1477 3028 1530 vivificari
3077 1477 3220 1532 solas
3267 1475 3496 1532 feminas

1907 1579 2123 1647 qiiinrit.

1975 1671 2031 1724 2.
2063 1669 2170 1726 Sed
2204 1669 2332 1739 quid
2377 1668 2506 1724 dicit
2543 1665 2868 1737 Scriptura?
2921 1683 2939 1715 i
2967 1663 3034 1720 Et
3072 1666 3337 1721 timebant
3365 1716 3377 1734 ,
3411 1667 3496 1721 iii-

1906 1765 2026 1833 qnit
2068 1764 2110 1796 ⁶¹
2137 1805 2152 1831 ,
2205 1762 2532 1819 obstetrices
2579 1761 2747 1814 Deum
2778 1800 2792 1824 ,
2831 1770 2887 1815 et
2924 1775 3031 1814 non
3071 1759 3316 1815 fecerunt
3358 1763 3500 1814 sicut

1908 1859 2166 1928 prmeepit
2212 1857 2291 1911 eis
2330 1871 2422 1911 rex
2458 1853 2705 1925 rEgypti.
2740 1873 2758 1906 i
2812 1853 2947 1907 Istas
2981 1855 3305 1908 obstetrices
3347 1852 3499 1907 dixe-

1909 1961 2032 2006 runt
2066 1962 2190 2005 ante
2222 1965 2320 2004 nos
2389 1947 2988 2018 qiiidam.rationabilis
3018 1947 3346 2001 eruditionis
3385 1947 3496 2000 for-

1908 2062 2050 2099 mam
2111 2056 2318 2098 tenere.
2385 2042 2724 2098 Obstetriccs
2776 2041 2921 2096 enim
2980 2041 3204 2094 medica:
3249 2040 3494 2108 quaedam

1906 2147 2032 2192 sunt
2060 2136 2195 2206 (90),
2231 2145 2285 2190 et
2339 2143 2448 2189 tam
2485 2133 2759 2188 masculos
2802 2140 3094 2187 nascentes
3127 2130 3286 2203 134,
3333 2145 3496 2199 quam

1911 2235 2146 2287 feminas
2174 2228 2380 2284 fovent.
2411 2227 2664 2282 Erudiiio
2697 2241 2827 2296 ergo
2859 2226 2956 2280 ista
2997 2225 3306 2280 communis
3337 2225 3496 2278 ratio-

1910 2323 2106 2380 nabilis
2136 2322 2409 2386 scientiae,
2446 2319 2514 2374 ad
2558 2332 2776 2374 omnem
2823 2319 3213 2387 propemodum
3249 2316 3499 2388 pervenit

1908 2431 2153 2480 sensum,
2187 2429 2378 2469 omnes
2412 2412 2651 2477 instruit,
2688 2425 2878 2466 omnes
2913 2411 3076 2466 fovet.
3112 2411 3169 2466 Si
3200 2412 3320 2480 quis
3353 2412 3404 2464 in
3430 2424 3496 2465 ea

1910 2511 2084 2566 virilis
2115 2509 2281 2564 animi
2317 2507 2479 2562 fuerit
2501 2547 2516 2569 ,
2543 2515 2596 2560 et
2623 2502 2858 2558 voluerit
2888 2503 3132 2558 cmlestia
3166 2516 3412 2573 quaerere
3441 2511 3498 2556 et

1910 2603 2094 2657 divina
2123 2602 2348 2665 sectari,
2379 2599 2542 2654 veluti
2570 2600 2889 2662 medicatus,
2917 2607 2972 2651 et
3005 2595 3148 2651 fotiis
3181 2611 3276 2665 per
3301 2595 3492 2664 hujus-

1913 2697 2053 2752 modi
2109 2696 2468 2751 eruditionem
2514 2691 2648 2764 (9|),
2702 2693 2768 2746 ad
2815 2692 3122 2746 divinorum
3188 2688 3497 2759 intelligen-

1912 2794 2042 2847 tiam
2071 2793 2313 2860 paratior
2339 2788 2539 2843 veniet.
2565 2785 2678 2841 Una
2706 2795 2790 2840 est
2815 2785 2960 2840 enim
2990 2784 3136 2839 velut
3163 2799 3354 2854 passer
3377 2799 3496 2852 quin

1913 2885 2145 2941 celsiora
2191 2883 2354 2937 docet
2391 2891 2446 2936 et
2480 2877 2893 2935 rationabilibus
2921 2877 3186 2934 doctrinae
3216 2878 3411 2947 pennis
3443 2875 3493 2930 iii

1915 2980 2082 3034 altum
2115 2977 2299 3031 volare
2331 2984 2596 3045 provocat
2625 2973 2854 3029 animos.
2884 2973 3002 3026 Alia
3035 2986 3156 3042 quae
3183 2973 3383 3026 rubens
3412 2979 3498 3026 est

1915 3074 1998 3128 vel
2031 3071 2356 3136 verecunda,
2398 3068 2620 3122 moralis
2648 3077 2751 3128 est.
2795 3081 2976 3121 mores
3010 3065 3307 3135 componit,
3340 3078 3496 3120 vere-

1918 3169 2170 3226 cundiam
2215 3165 2412 3227 docet,
2443 3161 2674 3216 instituit
2721 3159 3081 3214 honestatem.
3116 3156 3244 3212 Mihi
3280 3169 3494 3220 tamen,

1904 3265 2162 3338 quoniam
2213 3258 2347 3312 dicit
2402 3257 2470 3310 de
2524 3254 2610 3308 bis
2667 3252 2994 3322 Scriptura,
3062 3249 3189 3320 quia
3227 3247 3496 3305 timebant

1907 3359 2074 3413 Deum
2097 3396 2112 3421 ,
2143 3359 2197 3406 et
2228 3364 2331 3403 non
2362 3347 2608 3402 fecerunt
2649 3353 2917 3415 prieccpta
2952 3343 3097 3413 regis
3127 3340 3372 3414 Egypti,
3406 3340 3490 3396 vi-

1905 3455 2101 3506 dentur
2143 3441 2470 3498 obstetrices
2510 3440 2627 3493 istae
2672 3440 2790 3493 duae
2835 3437 3119 3506 utriusque
3153 3434 3492 3491 Testamenti

1906 3543 2130 3612 figuram
2167 3546 2386 3590 servare
2416 3572 2430 3596 ,
2477 3539 2532 3585 et
2575 3529 2818 3599 Sepliora
2853 3544 2973 3598 quin
3006 3542 3190 3596 passer
3222 3527 3494 3596 interpre-

1907 3643 2078 3696 tatur,
2114 3629 2239 3698 legi,
2274 3641 2392 3695 qiiie
2419 3621 2680 3694 Spiritalis
2705 3629 2809 3686 est,
2839 3634 3000 3691 posse
3031 3619 3304 3684 conferri;
3340 3617 3491 3673 Pliiia

1903 3741 2035 3781 vero
2067 3740 2185 3792 qua}
2215 3719 2400 3773 rubens
2429 3758 2444 3780 ,
2472 3715 2552 3770 vel
2578 3715 2867 3769 verecunda
2896 3723 2976 3769 est
3002 3755 3017 3780 ,
3047 3713 3290 3768 indicare
3312 3712 3492 3768 Evan-

1907 3818 2071 3890 gelia,
2107 3832 2226 3886 quin
2258 3811 2458 3867 Christi
2497 3807 2758 3878 sanguine
2792 3811 3020 3872 rubent,
3062 3816 3115 3860 et
3144 3821 3240 3874 per
3267 3807 3488 3860 univer-

1904 3926 2025 3965 sum
2079 3905 2340 3961 mundum
2397 3897 2664 3970 passionis
2707 3899 2822 3965 ejus
2877 3897 3101 3951 rutilant
3148 3909 3365 3950 cruore.
3405 3896 3489 3948 Ah

1903 4002 1988 4056 liis
2040 4013 2168 4068 ergo
2199 3997 2392 4050 anima?
2419 4008 2538 4062 qua:
2587 4001 2884 4045 nascuntur
2919 3995 2970 4044 iii
3013 3988 3253 4045 Ecclesia
3279 4029 3294 4053 ,
3342 3989 3491 4043 velut

1903 4091 2296 4149 obstetricibus
2326 4087 2689 4152 medicantur,
2726 4087 2849 4155 quia
2877 4098 2942 4138 ex
2973 4082 3380 4151 Scripturarum
3410 4082 3486 4136 les

1903 4185 2082 4239 ctione
2113 4189 2310 4236 cuncta
2337 4178 2391 4232 iii
2417 4193 2512 4233 eas
2529 4175 2853 4234 eruditionis
2886 4173 3150 4228 medicina
3178 4171 3483 4229 confertur.

1904 4277 2100 4333 Tentat
2129 4286 2310 4330 tamen
2343 4271 2556 4326 Pharao
2586 4285 2682 4341 per
2713 4271 2826 4324 haec
2863 4283 3057 4324 necare
3088 4266 3342 4322 Ecclesia:
3375 4283 3491 4320 ma-

1903 4372 2106 4438 sculos,
2137 4383 2258 4421 cum
2292 4363 2551 4420 studiosis
2591 4364 2895 4432 quibusque
2926 4361 2977 4415 iii
3011 4359 3313 4428 Scripturis
3344 4359 3488 4412 divi-

1903 4466 1988 4520 nis
2022 4461 2307 4518 baireticos
2337 4472 2527 4513 sensus
2558 4465 2612 4510 et.
2646 4469 2900 4524 perversa
2934 4455 3186 4524 dogmata
3215 4453 3480 4522 Suggerit.

1906 4557 2010 4612 Sed
2050 4563 2161 4608 stat
2193 4549 2471 4606 immobile
2503 4547 2911 4600 fiiiidaiiieiitutn
2945 4543 3059 4598 Dei.
3093 4543 3312 4598 Timent
3338 4543 3483 4598 enim

1897 4640 2220 4695 obstetrices
2259 4639 2452 4702 Deum,
2491 4639 2543 4693 id
2588 4649 2670 4692 est
2699 4637 2948 4691 timorem
2980 4637 3073 4693 Dei
3105 4638 3320 4700 docent.
3358 4639 3482 4709 quia

1903 4753 1922 4785 i
1961 4733 2174 4789 initium
2206 4733 2486 4804 sapientia:
2531 4733 2692 4787 timor
2725 4732 2932 4786 Domini
2974 4733 3039 4787 θ’.
3077 4754 3093 4783 1
3131 4733 3218 4788 Sic
3247 4734 3482 4804 denique

1897 4825 2296 4895 competentius
2319 4824 2488 4893 aptari
2519 4831 2646 4890 puto
2669 4834 2723 4877 et
2745 4823 2873 4877 illud
2906 4824 3050 4894 quod
3085 4823 3138 4877 in
3165 4825 3484 4894 posteriori—

1897 4918 2000 4972 bus
2022 4917 2282 4986 seriptum
2307 4927 2408 4977 est,
2437 4915 2525 4970 ubi
2552 4916 2680 4970 dicit
2702 4917 2747 4947 ⁸³
2765 4933 2776 4968 :
2813 4937 2829 4966 i
2860 4915 2994 4982 Quia
3021 4916 3283 4972 timebant
3305 4918 3485 4973 obste-

1899 5009 2061 5064 trices
2092 5010 2292 5070 Deum,
2327 5008 2575 5062 fecerunt
2611 5008 2710 5062 sibi
2757 5009 2948 5063 domos
2997 5009 3231 5077 (92-95).
3273 5028 3290 5059 i
3326 5008 3479 5075 Quod

1895 5101 2097 5166 dictum
2152 5102 2352 5156 nullam
2408 5103 2850 5171 consequentiam
2905 5101 3204 5156 secundum
3247 5101 3480 5154 litteram

1897 5193 2095 5248 habere
2119 5203 2313 5262 potest.
2349 5193 2480 5259 Quis
2513 5195 2658 5247 enim
2689 5195 2822 5248 ordo
2852 5203 2956 5258 est,
2991 5202 3044 5246 iit
3077 5192 3258 5246 dicat:
3293 5212 3308 5242 i
3344 5191 3482 5258 Quia

1209 5323 1252 5355 "
1283 5323 1427 5379 Psal.
1467 5343 1554 5394 cx,
1591 5329 1674 5382 l0.
1745 5329 1792 5365 ⁸³
1817 5327 1981 5386 Exod.
2017 5344 2055 5393 i,
2086 5328 2176 5382 2|.

1893 5466 2035 5520 enim
2076 5465 2206 5520 mibi
2266 5465 2478 5520 videtur
2529 5465 2764 5519 radicem
2816 5465 3018 5522 habere
3058 5473 3170 5528 m5
3210 5462 3480 5516 exclama-

1853 5555 1858 5568 ε
1892 5540 1985 5592 vit.

1965 5608 2073 5678 (90)
2107 5607 2198 5663 Sic
2225 5623 2353 5663 mss.
2383 5608 2547 5672 Alias,
2584 5628 2602 5658 ‹
2637 5609 2812 5663 media
2843 5607 3091 5679 quaedam
3125 5615 3272 5660 sunt.
3315 5624 3332 5654 1

1964 5681 2075 5748 (91)
2107 5679 2252 5732 Alias
2287 5699 2304 5728 ‹
2339 5680 2690 5733 eriiditimics.
2733 5699 2751 5729 1

1968 5753 2180 5822 (92-95)
2217 5751 2463 5822 ercriint
2493 5751 2590 5802 sibi
2623 5750 2913 5822 donios.rln
2945 5748 3171 5803 llcbrmo
3204 5749 3349 5804 fonte.
3381 5751 3477 5803 lia—

1893 5821 2070 5888 lietiir,
2105 5849 2121 5872 ς
2161 5831 2213 5873 ct
2248 5821 2375 5873 fecit
2412 5822 2489 5872 eis
2524 5822 2743 5880 domos,
2783 5841 2798 5869 1
2835 5821 2884 5874 id
2924 5830 3006 5874 est
3042 5823 3352 5889 propagavit
3384 5838 3476 5876 ea-

1897 5912 2011 5948 rum
2041 5893 2298 5947 sobolem.
2337 5924 2402 5929 -—-
2444 5891 2561 5943 Vide
2588 5892 2677 5945 lib.
2713 5908 2746 5945 ll
2781 5891 2948 5963 0rig.,
2985 5903 3174 5962 fllliCSl.
3219 5894 3296 5948 15.
