3902 6512
494 424 602 482 3(ιῖ

504 546 772 601 timebant
799 535 1123 600 obstetrices
1152 543 1345 612 Deum,
1380 546 1626 603 fecerunt
1653 547 1755 604 sibi
1787 546 2014 604 domos?
2044 565 2063 599 ι
2099 549 2145 608 Δ

504 639 658 708 quasi
694 647 976 707 propterea
1019 640 1211 696 domus
1265 639 1406 705 ﬁat,
1457 641 1584 711 quia
1639 642 1859 696 timetur
1905 643 2070 696 Deus.

505 729 617 783 rloc
642 729 686 784 si
722 733 794 782 ita
829 730 1128 798 accipiatur
1189 740 1247 786 ut
1285 733 1542 800 scriptum
1580 742 1700 797 est,
1747 749 1853 788 non
1900 733 2073 787 solum

504 820 638 875 nihil
669 824 1093 890 consequentiae,
1131 825 1223 879 sed
1259 833 1315 880 et
1344 824 1624 879 inanitatis
1655 824 1943 894 plurimum
1977 827 2075 880 ha-

504 909 635 965 bere
681 911 972 966 videbitur.
1025 913 1121 968 Sin
1172 924 1352 970 autem
1401 916 1588 970 videas
1618 917 1888 985 quomodo
1920 916 2074 970 Scri-

505 1010 678 1071 ptura:
703 1002 838 1058 Novi
876 1019 941 1059 ac
971 1003 1182 1060 Veteris
1213 1007 1543 1062 Testamenti
1576 1008 1823 1063 timorem
1860 1009 1952 1063 Dei
1983 1012 2071 1063 do~

504 1102 693 1150 centes
719 1095 909 1152 domos
935 1097 1192 1153 Ecclesia:
1217 1099 1440 1165 faciant,
1467 1109 1524 1154 ut
1551 1102 1859 1156 universum
1887 1104 2072 1156 orbem

506 1194 668 1242 terra:
711 1187 1022 1244 orationum
1106 1185 1358 1243 domibus
1431 1192 1706 1262 repleant,
1760 1202 1888 1248 tunc
1933 1193 2076 1263 quod

506 1279 768 1347 scriptum
798 1290 901 1346 est,
936 1282 1333 1338 rationabiliter
1362 1283 1623 1354 scriptum
1656 1285 1949 1341 videbitur.
1986 1287 2076 1342 Sic

505 1385 637 1438 ergo
664 1371 778 1426 ista:
807 1373 1148 1438 obstetrices,
1179 1375 1303 1443 quia
1329 1375 1519 1452 timent
1549 1377 1717 1431 Deum
1743 1386 1797 1432 et
1827 1379 2073 1434 timorem

508 1461 601 1515 Dei
637 1463 868 1529 docent,
903 1481 1008 1519 non
1042 1466 1252 1522 faciunt
1285 1477 1610 1538 praeceptum
1643 1467 1783 1540 regis
1813 1469 2032 1543 [Egypti
2059 1511 2075 1536 ,

509 1556 603 1612 sed
630 1557 905 1613 viviﬁcant
930 1560 1199 1616 masculos
1227 1577 1374 1628 suos,
1405 1577 1504 1616 nec
1531 1575 1707 1617 tamen
1732 1565 1928 1618 dicitur
1951 1565 2077 1633 quia

508 1648 789 1718 paruerint
818 1660 1085 1720 praecepto
1117 1652 1257 1722 regis
1294 1653 1531 1723 Egypti,
1561 1663 1618 1706 ut
1644 1654 1977 1710 viviﬁcarent
2002 1656 2078 1710 fe-

507 1739 706 1795 minas.
764 1741 877 1811 Ego
933 1744 1271 1798 conﬁdenter
1319 1745 1492 1799 audeo
1552 1747 1731 1800 dicere
1777 1751 2074 1801 secundum

509 1828 807 1898 Scriptura:
836 1845 1057 1886 sensum
1090 1831 1199 1905 (94)
1222 1833 1583 1889 :Obstetrices
1615 1833 1730 1888 ista:
1763 1849 1866 1888 non
1900 1833 2075 1888 viviﬁ-

507 1932 634 1979 cant
666 1922 916 1980 feminas.
960 1925 1142 1995 Neque
1171 1927 1314 1980 enim
1353 1928 1482 1982 vitia
1513 1927 1772 1981 docentur
1807 1929 1856 1981 in
1892 1927 2077 1981 Eccle-

507 2016 606 2070 siis
639 2024 733 2069 attt
767 2015 978 2071 luxuria
1009 2016 1358 2086 prwdicatur,
1390 2027 1481 2070 aut
1514 2028 1731 2081 peccata
1767 2018 2078 2072 nutriuntur

508 2109 635 2178 (hoc
659 2111 801 2165 cnim
829 2110 941 2164 vult
962 2110 1194 2169 Pharao.
1223 2127 1344 2165 cum
1362 2109 1627 2169 vivificari
1647 2105 2084 2179 feminasjubt't),

506 2202 600 2256 sed
631 2201 746 2256 sola
784 2203 955 2258 virtus
989 2205 1279 2268 excolitur.
1309 2211 1363 2259 et
1391 2204 1506 2274 ipsa
1540 2217 1651 2257 sala
1681 2205 1938 2256 nutritur.
1972 2195 2078 2256 Ve-

509 2307 627 2345 rum
665 2292 778 2348 haec
809 2295 876 2347 ad
911 2309 1350 2364 unumquemque
1388 2303 1631 2349 nostrum
1666 2293 1980 2347 referamus.
2018 2293 2083 2346 Et

507 2390 562 2434 tu
597 2382 640 2437 si
677 2383 833 2438 times
862 2384 1061 2448 Deum,
1092 2399 1196 2438 non
1228 2383 1364 2438 facis
1394 2395 1723 2452 praeceptum
1751 2384 1892 2452 regis
1917 2383 2083 2454 [Egy-

505 2476 605 2545 pti.
633 2475 724 2529 Ille
748 2477 890 2530 enim
925 2477 1018 2530 tibi
1053 2477 1302 2547 praecipit
1350 2487 1411 2531 ut
1458 2477 1510 2531 in
1565 2477 1770 2532 deliciis
1796 2479 1950 2531 vivas
1975 2517 1988 2540 ,
2025 2486 2084 2531 ιιι

511 2567 705 2636 diligas
734 2583 972 2637 praesens
996 2569 1275 2632 saeculum,
1305 2578 1364 2623 ut
1385 2555 1672 2640 praesentia
1702 2570 2081 2640 concupiscas.

507 2657 590 2712 Tu
621 2659 666 2714 si
721 2660 888 2714 Deum
935 2662 1095 2717 times
1123 2700 1138 2725 ,
1172 2671 1226 2716 et
1255 2663 1480 2718 exhibes
1509 2663 1819 2718 obstetricis
1849 2662 2081 2716 oﬁicium

510 2751 708 2806 anima.-
738 2760 863 2816 tuae,
894 2752 939 2808 si
969 2753 1015 2806 ei
1048 2752 1276 2819 salutem
1301 2753 1550 2809 conferre
1587 2753 1738 2821 cupis
1760 2792 1776 2816 ,
1817 2768 1922 2806 non
1953 2751 2085 2806 facis

511 2845 630 2902 haec
651 2885 668 2909 ,
697 2845 790 2899 sed
822 2844 1063 2900 viviﬁcas
1101 2845 1398 2900 masculum
1431 2845 1521 2916 qui
1555 2845 1606 2897 iu
1641 2855 1692 2898 te
1722 2853 1824 2910 est,
1858 2844 2085 2897 interio-

512 2951 628 2990 rem
663 2947 814 2991 tuum
843 2937 1115 2993 hominem
1148 2938 1436 2992 medicaris
1464 2946 1518 2991 et
1559 2935 1730 3000 foves,
1762 2944 1817 2990 et
1849 2935 1948 3004 ipsi
1991 2949 2088 3005 per

513 3037 670 3083 actus
717 3037 813 3083 aut
862 3028 1169 3084 intellectus
1202 3031 1373 3085 bonos
1420 3029 1586 3083 vitam
1620 3028 1900 3098 conquiris
1929 3037 2089 3082 teter-

513 3137 657 3180 nam.

587 3213 644 3270 5.
675 3213 782 3269 Sed
813 3223 932 3285 post
962 3214 1078 3270 haec
1102 3215 1191 3269 ubi
1221 3214 1354 3270 vidit
1382 3214 1591 3269 Pharao
1620 3213 1761 3284 quod
1793 3229 1891 3284 per
1916 3213 2090 3268 obste-

519 3301 686 3356 trices
719 3317 825 3357 non
857 3315 1036 3370 posset
1064 3318 1262 3358 necare
1294 3305 1561 3359 masculos
1596 3303 1756 3359 Israel
1781 3343 1796 3369 ,
1840 3321 1858 3355 ι
1883 3319 2086 3373 praece-

517 3389 634 3459 pit,
668 3390 844 3460 lnquit
874 3391 940 3455 “,
975 3393 1122 3446 omni
1158 3391 1354 3461 populo
1379 3394 1605 3448 dicens:
1637 3393 1808 3450 Omne
1835 3394 2089 3449 masculi-

516 3496 647 3536 num
681 3484 1041 3553 quodcunque
1090 3494 1275 3538 natum
1307 3485 1468 3540 fuerit
1497 3485 1764 3550 Hebrteis,
1797 3488 1849 3541 in
1891 3484 2090 3540 ﬁumen

518 3572 791 3643 projicite,
813 3584 868 3630 et
890 3591 1049 3632 omne
1079 3575 1400 3633 femininum
1420 3578 1707 3634 viviﬁcate.
1723 3576 1937 3633 oVidete
1961 3578 2090 3648 quid

517 3665 770 3735 princeps
790 3666 951 3737 hujus
979 3669 1160 3722 mundi
1193 3668 1446 3738 przecipit
1485 3670 1597 3725 suis
1624 3680 1682 3725 ut
1713 3670 1951 3725 infantes
1992 3685 2092 3724 no-

515 3767 662 3817 stros
694 3762 926 3830 rapiant,
960 3770 1015 3815 et
1044 3762 1097 3816 in
1129 3762 1326 3818 ﬁumen
1354 3763 1659 3832 projiciant,
1691 3765 1881 3834 prima:
1907 3763 2090 3818 statim

518 3853 790 3908 nativitati
824 3864 1133 3912 nostrorum
1170 3856 1488 3912 insidiantes
1521 3858 1774 3912 continuo
1796 3896 1811 3922 ,
1845 3865 1904 3910 ut
1927 3857 2092 3912 ubera

522 3939 782 3999 Ecclesiae
811 3944 985 4012 prima
1016 3945 1371 4012 contigerint,
1409 3946 1640 4013 irruant,
1667 3947 1942 4012 diripiant,
1975 3961 2097 4015 per-

523 4045 860 4103 sequantur,
909 4037 1068 4090 undis
1105 4045 1159 4091 et
1201 4036 1458 4092 ﬂuctibus
1500 4039 1657 4106 hujus
1681 4040 1865 4094 saeculi
1905 4041 2097 4094 absor-

521 4125 709 4182 beant.
742 4125 931 4180 Videte
959 4127 1087 4194 quid
1119 4128 1372 4195 audiatis,
1405 4129 1672 4198 sapientia
1705 4131 1798 4185 Dei
1824 4145 1921 4200 per
1944 4131 2098 4186 Salov

522 4232 738 4275 mortem
779 4218 912 4274 dicit
940 4219 1019 4272 3':
1072 4238 1090 4270 ι
1119 4218 1531 4290 lntelligibiliter
1576 4222 1811 4294 intellige
1842 4239 1960 4292 qua:
1999 4238 2094 4293 ap-

522 4321 800 4380 ponuntur
822 4314 938 4372 tibi.
961 4333 979 4365 ι
1012 4315 1147 4370 Vide
1167 4317 1345 4370 statim
1377 4328 1434 4371 ut
1461 4325 1637 4381 natus,
1665 4317 1773 4370 imo
1795 4328 1852 4372 ut
1879 4330 2097 4374 renatus

523 4403 692 4458 fueris
716 4444 733 4471 ,
778 4406 907 4474 quid
959 4407 1052 4460 tibi
1086 4408 1356 4462 imminet.
1409 4406 1524 4463 [Ioc
1565 4409 1694 4464 illud
1729 4419 1830 4478 est,
1864 4411 2006 4480 quod
2042 4411 2097 4465 in

525 4495 815 4566 Evangelia
843 4497 975 4568 legis
1001 4499 1070 4566 ⁸⁸,
1106 4501 1230 4569 quia
1260 4500 1417 4558 Jesus
1453 4503 1636 4557 statim
1669 4512 1727 4556 ut
1754 4503 1999 4557 ascendit
2032 4504 2098 4558 de

2112 1896 2151 1950 B

1975 405 2296 481 cuiusuis

3608 415 3685 472 308

2173 551 2226 600 et
2275 540 2614 598 orationibus
2666 537 3060 610 superandum.
3116 531 3406 602 Propterea
3452 541 3504 586 et
3545 533 3687 591 oblata

2175 635 2278 690 sibi
2307 634 2485 688 omnia
2517 647 2679 704 regna
2703 630 2913 694 mundi,
2945 637 2999 683 et
3021 625 3247 698 gloriam
3281 638 3460 678 eorum
3486 636 3686 682 contem-

2178 728 2297 792 nit,
2334 735 2482 782 utet
2537 736 2592 780 tu
2639 733 2995 780 contemnens
3055 718 3282 788 gloriam
3333 719 3508 772 mundi
3553 723 3692 786 possis

2177 835 2436 888 superare
2477 827 2797 874 tentantem.
2831 813 3070 885 Egyptii
3103 825 3265 875 vero,
3299 810 3486 878 quibus
3523 809 3691 867 Pharao

2177 912 2328 967 dedit
2357 921 2646 980 przecepta,
2676 910 2911 964 feminas
2941 914 3149 959 tantum
3190 902 3482 966 viviﬁcant,
3508 903 3692 958 oderunt

2178 1004 2485 1068 masculos;
2517 1008 2751 1058 oderunt
2801 1015 3034 1070 namque
3073 999 3340 1062 virtutes,
3379 994 3500 1047 vitia
3529 1004 3691 1050 tantum

2177 1107 2230 1152 et
2256 1097 2558 1164 voluptates
2597 1095 2867 1148 nutriunt.
2913 1094 2980 1147 Et
3031 1106 3175 1146 nunc
3226 1089 3392 1159 igitur
3422 1088 3694 1144 insidiantur

2175 1188 2438 1259 Egyptii,
2464 1188 2508 1242 si
2536 1187 2674 1242 forte
2703 1186 2943 1241 Hebraeis
2962 1192 3222 1239 nascatur
3244 1180 3436 1250 aliquis
3452 1179 3692 1245 masculus,

2178 1289 2236 1336 ut
2269 1281 2449 1334 statim
2477 1289 2871 1350 persequantur
2901 1286 2956 1332 et
2985 1275 3336 1339 interﬁciant,
3367 1271 3467 1326 nisi
3492 1284 3692 1339 caveant,

2177 1373 2280 1428 nisi
2313 1373 2647 1439 observent,
2695 1382 2750 1425 et
2781 1371 3053 1424 occultent
3097 1383 3319 1439 germen
3367 1365 3693 1421 masculinum.

2179 1467 2424 1535 Denique
2455 1467 2620 1521 refert
2649 1464 2928 1534 Scriptura
2955 1462 3002 1495 ⁸⁸
3028 1462 3170 1531 quod
3195 1460 3264 1514 de
3289 1459 3427 1512 tribu
3457 1456 3570 1512 Levi
3593 1474 3697 1526 qua-

2180 1557 2992 1630 damgenuitmasculum(95),
3039 1565 3093 1611 et
3142 1555 3330 1608 videns
3359 1552 3696 1606 infantcmesse

2179 1653 2503 1723 elegantem,
2527 1651 2823 1707 occultavit
2859 1664 2980 1704 eum
3007 1647 3291 1701 mensibus
3328 1645 3512 1698 tribus.
3539 1644 3649 1698 Vide
3664 1644 3696 1699 si

2177 1761 2284 1802 non
2317 1755 2599 1815 prepterea
2640 1743 2797 1800 nobis
2829 1743 3145 1812 praecipitur
3166 1779 3182 1804 ,
3212 1753 3278 1792 ne
3309 1739 3476 1791 bonos
3505 1747 3636 1790 actus
3657 1735 3696 1789 in

2179 1838 2392 1906 publico
2417 1851 2690 1907 geramus,
2719 1852 2784 1889 ne
2810 1835 3074 1904 justitiam
3105 1839 3350 1886 nostram
3380 1843 3552 1881 coram
3575 1829 3701 1882 honu-

2181 1932 2337 1985 nibus
2359 1928 2647 1994 faciamus,
2666 1928 2759 1983 sed
2780 1937 2835 1981 ut
2853 1926 3036 1981 clauso
3057 1924 3200 1978 ostio
3217 1935 3438 1976 oremus
3461 1918 3642 1974 Patrem
3661 1921 3698 1974 in

2185 2021 2339 2092 135
2355 2021 2586 2086 occulto,
2607 2031 2660 2074 et
2676 2019 2817 2089 quod
2847 2018 2977 2072 facit
2993 2019 3214 2072 dextera
3241 2021 3449 2077 nostra,
3474 2012 3519 2064 id
3543 2013 3702 2066 nesciat

2181 2117 2419 2172 sinistra.
2463 2112 2740 2168 Nisieuim
2784 2112 2836 2165 in
2890 2109 3102 2164 occulto
3143 2105 3331 2167 fuerit,
3372 2104 3631 2170 diripietur
3652 2104 3701 2157 ab

2179 2205 2472 2278 Egyptiis,
2507 2204 2826 2270 invadetur,
2865 2203 2916 2256 in
2947 2200 3146 2254 ﬁumen
3174 2195 3493 2266 jactabitur,
3519 2194 3703 2249 undiset

2183 2298 2442 2354 fluctibus
2461 2300 2862 2367 submergetur.
2899 2294 3043 2364 Ergo
3076 2293 3120 2347 si
3161 2289 3300 2344 facio
3334 2287 3703 2357 eleemosynam,

2184 2392 2310 2460 quia
2367 2406 2504 2462 opus
2555 2391 2648 2445 Dei
2705 2401 2810 2457 est,
2862 2384 3166 2442 masculum
3211 2399 3438 2455 genero.
3480 2380 3575 2436 Sed
3595 2379 3631 2434 si
3651 2381 3704 2433 ita

2185 2486 2405 2552 faciam,
2451 2493 2511 2538 ut
2558 2484 2872 2539 hominibus
2898 2483 3222 2543 innotescat,
3255 2489 3312 2534 et
3358 2477 3426 2530 ab
3448 2475 3705 2529 hominibus

2187 2580 2401 2635 laudem
2431 2593 2694 2648 quaeram,
2723 2587 2777 2632 et
2809 2591 2914 2632 non
2946 2589 3066 2631 eam
3100 2573 3475 2632 occultavere.
3502 2579 3634 2638 rapta
3647 2578 3706 2622 est

2187 2675 2253 2727 ab
2275 2672 2544 2742 Aﬂgyptiis
2574 2670 2913 2740 eleemosyna
2940 2683 3083 2732 mea,
3108 2675 3162 2721 et
3197 2666 3247 2719 in
3279 2664 3482 2718 ﬂumen
3511 2661 3707 2715 demersa

2185 2773 2288 2826 est,
2318 2773 2371 2819 et
2403 2770 2551 2816 tanto
2581 2761 2788 2825 labore,
2823 2769 3083 2828 tantoque
3098 2756 3281 2812 studio
3303 2751 3567 2823 Aig'yptiis
3593 2764 3704 2803 mas-

2187 2855 2366 2910 culum
2417 2853 2604 2924 genui.
2656 2852 2974 2922 Pr0pterea,
3004 2865 3037 2904 o
3091 2864 3207 2910 vos.
3243 2847 3477 2916 populus
3523 2843 3605 2896 Dei
3643 2840 3708 2909 qui

2188 2945 2302 3000 hac
2328 2944 2548 3008 auditis,
2565 2942 2729 2996 nolite
2751 2951 2958 3011 putare,
2983 2950 3039 2994 ut
3063 2953 3202 3007 szepe
3221 2937 3340 3006 jam
3373 2933 3593 2990 diximus
3608 2930 3708 3002 (96),

2187 3048 2433 3092 veterum
2469 3035 2624 3090 vobis
2673 3033 2885 3088 fabulas
2919 3033 3162 3096 recitari,
3197 3031 3290 3086 sed
3323 3029 3506 3084 doceri
3537 3041 3619 3081 vos
3641 3037 3711 3093 per

2190 3129 2332 3193 lucc,
2356 3136 2416 3181 ut
2454 3125 2766 3195 agnoscatis
2789 3124 3038 3179 ordinem
3069 3124 3211 3188 vitae,
3242 3120 3496 3176 instituta
3521 3127 3707 3176 morum,

2115 3237 2160 3298 ο
2195 3221 2340 3286 ﬁdei,
2369 3218 2693 3288 virtutisque
2727 3215 3056 3271 certamina.

2261 3311 2317 3365 Δ.
2356 3327 2374 3361 ι
2405 3307 2658 3362 Videntes
2681 3324 2698 3356 ι
2727 3320 2856 3375 ergo
2889 3303 2976 3357 isti
3007 3301 3073 3356 de
3101 3299 3242 3355 tribu
3261 3297 3398 3353 Levi
3422 3314 3440 3349 ι
3464 3293 3710 3364 elegantem

2192 3419 2314 3459 esse
2361 3401 2622 3458 infantent
2659 3440 2676 3467 ,
2711 3398 3031 3453 celaverunt
3080 3411 3201 3450 eum
3243 3392 3531 3448 mensibus
3562 3387 3711 3441 tribus.

2193 3495 2439 3563 Cumque
2470 3506 2573 3547 non
2616 3496 2839 3561 possent
2873 3485 3104 3554 amplius
3133 3483 3312 3538 celare
3339 3497 3485 3546 cum,
3511 3471 3712 3542 sumpsit:

2196 3587 2374 3658 inquit
2407 3586 2476 3651 ⁸³,
2512 3593 2685 3638 mater
2711 3581 2830 3652 ejus
2861 3578 2996 3632 tibin
3023 3577 3158 3647 (97),
3184 3584 3237 3628 et
3259 3574 3444 3627 linivit
3479 3568 3714 3632 bitumine,

2195 3692 2249 3738 et
2282 3679 2466 3747 injecit
2503 3676 2764 3732 infantem
2794 3673 2847 3728 in
2883 3686 3028 3734 eam,
3075 3680 3130 3723 et
3159 3668 3348 3737 posuit
3371 3666 3426 3719 in
3457 3661 3632 3734 palude
3652 3669 3709 3712 se-

2194 3789 2292 3830 cus
2322 3773 2544 3836 ﬁumen,
2595 3779 2650 3822 et
2689 3767 3017 3822 observabat
3064 3778 3220 3819 soror
3264 3761 3388 3830 ejus
3410 3759 3478 3812 de
3505 3756 3657 3823 longe,
3678 3758 3719 3802 ut

2197 3867 2411 3920 videret
2433 3862 2564 3932 quid
2591 3860 2866 3915 accideret
2884 3859 2954 3912 ei.
2982 3854 3278 3910 Descendit
3295 3861 3484 3905 autem
3505 3847 3600 3902 ﬁlia
3620 3844 3718 3897 Plia-

2197 3957 2403 4021 raonis,
2457 3963 2518 4009 ut
2571 3954 2849 4007 lavaretur
2881 3951 2934 4006 in
2961 3949 3206 4013 ﬁumine,
3230 3956 3287 4001 et
3308 3943 3519 3999 audivit
3551 3939 3702 4010 ploran

2198 4063 2306 4107 tem
2336 4047 2621 4110 infantem,
2651 4055 2704 4100 et
2759 4044 2926 4111 misit,
2970 4041 3167 4111 inquit,
3210 4046 3266 4093 et
3303 4033 3720 4103 assumpsiteum,

2198 4152 2252 4198 et
2279 4142 2417 4196 dixit
2444 4140 2550 4194 tilia
2576 4137 2895 4201 Pharaonis,
2928 4134 3053 4202 quia
3091 4133 3155 4187 de
3181 4129 3490 4185 infantibus
3519 4125 3723 4180 Hebraeo-

2199 4247 2317 4289 rum
2346 4239 2427 4285 est
2461 4231 2574 4285 hic.
2608 4247 2627 4282 ι
2662 4228 2790 4283 Post
2832 4227 2946 4280 hmc
2967 4223 3078 4292 jam
3111 4221 3351 4276 refertur
3376 4216 3634 4290 quomodo
3657 4225 3722 4265 so-

2202 4337 2294 4378 ror
2342 4321 2460 4391 ejus
2487 4320 2646 4382 dixit,
2701 4327 2760 4371 ut
2785 4326 3012 4371 matrem
3047 4315 3200 4384 pueri
3231 4320 3477 4376 vocaret,
3505 4321 3613 4378 qua;
3635 4315 3724 4358 eum

2199 4412 2560 4471 nutriret.rEt
2585 4412 2744 4476 dixit,
2763 4409 3024 4479 inquit",
3042 4407 3109 4460 ad
3135 4405 3280 4460 illam
3304 4403 3418 4458 ﬁlia
3445 4395 3723 4456 Pharaonis:

2201 4506 2426 4564 Custodi
2475 4505 2606 4559 mihi
2651 4504 2796 4558 hunc
2848 4499 3140 4562 infantem,
3176 4507 3232 4552 et
3277 4497 3432 4551 nutri
3465 4508 3580 4548 eum
3607 4486 3725 4544 mihi.

525 4590 798 4658 baptismo
827 4631 843 4656 ,
879 4611 896 4645 ι
927 4593 1124 4649 ductus
1169 4603 1253 4648 est
1299 4610 1329 4647 a
1399 4597 1588 4664 spiritu
1631 4597 1682 4648 in
1724 4595 1994 4649 desertum
2039 4606 2087 4648 ut

2201 4617 2304 4672 ego
2333 4609 2512 4655 autem
2551 4597 2690 4652 dabo
2727 4595 2822 4650 tibi
2871 4593 3201 4648 mercedem.
3239 4589 3491 4658 Cumque
3517 4583 3730 4640 nutrisset

531 4693 832 4739 tentaretur
853 4699 883 4739 a
908 4685 1144 4742 diabolo.
1169 4705 1187 4738 ι
1219 4685 1331 4741 lloc
1351 4702 1478 4757 ergo
1500 4697 1580 4744 est
1604 4691 1746 4758 quod
1769 4699 1822 4743 et
1848 4691 1950 4744 hoc
1979 4689 2098 4743 loco

526 4775 738 4833 Pharao
767 4779 1021 4847 praecepit
1051 4779 1247 4847 poculo
1277 4795 1396 4844 suo,
1427 4779 1684 4836 Hebraeos
1713 4779 1953 4836 infantes
1984 4790 2097 4836 sta-

527 4869 624 4923 tim
655 4878 712 4923 ut
736 4871 845 4924 nati
873 4869 1362 4936 fuerintinvadant,
1381 4873 1822 4942 diripiatat,aquis
1850 4873 2098 4928 submer—

526 4971 677 5032 gant.
697 4962 810 5017 Hoc
831 4963 1080 5018 fortassis
1093 4974 1176 5018 est
1195 4964 1336 5032 quod
1359 4978 1451 5032 per
1473 4962 1792 5033 Prophetam
1813 4967 2094 5023 dicitur":

535 5073 552 5107 ι
580 5055 715 5122 Quia
760 5057 1100 5111 intraverunt
1126 5073 1279 5127 aquae
1323 5074 1495 5127 usque
1525 5060 1589 5112 ad
1622 5059 1859 5113 animam
1894 5074 2095 5114 meam.

528 5147 746 5207 Deﬁxus
775 5164 893 5205 sum
927 5149 977 5205 in
1010 5148 1138 5204 limo
1183 5151 1465 5218 profundi,
1493 5160 1548 5206 et
1580 5167 1685 5205 non
1719 5163 1805 5206 est
1838 5153 2097 5206 substan-

531 5243 626 5297 tia.
654 5259 672 5293 ι
712 5241 820 5296 Sed
852 5250 1140 5310 propterea
1173 5242 1419 5296 Christus
1449 5245 1724 5311 superavit
1754 5254 1808 5298 et
1839 5243 1967 5298 vicit
1992 5283 2008 5308 ,
2042 5253 2101 5297 ut

526 5335 621 5394 tibi
659 5333 904 5390 vincendi
934 5335 1037 5388 iter
1065 5333 1321 5400 aperiret.
1351 5331 1638 5402 Pr0pterea
1667 5332 1918 5404 jejunans
1947 5334 2094 5400 vicit,

530 5440 587 5484 ut
615 5439 670 5485 et
694 5437 746 5482 tu
772 5427 916 5483 scias
942 5425 1249 5496 hujusmodi
1278 5440 1447 5497 genus
1470 5426 1851 5480 daemoniorum
1879 5425 2100 5494 jejuniis

599 5528 645 5561 “
674 5527 842 5583 Exod.
873 5544 908 5587 ι,
940 5525 1032 5579 92.
1108 5524 1152 5556 ⁸⁸
1179 5522 1341 5580 Prov.
1374 5528 1528 5591 xx'ttt,
1559 5523 1611 5577 1.
1687 5523 1732 5554 ⁸⁸
1773 5522 1961 5579 Matth.
1991 5538 2066 5590 tv,
2099 5525 2149 5578 1.

527 5601 636 5654 ﬁet
656 5613 811 5667 seqq.
889 5598 934 5630 ⁸ο
965 5596 1136 5651 Exod.
1168 5610 1228 5658 tt,
1263 5593 1317 5650 9.

606 5693 716 5763 (94)
752 5694 918 5757 Alias,
959 5710 977 5745 ι
1004 5693 1301 5762 Scriptum
1331 5706 1542 5748 sensus.
1571 5710 1590 5744 ι

605 5765 717 5831 (95)
749 5766 916 5826 Alias,
956 5784 973 5815 ι
1001 5763 1382 5820 masculinum.
1408 5782 1428 5815 ›

608 5835 721 5903 (96)
757 5833 886 5889 Vide
911 5835 1004 5889 lib.
1031 5849 1071 5888 ιι
1122 5833 1360 5905 0rigen.,
1391 5843 1582 5906 quaest.
1619 5833 1704 5890 l3.

2202 4713 2349 4760 eum,
2384 4705 2438 4749 et
2463 4694 2657 4748 fortior
2685 4693 2858 4746 factus
2887 4701 3049 4756 esset,
3083 4688 3299 4746 induxit
3335 4687 3487 4741 illum
3513 4683 3576 4739 ad
3603 4681 3728 4735 tiliam

2204 4787 2529 4850 Pharaonis.
2573 4795 2628 4839 et
2679 4785 2851 4839 factus
2877 4793 2960 4838 est
2987 4784 3036 4838 ei
3064 4784 3118 4838 in
3156 4782 3352 4846 ﬁlium,
3384 4788 3439 4834 et
3471 4768 3729 4831 nominavit

2204 4895 2402 4936 nomen
2433 4877 2549 4946 ejus
2579 4875 2823 4946 Moysen,
2879 4875 3064 4930 dicens
3108 4874 3234 4942 quia
3275 4873 3342 4925 de
3374 4885 3514 4939 aqua
3541 4880 3648 4920 eum
3671 4874 3733 4912 as-

2207 4973 2434 5044 sumpsi.
2471 4991 2489 5024 ι
2521 4970 2742 5040 Singula
2776 4970 2888 5022 haec
2924 4965 3210 5020 immensis
3236 4962 3446 5030 repleta
3485 4953 3732 5030 mysteriis,

2208 5078 2418 5136 tempus
2438 5064 2658 5133 exigunt
2683 5060 2907 5132 grande,
2940 5069 2993 5113 et
3020 5058 3183 5113 totius
3211 5056 3313 5109 diei
3363 5053 3597 5124 spatium
3635 5047 3728 5100 siin

2207 5159 2293 5215 his
2347 5167 2766 5213 consumamus.
2797 5153 2884 5206 vix
2951 5151 3180 5204 fortasse
3228 5145 3491 5200 suﬁieiet.
3531 5139 3734 5195 Breviter

2210 5261 2389 5306 tamen
2439 5249 2617 5317 aliqua
2659 5246 2815 5301 nobis
2849 5260 2950 5314 pro
2993 5242 3251 5296 Ecclesia:
3280 5239 3631 5293 aedificatione
3648 5227 3736 5299 pul-

2207 5340 2375 5395 sanda
2399 5348 2542 5392 sunt.
2580 5335 2718 5390 Puto
2773 5335 2937 5389 ﬁliam
2971 5333 3276 5387 Pharaonis
3307 5328 3599 5384 Ecclesium
3648 5333 3738 5389 qua

2210 5435 2573 5496 congregatur
2605 5441 2671 5480 ex
2700 5424 2951 5495 gentibus
2985 5423 3152 5476 videri
3181 5436 3362 5491 posse,
3393 5434 3514 5490 quae
3533 5410 3739 5485 quamvis

2224 5523 2270 5558 ⁸⁷
2299 5523 2444 5578 Psal.
2477 5538 2667 5589 vattt,
2707 5522 2754 5585 l,
2788 5521 2846 5574 9..
2920 5520 2966 5552 ⁸⁸
3001 5517 3172 5572 Exod.
3225 5533 3292 5582 tt,
3323 5517 3376 5571 1.
3439 5515 3486 5546 δ’
3519 5509 3673 5566 Exod.
3693 5517 3736 5568 tt.

2283 5689 2397 5760 (97)
2434 5687 2606 5740 Tibin.
2655 5684 3012 5760 Septuaginta
3076 5681 3415 5760 reliquerunt
3453 5691 3626 5760 vocent

2211 5752 2455 5817 braicam
2496 5763 2641 5816 nam
2676 5752 2798 5823 quae
2822 5755 3092 5825 signiﬁCat
3117 5767 3298 5808 arcam
3329 5758 3423 5803 aut
3460 5752 3632 5818 potius
3669 5752 3736 5791 vas

2207 5830 2541 5903 navigationi
2581 5838 2791 5903 aptum.
