3902 6504
175 432 279 490 509

1378 430 1448 486 1N
1481 430 1769 489 EXODUM
1809 429 2092 487 ﬂOMlLlA
2123 430 2204 485 Ill.

3321 426 3429 482 310

177 552 405 622 impium
434 560 488 607 et
535 551 777 623 iniquum
813 552 1019 608 habeat
1062 563 1293 623 patrem,
1328 562 1507 611 tamen
1558 556 1755 611 dicitur
1784 562 1831 618 Α
1862 555 2166 625 egregium,
2221 561 2389 608 totum
2437 552 2674 622 elegans.
2728 551 2926 607 Totum
2984 548 3127 606 enim
3167 563 3426 617 magnum

172 647 239 703 ad
281 663 400 702 eam
460 662 557 716 per
592 648 924 717 Prophetam
957 649 1001 681 ³⁸
1035 667 1049 703 :
1088 667 1107 700 ‹
1140 649 1302 712 Audi,
1351 650 1479 714 filia,
1518 658 1573 705 et
1604 650 1747 712 vide,

173 749 223 793 et
268 739 473 792 inclina
525 754 714 793 aurem
768 748 956 805 tuam,
1009 750 1064 794 et
1121 740 1453 796 obliviscere
1496 741 1750 811 populum

175 844 347 893 tuum.
371 844 425 888 et
454 837 668 889 domum
700 836 870 903 patris
906 837 1004 901 tui,
1032 838 1156 906 quia
1178 839 1491 905 concupivit
1518 853 1612 891 rex
1637 850 1752 905 spe-

170 925 308 977 ciem
346 932 514 981 luam.
543 944 562 977 ι
601 924 725 978 llzec
758 941 888 997 ergo
918 937 1002 982 est
1037 942 1161 995 quae
1195 928 1327 982 exiit
1354 929 1420 982 de
1453 929 1614 982 domo
1649 944 1748 997 pa-

171 1014 274 1067 tris
308 1022 357 1067 et
394 1017 540 1069 venit
564 1016 628 1071 ad
655 1032 824 1087 aquas
847 1059 863 1085 ,
894 1028 952 1073 ut
985 1020 1258 1075 lavaretur
1287 1036 1314 1074 a
1342 1023 1576 1089 peccatis
1629 1037 1751 1091 quae

169 1115 530 1160 contraxerat
583 1108 637 1162 in
701 1111 864 1165 domo
907 1113 1079 1181 patris
1122 1112 1227 1168 sui.
1270 1113 1514 1183 Denique
1554 1116 1743 1167 Statim

172 1195 389 1250 viscera
441 1199 830 1256 misericordiae
867 1202 1112 1273 suscipit,
1150 1213 1204 1258 et
1247 1205 1543 1259 miseratur
1571 1205 1748 1259 infan-

171 1294 303 1341 tem.
330 1289 457 1345 Haec
487 1304 617 1363 ergo
638 1291 883 1347 Ecclesia
920 1308 985 1347 ex
1019 1295 1274 1362 gentibus
1288 1295 1538 1357 veniens,
1566 1296 1617 1349 in
1655 1310 1750 1364 pa-

169 1377 299 1433 lude
335 1380 542 1434 invenit
584 1382 856 1452 jacentem
899 1384 1117 1454 Moysen
1145 1426 1158 1449 ,
1196 1387 1464 1456 abjectum
1494 1402 1524 1441 a
1558 1389 1670 1442 suis
1693 1396 1748 1442 et

166 1472 502 1540 expositum,
534 1474 626 1529 dat.
653 1491 776 1529 eum
815 1478 1033 1541 nutrici,
1076 1488 1130 1533 et
1160 1480 1401 1532 nutritur
1425 1481 1563 1549 apud
1584 1496 1742 1546 suos,

167 1561 243 1616 ibi
278 1564 388 1634 agit
426 1565 730 1622 infantiam.
780 1567 914 1623 Cum
961 1578 1142 1623 autem
1185 1570 1379 1624 fortior
1422 1570 1598 1627 factus
1640 1582 1744 1639 est,

167 1661 305 1708 tunc
361 1655 635 1711 inducitur
676 1660 742 1712 ad
799 1673 945 1721 eam,
1001 1666 1059 1712 et
1110 1659 1401 1727 adoptatur
1443 1660 1495 1712 in
1549 1659 1743 1717 filium.

164 1744 386 1817 Moyses
415 1757 596 1804 autem
638 1751 762 1819 quia
797 1750 885 1804 lex
925 1749 1250 1819 appellatur,
1286 1750 1342 1805 in
1385 1750 1574 1804 multis
1610 1750 1746 1805 locis

157 1839 278 1909 jam
315 1856 455 1910 saepe
481 1843 767 1897 dissertum
805 1852 909 1897 est.
952 1842 1193 1897 Veniens
1233 1856 1366 1912 ergo
1402 1842 1646 1897 Ecclesia
1679 1844 1744 1897 ad

1857 655 1958 710 est,
1990 647 2253 715 quidquid
2310 644 2577 711 spiritale,
2610 644 2877 715 quidquid
2928 641 3178 698 sublimis
3223 639 3426 695 intelli-

1854 739 2051 806 gentia)
2100 746 2205 792 est.
2239 738 2305 791 Et
2339 750 2558 791 oremus
2598 736 2885 791 Dominum
2919 733 3104 789 Jesum
3143 734 3425 789 Christum

1857 836 1915 880 ut
1944 828 2059 893 ipse
2084 827 2243 880 nobis
2272 826 2471 880 revelet
2503 835 2559 879 et
2610 827 2863 880 ostendat
2898 827 3169 893 quomodo
3196 840 3430 895 magnus

1855 928 1938 979 est
1971 918 2207 991 Moyses,
2236 929 2291 973 et
2324 919 2593 987 quomodo
2614 916 2860 972 sublimis
2891 925 2994 971 est.
3028 919 3144 985 Ipse
3171 919 3311 971 enim
3343 931 3430 971 re.-

1854 1008 2021 1073 velat,
2070 996 2282 1077 Quibus
2354 1008 2490 1073 vult,
2529 1022 2625 1076 per
2681 1007 2948 1074 Spiritum
3000 1017 3268 1061 sanctum.
3322 1008 3423 1075 Ipsi

1856 1100 2027 1169 gloria
2078 1112 2133 1155 et
2190 1101 2475 1170 imperium
2527 1101 2580 1153 in
2617 1100 2813 1154 saecula
2856 1101 3425 1155 saeculorum.Amen.

2431 1206 2707 1261 IlOMlLlA
2761 1205 2849 1259 Ill.

1855 1298 1932 1352 De
1975 1315 2032 1353 eo
2058 1298 2199 1368 quod
2225 1299 2477 1363 scriptum
2504 1308 2576 1349 est
2615 1312 2632 1349 :
2666 1315 2683 1347 ι
2734 1294 2848 1363 Ego
2874 1304 3045 1348 autem
3078 1295 3265 1364 gracili
3308 1311 3428 1348 voce

2272 1385 2411 1431 sum,
2445 1378 2491 1420 et
2524 1369 2707 1419 tardus
2745 1368 2950 1434 lingua.
2981 1385 2998 1417 ›

1922 1462 1975 1517 l.
2001 1460 2180 1515 Donec
2226 1471 2371 1514 esset
2403 1458 2620 1529 Moyses
2657 1460 2710 1512 in
2743 1458 2976 1528 AEgypto
3032 1465 3087 1512 et
3118 1456 3432 1511 erudiretur

1852 1555 2001 1608 omni
2042 1554 2309 1624 sapientia
2342 1551 2746 1622 Egyptiorum,
2789 1567 2893 1605 non
2934 1559 3056 1603 erat
3082 1548 3269 1619 gracili
3300 1562 3433 1603 voce

1850 1661 1952 1700 nec
2004 1652 2192 1701 tardus
2261 1646 2466 1714 lingua,
2511 1645 2670 1715 136
2705 1658 2803 1697 nec
2831 1642 3191 1712 profitebatur
3226 1643 3337 1714 (99)
3372 1659 3432 1701 se

1849 1754 1969 1794 esse
2022 1739 2443 1808 ineloquentem.
2493 1739 2622 1793 Erat
2679 1738 2825 1790 enim
2867 1745 3134 1805 quantum
3163 1736 3234 1788 ad
3266 1735 3434 1807 IEgy—

1848 1830 2016 1899 ptios,
2038 1840 2321 1885 etsonoraa
2351 1832 2517 1893 vocis,
2539 1840 2593 1883 et
2615 1828 2939 1897 eloquentiae
2969 1826 3431 1895 iucomparabilis.

165 1948 345 2001 aquas
381 1933 637 2003 baptismi
694 1937 937 2005 suscepit
982 1936 1146 1989 etiam
1181 1935 1375 2004 legem,
1410 1951 1530 2005 quae
1562 1945 1743 1991 tamen
1780 1904 1822 1957 Β
1857 1921 1956 1977 Ubi
1988 1933 2170 1977 autem
2222 1924 2391 1992 coepit
2423 1922 2614 1976 θυάίνθ
2668 1936 2857 1974 νοεθιη
2895 1920 2985 1973 θεῖ
3027 1929 3080 1971 ει
3108 1918 3321 1986 ειοίιιιίει
3353 1918 3435 1971 ἀί·

166 2020 260 2075 lex
303 2032 421 2076 erat
464 2022 607 2077 intra
677 2024 809 2077 tibia
877 2024 1165 2089 conclusa,
1219 2026 1337 2092 pice
1381 2033 1435 2077 et
1484 2025 1746 2079 bitumine

164 2110 362 2165 oblita.
399 2111 547 2166 Tibis
578 2128 748 2182 genus
778 2122 860 2167 est
910 2114 1183 2182 tegminis,
1216 2129 1282 2167 ex
1338 2114 1506 2183 virgis
1545 2124 1637 2168 aut
1675 2130 1742 2168 ex

159 2217 377 2273 papyro
435 2214 771 2269 contextum,
811 2205 895 2259 vel
948 2206 1113 2259 etiam
1153 2220 1217 2259 ex
1246 2204 1504 2259 arbormn
1544 2208 1746 2261 cortice

166 2295 488 2361 formatum,
541 2296 681 2350 intra
743 2298 887 2366 quod
950 2297 1180 2368 injectus
1230 2298 1409 2352 infans
1459 2300 1748 2353 videbatur

161 2388 473 2454 expositus.
502 2386 727 2444 Jacebat
767 2405 895 2460 ergo
954 2390 1039 2445 lex
1076 2389 1331 2444 conclusa
1372 2391 1513 2443 intra
1551 2388 1745 2457 hujus-

164 2478 319 2532 modi
349 2481 604 2550 tegmina,
657 2490 712 2536 et
747 2483 863 2552 pice
892 2496 957 2537 ac
1012 2482 1279 2536 bitumine
1320 2482 1510 2544 oblita,
1550 2483 1749 2535 vilibus

159 2578 222 2621 et
291 2570 483 2624 terreis
530 2569 841 2626 Judteorum
892 2572 1142 2626 sensibus
1188 2570 1303 2642 (98)
1353 2573 1606 2626 sordebat
1653 2575 1750 2627 ob-

158 2673 352 2731 septa,
417 2678 696 2732 usquequo
750 2663 993 2717 Ecclesia
1048 2664 1259 2716 veniret
1302 2678 1367 2717 ex
1408 2665 1664 2733 gentibus
1697 2674 1751 2718 et

159 2764 483 2809 assumeret
516 2771 633 2808 eam
668 2757 732 2810 de
766 2756 925 2811 luteis
945 2766 999 2810 et
1026 2757 1364 2824 palustribus
1396 2758 1551 2824 locis,
1587 2766 1750 2826 atque

158 2848 322 2901 intra
350 2848 627 2917 sapientiae
665 2848 823 2904 aulas
877 2858 932 2903 et
969 2851 1165 2918 regalia
1193 2860 1332 2905 tecta
1361 2851 1747 2905 conscisceret.

161 2940 307 2995 llaec
334 2952 512 2995 tamen
538 2942 621 2995 lex
655 2942 936 2997 infantiam
969 2959 1122 2998 suam
1144 2946 1283 3015 apud
1318 2960 1445 2999 suos
1477 2945 1748 3013 transigit.

158 3034 335 3103 Apud
364 3033 486 3087 illos
508 3032 650 3087 enim
684 3034 774 3103 qui
809 3034 1133 3103 spiritaliter
1159 3051 1277 3089 eam
1326 3036 1626 3104 intelligere
1653 3053 1751 3092 ne-

160 3127 381 3190 sciunt,
418 3126 640 3194 parvula
672 3134 753 3181 est
776 3136 832 3181 et
859 3127 1063 3192 infans,
1099 3137 1153 3182 et
1198 3127 1511 3183 lactentium
1549 3129 1754 3184 habens

160 3218 356 3273 cibos.
384 3216 518 3272 Cum
552 3232 681 3272 vero
712 3218 778 3272 ad
809 3219 1112 3275 Ecclesium
1148 3221 1321 3285 venit,
1350 3237 1472 3275 cum
1499 3221 1752 3275 Ecclesiae

164 3310 485 3381 ingreditur
511 3312 752 3377 domum,
788 3311 987 3366 fortior
1036 3322 1121 3369 est
1160 3324 1215 3369 et
1260 3315 1488 3368 validior
1518 3315 1751 3385 Moyses.

159 3402 376 3457 Λητοιο
406 3403 551 3457 enim
588 3403 858 3458 velamine
907 3404 1123 3470 littera),
1145 3405 1418 3475 perfectus
1442 3410 1492 3462 in
1522 3408 1757 3462 lectione

159 3497 299 3565 ejus
347 3498 500 3552 cibus
538 3508 592 3553 et
648 3499 851 3553 solidus
880 3500 1176 3556 invenitur.
1239 3501 1380 3566 Quid
1449 3512 1626 3555 tamen
1674 3510 1759 3557 est

160 3589 404 3657 quodet
433 3591 739 3646 mercedem
795 3594 1254 3646 nutrimentorum
1303 3610 1332 3647 a
1380 3595 1485 3648 filia
1524 3596 1758 3666 percipit

160 3681 507 3745 Pharaonis,
544 3683 634 3736 illa
672 3685 810 3751 apud
868 3702 1029 3754 quam
1074 3687 1160 3741 lex
1195 3696 1250 3741 et
1281 3698 1405 3742 nata
1438 3700 1541 3757 est,
1575 3700 1629 3745 et
1658 3708 1757 3745 nu-

162 3773 355 3827 trita?
385 3772 523 3838 Quid
546 3782 630 3828 est
656 3777 796 3843 quod
822 3775 1107 3847 Synagoga
1138 3778 1337 3846 accipit
1369 3780 1435 3833 de
1475 3780 1758 3835 Ecclesia?

160 3865 320 3921 Puto
358 3866 491 3921 illud
548 3868 776 3936 intelligi
821 3884 1005 3937 posse,
1032 3872 1176 3939 quod
1202 3871 1344 3925 idem
1391 3870 1601 3944 Moyses
1628 3874 1758 3927 scri-

157 3959 276 4029 bit,
337 3960 527 4016 dicens
544 3962 636 4015 °’:
678 3980 695 4013 ι
732 3961 842 4030 Ego
872 3963 924 4015 in
982 3968 1085 4018 no‘n
1117 3973 1330 4031 gentem
1364 3964 1416 4017 in
1452 3964 1754 4019 :emulatio-

156 4067 303 4106 nem
350 4067 450 4106 vos
484 4052 763 4115 inducam,
796 4053 848 4104 in
882 4061 1097 4120 gentem
1134 4054 1485 4124 insipientem
1524 4055 1575 4108 in
1617 4058 1753 4109 iram

158 4159 264 4198 vos
308 4142 617 4197 concitabo.
670 4142 1047 4213 «etSynagoga
1072 4158 1205 4213 ergo
1242 4145 1308 4198 de
1340 4144 1580 4200 Ecclesia
1611 4146 1755 4202 istud

155 4234 449 4290 mercedis
475 4235 696 4304 accipit,
749 4246 810 4288 ut
849 4234 989 4288 ultra
1044 4234 1182 4289 idola
1212 4250 1317 4289 non
1356 4236 1518 4291 colat.
1558 4236 1755 4294 Videns

153 4329 320 4382 enim
346 4343 444 4381 eos
471 4327 561 4395 qui
592 4342 660 4381 ex
709 4327 963 4397 gentibus
996 4337 1146 4391 sunt,
1189 4329 1259 4381 ita
1301 4330 1367 4382 ad
1427 4330 1594 4384 Deum
1621 4347 1755 4386 con-

157 4433 365 4471 versos
402 4432 543 4479 esse,
580 4427 640 4470 ut
674 4419 811 4471 ultra
844 4418 986 4472 idola
1042 4418 1310 4483 nesciant,
1366 4420 1530 4474 Deum
1561 4434 1757 4490 praeter

159 4523 339 4561 unum
392 4509 663 4562 neminem
725 4519 1089 4574 venerentur,
1138 4510 1250 4579 ipsa
1290 4510 1564 4567 erubescit
1614 4514 1754 4567 idola

1851 2014 1978 2068 vina
2012 2015 2311 2084 suscipere,
2359 2024 2484 2068 tunc
2512 2013 2683 2069 sensit
2715 2012 2915 2066 exilem
2950 2021 3005 2064 et
3049 2011 3307 2078 gracilem
3334 2025 3433 2064 vo-

1852 2122 1970 2162 cem
2000 2124 2175 2169 suam,
2202 2110 2524 2176 tardamque
2556 2118 2612 2160 et
2642 2106 2959 2173 impeditam
2998 2119 3120 2159 esse
3148 2118 3305 2156 suam
3351 2103 3432 2157 iu-

1854 2201 2043 2270 telligit
2078 2201 2351 2271 linguam;
2393 2210 2518 2254 tunc
2538 2215 2596 2255 se
2636 2199 2952 2269 pronuntiat
2977 2208 3185 2250 mutum
3211 2195 3425 2261 ",cum

1852 2294 2019 2362 cmpit
2075 2307 2376 2362 agnoscere
2417 2307 2606 2345 verum
2658 2292 2785 2345 illud
2818 2289 3083 2353 Verbum,
3122 2288 3267 2358 quod
3309 2296 3429 2340 erat

1852 2389 1903 2441 in
1932 2384 2203 2456 principio
2247 2385 2387 2454 apud
2436 2384 2604 2437 Deum
2644 2384 2711 2441 ³⁸,
2750 2383 2854 2437 Sed
2898 2399 3005 2451 quo
3042 2382 3257 2435 facilius
3290 2380 3431 2448 quod

1852 2479 2089 2533 dicimus
2120 2477 2294 2547 possit
2320 2477 2551 2539 adverti,
2578 2486 2795 2530 utamur
2822 2474 3132 2542 hujusmodi
3170 2473 3429 2526 similitu—

1854 2570 1997 2624 dine.
2033 2569 2195 2623 Mutis
2259 2564 2593 2622 animalibus
2649 2566 2898 2636 quamvis
2926 2566 2997 2617 sit
3044 2564 3330 2631 imperitus
3376 2572 3433 2617 et

1856 2661 2126 2726 indoctus,
2160 2659 2503 2713 rationabilis
2532 2660 2695 2711 homo
2731 2658 2775 2710 si
2808 2664 3182 2725 comparetur,
3214 2655 3430 2709 videbi-

1857 2765 1945 2808 tur
1991 2755 2254 2824 eloquens
2317 2754 2385 2807 ad
2433 2751 2901 2820 comparationem
2959 2763 3148 2802 eorum
3189 2762 3311 2815 quae
3374 2756 3429 2801 et

1858 2847 2090 2901 rationis
2116 2855 2172 2900 et
2196 2845 2347 2900 vocis
2376 2843 2618 2912 expertia
2652 2853 2815 2905 sunt;
2848 2843 2890 2896 si
2930 2857 3059 2894 vero
3101 2839 3333 2894 eruditis
3377 2850 3433 2892 et

1859 2939 2241 3009 eloquentibus
2284 2937 2437 3002 viris,
2471 2935 2709 3003 atquein
2744 2934 2891 2987 omni
2929 2930 3201 3001 sapientia
3234 2932 3433 2999 proba-

1859 3032 2085 3085 tissimis
2113 3032 2457 3095 conferatur,
2493 3039 2546 3083 et
2576 3027 2900 3095 ineloquens
2928 3035 2985 3080 et
3014 3035 3194 3079 mutus
3222 3022 3433 3078 videbi-

1859 3136 1968 3178 tur.
2020 3126 2091 3179 At
2136 3126 2179 3179 si
2209 3126 2383 3194 ipsum
2416 3124 2538 3193 quis
2581 3121 2983 3189 contempletur
3021 3118 3265 3173 divinum
3300 3114 3433 3169 νοτ.

1781 3246 1822 3303 C
1856 3220 2005 3281 bum,
2032 3220 2310 3288 ipsamque
2332 3218 2569 3272 divinam
2601 3214 2861 3284 respiciat
2892 3212 3429 3283 sapientiam,quan-

1861 3313 2014 3365 tazvis
2063 3311 2134 3364 sit
2170 3309 2518 3373 eruditionis,
2562 3318 2618 3363 et
2645 3316 3085 3377 qtiantatcunque
3127 3300 3431 3370 sapientia,

1859 3400 2030 3456 multo
2050 3400 2287 3469 amplius
2338 3415 2499 3468 quam
2533 3398 2672 3467 apud
2717 3411 2814 3450 nos
2860 3404 2986 3449 sunt
3019 3393 3277 3461 pecudes.
3316 3390 3432 3458 ipse

1859 3494 2000 3565 apud
2032 3494 2198 3547 Deum
2229 3502 2435 3546 mutmn
2466 3507 2524 3545 se
2562 3488 2760 3543 animal
2789 3486 3163 3555 prolilebitur:
3184 3484 3301 3538 lloe
3334 3483 3423 3536 ui-

1860 3587 2054 3640 rnirum
2077 3595 2195 3639 erat
2224 3584 2459 3653 Moyses.
2482 3582 2633 3647 Quod
2666 3590 2720 3633 et
2749 3582 2947 3635 beatus
2981 3578 3153 3631 David
3186 3578 3430 3638 intuens,

1859 3684 1912 3730 et
1944 3675 2247 3729 taliordine
2295 3674 2648 3741 semetipsum
2703 3671 2767 3724 ad
2828 3670 3069 3723 divinam
3105 3666 3428 3735 sapientiam

1860 3769 2086 3828 librans.
2138 3767 2353 3822 dicebat
2400 3766 2497 3820 9‘:
2542 3785 2558 3815 ι
2610 3762 2679 3818 Ut
2725 3763 3033 3834 jumentum
3082 3759 3260 3813 factus
3310 3771 3430 3810 sum

1860 3864 1997 3934 apud
2056 3872 2131 3917 te.
2188 3881 2206 3912 ι
2244 3860 2557 3915 Secundum
2610 3861 2711 3913 hoc
2755 3871 2891 3924 ergo
2914 3864 2968 3907 et
3030 3853 3430 3923 prophetarum

1859 3956 2129 4011 maximus
2155 3953 2367 4023 Moyses
2393 3953 2445 4006 in
2476 3953 2727 4021 praesenti
2752 3949 2989 4006 lectione
3019 3947 3153 4002 dicit
3176 3946 3242 4000 ad
3283 3958 3430 4008 eum,

1858 4049 1996 4118 quod
2017 4047 2206 4116 gracili
2244 4059 2373 4098 voce
2392 4046 2484 4111 sit,
2520 4054 2573 4099 et
2603 4045 2785 4098 tardus
2812 4044 3014 4112 lingua,
3055 4039 3196 4109 quod
3230 4046 3285 4091 et
3323 4050 3432 4091 non

1856 4141 1926 4194 sit
1984 4138 2262 4207 eloquens.
2300 4138 2502 4192 Omnes
2554 4138 2700 4190 enim
2751 4136 2998 4189 homines
3049 4132 3114 4185 ad
3151 4143 3436 4199 compara-

1858 4232 2058 4286 tionem
2097 4228 2257 4283 Verbi
2298 4229 2492 4294 divini,
2537 4244 2644 4282 non
2691 4226 2865 4282 solum
2906 4225 3311 4295 incloqueutes,
3336 4222 3434 4278 sed

1856 4334 1908 4379 et
1937 4324 2067 4376 muti
2094 4323 2311 4392 putandi
2353 4331 2499 4376 sunt.

1927 4412 1980 4468 2.
2033 4413 2169 4479 Quia
2214 4414 2379 4484 igitur
2437 4413 2489 4466 in
2542 4412 2594 4466 id
2653 4410 3031 4481 intelligentiae
3086 4407 3315 4479 profecit
3375 4415 3435 4460 ut

1863 4517 2178 4576 agnosceret
2206 4506 2635 4575 semetipsum,in
2675 4519 2783 4574 quo
2815 4512 2898 4557 est
2920 4517 3048 4572 pars
3082 4500 3320 4554 maxima
3343 4513 3432 4552 sa—

156 4602 316 4653 ultra
371 4601 485 4669 jam
534 4601 735 4655 colere.
793 4599 942 4655 istud
986 4618 1115 4671 ergo
1169 4603 1364 4672 recipit
1403 4605 1654 4660 beneﬁcii
1687 4607 1755 4662 de
1788 4593 1831 4648 D
1864 4600 2114 4669 pientite,
2176 4609 2487 4653 remunerat
2544 4612 2665 4652 eum
2733 4597 2914 4650 divina
2974 4594 3240 4665 dignatio.
3294 4594 3433 4647 Audi

154 4693 423 4747 Ecclesia
448 4693 754 4761 Synagoga,
792 4694 936 4760 quod
962 4693 1009 4745 ei
1048 4693 1327 4761 parvulam
1372 4697 1613 4750 nutrisse
1638 4698 1751 4750 visa

153 4790 247 4835 est
294 4782 503 4851 legem.
551 4782 658 4835 Sed
712 4791 766 4835 et
791 4798 887 4835 nos
910 4784 1072 4835 etiam
1106 4784 1149 4837 si
1176 4783 1521 4838 Pharaonem
1558 4789 1754 4841 habui-

156 4889 290 4928 mus
326 4885 568 4942 patrem,
598 4876 763 4928 etiam
796 4876 840 4930 si
867 4892 964 4930 nos
993 4876 1045 4928 in
1079 4878 1338 4943 operibus
1378 4880 1534 4933 malis
1572 4883 1758 4949 genuit

161 4967 442 5035 princeps
481 4966 639 5032 hujus
692 4967 901 5032 mundi,
958 4984 1082 5022 cum
1131 4969 1380 5023 venimus
1437 4974 1501 5022 ad
1562 4988 1755 5039 aquas,

166 5074 540 5113 assumamus
584 5059 649 5111 ad
706 5074 802 5113 nos
839 5060 1011 5128 legem
1055 5060 1171 5122 Dei,
1224 5076 1321 5114 nec
1358 5062 1511 5116 nobis
1542 5065 1760 5117 sordeat

164 5152 388 5205 litterae
414 5149 528 5216 ejus
553 5150 655 5202 vile
694 5160 947 5220 tegmuen
1000 5160 1053 5204 et
1079 5150 1393 5214 obscurum,
1435 5170 1554 5221 quae
1592 5171 1758 5223 parva

156 5245 290 5311 ejus
327 5251 462 5295 sunt
506 5250 561 5294 et
604 5242 861 5296 lactentia
916 5243 1300 5306 concedamus,
1350 5260 1469 5312 qua:
1521 5246 1760 5314 perfecta

153 5348 217 5389 et
250 5333 449 5388 valida
500 5340 645 5398 sunt,
715 5349 1013 5399 sumamus,
1053 5342 1217 5403 atque
1261 5335 1374 5388 haec
1406 5336 1545 5389 intra
1584 5340 1763 5396 cordis

154 5424 358 5479 nostri
398 5433 535 5478 tecta
594 5425 794 5494 regalia
834 5426 1190 5479 collocemus.
1226 5425 1503 5480 Grandem
1536 5437 1590 5480 et
1617 5429 1757 5483 vali-

155 5519 301 5573 dum
358 5517 660 5571 habeamus
684 5510 938 5587 Moysen,
967 5518 1099 5571 nihil
1134 5520 1200 5572 de
1234 5534 1298 5572 eo
1328 5534 1585 5587 parvum,
1620 5520 1755 5576 nihil

156 5609 393 5665 humile
445 5612 783 5673 sentiamus;
835 5610 927 5664 sed
978 5611 1327 5679 magnificum
1366 5620 1753 5675 totnm,totum

233 5706 284 5738 “
322 5702 470 5757 Psal.
504 5718 650 5766 xuv,
689 5702 776 5755 ll.
824 5704 870 5735 θ’
936 5703 1149 5757 Denter.
1176 5718 1348 5768 nxtt,
1380 5703 1473 5757 21.

156 5790 238 5840 ιν,
268 5775 375 5828 12.
450 5775 495 5805 ⁸⁷
525 5774 669 5827 l’sal.
698 5774 976 5834 LxxxtJO.
1053 5773 1098 5804 ’⁸
1130 5773 1332 5843 Ephes.
1365 5789 1444 5839 vr,
1482 5774 1571 5829 19.

240 5871 377 5937 (98)
410 5867 558 5937 Mss.,
594 5888 611 5920 ‹
653 5872 805 5925 tetris
836 5867 1142 5925 Judazorum
1166 5870 1433 5927 sensibus.
1465 5888 1485 5923 ι

1863 4706 2026 4760 quam
2057 4689 2276 4759 optimis
2328 4689 2733 4758 magnificisque
2777 4687 3111 4743 muneribus.
3143 4704 3163 4738 ι
3193 4686 3326 4755 Ego,
3356 4684 3437 4737 in-

1864 4784 1982 4854 quit
2009 4783 2078 4849 ",
2115 4783 2356 4850 aperiam
2377 4798 2439 4836 os
2471 4792 2725 4850 tuum,et
2752 4782 3018 4835 instruam
3050 4789 3102 4833 te
3134 4794 3252 4847 quae
3274 4793 3438 4847 opor-

1867 4885 1976 4930 teat
2009 4886 2058 4928 te
2085 4874 2252 4943 loqui.
2291 4892 2310 4925 ›
2342 4875 2493 4927 Beati
2549 4883 2695 4939 sunt,
2732 4888 2962 4943 quorum
3001 4872 3141 4926 Deus
3174 4886 3235 4925 os
3259 4870 3435 4939 aperit

1864 4980 1924 5022 ut
1981 4968 2290 5037 loquantur.
2343 4966 2631 5037 Prophetis
2693 4969 2833 5021 Deus
2876 4965 3151 5036 aperitos,
3184 4975 3239 5017 et
3268 4962 3438 5031 replet

1863 5062 1991 5116 illud
2044 5062 2259 5129 eloquio
2292 5075 2416 5125 suo,
2452 5061 2593 5115 sicut
2648 5061 2701 5114 in
2753 5060 3003 5131 praasenti
3048 5058 3180 5114 dicit
3214 5076 3227 5113 :
3264 5076 3283 5107 ι
3321 5056 3435 5124 Ego

1864 5156 2100 5224 aperiam
2135 5172 2195 5210 os
2247 5168 2415 5216 tuum,
2458 5164 2513 5208 ct
2570 5154 2829 5207 iusti-nam
2878 5162 2929 5204 te
2964 5165 3084 5221 quae
3108 5156 3356 5218 oporteat
3386 5158 3437 5200 te

1865 5248 2034 5317 loqui.
2072 5267 2090 5299 ι
2131 5248 2236 5302 Sed
2268 5257 2321 5301 et
2345 5263 2439 5315 per
2462 5246 2631 5299 David
2670 5245 2802 5300 dicit
2835 5245 2973 5299 Deus
2999 5243 3044 5275 ⁰⁷
3074 5261 3087 5296 :
3116 5260 3133 5293 ι
3176 5239 3347 5293 Dilata
3373 5252 3436 5292 os

1870 5350 2042 5405 tuum,
2086 5351 2139 5394 et
2194 5340 2413 5409 replebo
2470 5339 2618 5391 illud.
2663 5354 2684 5389 ι
2721 5336 2984 5390 Similiter
3019 5344 3074 5388 et
3121 5330 3319 5385 Paulus
3353 5330 3437 5383 di-

1866 5434 1941 5487 cit
1988 5434 2033 5466 ⁹⁸
2070 5450 2083 5486 :
2117 5452 2133 5484 ι
2172 5433 2237 5488 Ut
2281 5435 2439 5486 detur
2478 5432 2608 5486 mihi
2638 5445 2818 5485 sermo
2855 5430 2906 5482 in
2935 5426 3290 5497 adapertione
3318 5422 3437 5478 oris

1864 5526 1992 5580 mei.
2038 5545 2057 5578 ι
2094 5527 2288 5581 Eorum
2346 5540 2476 5594 ergo
2504 5526 2594 5593 qui
2650 5522 2812 5577 verba
2868 5520 2960 5574 Dei
3006 5520 3320 5587 loquuntur,
3368 5527 3433 5567 os

1868 5619 2012 5672 Deus
2039 5619 2234 5687 aperit.
2293 5618 2496 5671 Vereor
2531 5628 2710 5668 autem
2743 5630 2809 5669 ne
2836 5614 2947 5666 sint
2974 5609 3165 5679 aliqui,
3201 5621 3437 5677 quorum

1550 5706 1596 5738 ³³
1634 5707 1751 5765 Ειοη

1860 5725 1903 5779 v,
1937 5710 2024 5765 ll).
2100 5710 2143 5742 9"
2170 5712 2325 5764 .loan.
2360 5726 2397 5773 1,
2431 5708 2482 5765 l.
2560 5707 2605 5739 9"
2636 5706 2781 5761 Psal.
2818 5719 2984 5771 Lxxu,
3016 5702 3107 5758 25.
3182 5697 3229 5732 ⁹⁶
3258 5699 3433 5755 Exod.

1946 5865 2058 5936 (99)
2090 5865 2258 5933 Alias,
2297 5885 2314 5917 ‹
2360 5866 2663 5936 profitetur.
2693 5883 2714 5919 ο
