3902 6502
520 415 623 472 Sil

2003 415 2326 475 ORIGENIS

3654 407 3739 462 Si!

523 533 836 590 econtrario
869 546 930 587 os
962 531 1215 586 diabolus
1255 532 1489 603 aperiat.
1549 533 1683 590 Nam
1731 539 1824 607 qui
1859 537 2102 607 loquitur
2135 546 2177 602 Α
2207 540 2265 594 Si
2305 540 2525 608 quando
2573 553 2702 609 ergo
2759 551 2898 591 vana
2947 533 3226 599 dicuntur,
3256 534 3302 589 si
3331 531 3546 602 quando
3570 532 3740 592 inania,

527 626 894 690 mendacium,
934 635 1141 680 certum
1190 633 1275 680 est
1313 625 1440 694 quia
1493 627 1745 685 diabolus
1778 632 1990 700 aperuit
2039 647 2109 711 os.

523 718 643 785 ejus
675 726 732 770 ut
788 717 1131 772 mendacium
1192 717 1534 788 loqueretur.
1571 721 1669 788 Qui
1723 721 1915 777 falsum
1951 725 2103 778 testi-

524 809 770 862 monium
825 805 977 871 dicit,
1007 809 1101 878 qui
1144 809 1512 865 scurrilitates
1548 826 1611 866 ac
1659 813 2022 882 turpitudines
2045 824 2101 870 et

525 910 724 955 caetera
760 901 1069 972 hujusmodi
1101 903 1170 956 de
1233 917 1330 956 ore
1363 917 1462 956 suo
1506 903 1811 972 proferunt,
1849 907 2098 963 diabolus

522 996 739 1062 aperuit
759 1010 823 1050 os
849 1010 1062 1051 eorum.
1096 995 1300 1050 Vereor
1333 1011 1400 1050 ne
1438 1005 1494 1050 et
1532 1013 1889 1052 susurronum
1923 1009 1974 1055 et
2005 1002 2100 1056 de-

523 1093 822 1141 tractorunt
876 1101 940 1142 os
977 1088 1226 1144 diabolus
1276 1090 1513 1159 aperiat,
1550 1093 1644 1145 sed
1694 1103 1752 1146 et
1788 1107 1976 1148 eorum
2004 1095 2096 1163 qui

521 1177 701 1233 otiosa
733 1179 897 1234 verba
928 1180 1228 1249 proferunt,
1262 1197 1360 1250 pro
1392 1183 1587 1252 quibus
1631 1184 1900 1240 reddenda
1931 1185 1984 1239 in
2011 1188 2099 1241 die

513 1266 708 1334 judicii
755 1273 894 1326 ratio
935 1282 1040 1328 est.
1090 1272 1210 1328 Jam
1246 1289 1378 1330 vero
1416 1276 1508 1344 qui
1537 1275 1882 1347 iniquitatem
1921 1281 1973 1333 in
2004 1295 2098 1335 ex-

520 1362 728 1416 celsum
755 1363 1066 1433 loquuntur,
1095 1367 1184 1434 qui
1220 1377 1422 1437 negant
1462 1367 1750 1422 Dominum
1801 1384 1978 1423 meum
2007 1368 2098 1424 Je-

519 1469 640 1508 sum
693 1455 964 1511 Christum
1019 1456 1074 1511 in
1105 1473 1271 1513 carne
1315 1460 1556 1525 venisse,
1591 1461 1672 1514 vel
1703 1461 1791 1529 qui
1831 1460 2095 1529 Spiritum

520 1556 770 1601 sanctum
823 1547 1234 1619 blaSphcmant,
1282 1552 1478 1621 quibus
1522 1569 1699 1622 neque
1746 1555 1796 1607 in
1845 1552 2095 1623 przesemi

521 1653 699 1708 neque
745 1640 798 1695 in
837 1641 1016 1698 futuro
1073 1645 1277 1699 SiBt'lllO
1325 1646 1672 1713 remittetur,
1721 1649 1842 1716 quis
1881 1647 2096 1703 dubitet

519 1731 664 1798 quod
702 1746 766 1788 os
788 1746 979 1788 eorum
1015 1733 1264 1790 diabolus
1289 1736 1541 1807 aperiat?
1574 1735 1664 1793 Vis
1697 1739 1790 1792 tibi
1817 1748 1870 1793 et
1904 1739 2005 1794 hoc
2029 1741 2094 1795 de

525 1822 830 1894 Seripturis
889 1828 1213 1891 ostendam,
1246 1827 1519 1897 quomodo
1568 1830 1870 1898 hujusmodi
1918 1830 2095 1885 homi-

2211 635 2422 703 inepta,
2478 633 2679 701 turpia,
2711 630 2962 699 profana,
3005 629 3243 685 scelesta
3278 625 3636 698 proferuntur,
3663 627 3738 694 qui

2207 727 2356 781 novit
2391 725 2600 780 Domini
2632 723 3020 789 eruditionem,
3047 720 3259 776 claudit
3281 734 3463 781 aures,
3488 728 3537 771 et
3569 718 3739 769 avt-nit

2206 821 2478 882 auditum,
2509 828 2565 872 et
2596 816 2729 871 dicit
2759 815 2804 847 ¹⁶
2835 833 2848 870 :
2887 832 2905 866 ι
2939 815 3051 886 Ego
3074 823 3255 868 autem
3281 812 3425 867 sicut
3452 810 3631 865 surdus
3653 823 3738 860 non

2203 911 2512 973 audiebam,
2560 919 2615 964 et
2663 909 2806 964 sicut
2852 916 3069 972 mutus,
3129 905 3223 976 qui
3280 919 3391 960 non
3443 903 3640 972 aperuit
3691 915 3741 954 os

2203 1018 2381 1057 suum.
2421 1021 2440 1053 ι
2465 1001 2520 1056 Si
2547 1017 2676 1056 vero
2703 1001 2768 1054 ad
2809 999 3098 1054 utilitatem
3131 998 3331 1053 animae
3353 998 3620 1068 pertinent
3642 1009 3740 1062 qua:

2203 1094 2460 1149 dicuntur
2509 1094 2554 1149 si
2582 1094 2648 1148 de
2682 1092 2791 1147 Deo
2814 1106 2998 1148 sermo
3019 1102 3127 1158 est,
3161 1092 3209 1145 si
3242 1103 3424 1144 mores
3457 1090 3626 1147 docet,
3653 1084 3740 1135 vir-

2205 1196 2350 1242 tates
2403 1186 2617 1251 invitat,
2684 1186 2812 1240 vitia
2863 1194 3101 1249 resecat,
3143 1192 3328 1254 patere
3375 1181 3568 1235 debent
3609 1191 3741 1230 aures

2203 1277 2576 1348 hujuscemodi
2629 1259 2890 1346 eloquiis;
2946 1287 3001 1333 et
3049 1292 3156 1332 non
3226 1275 3398 1329 solum
3435 1288 3626 1335 aures,
3665 1273 3739 1324 sed

2201 1377 2256 1422 et
2304 1382 2420 1432 cor,
2469 1377 2523 1421 et
2579 1382 2753 1430 mens,
2808 1376 2863 1422 et
2911 1375 3020 1421 tota
3079 1369 3146 1421 ad
3195 1363 3561 1436 hujuscemodi
3612 1362 3739 1414 audi-

2203 1469 2314 1513 tum
2349 1459 2543 1513 anima:
2593 1459 2762 1529 janua
2819 1459 3102 1529 pandenda
3157 1467 3262 1514 est.
3320 1457 3538 1510 Summa
3587 1463 3739 1505 tamen

2205 1552 2361 1623 137
2393 1552 2761 1606 moderatione
2789 1553 3040 1621 praecepti
3075 1568 3170 1606 usa
3208 1560 3293 1605 est
3318 1549 3400 1604 lex
3431 1565 3445 1601 :
3478 1558 3532 1599 ut
3555 1561 3652 1600 non
3683 1544 3740 1596 di-

2198 1654 2384 1698 ceret:
2415 1643 2531 1698 Non
2569 1644 2757 1701 audies
2788 1645 3034 1699 auditum
3069 1659 3292 1708 vanum,
3329 1641 3424 1696 sed
3467 1655 3566 1693 non
3624 1636 3739 1689 reci-

2198 1737 2334 1806 pies.
2367 1735 2499 1790 Nam
2530 1750 2666 1789 vana
2697 1735 3008 1806 frequenter
3054 1737 3328 1790 audimus.
3385 1731 3620 1786 Marcion
3644 1743 3742 1797 qu

2201 1829 2459 1898 loquitur,
2521 1843 2657 1882 vana
2688 1837 2835 1884 sunt.
2865 1827 3188 1884 Valentinus
3222 1841 3344 1896 quae
3385 1823 3636 1893 loquitur,
3666 1835 3743 1872 va-

519 1915 703 1983 nibus,
731 1918 822 1986 qui
868 1918 1156 1973 adversum
1186 1918 1464 1974 Christum
1511 1921 1829 1990 loquuntur,
1869 1937 1929 1977 os
1973 1923 2091 1976 dia-
2125 1907 2166 1964 Β
2201 1939 2267 1977 na
2299 1932 2461 1981 sunt;
2493 1932 2548 1977 et
2578 1937 2768 1976 omnes
2796 1921 2886 1990 qui
2923 1933 3116 1976 contra
3145 1929 3448 1975 creatorem
3486 1914 3648 1970 Deum
3677 1912 3742 1965 lo-

517 2007 674 2062 liolus
726 2009 934 2079 aperit?
987 2009 1117 2063 Vide
1168 2011 1296 2079 quid
1359 2014 1622 2083 scriptum
1655 2024 1739 2068 est
1765 2015 1810 2046 ⁸⁸
1841 2012 2087 2080 deJuda,

516 2101 794 2167 quomodo
830 2101 1068 2156 refer-tur
1123 2105 1248 2170 quia
1292 2103 1537 2159 introivit
1562 2104 1613 2158 in
1650 2105 1796 2160 illum
1836 2105 2087 2171 Satanas,

512 2201 570 2246 et
601 2191 726 2262 quia
782 2194 930 2248 misit
971 2196 1024 2248 in
1060 2211 1158 2250 cor
1186 2196 1302 2265 eius
1339 2198 1612 2263 diabolus,
1642 2207 1699 2252 ut
1724 2199 1964 2253 traderet
1991 2199 2092 2255 Do-

513 2283 744 2338 mitium.
788 2284 908 2356 Ipse
950 2304 1082 2359 ergo
1133 2290 1350 2356 aperuit
1401 2305 1462 2344 os
1493 2290 1643 2358 ejus,
1673 2301 1731 2344 ut
1777 2291 2090 2360 loqueretur

511 2391 636 2429 cum
672 2379 1009 2448 principibus
1028 2391 1083 2436 et
1112 2381 1423 2445 Pharisaais,
1451 2384 1726 2452 quomodo
1751 2399 1874 2437 eum
1903 2385 2088 2438 trade-

510 2476 616 2534 ret,
639 2477 862 2538 aceepta
922 2473 1148 2539 pecunia
1175 2471 1214 2526 ⁸.
1254 2470 1404 2526 Unde
1437 2471 1564 2526 mihi
1601 2473 1815 2528 videtur
1839 2488 1944 2528 non
1968 2487 2088 2529 esse

508 2573 690 2627 parva!
713 2562 901 2630 gratiae
924 2563 1224 2633 intelligere
1238 2580 1298 2618 os
1315 2566 1457 2634 quod
1476 2566 1653 2636 aperit
1674 2567 1842 2633 Deus,
1863 2576 1918 2621 et
1933 2567 2090 2621 intel-

509 2649 682 2720 ligere
710 2667 773 2708 os
810 2659 955 2723 quod
984 2660 1160 2727 aperit
1198 2657 1464 2713 diabolus.
1496 2657 1610 2712 Non
1645 2659 1878 2715 estsine
1906 2660 2083 2714 sancti

510 2742 750 2813 Spiritus
781 2749 953 2818 gratia
1014 2749 1320 2820 hujusmodi
1367 2770 1427 2810 os
1458 2765 1513 2809 et
1541 2753 1707 2809 verba
1739 2753 2080 2808 discernere.

509 2836 578 2891 Et
609 2837 731 2893 ideo
771 2839 824 2892 in
859 2840 1223 2898 divisionibus
1249 2845 1574 2914 spiritalium
1601 2847 1901 2916 gratiarum
1929 2843 2086 2899 addi-

509 2941 599 2984 tur
627 2931 790 2986 etiam
837 2933 971 2998 hoc,
1025 2938 1169 3005 quod
1224 2939 1387 2993 datur
1431 2940 1758 3009 quibusdam
1813 2939 2074 2993 discretio

507 3023 798 3092 spirituum
840 3027 883 3078 '.
937 3025 1080 3096 Ergo
1121 3029 1380 3098 spiritalis
1431 3039 1512 3084 est
1560 3030 1734 3099 gratia
1782 3045 1879 3099 per
1920 3044 2082 3098 quant

505 3115 730 3184 spiritus
755 3117 1102 3184 discernitur,
1134 3123 1350 3174 sicutet
1380 3121 1506 3176 alibi
1532 3123 1662 3177 dicit
1693 3121 1992 3191 Apostolus
2023 3122 2077 3177 ‘:

510 3225 529 3258 ι
573 3206 806 3265 Probate
841 3210 1064 3280 spiritus
1095 3213 1139 3266 si
1181 3227 1247 3268 ex
1302 3213 1413 3268 Deo
1445 3225 1570 3268 sunt
1605 3214 1704 3287 (l).
1730 3229 1750 3264 ι
1793 3213 1898 3270 Sed
1939 3214 2080 3268 sicut

503 3299 654 3355 Deus
706 3301 881 3371 aperit
910 3317 972 3358 os
1023 3316 1362 3370 sanctorum,
1408 3307 1482 3361 ita
1511 3318 1642 3378 puto
1661 3309 1808 3377 quod
1839 3317 1892 3361 et
1918 3321 2080 3362 aures

505 3403 820 3447 sanctorum
864 3394 1003 3448 Deus
1028 3397 1236 3464 aperiat
1273 3399 1338 3452 ad
1377 3398 1646 3453 audienda
1677 3400 1838 3453 verba
1871 3399 2076 3453 divina.

503 3479 596 3535 Sie
628 3482 771 3536 enim
799 3484 930 3538 dicit
953 3481 1120 3538 Isaias
1150 3488 1413 3554 propheta
1437 3487 1458 3519 ⁸
1489 3510 1499 3544 :
1529 3505 1548 3539 ι
1586 3489 1844 3543 Dominus
1864 3489 2082 3558 aperuit

499 3573 635 3628 inibi
696 3589 908 3640 aurem,
955 3587 1012 3631 ut
1058 3579 1224 3633 sciam
1271 3579 1484 3647 quando
1509 3589 1764 3648 oporteat
1807 3580 1912 3634 dici
1952 3596 2078 3632 ver-

497 3666 652 3722 hum.
691 3685 710 3720 ι
748 3667 840 3724 Sic
883 3679 936 3724 et
997 3671 1184 3725 oculos
1236 3673 1414 3739 aperit
1442 3671 1723 3737 Dominus,
1766 3673 1906 3726 sicut
1947 3688 2074 3742 ape.

499 3761 610 3813 ruit
635 3761 824 3814 oculos
846 3759 992 3830 Agar
1020 3779 1032 3815 :
1067 3778 1086 3812 ι
1131 3761 1197 3815 Et
1227 3763 1361 3816 vidit
1397 3774 1618 3830 puteum
1643 3777 1797 3832 aqua:
1824 3764 1958 3818 viva:
1994 3765 2070 3819 ⁸.»

497 3853 603 3907 Sed
634 3855 933 3910 etElisaeus
985 3857 1245 3924 propheta
1295 3858 1429 3914 dicit
1454 3858 1516 3915 σε
1551 3876 1570 3910 t
1606 3859 1791 3926 Aperi,
1824 3858 2072 3922 Domine,

494 3948 682 4002 oculos
711 3949 884 4017 pueri,
916 3957 975 4000 ut
1006 3949 1188 4003 videat
1251 3939 1376 4017 quia
1416 3950 1599 4019 plures
1635 3951 1915 4005 nobiscum
1948 3961 2076 4006 sunt

494 4052 659 4108 quant
722 4053 845 4094 eum
911 4041 1257 4097 adversariis.
1299 4041 1365 4096 Et
1398 4043 1632 4110 aperuit,
1664 4043 1858 4111 inquit,
1891 4043 2075 4099 Domi-

494 4146 598 4186 nus
627 4132 816 4188 oculos
859 4135 1038 4203 pueri,
1093 4144 1148 4190 et
1185 4143 1474 4190 eccetotus
1519 4149 1676 4188 mons
1730 4135 1922 4205 plenus
1953 4147 2073 4190 erat

495 4222 796 4291 equitibus,
826 4234 883 4279 et
911 4226 1182 4291 curribus,
1216 4226 1545 4295 auxiliisque
1585 4227 1918 4282 emlestibus.
1953 4227 2070 4282 Cir.

491 4315 712 4370 eumdat
744 4314 890 4371 enim
919 4317 1146 4386 angelus
1174 4317 1385 4372 Domini
1411 4318 1463 4371 in
1495 4319 1731 4373 circuitu
1762 4319 2068 4375 timentium

489 4422 637 4475 eum,
673 4417 732 4462 ut
781 4410 979 4479 eripiat
1023 4424 1120 4465 eos
1152 4411 1195 4464 '.
1239 4431 1260 4463 ι
1300 4411 1489 4480 Aperit
1527 4425 1678 4481 ergo,
1716 4423 1774 4465 ut
1807 4413 2064 4479 diximus,

488 4499 655 4566 Deus,
681 4511 732 4554 et
760 4516 843 4566 os,
879 4512 933 4558 et
993 4518 1178 4568 aures,
1215 4511 1266 4557 et
1301 4504 1508 4566 oculos,
1539 4514 1595 4556 ut
1632 4503 1713 4557 vel
1749 4504 2060 4573 loquamur,

2194 2024 2456 2084 qnnntur,
2483 2029 2621 2068 vana
2650 2025 2779 2068 sunt
2813 2029 2934 2083 quae
2957 2015 3272 2082 loquuntur.
3325 2010 3434 2066 Sed
3464 2018 3637 2061 tamen
3661 2006 3745 2061 fre-

2192 2115 2421 2176 quenter
2452 2121 2550 2160 nos
2591 2107 2847 2162 audimus
2893 2122 2982 2172 ea,
3033 2119 3092 2160 ut
3123 2107 3415 2159 adversum
3459 2115 3519 2156 ea
3551 2114 3746 2167 respon-

2195 2197 2323 2252 dere
2350 2198 2624 2267 possimus
2657 2215 2671 2251 :
2722 2214 2789 2251 ne
2819 2196 2955 2252 forte
2981 2197 3287 2266 subripiant
3338 2192 3745 2261 simplicioribus

2191 2290 2494 2359 quibusque
2524 2289 2753 2344 fratrum
2794 2299 3101 2345 nostrorum
3143 2304 3238 2358 per
3296 2286 3566 2340 sermonis
3602 2297 3744 2337 orna-

2194 2390 2331 2436 tum.
2361 2382 2624 2437 Audimus
2644 2396 2772 2451 ergo
2803 2383 2944 2447 haec;
2990 2381 3084 2435 sed
3112 2394 3218 2434 non
3256 2378 3568 2447 recipimus.
3617 2375 3744 2429 Dicta

2191 2483 2318 2528 sunt
2351 2475 2495 2528 enim
2553 2473 2620 2529 de
2641 2489 2740 2529 ore
2784 2473 2875 2529 illo
2925 2474 3070 2542 quod
3128 2470 3382 2526 diabolus
3433 2470 3660 2538 aperuit.
3694 2466 3744 2521 Li

2190 2568 2311 2623 ideo
2335 2567 2599 2623 orandum
2643 2566 2800 2622 nobis
2830 2576 2933 2632 est,
2965 2575 3026 2621 ut
3071 2566 3323 2636 dignetur
3346 2564 3614 2618 Dominus
3638 2576 3744 2630 ape-

2191 2661 2302 2714 rire
2324 2675 2386 2715 os
2417 2671 2696 2726 nostrum;
2729 2670 2788 2714 ut
2817 2661 3090 2730 possimus
3119 2666 3172 2712 et
3209 2657 3648 2713 contradicentes
3672 2669 3744 2709 η-

2190 2754 2430 2819 vincere,
2462 2763 2516 2808 et
2545 2753 2805 2807 oliturare
2829 2769 2892 2808 os
2928 2753 3073 2822 quod
3103 2749 3351 2807 diabolus
3384 2752 3618 2818 aperuit.
3643 2747 3746 2801 [hec

2187 2847 2255 2902 de
2283 2862 2350 2902 eo
2369 2847 2512 2916 quod
2544 2847 2806 2916 scriptum
2835 2857 2921 2903 est
2943 2848 2982 2879 ¹¹
3016 2865 3028 2899 :
3065 2867 3082 2898 ι
3111 2847 3224 2918 Ego
3246 2846 3491 2916 aperiam
3513 2860 3574 2898 os
3595 2854 3745 2904 tuum,

2188 2949 2244 2993 et
2273 2939 2538 2995 instruam
2571 2947 2644 3004 te,
2669 2954 2790 3008 quae
2813 2947 3060 3008 oporteat
3095 2947 3147 2994 te
3171 2939 3338 3008 loqui.
3377 2955 3397 2988 ι
3446 2935 3563 2990 Non
3594 2935 3746 2989 solum

2187 3040 2370 3088 autem
2405 3031 2577 3103 Moysi
2605 3032 2944 3100 promittitur
2975 3047 3038 3086 os
3079 3030 3277 3100 aperiri
3329 3045 3358 3083 a
3393 3027 3645 3090 Domino,
3668 3026 3747 3080 sed

2185 3134 2242 3180 et
2271 3132 2476 3180 Aaron.
2523 3123 2731 3179 Dicitur
2758 3123 2904 3178 enim
2937 3133 2992 3178 et
3021 3123 3088 3178 de
3136 3123 3258 3192 ipso
3289 3121 3331 3153 ¹¹
3376 3138 3391 3175 :
3433 3139 3453 3173 i
3481 3119 3596 3188 Ego
3639 3132 3749 3187 ape-

2188 3217 2323 3271 riam
2355 3231 2418 3272 os
2451 3226 2621 3282 tuum,
2652 3224 2706 3269 et
2740 3230 2803 3270 os
2837 3213 3003 3281 illius,
3035 3224 3091 3268 et
3123 3214 3389 3268 instruant
3419 3226 3518 3266 vos
3544 3208 3748 3280 quam-

2185 3311 2365 3365 ciatis.
2411 3327 2428 3360 ι
2459 3309 2714 3364 Occurrit
2742 3311 2886 3363 enim
2918 3309 3172 3363 ctAaron
3198 3305 3410 3376 Moysi,
3454 3314 3512 3359 et
3539 3302 3747 3357 exiitde

2181 3401 2438 3472 Egypto.
2462 3401 2714 3457 Occurrit
2741 3410 2920 3456 autem
2946 3403 3016 3456 ei.
3050 3399 3191 3456 Ubi?
3220 3400 3272 3453 in
3313 3397 3463 3467 quali
3497 3394 3653 3450 loco?
3680 3393 3748 3447 in-

2183 3500 2351 3546 terest
2378 3495 2520 3546 enim
2551 3492 2640 3546 ubi
2668 3501 2924 3546 occurrat
2954 3489 3123 3561 Moysi
3149 3489 3216 3557 is,
3246 3489 3401 3558 cujus
3430 3501 3496 3542 os
3520 3485 3749 3556 aperien-

2179 3583 2306 3638 dum
2336 3595 2416 3638 est
2445 3600 2475 3637 a
2512 3583 2643 3638 Deo.
2677 3583 2934 3638 Occurrit
2973 3583 3142 3644 enim,
3177 3581 3379 3652 inquit,
3419 3581 3476 3635 in
3523 3588 3747 3635 montem

2181 3676 2295 3730 Dei.
2331 3675 2492 3731 Vides
2515 3677 2640 3746 quia
2674 3677 2868 3731 merito
2894 3677 3141 3744 aperitur
3170 3691 3234 3729 os
3279 3675 3423 3745 ejus,
3465 3674 3559 3744 qui
3593 3682 3748 3743 potest

2179 3782 2471 3821 occurrere
2515 3768 2565 3820 in
2611 3777 2849 3820 montem
2896 3766 3008 3823 Dei.
3053 3765 3270 3832 Petrus,
3316 3777 3373 3820 et
3407 3763 3672 3831 Iacobus,
3707 3771 3750 3815 et

2176 3858 2434 3921 Joannes,
2463 3861 2515 3914 in
2548 3871 2790 3916 montem
2829 3860 2920 3914 Dei
2970 3859 3356 3924 ascenderunt,
3406 3867 3470 3912 ut
3502 3857 3752 3912 transfor-

2179 3949 2592 4006 matumlesnm
2628 3951 2813 4006 videre
2861 3961 3221 4016 mererentur,
3273 3959 3329 4006 et
3378 3950 3610 4022 Moysen
3643 3963 3748 4002 culti

2178 4039 2297 4108 ipso
2327 4053 2491 4111 atque
2517 4042 2691 4097 Eliam
2718 4043 2969 4097 viderent
3001 4042 3051 4096 in
3083 4041 3277 4110 gloria.
3311 4040 3381 4096 Et
3406 4051 3464 4094 tu
3499 4055 3634 4109 ergo
3662 4038 3748 4092 nisi

2177 4132 2488 4186 ascenderis
2510 4133 2576 4186 ad
2603 4142 2845 4186 montem
2876 4129 2999 4194 Dei,
3027 4141 3083 4186 et
3106 4132 3178 4187 ibi
3211 4131 3533 4186 eccurreris
3575 4127 3749 4199 Moysi,

2175 4225 2228 4279 i-.l
2258 4235 2343 4280 est
2396 4226 2496 4279 nisi
2532 4226 2808 4281 exce!sutn
2836 4226 2973 4296 legis
3011 4226 3328 4280 ascenderis
3373 4239 3628 4290 sensum,
3665 4222 3749 4275 nisi

2174 4318 2242 4372 ad
2274 4317 2532 4386 spiritalis
2554 4317 2923 4388 intelligentiae
2946 4332 3207 4372 cacumen
3234 4317 3509 4381 evaseris,
3545 4332 3652 4370 non
3682 4324 3752 4369 est

2174 4426 2237 4464 os
2269 4418 2418 4464 tuum
2457 4417 2702 4478 apertum
2736 4426 2765 4463 a
2792 4408 3038 4466 Domino.
3069 4411 3126 4462 Si
3157 4409 3210 4463 in
3244 4409 3436 4462 humili
3469 4409 3591 4463 loco
3619 4408 3749 4461 litte-

2175 4516 2249 4556 ra:
2281 4502 2577 4567 steteris,et
2607 4501 2844 4556 historia:
2883 4512 3090 4556 textum
3124 4502 3369 4558 Judaicis
3421 4499 3748 4556 narrationi-

483 4591 571 4645 vel
602 4608 911 4660 cernamus,
943 4594 1024 4650 vel
1053 4597 1339 4650 audiamus
1401 4611 1520 4664 qua:
1547 4596 1636 4650 Dei
1687 4607 1833 4650 sunt.
1875 4595 1981 4652 Sed
2009 4607 2062 4652 et
2096 4605 2140 4660 ι)
2170 4594 2273 4649 bus
2306 4595 2577 4660 innectas,
2616 4610 2724 4649 non
2752 4595 3043 4649 oceurristi
3072 4594 3245 4668 Moysi
3274 4595 3326 4649 in
3365 4605 3617 4650 montem
3646 4593 3748 4650 Dei.

486 4683 620 4739 illud
647 4702 752 4739 non
783 4687 956 4742 otiose
985 4689 1192 4757 accipio
1213 4688 1359 4759 quod
1391 4689 1522 4742 dicit
1547 4689 1805 4758 propheta
1839 4706 1851 4742 :
1881 4708 1900 4741 ε
1927 4689 2066 4744 Ern-

483 4773 638 4838 ditio,
679 4775 854 4846 inquit
885 4777 928 4841 ⁸,
962 4776 1174 4832 Domini
1235 4781 1446 4848 aperuit
1493 4780 1625 4833 mihi
1663 4796 1872 4834 aurem.
1904 4799 1924 4831 ›
1953 4779 2066 4836 lloc

483 4867 615 4921 mihi
652 4868 863 4922 videtur
887 4871 954 4924 ad
981 4886 1098 4936 nos,
1136 4871 1188 4924 id
1227 4881 1309 4925 est
1349 4872 1720 4925 communiter
1751 4873 1816 4926 ad
1843 4888 2062 4927 omnem

482 4956 574 5010 Dei
611 4957 911 5013 Ecclesiam
945 4963 1242 5032 pertinere.
1279 4963 1334 5015 Si
1369 4964 1514 5016 enim
1555 4965 1606 5017 in
1664 4963 1880 5018 Domini
1929 4979 2060 5018 eru-

481 5052 690 5105 ditione
737 5064 1067 5118 versemur,‘
1103 5056 1278 5124 aperit
1309 5064 1364 5109 et
1417 5056 1575 5110 nobis
1615 5072 1805 5110 aurem
1840 5055 2054 5110 Domini

477 5145 738 5199 eruditio.
797 5149 961 5202 Auris
1009 5163 1137 5203 vero
1163 5163 1286 5216 qua:
1318 5163 1413 5217 per
1452 5150 1814 5204 eruditionem
1840 5149 2054 5204 Domini

475 5242 744 5308 aperitur,
804 5257 908 5295 non
968 5257 1184 5312 semper
1224 5253 1410 5315 aperta
1457 5254 1563 5307 est,
1622 5243 1715 5299 sed
1755 5244 2055 5314 aliquando

472 5341 680 5399 aperta,
718 5330 1010 5400 aliquando
1060 5333 1244 5387 clausa
1310 5344 1418 5387 est.
1470 5333 1610 5386 Audi
1689 5333 2054 5404 legislatorem

472 5423 752 5479 dlt‘elllClll
781 5426 802 5458 ’
832 5443 847 5480 :
879 5443 897 5477 ι
932 5425 1010 5481 Ne
1055 5428 1336 5498 receperis
1370 5426 1447 5494 (2)
1487 5426 1730 5480 auditum
1768 5442 1983 5481 vanum.
2031 5443 2050 5478 ο

517 5613 565 5646 ⁸⁸
593 5612 752 5666 Joan.
789 5614 1015 5674 ςιιι,27.

467 5682 490 5714 ⁸
521 5681 583 5735 IV
615 5684 750 5749 Reg.
780 5700 853 5747 Vl.
889 5686 977 5740 l7.

468 5751 512 5784 ”
538 5754 670 5806 ibid.
703 5753 790 5809 15.

537 5864 614 5934 (ι)
644 5866 815 5935 Alias,
854 5889 870 5921 ε
899 5871 988 5941 qui
1012 5885 1077 5926 ex
1104 5872 1216 5926 Deo
1246 5879 1394 5926 sunt.
1431 5889 1454 5925 ι

1098 5617 1113 5646 ³
1148 5613 1339 5668 Matth.
1381 5627 1531 5676 xxv),
1559 5611 1644 5668 15.

1056 5686 1076 5717 "
1100 5686 1247 5740 Psal.
1266 5699 1461 5751 xum,
1488 5685 1542 5739 7.

1723 5614 1743 5644 ¹
1773 5612 1932 5668 ICor.
1968 5629 2063 5676 ιιι.
2103 5613 2191 5668 10.

1617 5685 1639 5716 ⁸
1674 5683 1776 5740 lsa.
1816 5699 1868 5751 ι,
1905 5685 1960 5742 5.
2034 5687 2054 5718 ⁵
2085 5685 2255 5741 Exod.
2292 5700 2508 5752 xxttt,t.

2170 4702 2270 4740 nec
2301 4701 2363 4740 os
2402 4696 2551 4741 tuum
2592 4689 2805 4756 aperuit
2842 4689 3006 4754 Deus,
3041 4702 3216 4758 neque
3261 4687 3531 4743 instruxit
3567 4696 3624 4740 te
3649 4697 3751 4752 qua:

2164 4789 2416 4847 oporteat
2445 4789 2494 4833 te
2522 4779 2688 4849 loqui.
2729 4781 2841 4836 Nisr
2870 4798 3004 4853 ergo
3030 4782 3214 4836 Aaron
3247 4782 3594 4834 occurrisset
3621 4776 3753 4844 Moy-

2162 4872 2204 4924 si
2243 4871 2294 4924 in
2326 4881 2533 4936 monte,
2569 4871 2669 4926 nisi
2705 4873 2823 4940 ejus
2848 4889 3070 4929 sensum
3113 4872 3407 4927 sublimem
3451 4870 3686 4925 vidisset
3707 4874 3752 4917 et

2161 4963 2414 5031 arduum,
2462 4965 2567 5020 nisi
2611 4967 2886 5022 excelsam
2917 4966 3036 5037 ejus
3080 4964 3503 5034 intelligentiam
3538 4969 3750 5030 perspe-

2159 5058 2361 5124 xisset;
2413 5075 2690 5129 nunquam
2733 5061 2784 5114 ci
2821 5061 3034 5115 locutus
3062 5058 3253 5113 fuisset
3303 5057 3470 5112 verba
3504 5054 3630 5116 Dei,
3665 5065 3744 5105 ne-

2158 5163 2266 5218 que
2294 5149 2548 5204 virtutem
2581 5153 2863 5220 signorum
2893 5151 3384 5222 prodigiorumqne
3413 5146 3743 5203 tradidisset,

2157 5257 2335 5312 neque
2382 5245 2700 5314 participem
2745 5260 2869 5299 eum
2919 5246 3054 5300 tanti
3081 5243 3332 5315 mysterii
3367 5239 3742 5296 conscivissct.

2227 5334 2281 5389 5.
2333 5335 2531 5389 Verum
2577 5338 2835 5406 quoniam
2887 5337 3105 5406 longum
3147 5347 3233 5391 est
3276 5337 3347 5390 de
3382 5331 3624 5402 singulis
3657 5339 3746 5396 per

2156 5428 2404 5484 ordinem
2447 5430 2652 5496 dicere,
2701 5431 2984 5487 videamus
3027 5430 3259 5500 ingressi
3303 5426 3370 5482 ao
3404 5426 3742 5480 Pharaonem

3217 5615 3238 5646 ⁸
3269 5611 3464 5666 Genes.
3497 5618 3621 5665 nt,
3653 5596 3738 5652 l9-

2270 5614 2290 5644 ³
2321 5612 2335 5666 l
2367 5611 2617 5676 Joan.tv,
2646 5616 2695 5668 l.
2795 5613 2938 5667 ‘lsa.
2961 5629 3011 5677 ι..
3044 5613 3098 5669 5.
3217 5615 3238 5646 ⁸
3269 5611 3464 5666 Genes.
3497 5618 3621 5665 ut.
3653 5611 3738 5652 1³·

2292 5700 2508 5738 xttttm.
2589 5685 2632 5717 ¹⁰
2669 5684 2812 5738 Psal.
2861 5701 3071 5738 xxxvii.
3100 5684 3182 5738 l3.
3267 5683 3309 5715 “
3345 5681 3506 5738 Exod.
3542 5691 3617 5736 IV.
3651 5666 3739 5724 η·

2589 5685 2632 5717 ¹⁰
2669 5684 2812 5740 Psal.
2861 5701 3072 5753 xxxvii,
3100 5684 3182 5740 l3.

2235 5869 2312 5944 (ἓ)
2343 5872 2516 5930 Alias.
2559 5890 2577 5925 ι
2610 5874 2946 5931 resoexeris.
2977 5893 2999 5930 ι
