3902 6506
178 414 280 471 513

1382 422 1451 477 IN
1490 421 1777 480 EXODUM
1819 420 2106 478 llOMlLlA
2142 420 2227 477 lll.

3332 417 3438 474 5H

177 531 388 603 Moyses
416 542 467 587 et
506 533 690 589 Aaron
716 535 846 605 quid
873 535 1058 593 dicunt
1085 538 1167 593 ηε
1206 556 1226 591 ι
1271 536 1397 595 Haec
1421 538 1552 594 dicit
1582 538 1761 592 Domi-
1788 538 1835 594 Α
1864 538 1915 591 in
1946 538 2069 592 aliis
2103 545 2276 591 totum
2314 534 2552 590 triduum
2588 534 2704 606 ipse
2735 534 3001 606 possidet.
3035 532 3141 589 Sed
3178 532 3255 588 illi
3293 536 3433 589 beati

180 640 325 680 nus:
365 626 581 681 Dimitte
612 627 865 697 populum
914 644 1117 698 meum,
1157 640 1217 684 ut
1244 632 1491 685 serviant
1538 629 1667 683 mihi
1702 630 1754 681 in

179 733 383 774 eremo.
434 738 452 771 ι
501 719 618 775 Νοιι
657 721 773 774 vult
794 720 1006 793 Moyses
1048 735 1109 776 ut
1145 722 1377 791 populus
1427 724 1478 776 in
1522 721 1758 793 Egypto

178 813 392 881 positus
419 815 624 867 serviat
674 814 923 879 Domino,
959 817 1053 871 sed
1082 826 1140 871 ut
1166 828 1326 871 exeat
1358 817 1409 871 in
1453 818 1754 879 desertum,

178 912 234 958 et
264 903 334 957 ibi
391 909 596 962 serviat
642 909 892 964 Domino.
946 909 1061 965 lloc
1110 920 1195 967 est
1246 913 1364 967 sine
1406 912 1570 966 dubio
1612 912 1755 980 quod

181 996 441 1061 ostendit,
475 999 600 1066 quia
639 999 811 1055 donec
842 1001 963 1069 quis
1022 1000 1075 1054 in
1133 1002 1372 1057 tenebris
1407 1001 1759 1057 saecularibus

181 1099 388 1154 manet,
414 1099 467 1145 et
501 1092 553 1165 in
595 1094 934 1159 negotiorum
973 1098 1304 1152 obscuritate
1327 1105 1606 1163 versatur,
1650 1112 1757 1151 non

178 1186 361 1244 potest
399 1179 605 1233 servire
646 1180 899 1236 Domino.
958 1183 1076 1239 Non
1129 1185 1272 1239 enim
1331 1194 1508 1255 potest
1546 1185 1758 1241 duobus

177 1268 417 1325 dominis
468 1274 675 1328 servire
732 1292 748 1331 :
791 1292 897 1332 non
948 1288 1125 1347 potest
1165 1278 1397 1334 Domino
1437 1280 1644 1335 servire
1702 1290 1757 1334 et

177 1374 505 1419 mammonae
534 1367 596 1419 “.
636 1367 951 1424 Exeundum
989 1371 1155 1440 igitur
1192 1372 1346 1427 nobis
1375 1382 1457 1428 est
1494 1373 1559 1427 de
1584 1371 1756 1443 Egy-

174 1463 305 1523 pto;
340 1457 728 1527 relinquendus
768 1471 852 1517 est
890 1464 1142 1529 mundus,
1185 1465 1228 1519 si
1258 1464 1504 1521 volumus
1532 1465 1757 1521 Domino

174 1554 407 1608 scrvire.
461 1553 866 1625 Relinquendus
905 1567 1106 1623 autem,
1149 1560 1292 1627 dico,
1338 1578 1440 1616 non
1484 1561 1622 1627 loco,
1665 1564 1757 1617 sed

175 1647 398 1715 animo;
440 1666 545 1704 non
587 1652 785 1706 itinere
825 1651 1253 1722 proﬁciscendo,
1304 1656 1396 1709 sed
1452 1654 1555 1709 ﬁde
1594 1655 1759 1724 proﬁ-

174 1741 394 1795 ciendo.
446 1742 584 1796 Audi
630 1745 745 1799 haec
793 1745 980 1799 eadem
1039 1744 1300 1801 Joannem
1342 1748 1610 1802 dicentem
1653 1749 1695 1779 ¹⁸
1739 1763 1756 1803 :

180 1850 204 1885 ε
252 1833 454 1901 Filioli,
497 1838 669 1892 nolite
700 1838 926 1909 diligere
970 1841 1266 1907 mundmn,
1311 1856 1492 1910 neque
1532 1857 1593 1897 ea
1637 1858 1758 1911 quae

172 1926 231 1980 in
291 1931 496 1982 mundo
534 1940 693 1994 sunt,
746 1933 1006 2000 quoniam
1056 1949 1219 1990 omne
1258 1936 1402 2003 quod
1460 1934 1511 1988 in
1555 1937 1754 1990 mundo

170 2033 292 2090 est,
334 2024 657 2080 desiderium
707 2030 887 2083 carnis
926 2038 1040 2094 est,
1093 2039 1149 2083 et
1186 2028 1518 2084 desiderium
1562 2029 1755 2084 oculo-

172 2130 323 2171 rum.
360 2135 380 2169 ι
426 2117 492 2170 Et
531 2118 658 2187 quid
690 2128 867 2174 tamen
911 2121 1074 2175 dicit?
1112 2120 1416 2188 Quomodo,
1450 2121 1531 2176 vel
1563 2132 1755 2189 quate-

172 2224 280 2263 nus
316 2211 581 2278 proﬁcisci
616 2213 771 2281 jubet
796 2229 863 2269 ex
890 2214 1151 2287 IEgypto,
1179 2216 1458 2271 videamus
1488 2233 1500 2269 ε
1540 2215 1753 2281 «Viam,

170 2302 353 2371 inquit
385 2304 446 2367 ",
510 2306 669 2359 trium
722 2307 931 2363 dierum
988 2309 1183 2365 ibimus
1234 2311 1284 2365 in
1326 2324 1543 2377 eremo,
1587 2319 1642 2364 et
1680 2310 1753 2365 ibi

172 2392 577 2451 immolabimus
629 2398 859 2452 Domino
900 2401 1009 2454 Deo
1048 2410 1255 2457 nostro.
1312 2421 1331 2455 ι
1387 2403 1516 2470 Quae
1545 2412 1628 2458 est
1668 2404 1753 2458 via

172 2485 341 2539 trium
376 2487 605 2555 dierum,
648 2506 769 2561 qua:
809 2492 965 2547 nobis
997 2493 1294 2550 incedenda
1336 2505 1437 2563 est,
1464 2506 1524 2550 ut
1552 2511 1757 2552 exeun-

172 2589 259 2635 tes
297 2584 364 2636 de
403 2580 643 2652 Egypto
680 2587 967 2652 pervenire
1015 2587 1287 2656 possimus
1343 2589 1409 2642 ad
1462 2589 1638 2644 locum
1701 2590 1755 2643 in

166 2689 282 2744 quo
324 2674 607 2729 immolare
647 2675 971 2735 debeamus?
1017 2678 1129 2750 Ego
1160 2680 1302 2734 viam
1328 2680 1476 2736 illum
1520 2682 1757 2754 intelligo

168 2768 267 2834 qui
312 2768 443 2821 dixit
485 2766 570 2823 ’τε
612 2788 630 2821 ι
679 2769 788 2840 Ego
828 2786 945 2825 sum
986 2772 1092 2835 via,
1135 2782 1190 2827 et
1218 2774 1440 2839 veritas,
1468 2784 1523 2829 ct
1561 2776 1689 2831 vita.
1732 2796 1750 2829 ι

167 2858 303 2913 llaec
331 2862 414 2914 via
458 2862 639 2917 triduo
679 2864 836 2917 nobis
860 2863 1154 2919 incedenda
1178 2876 1282 2921 est.
1324 2867 1424 2935 Qui
1466 2871 1610 2924 enim
1635 2887 1759 2925 con—

165 2950 354 3006 fessus
390 2951 551 3006 fuerit
593 2954 644 3007 in
686 2968 781 3008 ore
822 2969 920 3009 suo
957 2954 1243 3009 Dominum
1278 2955 1490 3020 Jesum,
1544 2970 1599 3014 et
1636 2976 1758 3016 cre-

166 3045 379 3100 diderit
419 3046 469 3099 in
509 3048 670 3100 corde
711 3062 829 3111 suo,
873 3048 1014 3117 quod
1055 3049 1197 3105 Deus
1226 3050 1373 3104 illum
1407 3050 1690 3108 suscitavit
1726 3070 1755 3108 a

164 3136 408 3189 mortuis
446 3136 605 3189 tertia
662 3136 772 3201 die,
814 3137 997 3192 salvus
1050 3141 1153 3194 erit
1212 3141 1275 3194 ¹⁸.
1332 3141 1456 3198 llzec
1504 3160 1634 3214 ergo
1673 3156 1755 3199 est

1859 631 1951 701 qui
1985 631 2252 698 integrum
2285 628 2353 683 ab
2382 642 2449 682 eo
2476 628 2712 682 triduum
2741 626 3024 689 secedunt,
3052 635 3106 681 et
3148 626 3349 680 nullam
3382 628 3434 681 in

1860 724 1941 778 eis
1963 739 2114 778 suam
2140 720 2379 792 possidet
2410 719 2576 776 diem.
2604 717 2721 772 Non
2745 733 2875 787 ergo
2906 722 3128 788 putetis,
3154 720 3281 788 quia
3308 727 3436 774 tunc

1862 816 2235 872 tantummodo
2257 817 2447 871 eduxit
2478 812 2688 891 Moyses
2716 811 2971 881 populum
2998 812 3067 867 de
3098 798 3352 883 ﬁgypto.
3374 811 3439 867 Et

1862 924 2007 965 nunc
2050 909 2281 980 Moyses,
2332 925 2490 978 quem
2536 908 2795 961 habemus
2842 908 3125 961 nobiscum
3153 908 3439 962 (habemus

1861 1005 2005 1058 enim
2042 1003 2285 1074 Moysen,
2313 1013 2366 1059 et
2392 1002 2728 1074 prophetas),
2760 1003 2810 1056 id
2838 1012 2922 1057 est
2975 1003 3057 1055 lex
3117 1000 3211 1055 Dei
3247 1001 3359 1054 vult
3388 1010 3439 1053 te

1860 1097 2095 1152 educere
2133 1099 2198 1151 de
2230 1095 2499 1166 Egypto;
2534 1096 2577 1150 si
2608 1097 2797 1152 audias
2827 1110 2968 1158 eam,
3017 1093 3134 1147 vult
3176 1103 3229 1146 te
3279 1092 3438 1159 longe

1864 1192 2042 1245 facere
2068 1207 2097 1245 a
2132 1190 2436 1245 Pharaone.
2472 1189 2674 1243 Eruere
2702 1199 2753 1242 te
2780 1188 2930 1257 cupit
2965 1188 3031 1240 de
3058 1201 3225 1255 opere
3259 1185 3353 1238 luti
3383 1195 3439 1239 et

1863 1284 2177 1357 palearum;
2208 1283 2251 1337 si
2278 1294 2457 1337 tamen
2495 1281 2685 1336 audias
2710 1281 2887 1350 legem
2916 1280 3032 1344 Dei,
3065 1290 3118 1333 et
3149 1278 3309 1349 138
3332 1279 3443 1346 spi-

1863 1379 2101 1435 ritaliter
2140 1376 2430 1447 intelligas.
2464 1374 2580 1429 Non
2615 1374 2731 1429 vult
2758 1383 2808 1428 te
2842 1375 2894 1428 in
2942 1372 3128 1428 carnis
3184 1380 3238 1426 et
3292 1381 3442 1424 tene-

1862 1472 2083 1527 brarum
2121 1468 2332 1524 actibus
2379 1480 2723 1536 permanere,
2756 1465 2848 1520 sed
2897 1464 3047 1519 exire
3080 1463 3146 1518 ad
3173 1477 3441 1525 eremum,

1860 1564 2048 1619 venire
2076 1562 2141 1616 ad
2168 1561 2345 1616 locum
2375 1560 2879 1629 perturbationibus
2904 1566 2956 1613 et
2976 1556 3232 1611 ﬂuctibus
3257 1555 3438 1611 saeculi

1861 1673 2111 1722 vacuum,
2148 1656 2335 1711 venire
2358 1655 2425 1709 ad
2455 1653 2695 1723 quietem
2732 1650 2955 1706 silentii.
2988 1649 3164 1704 Verba
3190 1647 3331 1701 enim
3362 1661 3446 1700 sa-

1863 1753 2081 1824 pientiae
2112 1752 2163 1805 in
2223 1750 2442 1805 silentio
2495 1756 2550 1802 et
2595 1746 2778 1815 quiete
2820 1746 3124 1800 discuntur.
3179 1742 3260 1795 Ad
3298 1742 3443 1794 hunc

1862 1860 1994 1916 ergo
2030 1845 2206 1900 locum
2242 1842 2441 1912 quietis
2473 1856 2597 1895 cum
2632 1840 2866 1903 veneris,
2893 1838 2965 1892 ibi
3002 1835 3209 1906 poteris
3241 1833 3435 1886 intth

1861 1938 1977 1992 lare
2006 1936 2251 1997 Domino,
2286 1935 2358 1988 ibi
2394 1933 2569 2001 legem
2610 1934 2699 1987 Dei
2728 1944 2781 1986 et
2828 1932 3082 1984 virtutem
3124 1927 3322 1980 divinas
3351 1937 3447 1976 vo-

1860 2031 1939 2086 cis
1964 2042 2277 2100 agnoscere.
2302 2026 2590 2099 Propterea
2606 2040 2735 2093 ergo
2760 2023 2905 2093 cupit
2931 2036 2983 2077 te
3008 2021 3218 2091 Moyses
3245 2021 3445 2090 ejicere

1860 2125 1927 2179 de
1976 2123 2155 2178 medio
2195 2122 2581 2176 ﬂuctuantimn
2636 2121 2997 2190 negotiorum,
3044 2130 3100 2173 et
3145 2119 3209 2172 de
3266 2119 3445 2173 medio

1860 2214 2317 2286 perstrepentium
2342 2213 2689 2282 populorum.
2719 2212 3018 2282 Propterea
3041 2211 3187 2280 cupit
3220 2219 3270 2263 te
3294 2210 3445 2263 exire

1860 2308 1927 2363 de
1962 2308 2217 2379 Egypto,
2252 2306 2303 2360 id
2327 2314 2410 2361 est
2435 2307 2501 2360 de
2533 2305 2773 2360 tenebris
2798 2305 3149 2376 ignorantiat;
3192 2312 3247 2357 ut
3273 2303 3442 2373 legem

1860 2406 1955 2461 Dei
1991 2406 2200 2471 audias,
2245 2416 2301 2460 et
2334 2408 2511 2461 lucem
2556 2404 2796 2459 scientiae
2842 2403 3051 2469 capias.
3090 2400 3197 2455 Sed
3230 2399 3447 2453 obsistit

1860 2497 2103 2563 Pharao;
2160 2497 2411 2553 relaxare
2468 2508 2520 2552 te
2567 2514 2670 2551 non
2720 2496 2833 2549 vult
2865 2504 3049 2550 rector
3096 2495 3443 2548 tenebrarum

1861 2594 2087 2659 harum;
2120 2609 2223 2647 non
2249 2593 2359 2646 vult
2390 2602 2440 2646 te
2468 2590 2713 2645 abstrahi
2746 2591 2812 2644 de
2859 2589 3099 2643 tenebris
3131 2588 3264 2652 suis,
3292 2595 3345 2639 et
3374 2585 3441 2637 ad

1860 2687 2099 2742 scientiae
2131 2687 2311 2741 lumen
2349 2687 2544 2741 adduci
2581 2704 2593 2740 :
2626 2693 2681 2739 et
2711 2685 2833 2738 audi
2869 2685 2995 2753 quid
3024 2681 3154 2735 dicit
3201 2699 3212 2733 :
3264 2699 3281 2730 ι
3313 2678 3446 2745 Quis

1859 2789 1964 2843 est,
1998 2779 2172 2847 inquit
2195 2779 2261 2841 ἰ,
2320 2777 2473 2846 cujus
2510 2777 2725 2831 audiam
2756 2777 2983 2830 vocem?
3032 2772 3227 2828 Nescio
3257 2771 3441 2825 Domi-

1860 2887 2011 2935 num,
2045 2882 2094 2925 et
2134 2870 2299 2925 Israel
2342 2888 2447 2924 non
2482 2871 2777 2924 dimittam.
2824 2889 2842 2920 ι
2891 2867 3028 2920 Αιιαί
3056 2866 3183 2936 quid
3219 2878 3444 2933 respon-

1861 2962 1938 3017 dit
1987 2963 2242 3031 princeps
2287 2961 2446 3030 hujus
2482 2960 2693 3027 mundi,
2744 2958 2956 3012 nescire
2987 2972 3044 3011 se
3093 2956 3261 3009 Deum
3290 2951 3439 3005 dicit.

1861 3056 2027 3113 Vides
2056 3057 2185 3126 quid
2215 3056 2327 3127 agit
2357 3054 2522 3110 cruda
2561 3053 2833 3123 superbia.
2875 3051 3053 3105 Donec
3088 3051 3137 3103 in
3166 3048 3445 3101 laboribus

1864 3152 2142 3206 hominum
2173 3169 2278 3205 non
2324 3160 2427 3214 est,
2468 3161 2668 3204 etcum
2710 3146 3023 3201 hominibus
3054 3160 3157 3197 non
3202 3140 3435 3209 ﬂagella-

163 3226 340 3281 tridui
375 3226 492 3288 via,
540 3241 637 3294 per
676 3241 835 3295 quam
876 3230 1195 3297 pervenitur
1234 3230 1288 3285 in
1331 3232 1506 3287 locum
1551 3236 1603 3288 in
1648 3251 1757 3303 quo
1786 3232 1829 3291 C
1867 3244 2059 3311 tur";
2100 3253 2383 3313 propterea
2415 3242 2587 3295 lenuit
2612 3255 2734 3294 eum
2769 3237 3049 3307 superbia,
3086 3235 3332 3303 Denique
3357 3230 3442 3284 vi-

178 3318 418 3373 Domino
455 3318 762 3372 immoletur
800 3322 1151 3400 et.reddatur
1190 3324 1514 3379 sacriﬁcium
1559 3326 1757 3385 laudis.

172 3413 333 3475 Haec,
375 3424 632 3480 quantum
676 3413 741 3464 ad
792 3413 1078 3482 mysticum
1114 3416 1349 3484 pertinet
1404 3417 1756 3473 intellectum.

161 3506 228 3561 Si
274 3521 405 3560 vero
444 3506 608 3559 etiam
668 3504 952 3570 moralem,
1007 3506 1099 3574 qui
1152 3506 1307 3561 nobis
1355 3508 1604 3578 perutilis
1654 3522 1757 3577 est,

157 3598 508 3668 requirimus
563 3597 765 3661 locum,
808 3597 911 3651 iter
951 3598 1113 3652 tridui
1157 3599 1223 3655 de
1262 3599 1496 3673 Egypto
1536 3602 1758 3672 proﬁci-

157 3691 403 3753 scimur,
432 3691 475 3744 si
510 3690 583 3743 ita
626 3704 725 3744 nos
757 3688 825 3743 ab
862 3689 1010 3743 omni
1044 3691 1457 3758 inquinamento
1480 3695 1678 3749 animre
1706 3704 1761 3749 et

159 3783 425 3853 corporis
450 3798 514 3836 ac
554 3784 778 3851 spiritus
819 3798 1228 3847 conservemus,
1273 3797 1349 3845 ut,
1401 3788 1762 3855 quemadmo-

158 3877 299 3930 dum
340 3874 481 3928 dixit
522 3874 811 3942 Apostolus
838 3878 901 3942 ¹⁹,
932 3894 951 3927 ι
1002 3874 1213 3945 integer
1236 3877 1463 3946 Spiritus
1503 3887 1683 3933 vester
1706 3888 1760 3933 et

158 3970 380 4032 anima,
439 3978 493 4023 et
532 3984 731 4038 corpus
773 3970 826 4022 in
869 3968 957 4023 die
993 3965 1120 4021 Jesu
1164 3966 1366 4023 Christi
1412 3981 1684 4024 servetur.
1736 3991 1754 4024 ι

158 4056 362 4113 Tridui
422 4059 527 4112 iter
566 4058 967 4128 proﬁciscimur
1005 4059 1069 4112 de
1110 4055 1388 4129 Egypto,
1432 4060 1474 4115 si
1519 4061 1761 4115 rationa-

163 4155 301 4215 lem,
363 4153 708 4217 naturalem,
772 4152 1030 4206 moralem
1084 4153 1407 4219 sapicntiam
1468 4154 1533 4207 de
1594 4155 1760 4209 rebus

158 4245 546 4302 mundialibus
586 4245 900 4299 auferentes
939 4245 1006 4299 ad
1049 4254 1253 4299 statuta
1297 4244 1479 4298 divina
1531 4248 1779 4301 conver—'

160 4342 369 4406 timus;
418 4339 578 4394 tridui
611 4339 713 4392 iter
738 4338 805 4394 de
844 4337 1080 4410 Egypto
1108 4338 1527 4407 proﬁciscimur,
1569 4340 1612 4394 si
1655 4356 1757 4410 pu-

162 4434 457 4488 riﬁcantes
498 4431 551 4484 in
583 4430 739 4485 nobis
777 4430 921 4485 dicta
948 4472 962 4496 ,
1003 4430 1149 4486 facta
1174 4470 1189 4496 ,
1228 4430 1310 4486 vel
1350 4432 1585 4501 cogitata
1630 4433 1757 4501 (tria

159 4534 301 4582 sunt
330 4525 478 4580 enim
511 4524 645 4589 haec,
680 4538 775 4593 per
801 4539 921 4592 quae
953 4539 1180 4593 peccare
1210 4524 1458 4578 homines
1483 4526 1754 4597 possunt),

159 4621 479 4677 eﬂiciamur
517 4619 703 4674 mundi
747 4619 927 4680 corde,
956 4626 1014 4671 ut
1056 4617 1324 4685 possimus
1356 4618 1523 4671 Deum
1553 4620 1756 4674 videre.

164 4713 264 4769 Vis
308 4724 494 4768 autem
543 4712 732 4766 videre
783 4724 905 4779 qua:
964 4708 1276 4777 hujusmodi
1339 4723 1492 4775 sunt,
1541 4728 1659 4780 qufe
1702 4715 1753 4766 in

163 4807 476 4875 Scripturis
515 4804 721 4860 indicat
770 4803 1009 4873 Spiritus
1055 4802 1319 4857 sanctus?
1372 4802 1586 4857 Pharao
1648 4807 1757 4871 hic,

157 4900 262 4969 qui
289 4906 375 4953 est
416 4898 667 4967 princeps
696 4894 938 4966 Egypti,
982 4898 1070 4949 ubi
1113 4910 1172 4950 se
1202 4896 1349 4950 videt
1380 4897 1759 4955 vehementius

157 4989 478 5061 perurgeri,
520 4997 579 5042 ut
616 4987 855 5041 dimittat
889 4987 1150 5056 pooulum
1195 4986 1310 5051 Dei,
1354 4987 1597 5042 secundo
1639 4989 1763 5043 loco

159 5086 279 5141 hoc
314 5082 463 5151 cupit
504 5081 799 5150 impetra.e
839 5093 907 5133 ne
945 5078 1157 5145 longius
1198 5080 1421 5143 abeant,
1467 5094 1535 5133 ne
1585 5090 1758 5134 totum

158 5179 421 5233 triduum
462 5174 899 5247 proﬁciscantur,
945 5180 1001 5225 et
1038 5171 1171 5225 dicit
1212 5171 1257 5201 ²⁰
1308 5188 1322 5224 :
1365 5189 1383 5222 ι
1441 5171 1558 5226 Non
1602 5172 1760 5239 longe

158 5271 410 5328 abeatis.
440 5289 459 5323 ι
507 5267 621 5323 Non
663 5267 778 5320 vult
818 5266 975 5336 longe
1014 5281 1043 5318 a
1076 5279 1136 5320 se
1176 5264 1292 5319 ﬁeri
1328 5265 1581 5333 populant
1626 5266 1758 5332 Dei;

156 5364 294 5419 vult
329 5377 452 5419 eum
493 5361 538 5417 si
577 5360 765 5417 nonin
795 5359 958 5423 facto,
1002 5357 1085 5412 vel
1112 5357 1165 5412 in
1195 5372 1447 5412 sermone
1485 5372 1712 5425 peccare
1742 5375 1755 5411 :

157 5456 211 5510 si
265 5473 370 5509 non
399 5456 450 5509 in
491 5469 774 5519 sermone,
822 5453 906 5507 vel
947 5453 998 5507 in
1041 5448 1373 5521 cogitatione
1417 5448 1755 5518 delinquere.

158 5550 297 5604 Non
330 5549 437 5601 vult
472 5558 532 5603 ut
566 5558 737 5604 totum
766 5564 795 5602 a
822 5563 881 5603 se
908 5549 1143 5603 triduum
1171 5543 1608 5615 proﬁciscantur.
1638 5543 1759 5597 Vult

156 5642 227 5697 in
264 5640 417 5696 nobis
443 5639 528 5695 vel
552 5655 720 5695 unum
752 5640 893 5696 diem
923 5656 1079 5696 suum
1106 5641 1343 5701 habere;
1377 5635 1427 5688 in
1452 5634 1573 5689 aliis
1596 5636 1752 5705 duos;

242 5804 291 5838 “
318 5806 556 5872 Exod.v,
593 5807 643 5861 1.
723 5806 918 5861 "Luc.
950 5823 1061 5871 xvi,
1094 5807 1180 5860 15.

166 5876 221 5907 ’³
262 5876 277 5930 1
332 5875 522 5932 Thess.
558 5895 610 5940 v,
644 5878 732 5934 93.
812 5880 856 5911 ⁸⁰
883 5878 1051 5931 Exod.
1086 5893 1201 5939 vut,
1230 5878 1321 5931 9.8.

162 5964 300 6010 vm,
329 5948 433 6011 ‘2‘);
468 5948 633 6009 Marc.
666 5966 703 6014 ι,
734 5948 824 6004 25.
909 5949 951 5979 ³⁸
980 5949 1016 6003 ll
1050 5948 1175 6002 Cor.
1213 5964 1288 6012 vt,
1335 5949 1417 6011 14,
1447 5949 1525 6001 15.

1260 5808 1300 5839 ’⁵
1343 5804 1543 5861 IJoan.
1577 5823 1634 5870 tt,
1667 5807 1861 5871 13,16.

1398 5880 1437 5907 ²¹
1473 5879 1638 5930 Exml.
1692 5894 1743 5937 v,
1772 5881 1825 5931 ἓ.

1866 3339 2020 3394 dehis
2058 3353 2181 3391 eum
2215 3336 2375 3408 paulo
2406 3344 2525 3404 post
2555 3344 2816 3403 quantum
2844 3331 3057 3401 proﬁcit
3095 3330 3145 3381 iu
3181 3325 3441 3396 ﬂagellis;

1863 3438 2065 3499 quanto
2108 3428 2298 3482 melior
2343 3428 2661 3479 verberatus
2700 3423 2950 3477 eﬂicitur.
2999 3422 3101 3476 Iste
3147 3422 3239 3490 qui
3285 3420 3445 3473 modo

1865 3522 2036 3577 dicit:
2071 3539 2089 3572 ι
2131 3518 2325 3574 Nescio
2348 3518 2655 3582 Dominum,
2694 3536 2713 3570 ι
2751 3527 2934 3586 postea
2973 3531 3093 3569 cum
3125 3514 3232 3565 vim
3259 3524 3445 3564 sense-

1865 3614 1935 3667 rit
1973 3612 2285 3673 verberum,
2318 3610 2565 3663 dicturus
2594 3618 2678 3661 est
2706 3608 2753 3639 ’³
2785 3624 2798 3660 :
2838 3626 2856 3659 ι
2889 3606 3055 3661 Orate
3088 3620 3186 3674 pro
3221 3618 3306 3657 me
3338 3604 3441 3656 Do-

1864 3706 2089 3768 minum,
2127 3721 2146 3755 ι
2181 3713 2234 3757 et
2267 3717 2372 3756 non
2404 3701 2578 3755 solum
2605 3700 2729 3765 huc,
2782 3699 2875 3753 sed
2899 3698 3061 3750 etiam
3089 3692 3444 3749 contestanti-

1864 3799 1966 3853 bus
1997 3798 2171 3866 magis
2198 3796 2462 3850 fatebitur
2507 3796 2632 3865 quia
2664 3792 2865 3863 digitus
2897 3792 2991 3845 Dei
3027 3801 3111 3843 est
3154 3789 3204 3841 in
3239 3786 3444 3841 virtute

1864 3893 2163 3961 signorum.
2198 3888 2367 3944 Nemo
2403 3905 2532 3959 ergo
2562 3890 2634 3942 ita
2673 3884 2977 3941 ineruditus
3025 3882 3223 3937 divina}
3258 3880 3328 3934 sit
3356 3880 3441 3933 di-

1863 3985 2128 4054 sciplinzc,
2163 3993 2218 4035 ut
2241 3981 2447 4050 ﬂagella
2479 3981 2659 4035 divina
2696 3979 2993 4050 perniciem
3032 3985 3203 4045 putet,
3243 3983 3301 4028 ut
3328 3987 3445 4027 ver-

1864 4073 1996 4130 bera
2028 4074 2236 4128 Domini
2276 4070 2544 4141 poenalem
2571 4071 2760 4125 credat
2792 4069 3095 4134 interitum,
3133 4066 3269 4120 Ecce
3299 4063 3444 4117 Pha-

1867 4181 1962 4221 rao
2007 4165 2366 4221 durissimus:
2424 4171 2603 4216 tamen
2652 4161 2868 4230 proﬁcit
2908 4159 3247 4214 verberatus.
3302 4153 3443 4209 Ante

1862 4260 2087 4314 verbera
2120 4258 2405 4312 Dominum
2432 4258 2639 4322 nescit;
2670 4257 2989 4310 verberatus
3018 4251 3309 4321 supplicari
3346 4265 3442 4318 pro

1863 4366 1922 4406 se
1965 4350 2247 4403 Dominum
2287 4359 2460 4418 rogat.
2519 4345 2617 4400 Est
2669 4346 2944 4415 proiectus
2988 4344 3039 4397 in
3093 4341 3292 4411 pmnis,
3339 4340 3441 4395 hoc

1864 4442 2039 4510 ipsum
2086 4454 2384 4511 agnoscere
2423 4436 2564 4505 quod
2599 4434 2865 4489 merueris
2906 4445 3146 4500 ptenatn.
3187 4446 3207 4480 ι
3248 4428 3442 4481 Nescio

1865 4545 2010 4600 ergo,
2048 4528 2145 4593 ait,
2202 4525 2512 4590 Dominum,
2553 4534 2607 4577 et
2640 4523 2803 4577 Israel
2859 4537 2963 4575 non
3001 4520 3235 4574 dimitto.
3280 4536 3297 4570 ι
3335 4518 3441 4572 Sed

1862 4624 1985 4680 vide
2040 4622 2091 4674 in
2126 4617 2455 4687 Evangeliis,
2502 4615 2772 4684 quomodo
2826 4614 3142 4667 verberatus
3188 4607 3443 4664 emendet

1858 4720 1999 4773 hanc
2027 4728 2235 4766 vocem.
2276 4709 2551 4778 Scriptum
2582 4718 2665 4760 est
2714 4706 2858 4759 enim
2890 4705 3016 4775 quia
3072 4703 3445 4757 clamaverunt

1858 4812 2137 4866 daemones
2168 4806 2233 4859 ad
2268 4803 2555 4856 Dominum
2580 4842 2595 4868 ,
2630 4812 2684 4858 et
2714 4802 2969 4855 dixerunt
3002 4800 3048 4831 ¹⁶
3081 4816 3094 4851 :
3129 4817 3146 4850 ι
3181 4797 3317 4863 Quid
3353 4810 3443 4849 ve-

1861 4903 1985 4957 nisti
2015 4911 2138 4953 ante
2165 4910 2377 4967 tempus
2410 4908 2665 4963 torquere
2699 4894 2836 4947 nos?
2863 4893 3080 4946 Scimus
3121 4903 3171 4944 te
3198 4889 3287 4957 qui
3325 4888 3439 4942 sis:

1859 4996 1943 5051 Tu
1985 5010 2043 5047 es
2094 4991 2263 5045 Filius
2310 4989 2399 5044 Dei
2448 4988 2579 5044 vivi.
2619 5005 2637 5038 ι
2675 4986 2772 5041 Ubi
2816 4994 3081 5040 tormenta
3129 4994 3440 5042 senserunt.

1866 5090 2045 5145 sciunt
2073 5086 2385 5140 Dominum.
2432 5082 2573 5135 Ante
2604 5080 2814 5149 ﬂagella
2858 5079 3029 5135 dicit:
3062 5095 3082 5130 ι
3121 5077 3314 5131 Nescio
3342 5075 3447 5128 Do-

1870 5181 2097 5241 minum,
2132 5186 2185 5229 et
2238 5173 2399 5227 lsrael
2447 5188 2552 5226 non
2587 5172 2821 5236 dimitto,
2861 5191 2879 5223 ι
2931 5171 3025 5225 sed
3062 5178 3248 5238 postea
3282 5165 3443 5222 Israel

1868 5274 2115 5335 dimittit,
2152 5280 2205 5323 et
2238 5286 2341 5323 non
2373 5267 2545 5321 solum
2593 5267 2843 5331 dimittit,
2880 5266 2970 5320 sed
3020 5273 3073 5317 et
3108 5264 3222 5333 ipse
3256 5276 3446 5330 perur-

1868 5364 2013 5435 gebit
2043 5378 2166 5417 cum
2198 5362 2368 5415 exire.
2401 5359 2556 5413 Nulla
2589 5360 2734 5413 enim
2776 5358 3010 5412 societas
3044 5356 3176 5409 lucis
3199 5355 3263 5407 ad
3292 5362 3444 5407 tene-

1866 5456 2026 5521 bras;
2084 5455 2228 5509 nulla
2288 5468 2416 5522 pars
2452 5451 2594 5504 ﬁdeli
2628 5466 2751 5504 cum
2812 5448 3102 5503 inﬁdeli".
3160 5446 3264 5499 Sed
3314 5445 3442 5512 quid

1868 5550 2048 5603 adhuc
2076 5548 2227 5603 addit
2263 5547 2315 5600 in
2358 5545 2641 5613 responsis
2675 5542 2822 5597 suis?
2860 5561 2878 5593 ι
2917 5541 3129 5609 Quare,
3173 5538 3348 5606 inquit
3375 5537 3441 5597 ’⁸,

1865 5640 2077 5713 Moyses
2102 5650 2157 5697 ct
2181 5641 2386 5707 Aaron,
2417 5641 2728 5713 pervertitis
2768 5638 3023 5708 populum
3058 5636 3125 5691 ab
3153 5630 3445 5704 operibus?

3045 5802 3087 5835 ¹⁸
3114 5799 3271 5855 Rom.
3296 5816 3351 5861 κ.
3384 5800 3439 5854 9.

1943 5807 1986 5838 “
2017 5806 2187 5862 Exod.
2223 5824 2299 5871 ιιι,
2343 5805 2425 5860 18.
2509 5806 2549 5837 ¹⁷
2579 5803 2736 5860 Joan.
2763 5818 2875 5867 xuv,
2910 5802 2962 5855 6.
3045 5802 3087 5835 ¹⁸
3114 5802 3271 5855 Rom.
3296 5816 3351 5861 κ.
3384 5802 3397 5852 ι

1943 5877 2297 5925 ¹ΡςιιΙ.ι.ιΧιι-
2336 5878 2385 5925 5.
2501 5876 2545 5907 ’³
2606 5876 2777 5925 Exod.
2836 5889 2951 5925 νην.
2991 5874 3045 5925 8.
3158 5872 3205 5904 ³⁵
3246 5871 3397 5925 Mattl

3246 5882 3438 5927 Matth.

1905 5879 1949 5908 ”
1980 5877 2298 5944 Psal.t.xxn,
2336 5878 2385 5931 5.
2501 5876 2545 5907 ³³
2604 5876 2777 5930 Exod.
2836 5889 2951 5938 νην,
2991 5874 3045 5929 8.

1606 5950 1649 5979 ’θ
1688 5950 1853 6004 litati.
1889 5965 1939 6007 ν.
1971 5957 2018 6001 4.
