3902 6520
499 391 610 450 ὅτε

1981 394 2302 455 OBlGENlS
3611 402 3687 462 316

506 512 782 572 Discedite
823 518 1196 590 unusquisque
1247 517 1314 573 ad
1356 531 1495 590 opus
1526 525 1790 575 vestrum.
1834 535 1854 572 ι
1896 517 2080 572 Donec
2108 519 2158 576 A
2183 528 2348 586 quam
2387 511 2706 582 praedicatio
2737 511 2919 570 divina
2966 519 3243 578 nascatur,
3276 527 3381 568 nou
3409 524 3487 570 est
3514 517 3690 577 tribula-

503 619 686 661 secum
724 617 808 662 est
837 609 1090 678 pepulus,
1121 621 1175 664 et
1199 609 1373 664 lutum
1411 619 1670 680 operatur
1706 625 1769 665 ac
1818 609 2072 673 laterem,

503 699 676 752 donec
714 697 766 752 in
799 699 969 768 paleis
993 710 1294 770 occupatus
1317 710 1423 768 est,
1475 718 1581 756 non
1621 709 1776 768 putat
1804 714 1927 754 eum
1953 713 2074 754 esse

501 802 836 856 perversum,
862 792 956 846 sed
987 805 1138 848 recto
1160 795 1355 849 itinere
1377 795 1644 850 incedere.
1674 794 1729 848 Si
1753 808 1879 847 vero
1903 793 2072 859 dicat,

501 883 632 938 Volo
654 885 734 940 ire
755 887 900 943 viam
925 890 1094 944 trium
1131 886 1339 941 dierum
1364 896 1417 941 et
1444 887 1655 942 servire
1687 886 1935 950 Domino,
1955 900 2076 955 per-

503 973 640 1026 verti
677 979 925 1041 populum
961 978 1089 1030 dzcit
1121 993 1216 1044 per
1241 977 1462 1045 Moysen
1491 987 1546 1031 et
1576 977 1779 1030 Aaron.
1807 976 1921 1030 Hoc
1952 976 2074 1045 qui-

505 1065 624 1117 dem
664 1065 952 1120 dicebatur
1003 1069 1262 1139 antiquis.
1320 1069 1426 1124 Sed
1465 1081 1520 1124 et
1569 1071 1732 1124 hodie
1777 1071 1820 1124 si
1861 1069 2074 1140 Moyses

501 1165 558 1209 et
589 1155 794 1221 Aaron,
825 1157 876 1212 id
907 1169 992 1213 est
1027 1161 1380 1230 propheticus
1417 1173 1472 1215 et
1503 1161 1861 1216 sacerdotalis
1891 1176 2074 1217 sermo

502 1247 742 1302 animam
771 1250 1026 1306 sollicitet
1053 1254 1118 1306 ad
1147 1253 1429 1308 servitium
1473 1253 1587 1316 Dei,
1628 1255 1925 1324 invitetque
1956 1271 2076 1309 eam

503 1341 658 1396 exire
689 1343 755 1397 de
784 1344 1000 1408 saeculo,
1036 1346 1355 1400 renuntiare
1384 1347 1636 1402 omnibus
1669 1363 1788 1416 quae
1814 1349 2074 1417 possidet,

501 1447 724 1501 operam
751 1435 879 1490 dare
905 1437 1099 1490 divina:
1132 1437 1232 1515 legi
1261 1447 1316 1492 et
1351 1439 1503 1506 sequi
1535 1441 1757 1494 verbum
1793 1440 1908 1505 Dei,
1956 1455 2078 1494 con-

505 1527 660 1581 tinuo
683 1528 871 1584 audies
901 1531 1006 1584 dici
1045 1530 1114 1584 ab
1144 1532 1230 1586 his
1263 1533 1355 1600 qui
1389 1532 1658 1587 Pharaoni
1703 1535 1984 1588 unanimes
2020 1542 2080 1589 et

505 1621 666 1675 amici
699 1632 825 1676 sunt
858 1639 872 1676 :
905 1623 1094 1677 Videte
1122 1624 1395 1693 quomodo
1441 1626 1776 1679 seducuntur
1830 1626 2079 1681 homines

504 1721 560 1766 et
584 1721 985 1780 pervertuntur,
1031 1715 1218 1783 quales
1261 1717 1633 1771 adolescentes
1687 1732 1754 1770 ne
1805 1718 2078 1787 laborent,

504 1819 575 1860 ne
614 1805 868 1868 militent,
895 1823 964 1862 ne
1002 1818 1162 1877 agant
1202 1809 1404 1876 aliquid
1442 1810 1584 1878 quod
1617 1810 1695 1864 eis
1727 1811 1918 1880 prosit,
1951 1813 2079 1868 reli-

504 1896 608 1954 clis
646 1900 808 1964 rebus
831 1901 1154 1955 necessariis
1185 1910 1239 1955 et
1278 1903 1502 1957 utilibus
1534 1903 1764 1971 ineptias
1795 1916 2076 1960 sectantur

503 1999 563 2044 et
596 1991 790 2044 otium.
825 1990 963 2057 Quid
1003 2002 1087 2048 est
1116 1994 1324 2048 servire
1367 1993 1632 2049 Domino?
1671 1995 1951 2050 Laborare
1983 2014 2082 2054 no-

506 2079 643 2146 lunt,
674 2093 729 2136 et
758 2081 950 2136 inertis
971 2083 1065 2137 otii
1089 2084 1412 2139 occasiones
1442 2087 1750 2154 requirunt.
1777 2085 1900 2142 llzee
1926 2097 2081 2142 erant

507 2183 634 2228 tunc
660 2175 823 2228 verba
865 2175 1186 2240 Pharaonis,
1249 2178 1364 2232 hzec
1406 2188 1625 2233 etnunc
1665 2180 1826 2236 amici
1876 2179 1992 2247 ejus
2028 2189 2084 2235 et

504 2263 800 2320 familiares
832 2266 1143 2336 loquuntur.
1185 2269 1301 2324 Non
1335 2271 1508 2324 solum
1546 2273 1724 2326 verbis
1753 2287 1840 2327 res
1879 2274 2078 2341 agitur,

504 2365 808 2425 sequuntur
857 2369 911 2412 et
938 2359 1210 2426 verbera;
1265 2361 1700 2431 ﬂagellarijubet
1740 2365 1952 2420 scribas
1983 2365 2083 2420 lle-

503 2443 793 2512 brarorum,
834 2449 1015 2517 paleas
1041 2467 1144 2504 non
1177 2452 1317 2520 dari,
1348 2467 1484 2521 opus
1517 2454 1656 2522 exigi
1688 2471 1701 2517 ;
1742 2456 1856 2510 haec
1896 2470 2084 2524 pertu-

503 2537 689 2593 leru'tt
719 2550 924 2608 patres,
971 2542 1036 2595 ad
1083 2559 1314 2611 quorum
1349 2544 1576 2614 ﬁgurant
1609 2560 1750 2613 saepe
1789 2548 1951 2600 etiam
1984 2562 2083 2615 po-

504 2629 665 2698 pulus
705 2629 796 2684 Dei
834 2632 924 2700 qui
951 2642 1034 2687 est
1071 2635 1122 2687 in
1151 2635 1388 2690 Ecclesia
1418 2636 2085 2706 patitur.lnveniesenim,

505 2722 550 2774 si
589 2723 904 2778 consideres
929 2739 1025 2778 eos
1053 2727 1140 2794 qui
1174 2743 1233 2781 se
1268 2743 1334 2781 ex
1385 2729 1595 2798 integro
1644 2731 1876 2801 principi
1919 2730 2081 2798 hujus

505 2813 690 2867 mundi
752 2814 1123 2881 tradiderunt,
1174 2820 1450 2887 prosperis
1498 2822 1840 2875 successibus
1890 2837 2078 2890 agere,

507 2904 690 2958 omnia
720 2907 820 2972 eis,
854 2914 912 2960 ut
948 2907 1049 2976 ipsi
1091 2918 1301 2977 putant,
1337 2912 1571 2968 feliciter
1609 2914 1862 2978 evenire;
1909 2915 2082 2970 servis

504 3003 684 3049 autem
727 2996 821 3051 Dei
870 3013 1012 3068 saepe
1060 3015 1128 3055 ne
1211 3002 1325 3057 haec
1362 3004 1578 3072 quidem
1632 3005 1853 3059 humani
1905 3005 2081 3060 victus

505 3085 729 3142 humilia
782 3097 837 3143 et
869 3105 1032 3160 parva
1063 3094 1375 3148 succedere.
1409 3094 1543 3149 Istas
1567 3095 1709 3148 enim
1745 3105 1872 3164 puto
1907 3095 2077 3149 videri

2179 608 2274 671 tio,
2303 620 2412 661 non
2441 614 2525 662 est
2547 605 2776 662 tentatio
2808 623 2822 660 :
2854 605 2981 676 quia
3025 605 3131 660 nisi
3171 605 3418 660 bucciuet
3440 607 3570 670 tuba,
3611 627 3688 670 non

2177 699 2536 754 committitur
2585 698 2818 765 bellum;
2874 698 2965 753 ubi
3025 711 3157 753 vero
3211 697 3418 768 signum
3463 699 3572 754 belli
3596 706 3690 760 tuba

2176 791 2580 862 prxedicationis
2661 791 2981 854 ostenderit,
3060 790 3158 854 ibi,
3239 789 3432 859 inquit,
3499 794 3692 861 sequitur

2177 881 2437 950 alllictio,
2504 882 2578 937 ibi
2641 880 2820 935 omnis
2892 879 3301 935 tribulationum
3365 894 3528 948 pugna
3589 901 3690 940 con.

2176 973 2374 1040 surgit.
2448 973 2527 1028 Ex
2601 987 2709 1043 quo
2773 987 2905 1042 ergo
2980 970 3124 1041 loqui
3194 971 3356 1038 coepit
3437 971 3617 1041 Moyses
3655 987 3694 1030 et

2182 1068 2343 1138 139
2379 1067 2559 1122 Ᾱθτοη
2592 1069 2660 1122 ad
2716 1067 3077 1133 Pharaonem,
3105 1063 3355 1136 afﬂigitur
3383 1068 3587 1136 populus
3608 1071 3690 1126 Dei,

2177 1160 2257 1214 Ex
2287 1176 2394 1230 quo
2433 1162 2485 1214 in
2524 1161 2758 1215 animam
2818 1169 2962 1214 tuam
2995 1175 3176 1215 sermo
3227 1160 3320 1214 Dei
3362 1161 3582 1228 perlatus
3615 1173 3692 1231 est,

2178 1257 2491 1312 necessario
2536 1265 2813 1312 certamen
2852 1257 2994 1310 intra
3047 1265 3096 1309 le
3131 1257 3425 1310 virtutibus
3461 1257 3693 1316 adversum

2180 1348 2310 1402 vitia
2362 1348 2702 1413 suscitatur;
2757 1348 2908 1416 prius
2942 1360 3072 1401 vero
3113 1363 3275 1417 quam
3319 1347 3520 1402 veniret
3560 1364 3694 1406 sermo

2179 1439 2268 1507 qui
2297 1448 2572 1508 argueret,
2602 1440 2733 1494 vitia
2777 1441 2916 1492 intra
2957 1446 3008 1494 te
3052 1440 3104 1492 in
3153 1453 3284 1508 pace
3321 1439 3695 1498 durabantzsed

2181 1531 2271 1584 ubi
2305 1546 2484 1586 sermo
2526 1532 2618 1586 Dei
2673 1531 2851 1586 facere
2877 1531 3046 1598 cmpit
3099 1531 3523 1600 uniuscujusque
3551 1533 3697 1587 discri-

2183 1637 2345 1687 men,
2394 1633 2526 1678 tunc
2571 1623 2909 1692 perturbatio
2952 1639 3148 1693 magna
3197 1623 3497 1693 consurgit,
3529 1636 3576 1679 et
3613 1626 3697 1682 sine

2183 1716 2387 1769 foedere
2409 1716 2649 1770 nascitur
2675 1716 2896 1771 bellum.
2927 1717 3072 1772 Cum‘
3093 1717 3357 1786 injustitia
3378 1717 3511 1771 enim
3533 1719 3698 1787 quando

2183 1817 2360 1878 potest
2397 1808 2687 1862 convenire
2726 1808 2975 1876 justitia,
3014 1808 3350 1878 impudicitia
3385 1824 3501 1862 cum
3539 1809 3697 1864 sobrie.

2186 1912 2315 1968 tate,
2347 1919 2470 1957 cum
2504 1904 2734 1958 veritate
2768 1903 3150 1957 mendacium?
3173 1903 3240 1956 Et
3262 1903 3385 1956 ideo
3411 1918 3507 1956 non
3536 1920 3700 1973 magno-

2183 2008 2311 2062 pere
2339 1995 2743 2063 perturbemur,
2778 1992 2822 2046 si
2867 1993 3080 2046 videtur
3116 1993 3251 2046 odor
3285 2001 3472 2047 noster
3499 2007 3698 2046 exsecrao

2183 2086 2306 2140 bilis
2338 2100 2457 2140 esse
2496 2085 2786 2140 Pharaoni.
2841 2086 3211 2141 Exsecrationi
3252 2100 3485 2153 namque
3522 2095 3569 2139 et
3597 2086 3700 2139 vitiis

2185 2176 2402 2230 ducitur
2456 2176 2657 2230 virtus.
2704 2177 2846 2242 Quin
2904 2177 3086 2245 potius
3137 2184 3196 2229 ut
3254 2175 3306 2228 in
3371 2174 3700 2244 poSterioribus

2183 2267 2336 2334 dicit,
2369 2267 2494 2336 quia
2520 2269 2668 2321 stetit
2713 2267 2921 2338 Moyses
2960 2279 3086 2322 ante
3133 2267 3510 2330 Pharaonem,
3549 2276 3700 2321 stemus

2183 2361 2347 2412 etiam
2375 2374 2470 2416 nos
2508 2367 2700 2414 contra
2736 2359 3074 2414 Pharaonem
3107 2368 3163 2414 et
3189 2374 3292 2413 non
3331 2358 3604 2422 flectamur,
3637 2361 3701 2413 sed

2186 2461 2394 2508 stemus
2449 2469 2467 2501 ι
2498 2452 2763 2507 succincti
2813 2452 3026 2507 lumbos
3066 2462 3283 2506 nostros
3317 2451 3368 2504 in
3414 2451 3630 2514 veritate.
3665 2462 3702 2505 et

2183 2544 2408 2599 calceati
2447 2545 2608 2614 pedes
2637 2545 2690 2598 in
2720 2546 3122 2615 praeparatione
3156 2545 3442 2616 Evangelii
3468 2546 3597 2614 pacis
3621 2546 3696 2597 “.i

2185 2635 2277 2691 Sic
2302 2637 2445 2690 enim
2477 2652 2575 2692 nos
2607 2637 2862 2691 hortatur
2889 2637 3181 2704 Apostolus
3206 2638 3398 2692 dicens
3431 2638 3474 2669 ³³
3507 2660 3517 2692 :
3551 2657 3566 2688 ι
3591 2637 3700 2691 State

2184 2743 2314 2799 ergo
2350 2738 2406 2785 et
2458 2730 2625 2784 nolite
2679 2731 2873 2784 iterum
2920 2729 3050 2799 jugo
3098 2730 3382 2784 servitutis
3419 2729 3696 2784 inhaerere.»

2181 2818 2382 2876 lterum
2410 2820 2540 2875 dicit
2577 2821 2623 2852 ³⁸
2659 2835 2673 2875 :
2712 2840 2730 2873 ι
2761 2821 2817 2874 ln
2851 2835 2958 2891 quo
2988 2830 3230 2888 stamus,
3273 2831 3332 2875 et
3386 2820 3643 2889 gloriamur
3665 2822 3699 2874 in

2185 2927 2281 2982 spe
2335 2913 2520 2982 gloriae
2571 2912 2687 2967 Dei.
2723 2931 2741 2965 ι
2795 2912 3019 2968 Stamus
3065 2923 3245 2967 autem
3300 2914 3636 2976 confidenter,
3670 2912 3700 2965 si

2185 3005 2472 3060 Dominum
2533 3005 2914 3076 deprecemur,
2969 3015 3029 3059 ut
3085 3013 3286 3059 statuat
3339 3006 3497 3070 pedes
3539 3014 3700 3058 nostros

2185 3112 2347 3168 super
2385 3106 2622 3167 petram,
2665 3113 2732 3152 ne
2776 3098 2930 3153 nobis
2979 3098 3108 3152 illud
3161 3098 3401 3164 eveniat,
3447 3097 3572 3167 quod
3599 3096 3698 3149 idem

507 3177 715 3247 paleas,
769 3195 890 3250 qua:
937 3197 968 3236 a
1023 3181 1310 3239 Pharaone
1348 3185 1750 3241 ministrantur.
1806 3185 1894 3239 Fit
1947 3201 2079 3256 ergo
2109 3199 2150 3257 ο
2184 3185 2454 3258 Propheta
2511 3188 2644 3242 dicit
2679 3186 2772 3242 ⁸⁶ε
2817 3205 2835 3238 ι
2873 3185 2974 3242 Mei
3018 3195 3196 3240 autem
3237 3186 3571 3254 paulominus
3609 3183 3700 3237 moti

506 3284 668 3340 saepe,
724 3281 783 3326 ut
832 3274 994 3329 Deum
1044 3276 1301 3331 timentes
1342 3277 1430 3331 vili
1475 3279 1576 3332 hoc
1599 3278 1765 3332 etiam
1805 3287 1859 3332 et
1907 3278 2079 3348 paleis

505 3362 671 3416 simili
722 3365 1003 3434 indigeant
1046 3368 1212 3423 victu.
1259 3367 1413 3438 Saepe
1460 3371 1624 3424 etiam
1674 3373 2082 3442 persecutiones

505 3453 777 3508 sustinent
805 3464 1187 3526 tyrannorum,
1218 3459 1498 3528 perferunt
1539 3463 1813 3517 cruciatus
1844 3473 1898 3517 et
1937 3479 2078 3517 saeva

507 3551 798 3610 tormenta,
831 3547 899 3600 ita
932 3557 988 3601 ut
1017 3550 1221 3618 fatigati
1243 3552 1486 3605 nonnulli
1526 3553 1713 3607 dicant
1740 3555 1805 3606 ad
1837 3554 2079 3608 Pharao-

505 3650 668 3690 nem:
713 3638 911 3708 thuid
945 3652 999 3695 ιιι
1036 3643 1228 3713 aflligis
1290 3646 1542 3714 populum
1591 3647 1778 3700 tuum?
1829 3646 2080 3716 Superati

502 3744 735 3800 namque
768 3735 1086 3789 verberibus
1117 3739 1358 3791 nonnulli
1388 3754 1416 3791 a
1450 3739 1554 3792 fide
1581 3740 1842 3794 decidunt
1865 3751 1918 3795 et
1946 3757 2081 3796 cou-

503 3819 724 3876 fitentur
761 3840 820 3878 se
869 3841 987 3881 esse
1047 3828 1303 3897 populum
1361 3828 1678 3884 Pharaonis.
1729 3849 1748 3882 ‹
1777 3832 1892 3885 Νοιι
1934 3833 2078 3887 enim

501 3926 692 3966 omnes
739 3915 827 3982 qui
870 3930 936 3969 ex
977 3917 1162 3982 Israel,
1211 3920 1262 3972 h-i
1311 3931 1440 3974 sunt
1486 3921 1767 3987 lsraelitae,
1815 3939 1916 3977 nec
1954 3925 2078 3992 quia

505 4013 636 4059 sunt
689 4020 896 4070 semen,
947 4019 1073 4062 sunt
1116 4024 1306 4065 omnes
1345 4019 1398 4067 et
1447 4013 1539 4065 lilii
1589 4015 1654 4066 "'.
1689 4015 1778 4070 Isti
1820 4031 1950 4087 ergo
1987 4019 2079 4088 qui

506 4096 652 4150 dubii
683 4107 830 4161 sunt,
872 4111 923 4152 et
965 4101 1016 4152 in
1050 4101 1489 4158 tribulationibus
1539 4104 1862 4178 fatigantur,
1914 4116 2077 4165 etiam

503 4199 692 4243 contra
742 4189 962 4260 Moysen
999 4201 1051 4246 et
1095 4193 1277 4247 Aaron
1329 4195 1640 4263 loquuntur,
1695 4207 1749 4252 et
1779 4200 2076 4256 dicunt”:

507 4299 526 4332 ι
556 4280 631 4334 Ex
673 4297 777 4350 qua
816 4282 902 4336 die
944 4284 1185 4339 intrastis
1207 4295 1261 4338 et
1283 4288 1474 4341 existis
1495 4303 1591 4343 vos
1623 4290 1687 4342 ad
1712 4288 2077 4360 Pharaonem,

501 4377 888 4430 exsecrabilem
922 4377 1127 4432 fecistis
1159 4380 1381 4435 odorem
1425 4391 1670 4437 nostrum
1710 4400 1892 4439 coram
1925 4401 2009 4444 eo.
2051 4406 2070 4441 ι

500 4463 697 4524 Verum
729 4473 915 4526 dicunt
944 4474 1054 4539 isti,
1085 4475 1212 4530 licet
1257 4476 1507 4546 ignorent
1551 4479 1782 4534 fortasse
1815 4483 1961 4550 quod
1993 4484 2075 4538 di-

2186 3288 2309 3336 sunt
2337 3281 2521 3350 pedes,
2549 3289 2602 3333 et
2633 3281 2979 3349 paulominus
3001 3279 3157 3334 effusi
3192 3289 3321 3332 sunt
3353 3292 3558 3347 gressus
3583 3275 3697 3329 mei.»

2184 3373 2403 3429 Stemus
2457 3387 2588 3442 ergo
2624 3381 2749 3428 ante
2792 3373 3156 3436 Pharaonem,
3189 3371 3242 3425 id
3287 3381 3376 3426 est
3439 3371 3701 3424 obsistamus

2182 3467 2232 3521 ei
2264 3468 2319 3522 in
2358 3465 2678 3530 certamine,
2715 3469 2857 3522 sicut
2890 3475 2943 3521 et
2971 3467 3162 3520 Petrus
3203 3463 3484 3534 apostolus
3504 3462 3616 3516 dicit
3637 3461 3700 3511 ἰε

2189 3574 2209 3609 ‹
2237 3558 2338 3613 Cui
2375 3557 2612 3613 resistite
2646 3558 2815 3613 fortes
2846 3559 2897 3613 in
2926 3558 3050 3612 lide.
3091 3575 3113 3609 ο
3162 3556 3267 3611 Sed
3299 3567 3357 3611 et
3390 3553 3577 3608 Paulus
3599 3553 3701 3606 nihl-

2184 3647 2421 3703 lominus
2452 3649 2587 3704 dicit
2617 3649 2659 3681 "
2699 3667 2712 3702 :
2750 3666 2771 3701 ι
2806 3647 2958 3703 State
2998 3650 3050 3702 in
3083 3647 3185 3702 fide
3209 3657 3264 3704 et
3292 3647 3524 3700 viriliter
3549 3645 3699 3713 agitet

2184 3739 2240 3794 Si
2270 3741 2412 3795 enim
2441 3739 2653 3795 fortiter
2679 3743 3010 3806 steterimus,
3050 3749 3425 3808 consequetur
3455 3737 3569 3792 illud
3597 3735 3702 3804 quod

2183 3830 2376 3886 orabat
2416 3831 2612 3886 Paulus
2655 3847 2753 3902 pro
2802 3831 3086 3902 discipulis
3132 3833 3346 3897 dicens,
3394 3832 3514 3898 quia
3557 3826 3703 3880 «Deus

2182 3929 2432 3975 conteret
2484 3919 2648 3974 Satan
2685 3922 2784 3976 sub
2824 3920 3054 3989 pedibus
3099 3919 3298 3973 vestris
3349 3917 3590 3971 velociter
3611 3914 3700 3968 ³⁸.»

2182 4009 2400 4078 Quanto
2423 4009 2566 4065 enim
2598 4024 2700 4064 nos
2737 4010 3078 4065 constantius
3121 4017 3174 4063 et
3200 4008 3401 4062 fortius
3427 4006 3702 4064 steterimus,

2182 4111 2335 4157 tanto
2373 4101 2639 4157 infirmior
2679 4109 2732 4157 et
2765 4101 3051 4156 invalidior
3078 4101 3183 4154 erit
3209 4099 3445 4154 Pharao.
3482 4097 3534 4152 Si
3567 4106 3704 4148 autem

2183 4209 2283 4248 nos
2306 4192 2392 4247 vel
2423 4192 2622 4246 infirmi
2653 4187 2983 4261 emperimus
3021 4205 3160 4255 esse,
3210 4189 3292 4243 vel
3337 4188 3510 4254 dubii,
3542 4185 3614 4239 ille
3636 4181 3703 4235 ad-

2181 4301 2399 4340 versum
2444 4301 2543 4340 nos
2589 4284 2819 4338 validior
2858 4293 2912 4337 et
2960 4283 3297 4338 constantior
3352 4282 3464 4336 liet.
3519 4278 3577 4332 Et
3613 4289 3703 4329 vere

2183 4379 2317 4433 illud
2374 4378 2690 4447 implebitur
2745 4378 2796 4431 in
2847 4376 3043 4442 nobis,
3091 4377 3141 4428 in
3199 4391 3306 4444 quo
3345 4375 3548 4444 Moyses
3597 4368 3703 4442 dedit

2184 4473 2410 4542 ligurum
2443 4472 2508 4524 ³³.
2538 4470 2673 4527 Cum
2705 4470 2849 4525 enim
2895 4471 3008 4540 ipse
3034 4468 3273 4524 elevaret
3315 4482 3525 4528 manus,
3559 4463 3702 4516 vince-

499 4566 648 4622 ουιιι.
707 4560 846 4614 sicut
893 4573 946 4616 ct
977 4563 1213 4632 Caiphas
1269 4564 1356 4619 ille
1410 4581 1596 4620 verum
1644 4568 1892 4634 dicebat,
1945 4571 2072 4640 quia
2107 4553 2152 4608 Ῑ)
2182 4563 2346 4618 batur
2394 4563 2676 4618 Amalech.
2728 4562 2785 4617 Si
2829 4577 2957 4616 vero
3001 4561 3148 4614 velut
3181 4562 3356 4615 lassas
3379 4561 3634 4630 dejicerel.
3666 4560 3702 4603 et

506 4666 524 4699 ι
561 4652 777 4716 expedit
827 4653 974 4706 vobis
1017 4665 1074 4706 ut
1104 4655 1368 4710 moriatur
1411 4671 1550 4712 unus
1582 4674 1681 4728 pro
1721 4661 1916 4730 populo
1946 4663 2014 4730 ",
2051 4682 2070 4716 ι

499 4741 592 4794 sed
630 4743 756 4808 quid
789 4743 992 4800 diceret
1025 4747 1324 4802 nesciebat.
1369 4740 1525 4815 Nam,
1570 4761 1628 4804 ut
1670 4752 1962 4821 Apostolus
1991 4755 2075 4810 di-

497 4833 573 4886 cit
599 4834 666 4898 ”,
697 4853 714 4884 ‹
747 4835 944 4891 Christi
997 4840 1169 4893 bonus
1199 4840 1335 4894 odor
1365 4857 1582 4909 sumus;
1650 4846 1743 4899 sed
1802 4847 1944 4913 aliis,
1990 4850 2073 4902 in-

498 4926 636 4994 quit,
687 4927 819 4980 odor
865 4930 930 4982 de
989 4930 1095 4982 vita
1147 4931 1198 4984 in
1255 4932 1438 4996 vitam,
1469 4934 1592 4987 aliis
1631 4945 1811 4988 autem
1840 4939 1973 4992 odor
2008 4941 2074 4997 de

498 5027 675 5070 morte
701 5018 751 5071 in
792 5030 1041 5076 mortem.
1082 5041 1100 5074 ι
1138 5024 1216 5076 Ita
1265 5035 1318 5077 et
1351 5025 1697 5092 propheticus
1739 5042 1920 5082 sermo
1946 5046 2073 5085 sua-

496 5111 578 5164 vis
607 5113 740 5164 odor
779 5123 861 5166 est
894 5113 1276 5180 credentibus;
1310 5116 1488 5169 dubiis
1511 5131 1642 5170 vero
1666 5128 1720 5170 et
1751 5119 2068 5186 incredulis,

494 5211 549 5255 et
574 5202 656 5256 his
686 5203 777 5272 qui
816 5219 873 5256 se
901 5205 1154 5273 populum
1204 5207 1526 5260 conlitentur
1583 5223 1708 5262 esse
1748 5208 2068 5278 Pharaonis,

494 5297 630 5350 odor
658 5297 1008 5352 exsecrabilis
1039 5297 1288 5352 elTicitur.
1327 5298 1431 5354 Sed
1464 5311 1518 5354 et
1550 5301 1664 5369 ipse
1691 5301 1903 5373 Moyses
1935 5305 2070 5360 dicit

494 5387 561 5440 ad
597 5387 902 5449 Dominum,
938 5391 1060 5458 quia
1103 5409 1120 5440 ‹
1155 5407 1218 5444 ex
1239 5407 1347 5463 quo
1377 5392 1584 5446 locutus
1608 5408 1726 5446 sum
1771 5410 1890 5448 cum
1921 5396 2067 5452 Pha-

498 5494 685 5546 raone,
741 5481 931 5536 alllixit
993 5483 1244 5550 populum
1306 5493 1452 5537 tuum
1501 5485 1566 5537 ".
1624 5505 1642 5536 ι
1699 5486 1918 5540 Certum
1981 5501 2064 5544 est

494 5572 637 5625 enim
694 5573 822 5642 quia
873 5583 1164 5642 antequam
1203 5591 1383 5629 sermo
1421 5575 1514 5630 Dei
1574 5576 1849 5642 audiatur,
1917 5588 2068 5633 ante—

570 5665 613 5693 ’⁷
649 5664 805 5718 Rom.
839 5680 918 5726 lx,
945 5667 998 5725 6.
1028 5666 1081 5720 7.
1159 5666 1209 5698 ’⁸
1239 5667 1408 5720 Exod.
1443 5683 1495 5732 v,
1527 5667 1617 5721 21.

495 5747 572 5796 τι,
607 5733 695 5794 H,
722 5735 808 5790 15.
884 5736 929 5768 ³³
963 5736 1136 5792 Galat.
1167 5753 1223 5797 ν,
1260 5740 1308 5790 1.
1386 5738 1432 5770 ³⁵
1458 5739 1672 5803 llOitM',
1701 5738 1756 5790 Ξ.

500 5819 612 5870 xvi,
661 5804 750 5858 a0.
830 5805 875 5839 ³³
937 5807 1107 5864 Exod.
1161 5825 1290 5872 xvu.
1356 5808 1442 5863 ll.
1521 5808 1567 5840 ⁸⁸
1605 5808 1791 5867 Jacob.
1839 5825 1912 5876 IV,
1956 5811 2010 5865 7.

1695 5668 1740 5699 ³³
1765 5666 1920 5721 .lonn.
1959 5686 2034 5735 ιιι,
2066 5671 2155 5726 50.

1836 5739 1879 5769 ⁸⁸
1898 5741 2034 5794 Psal.
2063 5742 2326 5808 Lxxttt,‘2.

2181 4657 2401 4712 brachia
2455 4655 2669 4710 infirma
2712 4655 3045 4724 deponeret,
3079 4653 3439 4708 invalescebat
3469 4644 3701 4705 Amalech.

2177 4749 2253 4803 ita
2295 4764 2424 4817 ergo
2464 4748 2626 4802 etiam
2680 4762 2781 4802 nos
2833 4747 2885 4800 in
2919 4750 3120 4800 virtute
3175 4745 3358 4800 crucis
3412 4741 3595 4797 Christi
3627 4750 3700 4789 ex-

2180 4842 2430 4897 tollamus
2461 4841 2722 4905 brachia,
2768 4847 2824 4894 et
2853 4841 3128 4894 elevcmus
3179 4838 3229 4892 in
3269 4839 3511 4892 oratione
3553 4838 3698 4885 sant-la

2179 4948 2372 4987 manus
2405 4934 2459 4987 in
2505 4932 2660 4985 omni
2709 4929 2826 4986 loco
2871 4931 2988 4984 sine
3036 4930 3117 4982 ira
3149 4938 3202 4983 et
3237 4925 3626 4995 disceptatione.
3660 4925 3702 4969 ιιι

2177 5025 2389 5080 Domini
2425 5037 2732 5078 mereamur
2760 5021 3043 5074 auxilium.
3092 5018 3203 5073 lloc
3245 5019 3384 5072 idem
3424 5025 3629 5082 namque
3661 5014 3700 5058 et

2174 5117 2410 5172 Iacobus
2436 5112 2713 5182 apostolus
2743 5113 3084 5173 cohortatur,
3138 5109 3326 5162 dicens
3345 5107 3424 5162 “’2
3451 5125 3469 5156 ι
3496 5099 3701 5157 Βθεὶδιίιθ

2177 5217 2354 5262 autem
2411 5203 2651 5267 diabolo,
2713 5211 2767 5257 et
2814 5201 2984 5270 fugiet
3026 5215 3054 5252 a
3103 5197 3560 5268 vobis.iAgamus
3601 5200 3700 5256 ergo

2177 5300 2323 5356 omni
2365 5298 2486 5361 fide,
2514 5307 2696 5350 utnon
2721 5295 2893 5350 solum
2935 5294 3104 5363 fugiat
3145 5308 3174 5346 a
3215 5293 3387 5358 nobis,
3417 5289 3504 5344 sed
3529 5297 3575 5340 et
3600 5296 3702 5334 con-

2182 5401 2388 5448 teratur
2416 5389 2648 5444 Satanas
2675 5388 2778 5441 sub
2807 5386 3034 5456 pedibus
3066 5386 3267 5440 nostris
3288 5425 3302 5448 ,
3335 5385 3473 5438 sicut
3509 5389 3557 5432 et
3587 5375 3697 5428 Pha-

2175 5501 2270 5540 rao
2307 5485 2587 5538 demersus
2627 5489 2710 5536 est
2751 5483 2801 5534 in
2836 5496 2985 5536 mare
3008 5521 3024 5545 ,
3073 5489 3127 5533 et
3160 5479 3211 5532 in
3259 5475 3520 5546 profundo
3555 5463 3699 5537 abyssi

2174 5577 2494 5631 exstinctus.
2544 5571 2654 5628 Nos
2707 5583 2888 5628 autem
2945 5575 2988 5626 si
3022 5573 3340 5626 recedamus
3391 5569 3457 5624 de
3504 5564 3696 5631 Δίςζνίηο

2232 5671 2276 5702 ³ο
2311 5668 2352 5723 11
2380 5667 2503 5721 Cor.
2531 5680 2589 5727 ιι,
2625 5663 2714 5727 15,
2749 5665 2835 5723 16.
2915 5664 2955 5696 ³¹
2990 5664 3159 5718 Exod.
3199 5679 3251 5725 v,
3279 5663 3367 5716 23.
3455 5661 3497 5692 θ’
3537 5655 3695 5727 Epiro-5.

2404 5725 2657 5791 “chlr.
2685 5725 2808 5801 v,9.
2887 5737 2929 5769 ³⁷
2952 5734 2996 5789 ll
3037 5736 3162 5791 Cor.
3194 5750 3308 5802 xvr,
3349 5734 3438 5790 15.
3512 5725 3694 5778 “llum.
