3902 6500
127 453 214 513 517
1022 491 1027 496 ,

129 568 354 626 vitiorum
385 597 402 625 ,
455 554 650 610 fluctus
703 545 885 606 saeculi
951 551 1210 610 tanquam
1270 534 1379 589 iter
1441 527 1674 586 solidum
1705 519 1754 578 A

127 658 413 719 evademus,
444 663 540 718 per
565 645 751 700 Jesum
780 638 1053 696 Christum
1082 630 1368 686 Dominum
1401 631 1672 683 nostrum,

129 753 202 810 cui
240 757 315 804 est
341 743 509 814 gloria
538 748 594 794 et
632 734 916 806 imperium
974 730 1030 784 in
1095 721 1294 781 szncula
1326 716 1671 776 saeculorum.

128 847 295 900 Amen.

684 920 957 980 IIOMlLiA
998 916 1090 974 IV.

143 1033 209 1091 De
253 1029 421 1082 decem
469 1021 678 1091 plagis,
723 1017 913 1087 quibus
965 1024 1211 1082 percussa
1259 1012 1336 1060 est
1388 999 1676 1070 Egyptnx.

192 1121 239 1175 1.
290 1089 528 1169 Historia
565 1089 787 1178 quidem
840 1099 1202 1158 famosissima
1247 1093 1406 1150 nobis
1454 1089 1678 1144 recitata

130 1223 224 1278 est,
252 1217 300 1264 et
322 1219 440 1276 quae
468 1217 564 1272 pro
593 1199 674 1255 sui
701 1193 1075 1264 magnitudine
1098 1190 1352 1244 universo
1379 1182 1581 1238 mundo
1609 1178 1682 1232 sit

131 1301 351 1373 cognita,
415 1311 511 1366 per
563 1307 723 1362 quam
779 1288 1118 1356 designatur,
1177 1281 1320 1352 quod
1376 1275 1682 1346 ingentibus

130 1398 387 1464 signorum
415 1403 478 1442 ac
505 1383 869 1456 prodigiorum
897 1375 1218 1431 verberibus
1257 1371 1528 1440 Egyptus
1555 1380 1680 1420 cum

131 1488 394 1542 Pharaone
427 1493 553 1547 rege
582 1475 846 1544 castigata
880 1472 980 1536 sit,
1029 1478 1088 1524 ut
1118 1467 1468 1522 Hebraeorum
1508 1475 1682 1531 popu-

131 1580 250 1639 lum,
297 1587 456 1643 quem
495 1586 557 1625 ex
590 1568 775 1624 liberis
813 1564 1057 1636 patribus
1099 1569 1282 1614 natum
1316 1556 1586 1610 violenter
1628 1553 1682 1606 in

132 1667 434 1722 servitutem
472 1661 777 1730 redegerat,
826 1652 1078 1724 ingenitae
1125 1651 1376 1705 redderet
1418 1644 1682 1701 libertati.

131 1758 312 1813 Verum
375 1755 450 1809 ita
484 1761 759 1822 gestorum
805 1753 1060 1802 contexta
1117 1741 1359 1796 narratio
1400 1747 1502 1800 est,
1551 1747 1610 1791 ut
1640 1735 1684 1789 si

131 1847 321 1920 singula
349 1845 639 1914 diligenter
673 1841 950 1911 inSpicias,
983 1839 1141 1908 plura
1173 1834 1224 1887 in
1251 1831 1452 1902 quibus
1486 1831 1686 1884 harreat
1716 1867 1762 1924 Β

133 1939 425 1997 intellectus
448 1950 608 2004 quam
644 1935 695 1988 in
729 1931 928 2002 quibus
961 1928 1218 1997 expedire
1252 1942 1312 1982 se
1343 1926 1514 1994 possit
1546 1924 1689 1979 inve-

134 2035 257 2088 nias.
320 2030 390 2085 Et
448 2029 576 2098 quia
632 2027 850 2094 longmn
913 2033 998 2078 est
1041 2021 1250 2091 singula
1304 2034 1401 2088 per
1447 2018 1692 2072 ordinem

134 2124 422 2192 Scriptura:
472 2119 618 2173 dicta
667 2129 1015 2187 proponere,
1082 2112 1474 2168 continentiam
1530 2111 1694 2163 totius

133 2215 364 2272 historiae
395 2211 838 2281 compendiosius
871 2207 1298 2263 recensebimus.
1323 2204 1492 2273 Igitur
1520 2202 1696 2271 primo

133 2310 272 2378 signo
307 2303 558 2374 projecit.
585 2303 793 2371 virgam
848 2314 1004 2354 suam
1049 2298 1261 2361 Aaron,
1311 2303 1366 2348 et
1413 2295 1556 2348 facta
1613 2301 1696 2346 est

133 2400 302 2462 draco,
345 2410 406 2453 et
435 2393 716 2452 convocati
748 2393 1119 2447 incantatores
1159 2397 1212 2442 et
1248 2387 1481 2441 malefici
1525 2385 1696 2455 Egy-

139 2493 367 2561 ptiorum
402 2489 652 2544 fecerunt
683 2485 936 2541 similiter
965 2499 1030 2538 ex
1066 2481 1232 2553 virgis
1261 2481 1372 2536 suis
1410 2480 1695 2534 dracones.

135 2581 230 2637 Sed
282 2581 482 2646 draco,
533 2580 626 2650 qui
670 2593 736 2634 ex
778 2577 928 2646 virga
975 2576 1156 2631 Aaron
1207 2576 1388 2629 fuerat
1448 2572 1692 2634 effectus,

135 2677 412 2731 absorbuit
433 2677 698 2730 dracones
727 2673 1128 2744 Egyptiorum.
1161 2669 1312 2735 Quod
1341 2683 1460 2721 cum
1489 2666 1698 2736 stupori

132 2784 240 2824 esse
282 2767 544 2823 debuerit
590 2764 884 2828 Pharaoni,
923 2772 977 2818 et
1017 2762 1084 2816 ad
1127 2761 1504 2816 credulitatem
1536 2757 1703 2829 profi-

134 2875 268 2925 cere,
299 2861 362 2914 in
389 2859 726 2913 contrarium
788 2871 1006 2911 versum
1043 2863 1145 2909 est.
1195 2853 1335 2907 Dicit
1370 2852 1513 2906 enim
1547 2850 1702 2905 Scri-

132 2961 300 3020 ptura,
326 2949 504 3018 quia:
531 2948 841 3002 induratum
888 2955 970 3000 est
1007 2960 1101 2998 cor
1133 2943 1458 3007 Pharaonis,
1516 2950 1570 2994 et
1597 2956 1701 2994 non

137 3040 409 3096 exaudivit
442 3055 537 3096 eos
570 3041 638 3097 ⁸¹.
672 3058 692 3092 ›
757 3041 823 3095 Ει
852 3039 940 3094 hic
971 3038 1186 3107 quidem
1211 3037 1363 3099 dicit,
1392 3036 1516 3105 quia
1546 3033 1705 3087 indu-

139 3143 299 3188 ratum
323 3142 414 3188 est
454 3148 553 3188 cor
574 3132 876 3187 Pharaonis
900 3171 916 3196 ,
947 3131 1040 3186 sed
1068 3140 1121 3185 et
1145 3131 1197 3182 in
1223 3129 1394 3197 prima
1430 3126 1707 3181 nihilomi-

138 3245 232 3284 nus
259 3229 440 3300 plaga,
473 3227 561 3282 ubi
589 3241 725 3297 aqua
752 3227 802 3280 in
828 3222 1424 3296 sanguinem'vertitur,
1451 3221 1703 3275 similiter

142 3323 462 3391 rescriptum
494 3331 598 3385 est,
632 3321 756 3376 etin
789 3319 1027 3374 secunda
1055 3333 1174 3372 cum
1207 3330 1352 3370 rana:
1382 3313 1707 3378 debuliiunt,

142 3414 228 3468 sed
256 3423 310 3468 et
345 3414 398 3468 in
435 3415 590 3468 tertia
632 3429 754 3467 cum
785 3411 1030 3480 ciniphes
1071 3411 1371 3480 ingruunt;
1419 3407 1470 3460 in
1518 3415 1711 3476 quarta

141 3521 347 3576 quoque
391 3522 522 3561 cum
568 3505 851 3578 cynomyia
897 3504 1170 3564 educitur,
1218 3509 1274 3554 et
1303 3499 1358 3552 in
1392 3499 1578 3567 quinta
1622 3497 1711 3552 ubi

141 3613 325 3652 manus
349 3596 569 3652 Domini
599 3600 657 3651 fit
686 3613 850 3667 super
883 3612 1077 3667 pecora
1119 3594 1528 3666 Egyptiorum,
1561 3589 1716 3660 paria

143 3704 295 3758 super
326 3690 435 3745 hoc
472 3689 727 3744 dicuntur
762 3699 815 3743 et
843 3689 1061 3743 similia.
1118 3687 1174 3740 In
1233 3693 1384 3742 sexta
1443 3679 1716 3752 vero,ubi

142 3784 364 3854 sumpsit
402 3784 644 3838 favillam
675 3785 741 3837 de
773 3783 998 3837 fornace
1045 3781 1274 3849 Moyses,
1323 3787 1375 3833 et
1429 3775 1714 3845 respersit,

142 3885 190 3928 et
211 3875 352 3929 facta
383 3883 517 3930 sunt
545 3874 723 3930 ulcera
755 3883 808 3928 et
837 3874 1030 3928 vesica:
1070 3871 1346 3926 ferventes
1384 3870 1435 3922 in
1477 3867 1718 3922 homini-

141 3969 301 4024 buset
325 3970 380 4023 in
418 3965 890 4038 quadrupedibus.
933 3976 984 4019 et
1008 3963 1118 4033 jam
1147 3979 1250 4017 non
1290 3971 1540 4031 poterant
1575 3970 1721 4014 stare

143 4059 368 4116 malefici
409 4062 467 4114 in
503 4070 796 4129 conspectu
818 4055 1012 4127 Moysi,
1037 4070 1143 4109 non
1175 4054 1375 4107 dicitur
1408 4049 1530 4120 quia
1567 4051 1724 4103 indu-

142 4163 312 4207 ratum
349 4163 440 4208 est
487 4167 582 4207 cor
630 4151 949 4212 Pharaonis,
1011 4147 1104 4203 sed
1167 4145 1467 4200 terribilius
1513 4142 1720 4213 aliquid

142 4246 356 4300 dicitur.
413 4244 694 4314 Scriptum
752 4250 835 4297 est
889 4240 1038 4295 enim
1100 4240 1170 4304 δ’,
1226 4237 1349 4305 quia
1392 4255 1410 4287 ι
1451 4235 1727 4290 induravit

141 4338 402 4393 Dominus
433 4351 532 4392 cor
559 4335 883 4400 Pharaonis,
905 4341 959 4387 et
989 4347 1094 4386 non
1131 4329 1336 4383 audivit
1368 4328 1510 4390 illos,
1537 4342 1728 4396 quem-

143 4433 433 4487 admodum
481 4429 761 4486 constituit
796 4425 1104 4480 Dominus.)
1135 4422 1366 4476 Rursum
1388 4419 1439 4474 in
1472 4418 1724 4487 septima,

142 4542 257 4580 cum
299 4525 520 4594 grando
564 4533 616 4578 et
650 4522 788 4592 ignis
825 4519 1122 4588 IEgyptum
1173 4524 1348 4570 vastat
1391 4514 1722 4576 universam,

145 4620 438 4674 induratur
459 4617 677 4690 quidem
706 4628 800 4668 cor
830 4609 1152 4674 Pharaonis,
1183 4610 1274 4663 sed
1295 4624 1399 4661 non
1422 4623 1450 4661 a
1475 4605 1722 4660 Domino.

143 4712 196 4768 In
228 4722 454 4778 octava,
487 4710 576 4765 ubi
612 4710 818 4763 locusta
849 4703 1186 4776 producitur,
1221 4701 1483 4756 Dominus
1525 4700 1726 4754 dicitur

145 4807 409 4862 indurare
439 4819 534 4859 cor
564 4800 888 4856 Pharaonis.
933 4799 1039 4852 Sed
1070 4807 1124 4851 et
1153 4797 1206 4850 in
1253 4811 1392 4850 nona
1419 4809 1540 4847 cum
1576 4803 1729 4848 tene-

141 4897 247 4953 btae
305 4894 615 4968 palpabiles
658 4892 796 4945 fiunt
837 4904 933 4960 per
992 4897 1160 4942 totam
1218 4899 1416 4942 terram
1472 4885 1726 4957 Egypti,

142 4989 456 5045 Pharaonis
503 5000 599 5042 cor
664 4982 928 5040 Dominus
981 4979 1242 5033 scribitur
1295 4978 1575 5032 indurare.
1645 4977 1726 5030 Ad

142 5083 396 5139 ultimum
428 5092 646 5150 quoque
671 5093 796 5133 cum
838 5073 1124 5132 exstinctis
1171 5070 1548 5141 primogenitis
1569 5069 1730 5142 Egy-

143 5180 385 5248 ptiorum
427 5175 690 5230 Hebraeus
732 5170 964 5242 populus
1007 5166 1375 5229 discessisset,
1407 5175 1527 5234 post
1559 5165 1724 5218 multa

142 5271 348 5328 dicitur
387 5269 486 5322 ηε
532 5285 552 5318 ι
583 5266 650 5321 Et
689 5262 968 5318 induravit
1005 5260 1266 5316 Dominus
1295 5275 1392 5313 cor
1431 5259 1728 5312 Pharaonis

141 5368 286 5436 regis
320 5361 586 5433 Egypti,
623 5367 678 5414 et
719 5369 1002 5413 servorum
1044 5353 1182 5424 ejus,
1233 5359 1287 5406 et
1329 5352 1608 5406 insecutus
1650 5360 1733 5405 est

143 5467 261 5528 post
296 5458 448 5511 filios
473 5452 661 5509 Israel.
694 5471 714 5506 ι
770 5451 878 5506 Sed
910 5458 966 5504 et
998 5463 1119 5503 cum
1149 5445 1367 5518 Moyses
1403 5442 1449 5474 “
1483 5445 1549 5498 de
1583 5452 1730 5498 terra

148 5552 367 5606 Madian
405 5548 569 5620 140
595 5545 663 5602 ad
693 5544 985 5616 Egyptum
1025 5538 1281 5604 mittitur,
1329 5545 1384 5591 et
1420 5535 1733 5606 praecipitur

146 5645 192 5698 ei
230 5643 425 5699 facere
455 5640 635 5696 omnia
674 5635 922 5708 prodigia
947 5672 962 5698 ,
1010 5648 1130 5704 qua:
1181 5630 1328 5685 dedit
1371 5628 1634 5684 Dominus
1677 5630 1730 5684 in

215 5765 260 5798 δ’
307 5763 492 5818 Exod.
526 5775 627 5828 vtt,
660 5761 747 5815 1⁸5.
825 5759 870 5792 ⁸³
912 5737 1079 5812 Exod.
1115 5753 1281 5819 x,"20.
1355 5751 1403 5782 ”
1479 5725 1648 5806 Exod.
1690 5768 1706 5805 ι

228 5837 245 5884 1
285 5837 424 5884 Cor.
455 5847 509 5884 ιι.
545 5834 629 5884 tt).
702 5831 748 5869 ⁸⁸
773 5829 930 5884 Rom.
968 5843 1026 5884 It.
1067 5827 1140 5884 4.
1184 5827 1240 5882 5.
1343 5822 1388 5854 ⁸³
1420 5821 1576 5878 Rom.
1639 5838 1706 5884 ιι,

1847 5749 1903 5805 8.
1978 5744 2024 5777 ’⁵⁵
2050 5740 2220 5797 Exod.
2254 5753 2334 5792 Ill.

1815 5823 1847 5880 8
1902 5829 1960 5875 et
1998 5828 2153 5884 seqq.
2261 5809 2306 5840 '°

1562 5861 1576 5877 ο
1639 5853 1715 5891 II,
1781 5853 1847 5880 Ιο
1902 5853 1960 5875 VI
1998 5853 2153 5884 σνιιπιο

149 5834 191 5868 δ’
228 5837 245 5891 Ι
285 5837 424 5892 Cor.
455 5847 509 5897 ιι,
545 5834 629 5887 lt).
702 5831 748 5869 ⁸³
773 5829 930 5888 Rom.
968 5843 1026 5896 ιι,
1067 5827 1140 5894 4,
1184 5827 1240 5882 5.

150 5909 192 5940 "
233 5907 392 5962 l’sal.
475 5919 637 5972 cxxx,
681 5903 732 5957 1.

1326 418 1400 474 ΙΝ
1433 401 1725 470 EXODUM
1759 397 2046 457 HOMILIA
2079 392 2170 453 Π.

3244 366 3351 427 318

1783 533 1943 572 manu
1993 514 2144 583 ejus,
2194 507 2411 564 additur
2448 523 2460 559 :
2500 499 2776 565 «Facies,
2831 490 3006 563 inquit
3043 489 3114 554 “,
3173 500 3238 541 ea
3293 485 3350 540 in

1777 616 2070 677 conspectu
2111 597 2433 657 Pharaonis.
2469 595 2581 666 Ego
2624 598 2807 644 autem
2852 585 3049 640 induro
3084 593 3179 635 cor
3204 574 3348 630 Pha-

1780 704 1989 766 raonis,
2019 711 2198 755 etnon
2227 693 2464 749 dimittet
2492 687 2749 760 populum
2783 696 3012 738 meum.»
3051 676 3149 731 llic
3176 674 3347 742 prima

1778 798 1981 852 dictum
2010 798 2098 845 est
2127 804 2156 841 a
2190 783 2416 840 Domino
2441 799 2454 836 :
2487 779 2630 848 «Ego
2655 776 2850 829 induro
2881 786 2974 826 cor
2996 765 3349 822 Pharaonis:

1782 890 1888 945 Sed
1922 899 1974 942 et
1997 883 2234 942 secundo
2260 877 2349 934 ubi
2380 870 2681 932 enumerati
2706 875 2830 922 sunt
2860 864 3136 934 principes
3169 856 3357 921 Israel,

1780 993 1899 1058 post
1940 996 2112 1052 pauca
2151 977 2302 1032 addit
2340 988 2408 1027 ex
2450 980 2680 1040 persona
2719 961 2931 1017 Domini
2967 977 2994 1034 :~
3021 976 3039 1009 ι
3081 955 3226 1025 Ego,
3272 953 3360 1004 in—

1782 1083 1903 1153 quit
1932 1080 1999 1145 “,
2044 1076 2240 1132 induro
2262 1085 2358 1125 cor
2386 1060 2719 1125 Pharaonis,
2769 1066 2825 1110 et
2859 1050 3162 1120 multiplico
3206 1047 3361 1115 signa

1783 1190 1916 1232 mea.
1957 1189 1977 1225 1

1851 1269 1908 1322 2.
1951 1263 2102 1333 Quod
2131 1262 2174 1314 si
2205 1257 2478 1313 credimus
2509 1249 2725 1306 divinas
2769 1257 2891 1299 esse
2933 1241 3033 1294 has
3061 1237 3274 1291 litteras
3312 1239 3367 1286 et

1786 1375 1882 1432 per
1921 1355 2184 1427 Spiritum
2209 1357 2454 1404 sanctum
2485 1343 2750 1411 scriptas,
2791 1351 2896 1392 non
2931 1342 3059 1403 puto
3090 1327 3230 1398 quod
3260 1334 3367 1378 tam

1786 1453 2004 1522 indigne
2033 1447 2099 1502 de
2137 1444 2320 1498 divino
2359 1438 2564 1508 Spiritu
2591 1435 3010 1492 sentiamus,.ut
3050 1422 3274 1478 fortuitu
3315 1417 3368 1470 in

1788 1557 1942 1601 tanto
1985 1545 2089 1597 hoc
2136 1552 2302 1608 opere
2355 1534 2498 1586 facta
2544 1529 2614 1584 sit
2661 1528 2762 1581 ista
2801 1521 3076 1580 varietas,
3120 1524 3179 1568 ut
3227 1524 3372 1564 nunc

1785 1639 2002 1710 quidem
2039 1633 2298 1688 Dominus
2335 1626 2550 1680 dicatur
2593 1620 2878 1675 indurasse
2903 1627 2998 1667 cor
3028 1606 3366 1668 Pharaonis,

1789 1747 1931 1787 nunc
1961 1738 2142 1782 autem
2171 1738 2274 1778 non
2307 1736 2336 1774 a
2367 1716 2623 1776 Domino,
2668 1711 2760 1767 sed
2813 1705 2966 1778 quasi
3001 1710 3192 1772 sponte
3218 1697 3372 1750 indu-

1791 1835 1968 1878 ratum
2001 1821 2236 1875 dicatur.
2281 1811 2548 1882 Equidem
2584 1805 2848 1861 confiteor
2898 1813 2984 1852 me
3031 1794 3209 1848 minus
3254 1788 3373 1842 ido-

1796 1931 1979 1981 neum,
2011 1920 2066 1966 et
2105 1911 2282 1964 minus
2310 1917 2566 1974 capacem
2594 1941 2608 1965 ,
2659 1897 2749 1966 qui
2783 1895 2991 1948 valeam
3024 1889 3078 1942 in
3126 1885 3374 1952 hujusce-

1795 2012 1942 2068 modi
1977 2003 2334 2063 varietatibus
2370 1999 2565 2054 divinae
2595 1989 2878 2060 sapientiae
2926 1991 3133 2039 secreta
3166 1973 3376 2032 rimari.

1793 2103 2022 2159 Paulum
2059 2111 2236 2152 tamen
2263 2088 2569 2162 apostolum
2606 2082 2798 2142 video,
2841 2075 2932 2145 qtti
2968 2079 3193 2142 propter
3221 2065 3376 2120 inha-

1797 2199 2065 2254 bitantem
2101 2191 2152 2244 in
2180 2202 2239 2242 se
2269 2183 2524 2254 spiritum
2562 2176 2657 2232 Dei
2701 2175 2882 2227 dicere
2906 2164 3250 2222 confidenter
3285 2173 3361 2212 au-

1800 2293 1954 2348 debat
1988 2288 2032 2319 "
2070 2305 2082 2339 :
2119 2281 2329 2336 «Nobis
2394 2287 2576 2329 autem
2637 2262 2902 2322 rcvelavit
2963 2258 3226 2314 Dominus
3285 2267 3379 2320 per

1800 2381 2048 2451 spiritum
2103 2389 2282 2429 suum.
2350 2366 2589 2436 Spiritus
2644 2361 2789 2414 enim
2846 2353 3024 2410 omnia
3085 2356 3380 2404 scrutatur.

1801 2473 1966 2530 etiam
2013 2469 2119 2523 alta
2158 2465 2272 2520 Dei.
2318 2481 2336 2514 ι
2389 2459 2581 2521 Hunc,
2637 2456 2876 2520 inquam,
2923 2445 3078 2499 video
3128 2449 3382 2507 tanquam

1803 2564 2188 2632 intelligentem
2224 2555 2353 2628 quid
2385 2551 2600 2606 differat
2630 2546 2947 2600 induratum
2973 2552 3094 2591 esse
3121 2548 3215 2587 cor
3242 2530 3384 2583 Pha-

1803 2655 2030 2718 raonis,
2093 2659 2148 2705 et
2205 2647 2489 2701 indurasse
2543 2653 2640 2693 cor
2696 2630 2998 2689 Pharaonis
3053 2624 3386 2682 Dominum,

1803 2712 2183 2806 dicereaAlibi
2227 2739 2448 2810 quidem
2498 2733 2632 2788 dicit
2665 2731 2754 2784 ινιτ
2791 2745 2810 2778 ι
2841 2728 2921 2781 An
2964 2721 3186 2777 divitias
3230 2712 3385 2770 boni-

1806 2846 1934 2899 tatis
1965 2840 2102 2908 ejus,
2133 2845 2187 2890 et
2209 2831 2581 2906 patientize,ct
2604 2818 3034 2894 longanimitatis
3061 2807 3388 2874 contemnis,

1807 2939 2062 3011 ignorans
2087 2930 2214 3002 quia
2247 2923 2504 2997 patientia
2529 2919 2622 2974 Dei
2651 2918 2714 2970 ad
2741 2909 3114 2985 paenitentiam
3153 2915 3202 2958 te
3229 2901 3392 2956 addu-

1807 3032 1925 3088 cit?
1957 3027 2262 3084 Secundum
2290 3018 2544 3073 duritiam
2575 3022 2758 3067 autem
2794 3019 2964 3070 tuam,
2999 3013 3052 3057 et
3075 3017 3170 3055 cor
3199 3000 3390 3065 impce-

1809 3126 1988 3179 nitens
2025 3117 2363 3173 thesaurizas
2401 3109 2495 3164 tibi
2533 3109 2669 3160 iram
2711 3104 2763 3157 in
2794 3101 2881 3155 die
2914 3099 3030 3160 iraa,
3083 3104 3133 3148 et
3182 3089 3386 3146 revela-

1730 3217 1775 3277 α
1809 3213 1973 3269 tionis
2008 3211 2138 3280 justi
2170 3205 2360 3275 judicii
2395 3201 2508 3256 Dei.
2535 3219 2554 3252 ο
2589 3197 2692 3252 Per
2723 3193 2866 3264 quod
2899 3206 3019 3245 eum
3054 3187 3173 3241 sine
3204 3182 3394 3247 dubio,

1814 3307 1902 3378 qui
1933 3276 2123 3374 sponte
2165 3301 2452 3355 induratus
2486 3301 2570 3348 est
2596 3325 2620 3357 ,κ
2657 3290 2857 3357 culpat.
2889 3283 3030 3340 Alibi
3078 3295 3206 3336 vero
3249 3276 3397 3330 velut

1814 3400 2164 3471 qumstionem
2194 3408 2356 3461 super
2383 3391 2488 3444 hoc
2513 3384 2801 3454 quamdam
2829 3389 3135 3450 proponens
3159 3372 3290 3426 dicit
3312 3368 3394 3423 "z

1834 3513 1851 3545 ι
1882 3493 2026 3560 Ergo
2073 3489 2157 3541 cui
2199 3485 2315 3539 vult
2355 3483 2665 3539 miseretur,
2702 3487 2755 3531 et
2796 3489 2956 3542 quem
2991 3471 3104 3522 vult
3155 3467 3393 3520 indurat.

1818 3585 1964 3639 Dicis
2007 3583 2185 3648 itaque
2225 3573 2355 3629 mihi
2393 3590 2406 3626 :
2439 3570 2577 3637 Quid
2612 3568 2778 3637 igitur
2810 3565 2988 3617 adhuc
3015 3551 3398 3624 conqueritur?

1820 3675 2100 3731 Voluntati
2144 3671 2286 3726 enim
2328 3666 2447 3736 ejus
2498 3665 2620 3735 quis
2665 3656 2912 3714 resistit?
2949 3671 2967 3706 ι
3025 3652 3190 3705 Addit
3236 3647 3399 3701 etiam

1820 3769 1907 3824 his
1939 3787 1952 3820 :
1988 3784 2006 3816 ι
2036 3763 2079 3819 Ο
2131 3763 2318 3824 homo,
2354 3766 2408 3811 tu
2441 3755 2560 3824 quis
2601 3767 2661 3806 es
2705 3747 2795 3817 qui
2848 3753 3035 3800 contra
3070 3737 3421 3808 respondeas

1823 3861 1966 3918 Deo?
1986 3857 2130 3914 DPer
2155 3854 2296 3924 quod
2325 3853 2390 3906 de
2422 3865 2487 3905 eo
2509 3849 2650 3918 quia
2687 3842 2915 3898 Domino
2947 3837 3143 3891 dicitur
3185 3831 3403 3884 indura-

1823 3965 1931 4020 tus,
1967 3967 2073 4006 non
2113 3957 2219 4002 tam
2261 3943 2584 4016 qumstionis
2619 3936 2962 3992 absolutione
2985 3943 3143 3999 quam
3189 3931 3405 3991 aposto-

1824 4049 1926 4103 lica
1991 4042 2325 4099 auctoritate
2393 4034 2713 4105 respondit,
2767 4027 2932 4084 credo
2997 4039 3100 4077 non
3153 4018 3405 4088 judicans

1825 4143 2044 4212 dignum
2091 4151 2190 4208 pro
2254 4131 2617 4201 incapacitate
2676 4125 2984 4177 auditorum
3017 4158 3032 4182 ,
3089 4113 3299 4169 chartis
3352 4118 3408 4165 et

1827 4240 2134 4291 atramento
2175 4222 2546 4296 hujuscemodi
2579 4216 2977 4272 absolutionutn
3020 4215 3230 4264 secreta
3261 4218 3409 4258 com-

1829 4331 2071 4384 mittere.
2109 4323 2264 4377 Sicut
2293 4318 2426 4374 etin
2467 4314 2573 4368 alio
2611 4315 2728 4364 loco
2753 4308 2799 4339 ⁸ο
2825 4307 2889 4359 de
2919 4299 3250 4375 quibusdam
3287 4311 3409 4349 ver-

1830 4424 1914 4477 bis
1955 4421 2070 4490 ipse
2113 4416 2284 4478 dicit,
2325 4410 2542 4465 audisse
2580 4421 2640 4460 se
2688 4401 2936 4472 quaedam
2978 4411 3097 4466 qua:
3143 4407 3246 4446 non
3283 4389 3412 4443 licet

1833 4512 2143 4570 hominibus
2175 4505 2345 4575 loqui.
2381 4501 2535 4558 Unde
2566 4507 2623 4553 et
2665 4495 2719 4549 in
2767 4485 3256 4558 consequentibus,
3285 4496 3406 4535 eum

1834 4611 1924 4683 qui
1964 4625 2070 4661 non
2109 4617 2216 4660 tam
2249 4601 2552 4657 studiorum
2593 4589 2789 4645 merito
2823 4598 2985 4654 quam
3029 4578 3232 4634 sciendi
3263 4573 3411 4642 cupi-

1830 4708 1998 4760 ditate
2042 4695 2436 4755 secretioribus
2479 4705 2536 4744 se
2565 4681 2963 4755 quaestionibus
3003 4673 3275 4728 curiosius
3306 4670 3410 4722 imo

1831 4797 2050 4865 mergit,
2083 4787 2356 4859 magnifici
2387 4781 2632 4837 doctoris
2659 4777 2958 4830 severitate
2987 4770 3258 4825 deterret,
3288 4777 3410 4815 cum

1835 4891 1968 4946 dicit
2000 4889 2042 4920 ⁵¹
2083 4905 2097 4940 :
2131 4902 2148 4934 ι
2172 4882 2215 4938 Ο
2252 4883 2437 4943 Ιιοιιιο,
2474 4885 2528 4928 ιιι
2558 4873 2681 4942 quis
2725 4885 2782 4925 es
2829 4866 2919 4935 qui
2958 4872 3147 4919 contra
3193 4873 3416 4924 respon-

1835 4983 1968 5036 deas
2024 4977 2172 5032 Deo?
2234 4968 2484 5039 Nunquid
2533 4965 2665 5020 dicit
2723 4962 3038 5031 figmentum
3102 4953 3150 5007 ei
3204 4951 3295 5020 qui
3357 4962 3415 5000 se

1838 5075 1996 5130 finxit
2025 5068 2196 5137 :Quid
2240 5081 2327 5120 me
2372 5060 2548 5116 fecisti
2588 5057 2708 5111 sic?
2739 5075 2756 5106 ι
2794 5061 2850 5107 et
2890 5059 3106 5106 cmtera.
3163 5042 3322 5101 Unde
3363 5049 3418 5094 ct

1838 5167 1995 5222 nobis
2042 5165 2158 5217 haec
2202 5163 2528 5214 observasse
2578 5156 2784 5202 tantmn
2834 5150 2888 5195 ct
2932 5137 3232 5208 inspexisse
3273 5129 3418 5185 sufli-

1841 5261 1983 5324 ciat,
2034 5267 2197 5324 atque
2233 5247 2542 5304 ostendisse
2579 5237 2919 5295 auditoribus
2959 5242 3160 5303 quanta
3204 5227 3314 5279 siut
3362 5223 3414 5275 in

1841 5312 2169 5419 lege'divina
2213 5337 2495 5409 profundis
2542 5334 2787 5387 demersa
2833 5322 3124 5394 mysteriis,
3165 5332 3263 5388 pro
3292 5312 3416 5383 qui-

1840 5443 1940 5497 bus
1969 5439 2149 5494 dieere
2172 5435 2224 5488 in
2253 5430 2497 5485 oratione
2533 5425 2824 5479 debeamus
2849 5420 2894 5452 ⁵¹
2922 5435 2936 5472 :
2971 5435 2988 5468 ι
3021 5416 3094 5468 De
3134 5405 3421 5481 profundis

1840 5531 2067 5591 clamavi
2107 5527 2172 5581 ad
2203 5536 2272 5588 te,
2305 5520 2560 5576 Domine.
2591 5533 2609 5568 ι

1912 5627 1966 5680 3.
2010 5622 2116 5678 Sed
2149 5629 2200 5674 et
2225 5617 2313 5672 illa
2369 5629 2474 5668 non
2522 5609 2701 5664 minus
2748 5603 2878 5660 mihi
2910 5597 3168 5655 intuenda
3206 5595 3421 5650 videtur

2413 5737 2458 5767 ⁸³
2501 5732 2668 5788 Exod.
2696 5727 2868 5792 tv,9.l.
2943 5722 2989 5754 “
3028 5718 3196 5773 Exod.
3237 5710 3418 5792 νηηξ.

2261 5784 2382 5862 ἦἸΙ
2419 5784 2707 5868 soil",
2756 5784 2810 5854 λ.
2917 5795 2962 5828 ⁵¹
2994 5795 3152 5849 Rom.
3200 5802 3278 5855 ιι,
3329 5784 3422 5842 20.
