3902 6506
85 313 89 317 ‘
161 290 249 352 521,
1350 293 1416 350 IN
1457 295 1668 354 EXODI

1783 301 2071 360 HOMILIA
2110 305 2201 363 IV.

3277 319 3385 375 522

161 421 294 482 parte
330 406 394 460 sit
430 411 482 459 et
529 403 585 459 in
637 413 907 475 potestate
954 413 1178 478 nostra,
1235 414 1542 474 imitatores
1595 437 1696 476 nos
1726 430 1770 485 Α
1803 439 1996 481 eorum
2049 443 2242 496 poenas
2283 437 2337 484 et
2387 439 2601 486 reatum
2661 433 2940 502 sanguinis
3003 435 3252 506 exigunt.
3306 439 3381 495 ita

161 501 262 558 ﬁeri
292 498 463 568 jubet,
508 497 696 552 dicens
721 499 808 555 “:
861 518 882 552 α
909 501 1263 562 Αξιιιιιιιιιῐιίιιῑ
1311 521 1495 565 autem
1549 516 1688 569 dona

161 592 374 653 meliora,
403 587 566 657 magis
593 598 771 645 autem
801 600 858 646 ιιι
891 595 1254 663 urophetetis;
1283 617 1302 652 ι
1343 610 1615 660 tentetnus
1638 617 1694 660 et

155 699 241 742 nos
273 680 648 737 aemulationem
701 684 977 751 suscipere
1036 697 1328 756 bonorum,
1363 704 1418 748 et
1460 697 1504 750 si
1549 699 1679 766 quid

155 786 225 832 est
253 775 297 828 in
319 771 483 834 nobis,
518 787 548 825 a
585 773 742 828 nobis
768 777 1011 846 exigere,
1039 794 1068 833 a
1106 781 1336 839 Domino
1368 801 1496 842 vero
1521 789 1689 857 pleni-

157 869 367 924 tudinem
401 867 634 920 muneris
661 880 1005 938 exspectare.
1035 873 1140 928 Pro
1181 877 1286 932 hoc
1315 881 1458 936 enim
1485 883 1688 940 dicitur

151 977 178 1013 a
202 959 404 1012 Domino
446 970 539 1025 per
576 955 902 1028 Prophetam
927 962 978 994 ⁵⁸
1014 980 1028 1018 :
1066 965 1268 1033 «Aperi
1309 985 1372 1025 os
1419 981 1594 1038 ιιιιιιιι,
1635 985 1690 1032 et

152 1049 342 1119 replebo
369 1048 557 1110 illudu
593 1065 694 1118 pro
761 1051 854 1109 illo
873 1067 1000 1111 vero
1014 1053 1411 1132 aliascripmm
1439 1065 1574 1122 dicit
1597 1069 1642 1100 ει
1671 1092 1683 1125 ε

154 1160 172 1196 ι
192 1143 351 1211 Punge
372 1141 602 1206 oculum,
630 1152 683 1198 et
709 1146 954 1212 producit
980 1147 1284 1216 lacrymam
1307 1172 1321 1220 ;
1358 1171 1537 1228 punge
1567 1175 1681 1227 cor,

144 1247 192 1293 et
231 1234 452 1305 producit
483 1249 724 1290 sensum.
750 1255 770 1290 ι
805 1234 886 1292 Ne
928 1253 1060 1310 ergo
1088 1256 1156 1296 ex
1191 1245 1576 1316 desperatione
1609 1253 1686 1307 si-

146 1329 287 1382 lentio
319 1340 409 1380 nos
436 1328 730 1393 tradamus,
761 1335 907 1400 quod
938 1336 1128 1404 utique
1168 1353 1274 1392 non
1321 1341 1558 1398 aediﬁcat
1593 1344 1688 1399 Ec-

143 1422 336 1476 clesiam
380 1419 493 1485 Dei,
541 1421 606 1475 de
633 1423 830 1492 quibus
872 1442 1186 1500 possmnus,
1218 1441 1273 1489 et
1319 1434 1374 1489 in
1417 1450 1681 1504 quantum

142 1524 392 1580 possumus
425 1511 662 1566 breviter
693 1525 1029 1583 repetamus.

197 1602 242 1656 6.
281 1602 406 1656 Puto
445 1617 594 1673 ergo,
639 1617 698 1658 ut
747 1610 956 1666 sentire
1002 1628 1245 1681 possum,
1290 1617 1433 1686 quod
1471 1618 1682 1692 Moyses

138 1697 194 1749 ad
217 1692 487 1765 IEgyptum
520 1696 744 1753 veniens
788 1709 842 1754 et
872 1701 1128 1761 deferens
1161 1707 1396 1777 virgam,
1441 1727 1547 1782 qua
1586 1727 1678 1766 ca-

1794 520 2028 573 enimet
2070 520 2186 586 ipse
2235 520 2496 576 Dominus
2542 523 2762 592 dicit“,
2799 526 2930 596 quia
2967 545 2986 578 ι
3014 529 3195 584 omnis
3243 548 3376 585 san-

1791 612 1910 681 guis
1935 614 2026 682 qui
2058 612 2263 669 eﬂ'usus
2290 625 2374 670 est
2417 632 2585 685 super
2626 625 2854 684 terram,
2889 635 2918 672 a
2951 622 3215 688 sanguine
3245 621 3380 677 Abel

1786 698 1917 768 justi
1962 716 2133 770 usque
2174 703 2240 757 ad
2273 707 2597 772 sanguinem
2639 707 2940 773 Zachariae,
2989 713 3302 780 requiratur
3346 728 3377 768 a

1791 795 2147 864 generatione
2181 797 2304 852 hac.
2329 817 2348 849 ι
2396 797 2500 853 Per
2536 801 2828 854 secundam
2881 818 3012 858 vero
3044 805 3277 874 plagam,
3325 806 3378 859 in

1791 899 1897 954 qua
1929 901 2077 940 ranae
2108 889 2499 955 producuntur,
2531 890 2758 945 indicari
2788 891 3089 960 ﬁguraliter
3131 897 3368 950 arbitror

1791 978 2038 1032 carmina
2098 989 2416 1048 poetarum,
2465 983 2554 1052 qui
2612 983 2760 1038 inani
2803 987 3036 1054 quadam
3081 999 3137 1042 et
3178 990 3368 1044 inllata

1790 1069 2190 1139 modulatione,
2243 1073 2390 1127 velut
2456 1089 2714 1130 ranarum
2775 1079 2928 1133 sonis
2996 1089 3051 1133 ct
3121 1083 3372 1136 cantilms

1789 1163 1986 1217 mundo
2009 1163 2134 1219 huic
2165 1166 2499 1232 deceptionis
2530 1167 2739 1224 fabulas
2772 1171 3088 1226 intulerunt.
3116 1175 3199 1228 Ad
3233 1177 3366 1230 nihil

1787 1255 1934 1308 enim
1969 1257 2100 1310 illud
2130 1259 2331 1313 animal
2363 1261 2495 1314 utile
2533 1273 2638 1328 est,
2669 1265 2772 1320 nisi
2807 1268 2951 1334 quod
2995 1282 3187 1322 sonum
3225 1271 3374 1326 vocis

1788 1344 2055 1414 improbis
2107 1359 2164 1402 et
2226 1349 2556 1418 importunis
2611 1357 2947 1411 clamoribus
2997 1358 3193 1412 reddit.
3238 1359 3372 1416 Post

1787 1437 1893 1492 hoc
1922 1438 2171 1509 ciniphes
2199 1441 2592 1510 producuntur.
2632 1445 2744 1501 lloc
2785 1449 2987 1502 animal
3027 1451 3217 1518 pennis
3248 1454 3370 1520 qui-

1785 1529 1907 1584 dem
1951 1534 2301 1602 suspenditur
2337 1550 2434 1604 per
2463 1551 2593 1593 aera
2637 1541 2889 1605 volitans,
2931 1545 3025 1598 sed
3067 1545 3138 1597 ita
3173 1545 3373 1600 subtile

1784 1632 1868 1678 est
1905 1633 1962 1679 et
1995 1626 2299 1692 minutum,
2342 1639 2402 1684 ut
2449 1632 2590 1686 oculi
2629 1633 2837 1699 visum,
2882 1635 2986 1689 nisi
3037 1647 3194 1691 acute
3245 1653 3371 1693 cer-

1786 1721 1987 1782 nentis,
2013 1717 2268 1787 effugiat;
2302 1736 2503 1791 corpus
2533 1733 2715 1780 tamen
2749 1741 2870 1781 cum
2904 1729 3188 1794 insederit,
3222 1744 3371 1784 acer-

134 1789 347 1856 stigatet
383 1788 631 1843 verberat
657 1788 954 1863 Egyptqu
999 1797 1188 1852 decem
1231 1801 1430 1872 plagis,
1470 1803 1680 1876 Moyses
1714 1786 1761 1849 Β
1788 1809 1928 1864 rimo
1956 1786 2197 1866 terebrat
2235 1786 2478 1879 stimulo,
2527 1817 2600 1870 ita
2643 1827 2702 1872 ut
2731 1834 2893 1888 quem
2937 1821 3255 1876 volitantem
3288 1822 3368 1876 vi-

135 1880 208 1933 hic
237 1880 312 1931 lex
343 1879 428 1933 Dei
462 1879 568 1943 sit;
602 1896 725 1948 quae
758 1884 885 1937 data
925 1895 1007 1940 est
1042 1888 1170 1943 huic
1207 1891 1432 1958 mundo,
1464 1903 1523 1948 ut
1553 1910 1676 1951 eum

131 1970 293 2024 decem
325 1969 514 2038 plagis,
549 1970 600 2024 id
632 1982 716 2026 est
744 1973 929 2028 decem
962 1979 1230 2035 mandatis
1261 1997 1381 2052 quae
1413 1984 1466 2038 in
1511 1985 1681 2041 Deca-

130 2063 235 2132 lago
267 2062 628 2127 continentur,
673 2068 931 2136 corripiat
962 2078 1014 2123 et
1048 2074 1323 2128 emendet.
1361 2075 1515 2146 Virga
1547 2094 1678 2149 ergo

132 2170 210 2225 per
249 2169 397 2223 quam
445 2167 718 2225 geruntur
749 2159 861 2214 haec
903 2163 1110 2226 omnia,
1157 2180 1253 2233 per
1301 2181 1462 2236 quam
1508 2168 1678 2243 JEgy-

127 2255 232 2314 ptus
253 2247 537 2315 subjicitur
579 2258 634 2303 et
665 2248 880 2306 Pharao
925 2265 1243 2325 superatur,
1287 2272 1421 2312 crux
1472 2261 1674 2318 Christi

128 2339 212 2402 sit,
251 2351 340 2406 per
383 2353 552 2408 quam
600 2343 837 2398 mundus
878 2345 968 2399 hic
1026 2346 1287 2414 vincitur,
1331 2361 1386 2404 et
1422 2353 1674 2423 princeps

128 2429 260 2493 hujus
312 2431 494 2484 mundi
560 2447 680 2486 cum
739 2435 1142 2507 principatibus
1196 2449 1251 2495 et
1313 2448 1674 2510 potestatibus

126 2520 481 2589 triumphatur.
517 2523 675 2590 Quod
705 2533 886 2581 autem
915 2529 1069 2597 virga
1108 2529 1352 2598 projecta
1387 2535 1460 2588 sit
1485 2536 1671 2602 draco,

121 2612 193 2666 vel
241 2628 486 2683 serpens,
542 2625 599 2671 et
645 2619 875 2674 devorat
937 2621 1322 2694 Egyptiorum
1390 2643 1670 2697 magorum

122 2715 392 2774 serpentes,
421 2709 516 2776 qui
558 2708 611 2764 id
643 2712 899 2767 similiter
925 2711 1202 2783 fecerant;
1237 2731 1544 2788 serpentem
1572 2738 1670 2792 pro

119 2797 348 2866 sapientia
395 2801 526 2870 poni
571 2802 654 2858 vel
710 2806 1023 2874 prudentia,
1068 2809 1275 2864 indicat
1322 2815 1670 2884 evangelicus

118 2903 271 2943 sermo
296 2905 413 2945 cum
460 2894 603 2949 dicit
639 2896 726 2953 ‘7:
765 2915 785 2948 ι
819 2899 1005 2955 Estote
1061 2904 1356 2970 prudentes
1407 2917 1667 2978 tanquam

117 2994 389 3050 serpentes.
416 3003 433 3036 ι
470 2986 546 3042 Ει
581 2988 709 3043 alibi
739 2991 783 3023 ⁸⁸
811 3009 825 3046 :
859 3011 877 3044 ι
917 2992 1155 3063 Serpens
1183 3009 1304 3052 erat
1349 3003 1669 3069 prudentior

116 3076 334 3132 omnibus
377 3082 756 3138 animantibus
787 3094 843 3140 et
891 3087 1080 3143 bestiis
1123 3105 1242 3161 qua:
1273 3103 1429 3148 erant
1477 3096 1528 3149 in
1571 3111 1668 3164 pa-

115 3166 324 3220 radiso.»
363 3171 513 3226 Crux
558 3187 688 3240 ergo
716 3175 940 3244 Christi,
981 3178 1135 3247 cujus
1166 3183 1486 3249 praedicatio
1530 3188 1666 3240 stul-

116 3261 214 3312 titia
245 3262 551 3330 videbatur,
596 3283 760 3334 quam
792 3267 1028 3340 Moyses,
1057 3272 1108 3324 id
1147 3285 1229 3327 est
1263 3274 1370 3341 lex,
1402 3280 1664 3344 continet,

111 3354 228 3407 sicut
274 3353 541 3413 Dominus
592 3359 729 3413 dixit
758 3361 845 3415 ‘9:
891 3381 908 3414 ι
942 3363 1016 3417 De
1057 3381 1142 3420 me
1181 3368 1325 3422 enim
1374 3368 1468 3426 ille
1525 3376 1664 3430 scri-

112 3446 224 3512 psit;
251 3465 268 3498 ι
303 3447 439 3512 haec,
471 3449 727 3520 inquam,
763 3468 898 3508 crux
935 3459 1000 3512 de
1027 3475 1133 3528 qua
1174 3459 1384 3534 Moyses
1421 3471 1662 3540 scripsit,

111 3546 360 3606 postquam
395 3540 468 3593 'in
501 3550 654 3596 terra
689 3544 926 3613 projeeta
965 3558 1068 3615 est,
1099 3550 1152 3603 id
1181 3547 1265 3607 est
1309 3567 1661 3629 posteaquam

114 3628 170 3680 ad
195 3630 567 3688 credulitatem
598 3643 653 3690 et
683 3636 841 3692 ﬁdem
872 3642 1150 3697 hominum
1188 3648 1353 3713 vertit,
1401 3628 1662 3709 conversa

107 3729 175 3773 est
195 3720 240 3775 in
260 3726 614 3793 sapientiam,
632 3738 685 3784 et
709 3737 910 3785 tantam
933 3735 1279 3804 sapientiam,
1305 3755 1424 3810 qua:
1445 3757 1660 3800 onmem

109 3813 476 3886 Egyptiorunt,
508 3820 570 3875 id
602 3832 682 3876 est
717 3823 878 3891 hujus
909 3828 1094 3881 mundi
1141 3831 1460 3898 sapientiam
1499 3841 1663 3892 devo-

106 3917 251 3962 raret.
297 3909 516 3968 Intuere
569 3928 702 3984 ergo
753 3918 1028 3984 quomodo
1073 3920 1295 3976 stultam
1345 3924 1475 3980 fecit
1517 3927 1659 3983 Deus

104 3999 391 4068 sapientiam
433 4005 606 4074 hujus
654 4008 863 4073 mundi,
901 4018 1254 4080 posteaquam
1291 4017 1660 4074 manifestavit

103 4092 372 4163 Christum,
421 4100 516 4169 qui
569 4101 866 4157 crucilixus
911 4111 1029 4168 est,
1082 4105 1172 4160 Dei
1228 4109 1484 4164 virtutem
1538 4127 1660 4169 esse

101 4193 145 4237 et
177 4184 260 4242 Dei
300 4191 670 4259 sapientiam;
701 4202 755 4248 et
794 4195 1087 4253 universus
1112 4199 1220 4269 jam
1251 4202 1483 4256 mundus
1508 4219 1659 4259 com-

102 4279 370 4345 prehensus
396 4295 483 4340 est
510 4287 586 4340 ab
622 4301 688 4342 eo
721 4289 812 4358 qui
844 4291 979 4346 dicit
1003 4292 1050 4324 "°
1080 4311 1092 4347 :
1135 4311 1152 4345 ι
1175 4292 1658 4364 Comprehendens

101 4377 532 4443 comprehendam
568 4381 843 4450 sapientes
889 4384 940 4438 in
972 4387 1173 4440 astutia
1210 4401 1459 4441 eorum.»
1505 4389 1656 4456 Quod

1785 1902 1916 1958 dere
1959 1905 2086 1972 quis
2131 1921 2237 1959 non
2287 1907 2497 1975 valeat,
2544 1911 2744 1964 sentiat
2799 1912 3194 1970 stimulantem.
3253 1912 3366 1969 Iloc

1782 2010 1914 2066 ergo
1968 1997 2220 2052 animalis
2266 2015 2440 2065 genus
2486 1999 2804 2071 dignissime
2855 2014 2986 2070 puto
3036 2004 3140 2057 arti
3191 2004 3364 2059 diale-

1780 2088 1934 2142 ctica:
1967 2091 2302 2157 comparari,
2341 2105 2461 2160 quae
2493 2093 2716 2146 minutis
2743 2099 2798 2146 et
2833 2093 3125 2148 subtilibus
3167 2096 3365 2149 verbo-

1781 2189 1901 2228 rum
1938 2176 2171 2232 stimulis
2211 2177 2424 2234 animas
2470 2181 2726 2248 terebrat,
2771 2190 2827 2236 et
2867 2191 3016 2236 tanta
3058 2183 3358 2239 calliditate

1777 2258 2156 2327 circumvenit,
2187 2270 2246 2318 ut
2276 2267 2538 2336 deceptus
2580 2283 2681 2322 nec
2724 2269 2906 2322 videat
2939 2285 3040 2326 nec
3083 2272 3361 2343 intelligat

1777 2355 1920 2408 unde
1958 2355 2244 2425 decipitur.
2272 2359 2478 2424 Quarto
2508 2374 2724 2429 quoque
2753 2362 2806 2414 in
2852 2362 2970 2416 loco
3011 2366 3358 2436 cynomyiam

1776 2445 2108 2518 Cynicorum
2156 2460 2323 2505 secta:
2363 2453 2832 2520 cumparaverim,
2869 2455 2962 2524 qui
3006 2458 3075 2510 ad
3121 2457 3356 2526 reliquas

1777 2539 2116 2608 deceptionis
2157 2556 2268 2596 sna:
2306 2543 2706 2614 improbitates,
2739 2546 2903 2599 etiam
2937 2546 3266 2616 voluptatem
3303 2555 3360 2601 et

1774 2629 2050 2685 libidinem
2100 2647 2370 2689 summum
2442 2637 2738 2704 prazdicant
2811 2640 3357 2706 bonum._Quoniam

1776 2719 1938 2789 igitur
1975 2737 2071 2791 per
2101 2724 2217 2778 haec
2246 2724 2458 2794 singula
2497 2727 2646 2794 prius
2677 2728 2937 2796 deceptus
2967 2739 3050 2782 est
3093 2730 3349 2796 mundus,

1773 2813 2073 2869 adveniens
2105 2829 2304 2878 sermo,
2334 2827 2388 2870 et
2425 2815 2506 2870 lex
2544 2815 2636 2870 Dei
2671 2817 3043 2885 hujuscemodi
3075 2835 3198 2873 eum
3233 2835 3352 2876 cor-

1773 2905 2114 2974 reptionibus
2155 2908 2354 2977 arguit,
2389 2917 2445 2962 ut
2474 2925 2540 2963 ex
2573 2910 2834 2978 qualitate
2882 2925 3168 2980 plenarum
3215 2928 3354 2981 qua-

1771 2999 1957 3055 litates
2003 3003 2209 3072 proprii
2247 3015 2515 3075 agnoscat
2555 3005 2780 3059 erroris.
2818 3006 2972 3072 Quod
3005 3021 3132 3061 vero
3164 3007 3356 3076 quinto

1772 3091 1824 3145 in
1861 3091 1980 3147 loco
2010 3093 2326 3148 animalium
2359 3111 2489 3151 nece
2519 3095 2600 3151 vel
2630 3097 2896 3166 pecudum
2923 3097 3194 3168 [Egyptus
3221 3115 3350 3154 ver-

1773 3186 2018 3248 beratur,
2054 3187 2308 3240 vecordia
2341 3187 2395 3240 in
2424 3188 2528 3242 hoc
2557 3190 2804 3258 arguitur
2837 3191 3175 3260 stultitiaque
3205 3207 3353 3247 mor-

1774 3276 2118 3347 talium,'qui
2156 3289 2410 3349 tauquam
2463 3281 2857 3336 irrationabilia
2906 3298 3103 3352 pecora
3139 3284 3345 3340 cultum

1768 3376 1824 3422 et
1851 3371 2170 3424 vocabulum
2204 3373 2296 3426 Dei
2325 3373 2553 3427 diversis
2582 3373 2959 3443 imposuerunt
2989 3375 3203 3446 ﬁguris,
3236 3393 3346 3432 non

1767 3461 1940 3516 solum
1967 3463 2271 3530 hominum,
2299 3465 2394 3519 sed
2421 3475 2476 3518 et
2503 3465 2788 3532 pecudum,
2820 3465 2967 3535 ligno
2992 3479 3045 3521 et
3075 3469 3347 3536 lapidibus

1769 3554 2074 3624 impressis,
2102 3555 2456 3611 Hammonem
2488 3556 2674 3611 Jovem
2707 3557 2964 3612 iu‘ariete
2998 3569 3345 3627 venerantes,

1765 3656 1822 3702 et
1852 3649 2068 3702 Anubin
2112 3649 2163 3702 in
2194 3662 2350 3712 cane,
2376 3649 2516 3717 Apitt
2547 3665 2764 3718 quoque
2792 3651 3032 3705 colentes
3064 3652 3115 3705 in
3159 3660 3341 3715 tauro,

1765 3749 1962 3794 caetera
2020 3755 2237 3810 quoque
2294 3757 2426 3810 quae
2467 3740 2737 3813 [Egyptus
2803 3743 3029 3796 deorum
3095 3753 3346 3814 portenta

1766 3833 2016 3896 miratur,
2053 3842 2111 3886 ut
2144 3834 2196 3887 in
2236 3835 2436 3903 quibus
2468 3833 2671 3887 cultum
2711 3835 3011 3888 credebant
3055 3837 3237 3891 inesse
3266 3838 3349 3892 di-

1763 3926 1976 3989 vinum,
2005 3926 2058 3980 in
2095 3927 2180 3980 his
2211 3927 2455 3982 viderent
2485 3928 2788 3982 miseranda
2821 3929 3105 3997 supplicia.
3145 3929 3340 3987 Ulcera

1763 4028 1884 4087 post
1919 4021 2033 4074 lucc
2060 4029 2115 4074 et
2151 4020 2343 4075 vesica:
2390 4035 2514 4074 cum
2564 4021 2778 4075 fervore
2829 4031 2982 4076 sexto
3015 4021 3070 4075 in
3109 4024 3341 4080 verbere

1761 4113 2158 4181 producuntur.
2205 4111 2274 4166 Et
2323 4113 2540 4168 videtur
2586 4113 2716 4166 mihi
2768 4115 2911 4182 quod
2964 4114 3017 4168 in
3065 4115 3343 4169 ulceribus

1763 4215 2025 4272 arguatur
2058 4203 2245 4257 dolosa
2273 4214 2328 4257 et
2360 4203 2648 4273 purulenta
2679 4203 2907 4266 malitia,
2939 4203 2990 4256 in
3024 4205 3222 4258 vesicis
3253 4212 3339 4258 tu-

1765 4312 1918 4352 mens
1945 4307 2000 4352 et
2039 4295 2219 4349 inﬂata
2258 4295 2613 4364 superbia,in
2655 4293 2866 4350 fervore
2898 4291 2992 4350 irae
3031 4311 3096 4351 ac
3141 4295 3342 4350 luroris

1763 4389 1998 4447 insania.
2054 4387 2351 4457 llucusque
2405 4401 2504 4455 per
2563 4400 2814 4443 errorum
2865 4403 3088 4443 suorum
3141 4388 3342 4456 iiguras

101 4483 208 4524 vero
243 4484 390 4539 aqua:
431 4471 680 4529 ﬂuminis
723 4488 1007 4532 vertuntur
1048 4480 1100 4533 in
1147 4483 1489 4552 sanguinem,
1523 4485 1658 4541 satis
1689 4481 1733 4537 D
1766 4481 1966 4536 mundo
1995 4481 2258 4552 supplicia
2290 4487 2687 4550 temperantur.

99 4563 456 4619 convenienter
514 4577 758 4634 aptatur.
792 4566 976 4622 Primo
1010 4571 1226 4639 quidem
1279 4583 1337 4627 ut
1371 4574 1417 4629 is
1463 4574 1659 4633 ﬂuvius

100 4653 168 4705 cui
199 4651 550 4711 Hebraaorum
586 4657 850 4726 parvulos
884 4661 1087 4714 crudeli
1120 4677 1253 4718 nece
1294 4665 1657 4735 tradiderant,

99 4747 386 4802 auctoribus
433 4748 666 4804 sceleris
713 4751 969 4820 poculum
1021 4754 1308 4823 sanguinis
1362 4757 1657 4824 redderet,

99 4845 143 4888 et
163 4851 399 4894 cruorem
431 4841 628 4910 polluti
671 4842 929 4912 gurgitis,
959 4857 1122 4912 quem
1155 4846 1466 4912 parricidali
1508 4850 1658 4904 caede

99 4931 507 5000 maculaverant,
549 4935 788 5003 potando
838 4938 1126 4990 sentirent.
1179 4936 1315 4991 Tum
1348 4940 1562 5006 deinde,
1599 4951 1656 4994 ut

96 5017 375 5090 allegoricis
422 5023 639 5094 legibus
683 5024 817 5079 nihil
857 5026 1023 5092 desit,
1080 5042 1230 5095 aqua:
1272 5040 1558 5085 vertuntur
1602 5033 1653 5087 in

95 5113 410 5181 sanguinem,
461 5125 523 5171 et
573 5117 798 5186 sanguis
848 5133 984 5174 suus
1037 5118 1275 5190 [Egypto
1309 5124 1650 5191 propitiatur.

95 5205 238 5271 Aqua:
281 5205 547 5279 Egypti,
592 5210 830 5263 erratica
875 5222 932 5264 et
965 5211 1169 5266 lubrica
1207 5214 1651 5286 philosophorum

93 5309 202 5352 sunt
240 5303 536 5372 dogmata,
586 5317 706 5373 qua:
758 5304 1010 5372 parvulos
1059 5323 1306 5378 quosque
1349 5324 1551 5376 sensu,
1599 5321 1654 5365 et

94 5400 267 5455 pueros
309 5393 672 5466 intelligentia
733 5396 890 5468 142
948 5399 1320 5468 deccperunt;
1377 5402 1466 5456 ubi
1518 5417 1651 5456 crux

92 5481 268 5541 Christi
305 5490 519 5546 mundo
553 5490 679 5546 huic
713 5493 966 5546 veritatis
1001 5490 1182 5546 lumen
1212 5494 1472 5559 ostendit,
1500 5496 1650 5550 necis

151 5677 237 5751 “VI
262 5679 387 5736 Cor.
413 5697 531 5746 xu,
563 5683 652 5747 3|,
680 5683 773 5736 etl
806 5683 929 5738 Cor.
963 5699 1071 5751 xw,
1104 5685 1152 5739 I.

94 5759 171 5812 ιιι,
201 5750 244 5804 ι.
320 5753 366 5785 ⁸⁹
408 5753 580 5810 Joan.
608 5770 658 5823 v,
687 5754 774 5810 46.
852 5755 898 5788 ὀ
924 5753 942 5807 l
971 5750 1094 5811 Cor.
1130 5769 1213 5820 ιιι,
1241 5757 1326 5812 l9.

1231 5685 1274 5716 ⁵⁵
1317 5685 1769 5750 Psal.t.xxu,l0.
1845 5686 1890 5717 “
1931 5684 2098 5742 Eccli.
2130 5701 2276 5748 χχιι,
2313 5684 2405 5738 24.

1404 5759 1446 5789 τί
1478 5761 1667 5814 Matth.
1697 5774 1851 5826 xxiii,
1876 5758 1964 5812 '55.
2040 5759 2086 5791 τ’
2121 5757 2253 5812 Luc.
2287 5772 2385 5822 xu,
2412 5756 2500 5811 49.

1831 4573 1884 4627 7.
1929 4573 2060 4629 Post
2101 4574 2214 4628 haec
2250 4588 2380 4628 vero
2435 4573 2662 4627 verbera
2716 4570 2941 4626 veniunt
2975 4571 3040 4626 de
3087 4572 3341 4642 supernis

1759 4679 1940 4732 voces,
1975 4665 2187 4735 inquit,
2240 4666 2502 4737 tonit_rui,
2554 4663 2670 4716 sine
2714 4663 2880 4716 dubio
2924 4672 2980 4716 et
3025 4667 3253 4733 grando,
3283 4676 3339 4720 et

1757 4757 1898 4828 ignis
1946 4758 2262 4814 discurrens
2308 4758 2362 4812 in
2412 4758 2694 4826 grandine.
2744 4755 2880 4810 Vide
2931 4765 3335 4825 temperamen-

1759 4861 1871 4906 tum
1917 4853 2114 4906 divinae
2165 4851 2571 4920 correptionis;
2636 4866 2739 4904 non
2790 4864 2912 4902 cum
2961 4849 3176 4904 silentio
3211 4865 3336 4904 ver-
3420 4869 3427 4875 ’

1757 4945 1935 5007 berat,
1969 4943 2063 4997 sed
2096 4943 2189 4996 dat
2221 4958 2403 5006 voces,
2437 4951 2490 4996 et
2529 4943 2833 4996 doctrinam
2880 4942 3105 4996 coalitus
3147 4943 3333 5006 mittit,

1757 5051 1852 5104 per
1875 5051 2037 5104 quam
2069 5035 2240 5106 possit
2273 5035 2488 5105 culpam
2520 5051 2671 5089 suam
2703 5033 3000 5102 castigatus
3035 5048 3177 5103 agno
3199 5049 3337 5089 .cere

1758 5129 2010 5181 mundus.
2063 5129 2154 5180 Dat
2202 5138 2254 5182 et
2287 5129 2646 5197 grandinem,
2696 5141 2794 5195 per
2838 5141 3000 5194 quam
3047 5135 3104 5180 et
3149 5139 3333 5181 tenera

1757 5220 1938 5274 adhuc
1969 5228 2248 5274 vastentur
2280 5220 2557 5274 nascentia
2591 5219 2871 5273 vitiorum.
2919 5218 3017 5271 Dat
3046 5227 3101 5272 et
3131 5218 3335 5284 ignem,

1761 5310 1942 5365 sciens
1974 5325 2092 5365 esse
2124 5310 2314 5379 spinas
2353 5320 2408 5364 et
2462 5309 2712 5372 tribulos,
2761 5323 2900 5378 quos
2948 5309 3151 5362 debeat
3196 5308 3336 5376 ignis

1764 5402 1852 5458 ille
1881 5395 2198 5472 depasceré,
2245 5402 2310 5456 de
2354 5417 2462 5472 quo
2510 5401 2642 5455 dicit
2685 5399 2946 5454 Dominus
2968 5400 3060 5454 7':
3099 5416 3116 5448 ι
3149 5398 3331 5467 Ignem

1760 5497 1883 5553 veni
1915 5497 2133 5552 mittere
2165 5497 2216 5550 in
2254 5505 2476 5551 terram.
2499 5512 2518 5546 ι
2563 5494 2666 5549 Per
2709 5495 2852 5548 hunc
2878 5493 3022 5547 enim
3059 5492 3330 5546 incentiva

2483 5685 2526 5715 ⁸⁷
2567 5682 2753 5738 Matth.
2784 5698 2838 5748 Χ,
2873 5682 2962 5736 I6.
3057 5673 3325 5736 “Getica.
