3902 6548
629 314 738 371 823

2111 307 2431 366 omesms
3675 336 3740 396 ,Ἃ

626 431 919 501 voluptatis
960 439 1016 486 et
1065 426 1304 485 libidinis
1354 435 1768 485 consumuntur.
1818 427 1970 496 Quod
2021 437 2199 482 autem
2230 433 2276 488 Α
2305 430 2372 484 ab
2401 445 2463 486 ea
2495 429 2746 486 subducit
2773 425 3048 498 exempla,
3077 428 3276 498 quibus
3302 434 3602 498 mordeantur
3623 455 3737 507 etde.

630 524 961 582 locustarum
991 524 1042 578 in
1081 533 1274 580 octavo
1305 524 1425 578 loco
1455 523 1514 576 fit
1539 523 1763 587 mentio,
1799 533 1928 592 puto
1954 537 2052 593 per
2096 522 2201 578 hoc

628 633 799 690 genus
848 616 1039 686 plagae,
1091 616 1406 671 dissidentis
1470 629 1685 684 semper
1729 630 1757 668 a
1798 630 1856 670 se
1891 626 1944 669 et
1986 615 2198 668 discor-

627 710 805 765 dantis
859 708 1079 765 humani
1148 708 1367 776 generis
1417 706 1836 761 inconstantiam
1905 705 2195 760 confutari.

624 801 858 859 Locusta
889 803 1034 856 enim
1080 817 1205 856 eum
1241 815 1421 871 regem
1467 816 1571 854 non
1608 800 1836 863 habeat,
1879 799 2018 853 sicut
2050 798 2197 854 Scri-

623 906 781 966 ptura
825 896 953 950 dicit
985 895 1075 947 7':
1119 914 1136 946 ι
1169 894 1285 950 Una
1327 894 1443 948 acie
1492 893 1801 947 ordinatum
1846 893 1996 946 ducit
2037 907 2195 946 exer-

623 991 874 1053 citum“
934 987 1184 1041 homines
1236 1000 1363 1039 vero
1417 1000 1538 1038 cum
1611 981 1962 1036 rationabiles
2009 997 2040 1035 a
2085 981 2196 1035 Deo

622 1080 752 1132 facti
787 1077 917 1143 sint,
970 1092 1145 1145 neque
1199 1077 1524 1144 semetipsos
1575 1075 1824 1128 ordinate
1869 1087 2056 1141 regere
2098 1087 2195 1140 po-

623 1179 874 1234 tuerunt,
928 1183 1101 1237 neque
1153 1168 1244 1222 Dei
1295 1168 1438 1236 regis
1486 1168 1755 1237 patienter
1825 1165 2192 1219 moderamina

621 1264 914 1334 pertulere.
944 1261 1094 1316 Nona
1131 1262 1282 1330 plaga
1317 1260 1554 1314 tenebra:
1587 1267 1734 1324 sunt,
1761 1258 1878 1312 sive
1907 1265 1965 1311 ut
1996 1256 2191 1310 mentis

618 1371 809 1412 eorum
838 1355 1055 1409 czecitas
1086 1361 1367 1423 arguatur,
1400 1351 1517 1405 sive
1549 1360 1609 1404 ut
1643 1349 1950 1416 intelligant
1996 1348 2191 1401 divina:

620 1447 1046 1516 dispensationis
1094 1456 1149 1499 et
1197 1445 1561 1498 Providentia:
1619 1442 2033 1496 obscurissimas
2072 1454 2190 1494 esse

620 1540 881 1593 rationes.
941 1557 959 1590 ι
989 1537 1174 1592 Posuit
1230 1538 1372 1591 enim
1422 1536 1563 1591 Dens
1610 1535 1862 1589 tenebras
1907 1533 2186 1588 latibulum

619 1646 776 1686 suum
800 1633 867 1692 ⁷⁸,
888 1649 906 1682 ›
951 1645 1088 1700 quas
1135 1629 1206 1682 illi
1252 1629 1513 1682 audacter
1539 1636 1591 1680 et
1628 1637 1829 1680 temere
1859 1626 2185 1691 perscrutari

619 1726 917 1794 Cupientes,
961 1735 1016 1779 et
1063 1723 1164 1777 alia
1220 1737 1289 1775 ex
1325 1720 1446 1774 aliis
1483 1727 1817 1780 asserentes,
1867 1718 1918 1770 itt
1972 1733 2187 1772 crassas

2300 533 2598 592 pascantur
2646 539 2836 579 omnes
2883 523 3110 592 inquieti
3164 531 3346 578 motus
3380 526 3483 595 ejus
3510 543 3556 587 et
3591 544 3738 610 turbidi,

2297 630 2404 685 quo
2461 623 2518 670 et
2576 616 2688 686 ipsa
2751 619 2919 681 dicat,
2971 614 3113 683 quod
3160 618 3436 685 Apostolus
3475 623 3600 682 docet
3624 633 3672 698 ",
3705 650 3739 693 ut

2301 710 2518 763 «omnia
2543 726 2561 758 ι
2584 723 2681 762 sna
2703 728 2721 758 ι
2742 705 3037 763 secundum
3059 707 3303 763 ordinem
3323 711 3464 767 fiant.
3500 735 3516 768 ι
3563 718 3639 776 libi
3663 742 3742 785 vero

2297 799 2625 853 sufficienter
2645 797 2808 853 fuerit
2831 800 3093 869 castigata
3119 816 3215 870 pro
3240 804 3466 859 moribus
3479 817 3740 877 θιιιτοειιιρη.

2297 891 2524 944 datioris
2567 891 2692 944 vita:
2725 891 3072 958 correptione
3123 893 3386 958 coercita,
3419 910 3524 951 cum
3554 915 3741 963 auctorem

2296 981 2583 1033 verberum
2615 985 2871 1051 senserit,
2903 995 2960 1040 et
2985 984 3360 1055 confiterijam
3393 991 3680 1060 creperitquia
3700 999 3743 1051 di-

2296 1071 2439 1138 gitus
2488 1071 2578 1126 Dei
2623 1085 2729 1140 eat,
2757 1085 2806 1129 et
2855 1091 3043 1146 parum
3075 1077 3202 1147 quid
3239 1078 3509 1146 agnitionis
3540 1090 3744 1153 acceperit,

2298 1171 2426 1215 tunc
2474 1165 2746 1234 praecipue
2807 1176 3084 1235 gestorum
3145 1184 3366 1223 suorum
3413 1171 3742 1240 tenebrasvidet,

2293 1263 2422 1310 tunc
2447 1272 2695 1312 errorum
2731 1273 2957 1314 suorum
2984 1261 3273 1329 caliginem
3323 1262 3697 1333 sentit.Cumque
3713 1271 3745 1324 in

2293 1349 2396 1404 hoc
2427 1352 2658 1415 venerit,
2695 1361 2822 1406 tunc
2848 1354 3146 1408 merebitur
3178 1363 3236 1408 ut
3279 1354 3744 1424 exstinguauturiuea

2290 1445 2645 1514 primogenita
2697 1444 2939 1516 Egypti.
2966 1445 3022 1500 In
3063 1463 3170 1515 quo
3201 1447 3404 1516 aliquid
3436 1448 3624 1517 intelligi
3648 1469 3747 1520 posse

2291 1537 2546 1593 arbitror.
2573 1536 2762 1592 Omnis
2798 1541 2976 1593 anima
3004 1555 3127 1593 cum
3160 1541 3228 1593 ad
3259 1539 3643 1608 supplementum
3665 1556 3746 1598 att-

2291 1630 2362 1684 tis
2385 1630 2690 1691 advenerit,
2721 1639 2776 1684 et.
2814 1629 2957 1682 velut
3005 1633 3274 1684 naturalis
3305 1631 3358 1683 itt
3391 1646 3447 1684 ea
3480 1633 3746 1700 qumdamlex

2289 1721 2514 1790 coeperit
2538 1737 2632 1776 sua
2661 1720 2783 1789 jura
2811 1721 3120 1789 defendere,
3146 1721 3348 1791 primos
3384 1723 3492 1775 sine
3517 1723 3646 1778 dubio
3675 1743 3746 1780 mo-

617 1826 673 1870 et
717 1815 1012 1886 palpabiles
1055 1829 1300 1868 errorum
1353 1811 1605 1867 tenebras
1642 1809 1877 1864 devoluti
1923 1820 2071 1864 sunt.
2101 1807 2183 1862 Ad
2218 1779 2260 1833 B
2294 1823 2378 1868 tus
2411 1814 2704 1866 secundum
2749 1814 3078 1868 desiderium
3107 1779 3288 1867 carnis
3318 1813 3565 1880 producit,
3592 1829 3750 1881 quoset

615 1907 862 1962 ultimum
912 1907 1312 1975 primitivorum
1365 1903 1597 1958 infertur
1648 1901 1935 1967 interitus,
1981 1902 2033 1955 in
2081 1917 2187 1969 quo

614 2001 685 2055 sit
723 2000 967 2054 fortassis
1009 1999 1211 2066 aliquid
1263 2013 1423 2065 Supra
1473 2006 1714 2050 nostram
1752 1995 2183 2063 intelligentiam,

613 2091 756 2160 quod
798 2087 1245 2144 commissum'ab
1292 2086 1571 2155 [Egyptiis
1607 2087 1856 2140 videatur
1894 2085 1944 2138 in
1995 2084 2184 2138 Eccle-

612 2181 748 2234 siam
777 2179 1200 2250 primitivorum,
1227 2192 1348 2246 quae
1375 2179 1614 2245 ascripta
1640 2189 1722 2230 est
1749 2178 1800 2229 in
1831 2175 2007 2230 caelis.
2037 2173 2186 2228 Unde

609 2281 665 2326 et
704 2272 1098 2326 exterminator
1139 2270 1361 2339 angelus
1404 2270 1470 2323 ad
1516 2269 1887 2338 hujuscemodi
1939 2268 2186 2320 ministe-

608 2364 748 2417 rium
781 2362 1102 2425 mittitur",
1131 2361 1222 2429 qui
1257 2370 1452 2429 parcat
1479 2360 1585 2414 illis
1617 2369 1844 2421 tantum,
1880 2359 1970 2427 qni
2006 2369 2184 2411 utros-

607 2468 714 2523 que
760 2463 939 2520 pustes
984 2452 1104 2522 agni
1143 2451 1410 2520 sanguine
1474 2449 1677 2503 inventi
1731 2448 1936 2502 fuerint
1983 2449 2182 2503 habere

609 2547 871 2615 signatos.
913 2543 1173 2598 Delenlur
1220 2542 1436 2596 interim
1492 2541 1852 2611 primogenita
1897 2538 2182 2610 IEgyptio-

609 2652 750 2703 rum,
777 2638 890 2691 sive
933 2636 1030 2689 hos
1056 2635 1390 2703 principatus
1422 2643 1478 2688 et
1520 2642 1842 2704 potestates,
1887 2643 1941 2686 et
1993 2633 2177 2686 mundi

607 2726 769 2794 hujus
805 2737 1046 2782 rectores
1084 2729 1431 2779 tenebrarum
1485 2725 1750 2788 dicamus,
1793 2738 1928 2792 quos
1977 2723 2028 2775 in
2079 2723 2177 2775 atl-

605 2829 770 2874 ventu
820 2834 923 2873 suo
969 2819 1222 2873 Christus
1275 2818 1476 2872 dicitur
1525 2816 1830 2870 traduxisse
1851 2815 1918 2880 ⁷⁸,
1953 2815 2053 2868 hoc
2096 2824 2178 2868 cst

605 2909 851 2978 captivos
894 2908 1138 2973 duxisse,
1166 2917 1222 2962 et
1267 2908 1636 2977 triumphasse
1687 2906 1738 2959 in
1784 2905 1930 2974 ligno
1961 2906 2174 2971 crucis;

603 2999 720 3054 sive
750 3009 1002 3081 auctores
1033 3010 1088 3055 et
1132 2999 1448 3055 inventores
1496 2998 1754 3054 falsarnnt
1803 3013 1924 3066 quae
1972 2997 2024 3050 in
2074 2997 2176 3052 hoc

2289 1905 2745 1972 concupiscentia:
2787 1905 2871 1958 vel
2921 1906 3014 1959 irae
3060 1904 3252 1959 fomite
3287 1905 3372 1958 vis
3404 1905 3636 1958 incentiva
3654 1922 3751 1960 com-

2289 1996 2539 2049 moverit.
2595 1993 2750 2048 Unde
2797 1995 2951 2064 quasi
2994 1997 3324 2066 praecipuum
3375 1998 3578 2063 etquod
3615 2012 3690 2049 non
3709 2000 3751 2050 sit

2285 2101 2573 2141 commune
2600 2102 2721 2140 eum
2753 2089 2966 2141 exteris
3017 2088 3355 2151 hominibus,
3383 2089 3445 2141 de
3472 2087 3574 2142 solo
3605 2088 3750 2141 Chrile

2285 2181 2545 2251 propheta
2584 2181 2788 2236 dicit“
2819 2201 2831 2235 :
2875 2200 2894 2233 ι
2929 2182 3196 2251 Butyrnm
3232 2191 3283 2235 et
3335 2181 3436 2234 mel
3470 2182 3752 2246 manducabit,

2285 2274 2596 2340 priusquam
2648 2271 2814 2325 faciat
2861 2279 2956 2324 aut
3005 2271 3240 2339 proferat
3277 2270 3524 2338 maligna,
3557 2269 3754 2338 eligetho-

2288 2376 2439 2413 num.
2475 2377 2491 2411 t
2534 2359 2797 2425 Quoniam
2831 2360 3148 2428 priusquam
3197 2359 3334 2412 sciat
3377 2375 3503 2427 puer
3528 2359 3752 2412 bonutnaut

2288 2452 2517 2512 malum,
2547 2451 2753 2505 resistit
2786 2451 3026 2510 malitia.
3065 2460 3124 2503 ut
3161 2449 3326 2520 eligat
3356 2451 3493 2520 quod
3517 2451 3675 2503 bonum
3693 2460 3753 2504 est.

2281 2543 2434 2598 Alitis
2450 2553 2631 2596 autem
2651 2543 2912 2612 propheta
2939 2552 3190 2612 tanquam
3209 2543 3275 2596 de
3301 2541 3575 2609 semetipso
3590 2539 3752 2608 loquens,

2281 2635 2496 2688 dicebat.
2513 2634 2555 2666 ⁸⁸
2588 2650 2601 2686 :
2641 2653 2659 2685 ι
2695 2633 2897 2688 Delicta
2930 2635 3235 2702 juventutis
3276 2649 3412 2688 utea:
3435 2639 3486 2686 el
3528 2633 3756 2701 ignoranti:

2283 2741 2414 2780 mea:
2446 2741 2512 2780 ne
2555 2727 2886 2780 memineris.
2922 2745 2940 2778 ι
2969 2727 3104 2793 Quia
3150 2743 3282 2798 ergo
3335 2727 3493 2797 primi
3519 2727 3595 2780 isti
3629 2727 3755 2778 anim

2281 2825 2459 2868 motus
2485 2817 2776 2868 secundum
2809 2832 3031 2870 carnem
3055 2816 3248 2886 prolati
3276 2817 3328 2870 in
3355 2827 3613 2887 peccatqu
3636 2825 3756 2879 ruunt,

2279 2907 2476 2960 merito
2506 2907 2558 2960 in
2584 2907 2771 2960 morali
2804 2907 2920 2962 loco
2937 2906 3316 2978 Egyptiorum
3351 2909 3602 2976 primitiva
3621 2923 3757 2976 ponun-

2282 3010 2390 3062 tur,
2441 3014 2560 3068 quae
2610 3009 2836 3054 eatenus
2869 3001 3330 3070 exstinguuntur,
3380 3003 3425 3056 si
3474 3003 3661 3070 reliqure
3682 3002 3757 3054 vita

607 3094 806 3146 mundo
853 3092 1070 3147 ftterunt
1122 3091 1441 3161 religionum
1482 3092 1757 3153 dicamus,
1800 3105 1938 3160 quas
1969 3089 2172 3144 Christi
2205 3110 2252 3169 ο
2281 3091 2627 3144 conversatio
2658 3091 3080 3144 emendatiorem
3113 3091 3312 3160 dirigat
3340 3107 3576 3146 cursum.
3595 3093 3664 3145 Sic
3679 3105 3757 3158 ergo

603 3187 804 3239 veritas
850 3201 971 3240 cum
1020 3184 1131 3240 suis
1183 3185 1445 3239 exstinxit
1479 3194 1534 3239 et
1586 3183 1786 3238 delevit
1837 3183 2174 3236 auctoribus.

603 3274 728 3331 Haec
760 3285 1020 3347 quantum
1055 3277 1122 3330 ad
1153 3278 1334 3330 locum
1369 3276 1658 3347 mysticum
1685 3282 1918 3345 spectat.

675 3369 729 3424 8.
763 3368 882 3422 Jam
928 3384 1059 3423 vero
1105 3369 1152 3422 si
1189 3370 1354 3422 etiam
1408 3367 1630 3422 moralis
1664 3368 1816 3422 nobis
1862 3367 2029 3437 figura
2068 3376 2179 3422 tra-

599 3460 796 3516 ctanda
824 3468 928 3524 est,
957 3460 1200 3514 dicemus
1225 3457 1366 3527 quod
1400 3473 1739 3526 unaquaeque
1767 3460 1946 3511 anima
1975 3459 2025 3512 itt
2071 3458 2177 3513 hoc

600 3554 826 3617 mundo,
861 3555 985 3608 dum
1028 3555 1079 3606 in
1112 3552 1391 3608 erroribus
1439 3553 1572 3606 vivit
1600 3561 1653 3605 et
1691 3552 1992 3621 ignorantia
2032 3552 2178 3606 veri-

599 3650 755 3714 tatis,
787 3650 838 3702 in
881 3646 1116 3720 [Egypto
1149 3648 1324 3717 posita
1355 3655 1459 3700 est.
1493 3644 1630 3699 llnic
1660 3646 1704 3698 si
1741 3645 2176 3714 appropinquare

595 3743 824 3811 eruperit
865 3741 950 3796 lex
994 3741 1120 3804 Dei,
1153 3755 1326 3808 aquas
1363 3739 1411 3794 ei
1456 3737 1619 3790 vertit
1653 3737 1706 3790 in
1751 3738 2092 3806 sanguinem,
2121 3738 2174 3791 id

595 3846 682 3889 est
733 3833 949 3886 fluidam
987 3842 1040 3887 et
1072 3833 1332 3886 lubricam
1363 3831 1661 3901 iuventutis
1707 3831 1870 3885 vitam
1908 3831 2176 3884 convertit

597 3925 653 3978 in
726 3925 1052 3994 sanguinem
1099 3924 1298 3978 veteris
1342 3923 1428 3977 vel
1487 3923 1607 3976 novi
1661 3922 1990 3977 testamenti.
2038 3921 2172 3976 Tum

597 4016 794 4070 deimle
819 4015 1001 4069 educit
1026 4029 1092 4069 ex
1117 4029 1178 4069 ea
1205 4029 1397 4067 vanam
1426 4022 1481 4068 et.
1511 4016 1727 4068 inanem
1757 4014 2166 4082 loquacitatem,

595 4116 650 4160 et
698 4106 984 4160 adversmn
1029 4108 1122 4161 Dei
1179 4107 1576 4176 providentiam
1629 4123 1883 4162 ranarum
1937 4109 2172 4163 similem

596 4199 898 4268 querelam.
929 4199 1130 4268 Purgat
1157 4200 1318 4252 etiam
1351 4199 1619 4268 malignas
1649 4200 2002 4268 cogitationes
2027 4201 2168 4269 ejus,

595 4300 647 4346 et
677 4291 952 4360 ciniphum
987 4290 1331 4344 mordacitati
1377 4290 1580 4344 similes
1613 4291 1924 4345 calliditatis
1951 4294 2171 4347 aculeos

597 4385 839 4439 discutit.
879 4383 1191 4438 Libidinum
1233 4397 1448 4452 quoque
1493 4399 1705 4437 morsus
1735 4385 2030 4456 cynomyia:
2061 4385 2171 4455 spi-

2281 3181 2333 3234 in
2381 3182 2561 3234 anima
2603 3195 2769 3249 quam
2805 3181 2885 3235 lex
2917 3182 3099 3235 divina
3140 3182 3206 3235 ab
3235 3185 3513 3238 erroribus
3538 3192 3758 3250 susceptain

2279 3275 2509 3345 castigat
2539 3283 2604 3328 et.
2623 3274 2866 3344 corrigit,
2893 3275 3056 3328 etiam
3085 3276 3448 3348 primogenita
3473 3277 3758 3348 Egyptiorum

2280 3366 2657 3436 intelliguntur
2704 3382 2825 3421 esse
2854 3366 3060 3436 deleta,
3118 3368 3222 3422 nisi
3270 3380 3398 3438 post
3435 3372 3542 3425 haec
3569 3369 3761 3423 omniain

2280 3459 2602 3514 infidelitate
2637 3460 2916 3529 perduret,
2971 3471 3024 3516 et
3071 3462 3211 3515 nolit
3259 3463 3486 3534 adjungi
3539 3461 3761 3516 lsraelitit-e

2279 3551 2442 3620 plebi,
2465 3559 2522 3604 ιιι
2547 3561 2704 3605 exeat
2727 3553 2792 3607 de
2830 3551 3096 3622 profundo
3118 3563 3173 3607 et
3200 3555 3398 3609 evadat
3426 3553 3691 3614 incolumis,
3707 3553 3761 3605 sui

2279 3645 2332 3699 in
2384 3644 2672 3714 iniquitate
2730 3654 3066 3715 permaneat,
3128 3655 3183 3701 et
3238 3647 3535 3702 descendat
3584 3657 3761 3712 tauquam

2277 3735 2558 3806 plumbum
2600 3737 2653 3789 itt
2693 3752 2890 3805 aquam
2937 3737 3362 3793 validissimam.
3412 3739 3654 3808 iniquitas
3673 3736 3762 3790 enim

2277 3834 2572 3886 secundum
2603 3830 2888 3886 Zacharia:
2909 3836 3187 3901 propheta:
3202 3832 3246 3864 ⁸³
3278 3834 3456 3888 visum
3485 3847 3631 3902 super
3653 3830 3764 3882 talen-

2278 3934 2388 3978 tum
2417 3925 2620 3992 plumbi
2656 3925 2834 3981 sedet.
2870 3924 2935 3978 Et
2965 3925 3087 3979 ideo
3115 3926 3205 3994 qui
3240 3936 3524 3994 permanet
3553 3929 3600 3980 in
3631 3920 3763 3988 iniqui-

2277 4023 2408 4077 tate,
2444 4023 2697 4082 tanquam
2725 4015 3002 4082 plumbum
3031 4015 3270 4084 detnergi
3309 4017 3514 4070 dicitur
3541 4015 3588 4068 in
3617 4015 3766 4082 profun-

2275 4107 2423 4160 dum.
2451 4107 2594 4160 Sane
2617 4106 2759 4175 quod
2784 4107 2834 4159 in
2855 4107 3225 4176 superioribus
3247 4107 3656 4172 observavimus,
3673 4118 3766 4172 qur-

2274 4196 2396 4249 dam
2455 4197 2700 4265 prodigia
2759 4211 2855 4265 per
2909 4198 3112 4260 Araon,
3146 4200 3401 4265 quaedam
3461 4214 3556 4268 per
3593 4196 3764 4265 Moysen.

2273 4289 2516 4356 quaedam
2555 4303 2685 4341 vero
2719 4304 2812 4356 per
2856 4290 3030 4357 ipsum
3065 4291 3354 4346 Dominum
3393 4291 3691 4346 ministrata.
3718 4288 3766 4337 in-

2277 4379 2441 4449 telligi
2479 4391 2706 4434 eatenus
2748 4391 2992 4448 possunt,
3028 4395 3084 4437 ut
3137 4399 3503 4453 agnoscamus
3536 4384 3583 4435 iu
3614 4382 3768 4448 quibus-

595 4479 732 4533 culis
765 4478 972 4532 similes
1007 4476 1264 4545 depellit,
1311 4475 1707 4544 stultitiamque
1749 4476 1802 4529 in
1831 4492 1892 4530 ea
1928 4485 1982 4531 et
2012 4478 2169 4532 intel-
2201 4469 2243 4524 Ι)
2275 4473 2396 4526 datu
2435 4489 2530 4541 per
2586 4474 2856 4528 sacrificia
2911 4477 3250 4531 sacerdotum
3315 4487 3372 4532 et
3435 4475 3768 4531 obsecrationes

596 4570 793 4624 lectum
828 4569 1126 4638 pecudibus
1153 4567 1386 4622 similem
1414 4567 1590 4632 delet;
1626 4583 1722 4636 per
1747 4583 1905 4636 quem
1937 4586 1955 4619 ι
1983 4570 2163 4634 homo,

592 4677 716 4716 cum
761 4663 813 4716 in
845 4663 1052 4716 honore
1095 4671 1261 4724 esset,
1308 4676 1414 4714 non
1470 4660 1762 4726 intellexit,
1807 4663 1897 4716 sed
1939 4677 2164 4733 compa-

594 4763 746 4807 ratus
768 4761 853 4807 est
877 4751 1139 4823 jumentis
1171 4751 1631 4820 insipientibus,et
1655 4751 1848 4806 similis
1883 4751 2058 4807 factus
2083 4764 2166 4807 est

593 4843 786 4898 illis".
811 4861 829 4894 ι
861 4844 1054 4912 Arguit
1093 4845 1236 4897 enim
1281 4853 1334 4896 et
1380 4843 1564 4898 ulcera
1604 4854 1972 4912 peccatorum,
2000 4855 2163 4914 atque

593 4935 916 5005 arrogantia:
967 4947 1229 4989 tumorem
1291 4935 1668 5004 fervoreutque
1730 4937 1782 4990 in
1844 4953 1907 4992 ea
1971 4936 2165 4992 furoris

595 5026 754 5100 143
779 5027 1096 5096 exstinguit.
1133 5028 1363 5081 Adhibet
1397 5037 1518 5097 post
1561 5030 1673 5083 lnec
1714 5030 1882 5083 etiam
1913 5044 2074 5085 voces
2109 5031 2169 5084 fi-

592 5120 788 5174 liorum
830 5119 1078 5183 lonitrui,
1111 5120 1164 5172 id
1207 5129 1291 5173 est.
1353 5121 2168 5192 evangelicasapostolicasqne

591 5212 890 5266 doctrinas.
923 5208 1029 5265 Sed
1066 5218 1119 5264 et
1145 5211 1556 5278 castigationem
1580 5213 1858 5279 grandinis
1891 5214 2162 5279 admovet,

591 5311 652 5357 ut
677 5303 947 5356 luxuriam
980 5301 1393 5372 voluptatesque
1419 5313 1690 5358 coerceat.
1721 5304 1957 5360 Adltibet
1998 5306 2178 5381 simul

502 5458 504 5461 l
589 5407 642 5450 et
670 5397 846 5465 ignem
868 5394 1222 5464 pmnitentizc,
1242 5403 1299 5446 ut
1327 5405 1382 5447 et
1404 5395 1514 5464 ipsa
1533 5395 1679 5450 dicat
1703 5398 1749 5429 ⁷⁸
1776 5413 1790 5449 :
1819 5416 1835 5448 ι
1863 5395 2052 5451 Nonne
2068 5413 2164 5452 eor

589 5499 836 5542 nostrum
865 5488 1067 5542 ardens
1098 5497 1218 5541 erat
1261 5487 1404 5540 intra
1432 5503 1528 5542 nos
1555 5488 1577 5541 ?
1613 5507 1631 5539 ι
1665 5487 1776 5543 Nec
1822 5490 2180 5546 locustarum‘

2274 4567 2589 4636 pontificum
2613 4584 2710 4622 nos
2733 4584 2853 4623 esse
2878 4573 3208 4640 purgandos,
3229 4573 3378 4640 quod
3403 4573 3580 4626 Aaron
3609 4578 3770 4638 person

2273 4662 2558 4728 designat;
2600 4661 2652 4714 in
2684 4663 3010 4730 quibusdam
3044 4679 3172 4718 vero
3205 4679 3302 4732 per
3335 4664 3613 4718 scientiam
3641 4658 3771 4711 ditim‘

2273 4751 2410 4821 legis
2440 4753 2831 4818 emendandos,
2871 4764 2927 4808 ut
2967 4754 3134 4824 Moysi
3188 4753 3447 4823 designat
3490 4751 3773 4806 cilicium;lu

2274 4848 2393 4902 aliis
2429 4857 2633 4912 autem,
2667 4849 2784 4901 sine
2811 4849 2975 4902 dubio
3008 4865 3128 4929 qua-
3155 4846 3469 4903 difﬁciliora
3503 4854 3638 4909 sunt,
3661 4841 3774 4911 ipsiu:

2270 4941 2480 4995 Domini
2497 4954 2657 5010 egere
2680 4943 2900 4994 virtute.

2346 5036 2400 5092 9.
2434 5036 2540 5091 Sed
2572 5052 2639 5090 ne
2667 5037 2797 5090 illud
2832 5036 3048 5106 quidem
3088 5039 3388 5104 putandum
3434 5046 3518 5092 est
3548 5034 3680 5089 nobis
3701 5031 3777 5081 ina-

2272 5128 2412 5182 niter
2441 5135 2814 5192 observatum,
2851 5130 2992 5196 quod
3022 5131 3198 5199 primo
3223 5132 3450 5198 quidem
3497 5128 3687 5198 Moyses
3711 5135 3778 5173 ιιοιι

2271 5219 2441 5273 intrat
2469 5219 2538 5273 ad
2591 5219 2956 5285 Pharaonem,
3006 5223 3102 5276 sed
3152 5223 3400 5276 occurrit
3434 5223 3485 5276 ei
3522 5215 3708 5273 exeunti
3736 5213 3779 5261 all

2271 5326 2464 5380 aquas,
2496 5314 2838 5382 postmodum
2865 5328 2993 5368 vero
3016 5313 3182 5368 intrat
3201 5314 3266 5367 ad
3284 5330 3436 5382 eum,
3468 5324 3586 5384 post
3610 5311 3693 5364 huc
3712 5320 3781 5358 non

2272 5404 2460 5468 intrat,
2520 5407 2612 5458 sed
2645 5406 2943 5460 accersitus
2981 5407 3212 5462 accedit.
3239 5407 3303 5460 Et
3338 5408 3396 5460 in
3436 5407 3540 5460 hoc
3585 5405 3649 5458 ita
3683 5397 3782 5451 arb?

2275 5504 2387 5549 tror
2416 5495 2644 5565 intelligi
2691 5510 2872 5564 posse,
2918 5479 3060 5566 quod
3085 5497 3200 5551 sive
3229 5497 3388 5552 nobis
3418 5497 3476 5550 in
3517 5499 3667 5549 verbo
3701 5485 3783 5543 Dei.

613 5639 618 5644 ‘
676 5667 714 5703 ⁷³
753 5667 912 5740 Drov.
937 5683 1065 5729 xxx,
1092 5667 1181 5722 27.
1259 5666 1306 5698 ⁷⁸
1343 5665 1486 5723 Psal.
1533 5683 1669 5740 xivtt,
1704 5668 1791 5720 12.
1868 5667 1917 5700 ’⁵
1955 5669 2127 5728 Exod.
2155 5687 2179 5725 1

2332 5672 2378 5702 ⁷⁶
2416 5669 2626 5727 Coloss.
2677 5687 2740 5734 tt,
2781 5670 2869 5726 15.
2944 5672 2991 5702 ⁷⁷
3030 5671 3172 5728 Psal.
3232 5686 3428 5740 xum,
3468 5671 3554 5727 l3.
3624 5661 3783 5720 τιιω

591 5751 739 5801 xxiv,
769 5739 858 5794 '52.
935 5740 1021 5792 "’l
1051 5741 1177 5793 Cor.
1210 5753 1322 5806 xiv,
1351 5741 1440 5792 40.
1478 5796 1484 5811 λ
1533 5739 1580 5771 ⁸⁰
1603 5741 1706 5794 lsa.
1740 5740 1933 5806 "1,15.

2038 5740 2082 5772 "
2117 5743 2264 5797 l’sal.
2303 5757 2431 5810 xxv,
2463 5741 2516 5800 7.

2619 5743 2665 5773 ³⁸
2694 5740 2860 5798 Zaeh.
2892 5759 2942 5811 ν,
2979 5743 3031 5797 7.
