3902 6530
183 342 273 399 525
1369 330 1437 387 lN
1476 330 1764 389 EXODUM
1797 332 2082 389 HOMlLlA
2122 333 2188 390 γ.

3282 327 3388 384 3‘33

185 472 230 515 et
262 448 511 522 religionis
569 448 893 505 assertionis
950 458 1226 505 certamen
1282 458 1369 505 est
1422 453 1712 505 adversum
1744 452 1885 512 Aad
1941 450 2200 505 Ecclesiae
2244 448 2661 504 instructionem
2717 444 2913 502 merito
2967 443 3172 502 datam.
3217 441 3389 498 Judaei

184 555 521 613 Pharaonem;
563 542 679 597 sive
718 542 881 596 etiam
927 542 1179 597 obsessas
1217 543 1285 596 ab
1325 557 1392 596 eo
1427 542 1638 596 animas
1678 558 1707 595 a

182 649 415 724 potestate
472 633 585 701 ejus
627 632 890 687 conamur
937 635 1172 703 eripere,
1212 642 1266 687 et
1312 643 1395 687 est
1448 634 1602 687 nobis
1654 634 1707 687 in

185 729 514 805 disputatione
550 725 859 788 luctamen;
894 739 999 777 non
1022 726 1204 778 statim
1235 724 1287 777 in
1320 726 1489 793 prima
1534 724 1710 778 fronte

182 822 360 897 ingredi
400 816 654 871 debemus
685 815 751 867 ad
786 814 976 866 ultima
1030 816 1388 881 quaestionum
1442 814 1579 881 loca,
1614 818 1709 870 sed

177 908 532 973 occurrendum
569 905 724 958 nobis
757 903 1191 968 estadversario,
1226 914 1279 959 et
1309 906 1706 960 occurrendum

178 1009 232 1063 ad
261 1015 410 1071 aquas
435 1011 580 1051 suas.
606 996 773 1064 Aquae
811 994 957 1049 enim
1000 1009 1111 1048 sua:
1141 1003 1268 1049 sunt
1297 1005 1547 1051 auctores
1576 1012 1707 1065 gen-

178 1100 326 1156 tilium
350 1084 898 1162 philosophorumJbi
915 1102 1046 1157 ergo
1086 1088 1240 1141 nobis
1264 1093 1497 1157 primum
1524 1089 1711 1155 dispu-

175 1201 276 1245 tare
304 1181 618 1245 volentibus,
643 1178 1038 1232 occurrendum
1072 1186 1178 1237 est,
1213 1189 1269 1231 ut
1323 1181 1469 1244 ipsos
1513 1196 1710 1248 argua-

175 1294 277 1334 mus
300 1285 348 1329 et
387 1275 527 1342 ipsos
556 1283 775 1325 errasse
819 1270 1129 1327 doceamus.
1168 1269 1296 1323 Post
1332 1270 1434 1323 boe
1468 1269 1580 1338 jam
1633 1270 1708 1322 in-

172 1366 493 1441 grediendum
550 1364 706 1419 nobis
756 1374 838 1420 est
877 1375 931 1419 et
970 1366 1034 1418 ad
1073 1365 1329 1418 interiora
1366 1363 1703 1418 certaminis.

173 1460 293 1514 Dicit
318 1457 454 1511 enim
490 1456 749 1509 Dominus
778 1456 868 1510 aa:
908 1474 926 1507 ι
962 1455 1070 1509 Nisi
1118 1458 1266 1525 prius
1302 1456 1423 1523 quis
1452 1456 1709 1524 alligave-

168 1554 232 1606 rit
261 1550 467 1610 fortem,
504 1562 608 1600 non
638 1558 815 1616 potest
860 1549 1091 1602 introire
1147 1549 1199 1601 in
1232 1548 1448 1601 domum
1496 1547 1611 1615 ejus
1654 1556 1709 1601 et

168 1656 282 1698 Vasa
304 1641 416 1712 ejus
438 1639 697 1708 diripere.
723 1658 741 1691 ι
768 1640 926 1694 Prius
953 1654 1083 1709 ergo
1118 1639 1418 1708 alligandus
1448 1637 1707 1693 estfortis

166 1746 211 1791 et
236 1734 577 1804 quaestionum
614 1733 847 1787 vinculis
898 1733 1384 1801 constringendos,
1429 1741 1483 1784 et
1513 1732 1585 1785 ita
1622 1731 1706 1784 in-

1812 556 1946 612 ergo
1985 542 2089 596 hoc
2114 543 2283 595 solmn
2315 540 2707 609 intelligebant,
2736 540 2858 607 quia
2886 537 3108 607 profecti
3141 547 3266 590 sunt
3293 536 3391 592 lilii

1812 634 1981 688 Israel
2013 636 2078 689 de
2106 634 2364 705 Egypto,
2393 642 2450 686 et
2480 633 2652 701 prima
2683 631 2947 701 profectio
2977 646 3162 685 eorum
3191 629 3292 682 fuit
3321 644 3388 683 ex

1812 726 2092 790 Ramesse,
2120 736 2173 779 et
2208 725 2331 779 inde
2359 724 2583 794 profecti
2618 732 2879 779 venerunt
2911 723 2961 776 in
3006 722 3243 775 Sochoth
3268 761 3283 786 ,
3331 726 3387 773 et

1812 824 1877 873 de
1909 817 2149 872 Soehoth
2174 816 2421 886 profecti,
2460 825 2724 870 venerunt
2769 816 2822 868 in
2851 815 3055 878 Othon,
3096 814 3160 866 ad
3209 813 3386 881 Epan-

1812 910 1953 964 leum
1981 911 2136 979 juxta
2177 924 2345 963 mare.
2381 908 2517 962 Tum
2559 907 2755 961 deinde
2783 906 2925 974 quod
2976 905 3051 959 ibi
3089 906 3261 959 nubes
3293 920 3388 958 eos

1811 1002 2176 1071 praecesserit,
2221 1010 2275 1055 et
2309 1010 2491 1055 secuta
2542 999 2615 1052 sit
2670 1008 2845 1067 petra,
2895 998 2961 1052 de
2993 1014 3095 1067 qua
3138 999 3389 1052 biberunt

1810 1110 2027 1163 aquam.
2066 1093 2426 1165 Transierunt
2464 1091 2627 1144 etiam
2677 1104 2771 1158 per
2821 1104 2970 1142 mare
3020 1090 3282 1150 Rubrum,
3331 1097 3389 1143 et

1809 1194 2078 1239 venerunt
2127 1186 2180 1239 in
2227 1186 2502 1239 desertum
2536 1183 2690 1235 Sina.
2726 1180 2895 1236 Nobis
2940 1189 3119 1233 autem
3168 1181 3383 1248 qualem

1811 1276 2091 1329 tradiderit
2125 1276 2190 1329 de
2228 1275 2311 1329 his
2342 1273 2543 1327 Paulus
2571 1272 2847 1340 apostolus
2895 1271 3267 1340 intelligentia:
3299 1285 3388 1324 re-

1808 1367 2021 1437 gulam,
2073 1368 2377 1421 videamus.
2424 1364 2726 1420 Corinthiis
2767 1363 3019 1418 scribens
3064 1363 3115 1415 in
3150 1363 3385 1431 quodam

1810 1457 1925 1511 loco
1964 1458 2037 1510 ita
2065 1458 2196 1511 dicit
2226 1458 2269 1488 ‘9
2316 1471 2326 1503 :
2374 1474 2392 1507 ι
2433 1455 2647 1508 Scimus
2674 1453 2817 1507 enim
2849 1453 2972 1521 quia
2994 1462 3174 1521 patres
3214 1453 3384 1506 nostri

1808 1566 1997 1605 onmes
2020 1552 2120 1603 sub
2152 1551 2293 1602 nube
2312 1546 2549 1610 luerunt,
2567 1555 2619 1600 et
2642 1560 2831 1599 omnes
2858 1560 3008 1599 mare
3033 1544 3382 1608 transierunt,

1808 1652 1861 1695 et
1905 1655 2096 1695 omnes
2134 1641 2187 1694 in
2226 1639 2409 1708 Moyse
2458 1638 2717 1707 baptizati
2764 1646 2893 1691 sunt
2937 1637 2990 1689 in
3042 1636 3183 1689 nube
3225 1645 3279 1688 et
3330 1635 3385 1690 in

1813 1735 1970 1797 mari,
1994 1745 2048 1789 et
2080 1748 2270 1788 omnes
2306 1732 2552 1786 eamdem
2598 1745 2775 1785 escam
2813 1729 3109 1798 spiritalem
3156 1728 3386 1781 mandu-

164 1828 462 1884 troeundum
510 1828 576 1879 ad
616 1825 917 1894 diripienda
963 1840 1089 1878 vasa
1133 1824 1249 1891 ejus
1304 1833 1357 1878 et
1403 1823 1706 1877 liberandas
1738 1801 1780 1854 Β
1816 1835 2099 1889 caverunt,
2138 1834 2193 1879 et
2219 1838 2410 1878 omnes
2440 1821 2690 1876 eumdem
2738 1831 2924 1891 potum
2973 1820 3268 1888 spiritalem
3303 1818 3385 1873 bi-

163 1922 375 1982 animas,
410 1934 554 1987 quas
582 1916 917 1985 deceptioais
972 1916 1161 1970 fraude
1189 1915 1523 1985 possederat.
1556 1915 1706 1980 Quod

163 2028 268 2067 cum
292 2012 481 2078 saepius
520 2010 831 2074 fecerimus,
857 2018 910 2062 et
937 2010 1252 2063 steterimus
1276 2018 1465 2061 contra
1495 2009 1666 2073 ipsum
1690 2023 1704 2072 ;

160 2106 446 2160 steterimus
474 2115 657 2157 autem
683 2118 749 2157 eo
784 2105 963 2165 modo,
990 2118 1097 2172 quo
1133 2101 1426 2169 Apostolus
1473 2100 1664 2154 dicit“
1690 2118 1705 2155 :

164 2215 182 2247 ε
208 2196 345 2251 State
377 2210 507 2263 ergo
533 2195 793 2249 succincti
834 2195 1044 2247 lumbos
1075 2206 1286 2247 vestros
1314 2195 1366 2246 in
1392 2193 1654 2257 veritate;
1682 2210 1701 2244 ι

155 2300 203 2342 et
227 2293 407 2341 iterum
429 2287 475 2318 ⁸⁸
506 2303 523 2339 :
555 2305 573 2337 ι
596 2286 749 2340 State
783 2286 833 2339 in
863 2286 1107 2351 Domino,
1149 2295 1204 2339 et
1230 2285 1462 2338 viriliter
1488 2285 1656 2355 agite;
1682 2305 1701 2338 ι

157 2392 262 2431 cum
307 2390 429 2445 ergo
475 2376 583 2430 hoc
634 2376 792 2430 modo
821 2376 1141 2429 steterimus
1176 2376 1460 2429 adversum
1498 2376 1704 2444 ipsum,

154 2469 231 2522 ille
261 2468 449 2523 artifex
484 2468 745 2535 antiquus
781 2476 834 2520 et
881 2467 1108 2520 callidus
1150 2467 1310 2520 etiam
1343 2466 1488 2520 vinci
1538 2482 1596 2522 se
1633 2470 1709 2522 si-

156 2561 359 2615 mulabit
398 2569 455 2614 et
500 2562 721 2623 cedere,
766 2561 809 2612 si
850 2560 988 2613 forte
1023 2574 1115 2627 per
1158 2558 1259 2612 hoc
1290 2558 1708 2628 negligentiores

152 2668 237 2704 nos
266 2649 457 2704 cﬂiciat
491 2649 563 2702 ad
590 2659 889 2704 certamen.
917 2649 1022 2702 Sed
1048 2659 1102 2701 et
1134 2648 1507 2716 paenitentiam
1540 2652 1709 2704 s'imu-

151 2740 286 2804 labit,
329 2752 380 2793 et
416 2740 807 2809 deprecabitur
852 2756 951 2794 nos
995 2741 1276 2795 discedere
1321 2742 1565 2809 quidem,
1611 2742 1705 2796 sed

148 2848 240 2885 non
279 2833 430 2900 longe
462 2833 769 2887 discedere.
808 2831 938 2885 Vult
982 2847 1080 2886 nos
1114 2846 1235 2887 esse
1275 2833 1376 2887 sibi
1419 2832 1596 2902 aliqua
1637 2849 1703 2887 ex

148 2935 278 2992 parte
312 2925 546 2985 vicinos,
577 2922 691 2975 vult
728 2938 826 2976 nos
854 2938 878 2973 a
900 2923 1013 2975 suis
1044 2922 1240 2977 ﬁnibus
1270 2938 1377 2976 non
1408 2921 1567 2993 longe
1595 2923 1707 2977 dis-

151 3016 348 3070 cedere.
383 3015 489 3067 Sed
538 3028 638 3067 nos
704 3014 809 3068 nisi
851 3015 918 3068 ab
961 3028 1025 3068 eo
1066 3013 1281 3083 longius
1310 3013 1625 3068 recedamus
1650 3022 1706 3068 et

146 3115 467 3161 transeamus
494 3121 673 3171 mare,
707 3114 762 3159 et
790 3106 1085 3173 dicamus:
1124 3124 1143 3157 ι
1181 3104 1452 3171 Quantum
1486 3105 1706 3173 interja-

142 3207 215 3252 cet
254 3208 404 3253 ortus
455 3199 530 3253 ab
560 3197 1089 3269 oecasu,elongavit
1122 3213 1151 3250 a
1184 3198 1340 3252 nobis
1386 3169 1702 3267 iniquitaies
1732 3169 1776 3230 C

143 3302 341 3346 nostras
360 3291 437 3356 ⁸⁶;
461 3310 482 3343 ο
510 3291 650 3345 salvi
684 3305 805 3345 esse
835 3306 941 3344 non
975 3305 1283 3359 possumus.
1311 3290 1540 3361 Propter
1561 3293 1704 3361 quod

140 3386 480 3454 deprecemur
510 3384 953 3439 misericordiam
1002 3383 1236 3448 Domini,
1274 3393 1333 3436 ut
1362 3393 1416 3439 et
1464 3400 1562 3438 nos
1596 3385 1706 3438 eri-

137 3479 238 3546 piat
267 3480 329 3533 de
357 3489 509 3533 terra
542 3475 794 3548 Egypti,
848 3477 913 3530 de
943 3483 1217 3545 potestate
1255 3478 1620 3540 tenebrarum,
1651 3483 1706 3529 et

138 3570 466 3625 Pharaonem
530 3586 657 3624 cum
690 3569 930 3623 exercitu
988 3584 1087 3623 suo
1128 3578 1382 3637 tanquam
1426 3567 1703 3637 plumbum

139 3663 405 3729 demergat
434 3663 487 3715 in
516 3676 719 3730 aquam
753 3660 1172 3714 validissimam.
1203 3658 1314 3713 Nos
1360 3669 1539 3713 autem
1571 3659 1705 3713 libe-

141 3755 247 3816 rati,
272 3770 393 3809 cum
420 3754 631 3823 gaudio
653 3763 705 3805 et
725 3751 1087 3806 exsultatione
1105 3753 1359 3823 hymnum
1380 3770 1398 3803 ι
1425 3761 1704 3803 cantemus

135 3845 364 3913 Domino,
402 3847 652 3915 gloriose
708 3845 851 3898 cnim
892 3844 1291 3897 honoriﬁcatus
1319 3852 1401 3896 est
1427 3840 1491 3905 ⁸⁷,
1518 3860 1537 3892 ›
1574 3842 1701 3911 quia

132 3937 222 4007 ipsi
258 3939 431 4008 gloria
464 3950 526 3995 et
566 3939 740 3993 honor
788 3940 839 3991 in
882 3937 1079 3990 saecula
1126 3936 1469 3989 saeculorum.
1505 3936 1700 3990 Amen.

726 4028 1006 4085 HOMILIA
1057 4029 1113 4085 V.

191 4123 264 4179 De
298 4123 640 4194 profectione
664 4121 902 4189 ﬁliorum
929 4117 1098 4171 Israel
1123 4118 1185 4170 de
1211 4127 1349 4170 terra
1374 4114 1617 4186 Egypti.

188 4218 236 4271 1.
273 4218 479 4271 Doctor
518 4216 764 4285 gentium
810 4214 862 4264 in
913 4211 1018 4265 fide
1052 4220 1107 4263 et
1146 4209 1383 4263 veritate
1423 4208 1702 4275 apostolus

128 4304 311 4358 Paulus
332 4305 378 4336 ⁸⁸
430 4304 670 4358 tradidit
715 4301 991 4363 Ecclesiae,
1033 4314 1197 4368 quam
1245 4300 1598 4369 congregavit
1632 4314 1701 4353 ex

124 4397 381 4464 gentibus,
419 4396 709 4465 quomodo
740 4394 904 4446 libros
941 4391 1073 4461 legis
1118 4400 1400 4459 susceptos
1442 4390 1509 4443 ab
1542 4391 1697 4456 aliis,

124 4485 324 4555 sibique
361 4488 592 4555 ignotos
631 4481 789 4555 144
811 4486 981 4551 prius,
1006 4490 1061 4535 et
1088 4480 1241 4534 valde
1274 4481 1589 4548 peregrinos
1609 4482 1701 4535 dcc

124 4577 265 4631 heret
298 4578 638 4639 advertere,
674 4592 742 4630 ne
774 4575 946 4628 aliena
992 4575 1237 4626 instituta
1277 4573 1607 4641 suscipiens,
1646 4582 1703 4625 et

123 4666 493 4722 institutorum
515 4666 762 4736 regulam
780 4667 1053 4729 nesciens,
1078 4666 1129 4717 in
1153 4665 1436 4734 peregrino
1467 4664 1701 4732 trepida-

119 4767 192 4811 ret
224 4759 641 4815 instrumento.
675 4759 971 4827 Propterea
1004 4772 1136 4827 ergo
1172 4758 1286 4825 ipse
1330 4756 1382 4808 in
1428 4756 1700 4811 nonnullis

120 4850 488 4923 intelligentia:
516 4853 686 4906 tradit
707 4852 979 4919 exempla,
1016 4859 1142 4905 utet
1168 4865 1265 4903 nos
1283 4848 1479 4904 similia
1507 4848 1696 4903 obser-

116 4960 291 5002 vemus
319 4950 373 5002 in
418 4948 672 5012 caeteris,
707 4962 773 5000 ne
804 4947 943 5001 forte
976 4961 1077 5015 pro
1123 4945 1483 5001 similitudine
1509 4945 1696 5000 lectio-

118 5042 192 5089 nis
224 5049 279 5093 et
304 5039 673 5095 instrumenti
705 5037 1014 5092 Judaeorum
1055 5053 1158 5093 nos
1200 5036 1423 5093 etl‘ectos
1453 5052 1577 5092 esse
1607 5037 1689 5091 di-

112 5131 336 5199 scipulos
398 5133 786 5187 crederemus.
845 5131 961 5186 lloc
1015 5146 1144 5201 ergo
1191 5130 1413 5185 ditferre
1462 5129 1578 5183 vult
1616 5130 1699 5184 di-

113 5222 339 5289 scipulos
372 5224 597 5278 Christi
625 5238 655 5276 a
688 5224 968 5292 discipulis
1002 5223 1323 5293 Synagogae,
1345 5222 1489 5291 quod
1523 5221 1695 5291 legem

110 5325 261 5379 quam
293 5315 371 5368 illi
408 5315 566 5370 male
619 5316 992 5385 intelligendo,
1038 5316 1312 5370 Christum
1345 5330 1450 5369 non
1483 5329 1699 5382 recepe-

112 5416 246 5470 runt,
273 5423 377 5464 nos
402 5409 744 5480 spiritaliter
773 5409 1151 5479 intelligendo,
1185 5408 1536 5463 ostendamus
1571 5421 1692 5461 eaut

176 5527 218 5597 ξ’
246 5527 445 5584 Matth.
484 5545 599 5595 xu,
631 5529 720 5584 29.
822 5529 867 5560 ⁸⁸
898 5528 1031 5597 Eph.
1062 5543 1136 5592 vl,
1173 5526 1257 5580 14.

108 5594 148 5666 ῗ³
177 5596 192 5648 l
222 5598 366 5653 Tim.
406 5617 475 5666 ιι,
510 5594 591 5654 7.
648 5600 731 5653 "l
760 5599 886 5655 Cor.
919 5594 973 5663 ί,
1002 5599 1052 5662 1,
1077 5598 1130 5663 2,
1163 5599 1219 5661 5,
1244 5599 1297 5651 4.

108 5662 213 5722 hae
257 5686 317 5733 ιι,
350 5662 469 5728 15.’
550 5670 601 5703 ⁸⁸
636 5670 802 5725 Exod.
837 5685 936 5738 xu,
963 5662 1061 5732 37;
1094 5684 1213 5733 χιιι,
1244 5668 1332 5722 ρο.

169 5782 244 5854 (5i
280 5785 417 5841 Vide
451 5785 560 5841 lib.
595 5800 633 5840 ιι
660 5782 911 5854 0rigen.,
942 5791 1139 5853 qumst.
1176 5781 1260 5838 1'5.

1357 5526 1401 5558 ⁸⁸
1429 5525 1621 5593 Philip,
1653 5541 1728 5592 IV,
1766 5525 1830 5591 1;
1864 5522 1882 5577 1
1922 5523 2169 5578 Comm.
2206 5522 2293 5576 1'5.

1403 5598 1449 5630 ⁹⁰
1473 5595 1629 5652 Joan.
1654 5612 1736 5664 ιιι,
1762 5595 1816 5651 5.

1815 1924 2031 1976 herunt.
2057 1920 2317 1973 Bihebant
2347 1927 2526 1972 autem
2549 1918 2614 1970 de
2633 1916 2863 1983 spiritali
2888 1927 3261 1984 consequente
3290 1929 3386 1969 eos

1812 2022 1983 2082 petra,
2021 2023 2170 2079 petra
2210 2024 2339 2063 vero
2372 2019 2489 2063 erat
2518 2008 2784 2062 Christus.
2818 2028 2837 2060 ι
2877 2006 3082 2062 Videtis
3115 2018 3381 2075 quantum

1812 2103 2027 2158 differat
2077 2102 2144 2156 ab
2188 2102 2452 2155 historica
2498 2101 2728 2154 lectione
2758 2100 2907 2155 Pauli
2952 2100 3193 2156 traditio.
3230 2099 3385 2167 Quod

1809 2196 1979 2252 Judaei
2035 2196 2321 2248 transitum
2373 2194 2538 2248 maris
2582 2192 3017 2263 putant,Paulus
3056 2194 3384 2261 baptismum

1813 2297 2004 2351 νοοίης
2043 2303 2203 2355 quam
2252 2287 2327 2340 illi
2359 2286 2675 2340 existimant
2718 2288 2932 2347 nubem,
2978 2285 3178 2338 Paulus
3214 2285 3387 2355 Spiri-

1815 2392 1923 2434 tum
1971 2388 2220 2432 sauctum
2256 2379 2443 2446 ponit:
2486 2388 2540 2432 et
2595 2380 2721 2434 huic
2758 2378 2935 2433 simile
2991 2377 3215 2443 intelligi
3273 2375 3388 2429 vult

1810 2472 2121 2540 illud,quod
2156 2471 2415 2524 Dominus
2438 2470 2488 2521 in
2518 2468 2824 2539 Evangeliis
2842 2467 3096 2536 praecepit
3116 2465 3383 2519 dicens":

1815 2583 1833 2617 ι
1875 2563 1985 2617 Nisi
2007 2564 2129 2632 quis
2158 2570 2380 2615 renatus
2406 2559 2568 2614 fuerit
2591 2575 2656 2613 ex
2695 2575 2831 2628 aqua
2861 2569 2914 2611 et
2944 2555 3149 2624 Spiritu
3174 2568 3383 2622 sancto,

1810 2677 1918 2717 non
1974 2668 2149 2728 potest
2202 2657 2407 2710 imrare
2456 2656 2507 2709 in
2553 2670 2778 2725 regnum
2834 2652 2951 2705 Dei.
2998 2669 3015 2701 ι
3056 2650 3119 2703 Ει
3166 2663 3386 2701 rursum

1810 2765 2029 2816 manna,
2076 2748 2218 2818 quod
2267 2746 2437 2801 Judaei
2486 2745 2669 2799 cibum
2718 2744 2925 2797 ventris
2968 2753 3025 2797 et
3074 2741 3384 2795 satietatem

1809 2842 2122 2897 existimant
2155 2839 2310 2909 gulae,
2344 2853 2523 2893 escam
2573 2835 2873 2905 Spiritalem
2907 2834 3147 2887 nominat
3166 2833 3382 2889 Paulus.

1810 2936 1874 2988 Et
1914 2950 2016 2988 non
2044 2932 2214 2987 solum
2250 2932 2470 2997 Paulus,
2515 2931 2609 2984 sed
2642 2939 2696 2982 et
2733 2928 2994 2981 Dominus
3017 2927 3083 2978 de
3107 2926 3294 2980 eodem
3330 2925 3383 2978 in

1810 3025 2104 3094 Evangelia
2134 3025 2373 3077 dicit“:
2414 3042 2432 3075 ι
2473 3023 2666 3077 Patres
2706 3020 2869 3073 vestri
2905 3032 3103 3070 manna
3152 3017 3383 3069 mandu—

1810 3126 2074 3171 caverunt
2127 3116 2180 3169 in
2217 3116 2467 3177 deserto,
2507 3124 2562 3167 et
2611 3114 2811 3166 mortui
2853 3120 2998 3163 sunt.
3054 3108 3154 3174 Qui
3203 3114 3383 3161 autem

1810 3210 2221 3264 manducaverit
2248 3208 2314 3261 de
2333 3222 2469 3275 pane
2494 3220 2654 3274 quem
2672 3218 2771 3274 ego
2797 3202 2865 3257 do
2895 3204 2967 3265 ei,
2992 3217 3098 3255 non
3122 3201 3385 3255 morietur

1808 3302 2159 3355 intelernum.
2204 3318 2223 3350 ι
2267 3299 2328 3351 Et
2368 3307 2486 3367 post
2516 3299 2618 3350 hoc
2671 3296 2807 3349 dicit
2843 3312 2857 3348 :
2895 3313 2913 3347 ι
2942 3294 3054 3363 Ego
3076 3309 3193 3345 sum
3229 3291 3385 3359 panis

1809 3395 1983 3459 vivus,
2016 3396 2105 3463 qui
2145 3394 2211 3445 de
2247 3392 2385 3445 cmlo
2414 3390 2688 3444 descendi.
2734 3406 2752 3439 ›
2794 3387 2927 3441 Tum
2961 3387 3154 3441 deinde
3202 3386 3272 3443 de
3299 3401 3387 3438 se-

1806 3487 1989 3556 quenti
2033 3494 2184 3555 petra
2220 3493 2409 3551 aperte
2434 3481 2746 3550 pronuntiat
2788 3478 3006 3545 Paulus,
3041 3488 3093 3532 et
3131 3478 3264 3531 dicit
3290 3476 3381 3528 "z

1812 3596 1828 3627 ι
1871 3576 2029 3629 Petra
2080 3589 2207 3628 vero
2231 3582 2349 3626 erat
2377 3571 2654 3627 Christus.
2691 3589 2710 3622 ι
2749 3571 2887 3636 Quid
2921 3570 3084 3639 igitur
3115 3569 3382 3637 agendum

1807 3668 1963 3721 nobis
1993 3675 2096 3728 est,
2130 3666 2220 3733 qui
2248 3664 2555 3733 bujusmodi
2585 3678 2613 3714 a
2646 3660 2812 3714 Paulo
2842 3659 3096 3715 Ecclesiae
3126 3659 3385 3733 magistro

1807 3759 2183 3828 intelligentiae
2213 3758 2461 3810 instituta
2503 3754 2879 3821 suscepimus?
2937 3752 3125 3807 Nonne
3159 3751 3379 3804 videtur

1800 3848 2028 3916 justum,
2054 3856 2112 3902 ut
2141 3848 2392 3901 traditam
2418 3844 2574 3899 nobis
2604 3843 2914 3911 hujusmodi
2950 3842 3188 3912 regulam
3220 3839 3384 3895 simili

1806 3940 1858 3993 iu
1881 3938 2091 3991 caeteris
2113 3951 2394 3991 servemus
2413 3934 2697 4003 exemplo?
2720 3931 2825 3999 An,
2847 3942 2903 3985 ut
2924 3932 3142 4000 quidam
3164 3931 3382 3997 volunt,
3405 3982 3420 3998 ,

1805 4033 1919 4087 haec
1952 4047 2074 4101 qua:
2105 4039 2289 4084 tantus
2325 4045 2388 4084 ac
2427 4028 2550 4082 talis
2595 4026 2890 4096 Apostolus
2927 4026 3171 4091 tradidit,
3214 4023 3383 4078 relin-

1803 4135 2052 4191 quentes,
2086 4138 2296 4176 rursum
2331 4121 2395 4174 ad
2425 4120 2683 4175 Judaicas
2710 4119 2922 4173 fabulas
2955 4115 3382 4172 convertamur?

1804 4216 1931 4270 Mihi
1968 4218 2185 4285 quidem
2229 4215 2305 4285 (ὅ)
2344 4214 2387 4269 si
2422 4214 2538 4268 lucc
2572 4214 2730 4267 aliter
2755 4227 2916 4280 quam
2949 4210 3116 4264 Paulo
3144 4209 3379 4274 videtur,

1802 4321 2093 4375 exponam,
2126 4305 2227 4359 hoc
2268 4315 2398 4374 puto
2422 4317 2543 4356 esse
2573 4317 2764 4355 manus
2796 4301 2923 4353 dare
2956 4299 3190 4353 inimicis
3219 4298 3381 4352 Chri-

1804 4397 1895 4461 sti,
1940 4406 1992 4449 et
2021 4398 2121 4451 hoc
2174 4409 2295 4449 esse
2335 4394 2476 4464 quod
2526 4392 2789 4463 propheta
2826 4392 2956 4445 dicit
2986 4391 3065 4435 ’3:
3110 4406 3129 4439 ί
3171 4389 3260 4444 Va:
3289 4388 3380 4457 qui

1734 4511 1777 4565 ι)
1808 4496 1954 4556 potat
2021 4486 2325 4555 proximum
2389 4500 2547 4539 suum
2600 4484 2956 4538 subversione
2989 4480 3316 4534 turbulenta.
3353 4497 3374 4530 ι

1806 4580 2041 4646 Accepta
2065 4594 2195 4645 ergo
2229 4592 2257 4630 a
2296 4577 2455 4631 beato
2488 4576 2655 4630 Paulo
2683 4574 2931 4645 apostolo
2972 4573 3179 4627 semina
3211 4571 3376 4640 spiri-

1810 4671 1932 4724 talis
1963 4669 2354 4737 intelligentiae,
2389 4670 2443 4722 in
2478 4677 2739 4736 quantum
2773 4682 2871 4721 nos
2906 4666 3169 4720 Dominus
3203 4665 3381 4735 preci-

1805 4763 1907 4817 bus
1939 4762 2139 4815 vestris
2168 4760 2477 4814 illuminare
2504 4759 2844 4828 dignabitur,
2871 4757 3210 4811 excolamus.

1875 4853 1931 4906 2.
1962 4871 1980 4904 ο
2011 4853 2077 4906 Ει
2106 4852 2370 4918 levantes,
2400 4850 2658 4920 inquit“,
2691 4849 2783 4903 lilii
2815 4849 2979 4903 Israel
3000 4851 3066 4902 de
3098 4847 3375 4912 Barnesse,

1803 4955 2068 4999 venerunt
2095 4947 2146 4999 in
2180 4943 2442 5002 Sochoth.
2472 4953 2526 4998 et
2553 4943 2779 5013 profecti
2815 4942 2880 4996 de
2912 4942 3173 5006 Soehoth,
3212 4954 3379 4994 vene-

1805 5046 1929 5089 runt
1952 5035 2003 5089 iu
2030 5035 2232 5089 Othon.
2268 5054 2286 5086 ι
2314 5035 2371 5089 Si
2397 5035 2519 5103 quis
2541 5045 2624 5089 est
2653 5034 2745 5103 qui
2766 5034 3034 5102 proficisci
3066 5031 3380 5102 deASgypto

1804 5137 1980 5197 parat,
2013 5128 2055 5182 si
2090 5126 2214 5195 quis
2243 5136 2328 5182 est
2376 5127 2467 5197 qui
2512 5127 2659 5196 cupit
2707 5128 2967 5181 obscuros
2999 5126 3182 5179 rnundi
3220 5126 3379 5195 hujus

1806 5230 1960 5275 actus
2011 5230 2065 5274 et
2110 5234 2359 5273 errorum
2410 5221 2665 5274 tenebras
2723 5219 3137 5287 derelinquere,
3201 5218 3376 5287 primo

1805 5311 2045 5368 omnium
2087 5326 2153 5364 ex
2190 5309 2451 5366 Ramesse
2505 5311 2553 5365 ei
2598 5311 3054 5382 proﬁciscendum
3106 5319 3207 5365 est.
3271 5309 3377 5361 lia-

1805 5420 1983 5461 mcsse
2020 5419 2148 5459 vero
2175 5404 2563 5472 interpretatur
2588 5404 2864 5458 commotio
2899 5405 3076 5457 tinew.
3135 5403 3191 5457 Si
3244 5412 3376 5472 ergo

2371 5520 2418 5553 ⁸⁸
2444 5520 2591 5576 Psal.
2620 5538 2690 5577 cu
2714 5562 2728 5583 ,
2758 5522 2843 5575 12.
2914 5520 2957 5552 ⁸⁷
2991 5519 3158 5574 Exod.
3194 5534 3284 5580 xv,
3317 5518 3370 5574 1.

1923 5596 1967 5629 ⁹¹
1997 5593 2153 5650 Joan.
2182 5608 2256 5661 vt,
2287 5592 2378 5660 49,
2402 5592 2492 5660 50,
2523 5594 2611 5649 51.
2687 5593 2731 5626 ⁹²
2763 5592 2782 5647 ι
2814 5592 2942 5647 Cor.
2978 5606 3031 5658 λ,
3058 5591 3110 5643 4.
3184 5588 3231 5621 ⁸⁸
3267 5589 3378 5644 lla-
