3902 6522
578 309 686 367 527

2038 306 2362 366 οιιιαειηιδ
3666 316 3739 371 ω

582 430 668 487 vis
690 428 880 486 venire
919 429 971 486 in
1006 429 1264 494 Sochoth,
1300 438 1356 484 ut
1391 429 1651 485 Dominus
1693 427 1790 484 tibi
1820 429 1925 484 dux
1957 429 2062 493 sit,
2097 439 2152 482 et
2182 437 2227 491 Α
2261 427 2311 481 in
2361 424 2602 490 Christo,
2650 426 2705 480 in
2749 433 2923 480 morte
2974 425 3145 494 ipsius
3176 427 3505 497 baptieentur
3531 430 3566 494 ³,
3595 441 3636 486 et
3668 434 3738 502 ipsi

586 523 641 579 in
669 521 917 579 columna
950 522 1108 577 nubis
1132 533 1181 578 te
1215 526 1507 594 prtecedat,
1538 532 1590 577 et
1609 531 1869 592 sequatur
1898 533 1949 577 te
1975 533 2147 591 petra,

579 628 702 686 qua
739 614 832 669 tibi
891 628 1070 669 escam
1093 611 1396 684 spiritalem
1449 625 1502 669 et
1552 624 1735 683 potum
1796 613 2149 668 nihilominus

511 691 520 704 ’
580 707 817 776 praebeat
848 705 1165 774 spiritalem,
1199 707 1561 774 proﬁciscere,
1588 715 1644 759 et
1669 704 1756 760 exi
1777 720 1843 760 ex
1869 704 2145 770 Ramesse,

581 809 683 850 nec
717 795 1054 849 thesaurizes
1083 795 1179 860 ibi,
1212 795 1298 848 ubi
1325 796 1465 848 tinea
1493 797 1839 861 exterminat,
1867 797 1954 850 ubi
2003 795 2148 850 fures

583 885 847 942 ellodiunt
899 896 954 942 et
1010 886 1261 941 furantur
1294 887 1360 940 °'.
1401 886 1510 940 lloc
1542 899 1626 942 est
1672 890 1812 958 quod
1863 901 2049 958 aperte
2096 900 2149 944 et

578 976 840 1034 Dominus
871 979 923 1033 in
955 979 1264 1050 Evangeliis
1312 979 1440 1036 dicit
1465 981 1514 1013 "
1548 998 1561 1034 :
1601 999 1620 1034 ι
1663 981 1720 1036 Si
1754 983 1833 1036 vis
1874 982 2149 1051 perfectus

575 1083 716 1137 esse,
750 1071 908 1134 vade,
939 1073 1109 1126 vende
1128 1071 1311 1126 omnia
1341 1087 1461 1140 quae
1498 1072 1689 1137 habes,
1723 1082 1776 1126 et
1798 1073 1865 1126 da
1896 1073 2148 1142 pauperi-

577 1161 699 1226 bus,
721 1173 774 1216 et
803 1162 1028 1217 habebis
1054 1163 1367 1217 thesaurum
1398 1164 1448 1214 in
1475 1162 1638 1226 ctelo,
1660 1173 1715 1217 et
1744 1164 1887 1225 veni,
1921 1178 2148 1234 sequere

577 1267 682 1310 me.
727 1271 745 1304 ι
775 1252 888 1309 Hoc
909 1262 1145 1323 estergo
1190 1254 1455 1326 proficisci
1497 1254 1564 1308 de
1597 1255 1857 1310 llamesse
1888 1267 1941 1310 et
1996 1257 2146 1324 sequi

573 1344 878 1400 Christum.
934 1346 1226 1402 Videamus
1273 1357 1453 1400 autem
1487 1350 1608 1415 quis
1649 1349 1718 1402 sit
1763 1359 1814 1400 et
1845 1361 2148 1402 castrorum

576 1435 729 1492 locus
783 1438 845 1492 ad
890 1452 1050 1506 quem
1104 1439 1320 1492 venitur
1365 1456 1428 1494 ex
1477 1439 1755 1494 Ratnesse.
1787 1463 1802 1492 ι
1841 1440 2146 1518 Venerunt,

580 1525 780 1596 inquit,
820 1526 872 1580 in
918 1528 1182 1583 Sochoth.
1220 1547 1238 1580 ι
1283 1528 1523 1584 Sochoth
1574 1532 1651 1601 (4)
1700 1532 2037 1585 tabernacula
2069 1534 2150 1587 in-

575 1618 740 1685 telligi
773 1620 915 1688 apud
949 1619 1204 1674 llebrteos
1238 1622 1462 1676 tradunt
1490 1623 1816 1692 interpretes
1843 1626 2145 1680 n‘ominum.

573 1711 708 1766 Cum
745 1725 875 1780 ergo
917 1711 1302 1781 derelinquens
1330 1712 1650 1784 Aigyptum,
1691 1718 2019 1772 discusseris
2052 1718 2147 1772 abs

2257 517 2714 586 consepeliantur,
2739 526 2796 571 et
2833 530 2955 571 cum
2989 517 3106 585 ipso
3140 515 3230 570 die
3263 518 3418 571 tertia
3451 532 3698 590 resurgant
3720 542 3739 578 ι

2259 609 2522 667 mortuis;
2553 622 2690 676 quos
2717 618 2770 663 et
2801 608 3098 662 secundum
3131 607 3232 663 hoc
3252 609 3392 677 quod
3424 611 3542 663 dicit
3572 614 3740 681 Aposto-

2259 699 2345 754 lus
2371 699 2391 731 ⁸
2426 737 2441 763 ,
2483 718 2501 750 ι
2553 699 2724 753 Simul
2753 711 2938 753 secum
2969 700 3274 764 suscitavit,
3298 699 3546 770 simulque
3564 702 3742 763 lecitse-

2257 792 2384 846 dere
2415 792 2465 845 in
2489 791 2822 848 caelestibus.
2869 811 2889 846 ι
2918 793 3052 847 Cum
3083 807 3214 860 ergo
3246 792 3343 847 tibi
3389 793 3524 848 tertii
3552 795 3637 850 diei
3663 815 3741 870 aq.

2256 883 2479 938 steriunt
2503 883 2666 938 fuerit
2691 884 3276 954 susceptum,-incipiet
3293 894 3343 939 te
3364 885 3607 943 deducere
3627 888 3741 959 Deus,

2256 986 2309 1028 et
2339 975 2454 1043 ipse
2486 976 2580 1028 tibi
2615 975 2757 1029 viam
2779 977 2968 1032 salutis
3001 977 3311 1033 ostendere.

2327 1067 2380 1122 ὅ.
2424 1066 2529 1122 Sed
2576 1069 2858 1124 videamus
2887 1070 3015 1139 quid
3063 1072 3329 1139 posthaec
3365 1070 3552 1126 dicitur
3569 1074 3623 1127 ad
3644 1074 3744 1147 loy-

2257 1177 2377 1224 sen,
2411 1177 2532 1229 qua:
2563 1161 2649 1214 via
2680 1163 2993 1231 praecipitur
3027 1161 3302 1232 eligenda.
3342 1181 3361 1215 ι
3394 1162 3465 1218 De
3493 1163 3662 1229 Othon.
3685 1170 3742 1222 in-

2256 1253 2375 1322 quit
2399 1252 2440 1314 ',
2473 1253 2749 1318 conversi,
2793 1253 2895 1307 iter
2937 1252 3100 1310 facile
3150 1254 3294 1310 inter
3330 1255 3602 1323 Epauleum
3625 1269 3664 1312 et
3686 1259 3740 1312 in~

2259 1355 2342 1398 ter
2377 1343 2704 1414 Magilalum,
2744 1346 2886 1413 quod
2926 1354 3010 1398 est
3045 1357 3237 1400 contra
3280 1345 3742 1415 Beelsepbonallec

2259 1441 2437 1486 autem
2473 1432 2551 1487 sic
2585 1433 3032 1502 interpretantur.
3063 1435 3358 1504 Epauleum
3389 1435 3584 1503 quidem
3620 1455 3744 1493 atcttt-

2255 1525 2336 1575 sio
2365 1535 2636 1587 tortuosa;
2672 1523 2974 1592 Magdalum
3003 1526 3103 1594 (6),
3131 1528 3318 1593 turris;
3351 1525 3663 1594 Beelsephon,
3685 1549 3745 1583 at-

2256 1619 2431 1668 censio
2463 1616 2710 1682 speculw,
2772 1617 2852 1670 vel
2896 1619 3091 1672 habens
3143 1619 3428 1686 speculam.
3463 1618 3534 1673 Tu
3583 1620 3746 1677 fortasse

2259 1705 2546 1768 credebas,
2599 1707 2725 1773 quia
2781 1708 2884 1760 iter
2933 1708 3073 1776 quod
3129 1708 3270 1764 Deus
3324 1711 3566 1766 ostendit.
3596 1713 3746 1778 plana

571 1809 625 1855 te
657 1803 833 1854 tineas
866 1801 1032 1854 t0tius
1056 1802 1409 1870 corruptelae,
1439 1813 1491 1854 et
1516 1803 1770 1856 vitiorum
1799 1804 2147 1858 incitamenta
2184 1799 2223 1852 Β
2253 1808 2397 1853 esset
2429 1809 2485 1852 et
2507 1800 2689 1864 molle,
2728 1809 2783 1853 et
2817 1800 2951 1854 nihil
2984 1815 3208 1870 prorsus
3254 1802 3478 1856 ltaberet
3495 1801 3747 1859 difﬁcultatis

572 1889 864 1960 rejeceris,
928 1892 1203 1948 habitabis
1266 1895 1320 1948 in
1381 1893 1769 1951 tabernaculis.
1829 1896 2148 1952 Habitantus

572 1986 716 2039 enim
742 1985 795 2039 in
823 1986 1286 2051 tnbernaculis,ex
1319 1989 1513 2056 quibus
1537 1989 1789 2043 uolumus
1830 1989 2144 2058 exspoliari,

571 2076 664 2132 sed
689 2079 1068 2146 supervestiri.
1128 2078 1408 2134 Ilabitatio
1440 2091 1627 2135 autem
1674 2083 2144 2134 tabernaculorum

571 2168 906 2238 expeditum,
965 2178 1023 2226 et
1063 2170 1267 2240 absque
1315 2172 1440 2226 ullis
1495 2171 1896 2240 impedimentis
1946 2171 2145 2226 indit-at

572 2275 695 2315 esse
727 2275 874 2326 eutn,
921 2261 1014 2330 qui
1067 2262 1288 2317 festinat
1343 2264 1412 2317 ad
1449 2265 1636 2318 Deum.
1670 2263 1774 2317 Sed
1813 2278 1910 2316 nec
1949 2263 2000 2316 in
2042 2264 2147 2318 hoc

570 2359 790 2428 quidem
825 2360 1078 2414 standum
1111 2369 1218 2426 est,
1273 2364 1516 2428 urgenda
1568 2371 1652 2414 est
1705 2357 1994 2429 profectio.
2035 2357 2147 2412 Mo-

571 2450 749 2507 venda
798 2459 924 2506 sunt
974 2461 1154 2505 castra
1208 2455 1372 2506 etiam
1410 2453 1477 2504 de
1509 2452 1771 2517 Sochoth,
1801 2463 1850 2504 et
1886 2451 2146 2505 festinan-

573 2543 700 2597 dum
729 2550 836 2606 est,
868 2549 925 2597 ut
952 2543 1207 2597 veniatur
1262 2545 1314 2597 in
1351 2545 1550 2598 Othon.
1592 2543 1770 2599 Othon
1810 2544 1885 2614 (5)
1925 2559 2054 2598 vero
2093 2545 2144 2598 in

570 2643 812 2691 nostram
842 2634 1082 2706 linguam
1120 2637 1258 2690 verti
1289 2638 1471 2691 dicunt
1509 2637 1663 2704 signa
1694 2640 1788 2690 eis.
1827 2637 1891 2690 Et
1927 2639 2143 2696 merito.

573 2729 670 2786 Hic
701 2730 846 2784 enim
872 2731 1102 2784 audiens
1133 2730 1264 2786 dicit
1292 2732 1361 2796 ’⁷,
1399 2731 1523 2801 qnia
1556 2750 1574 2782 ι
1611 2730 1752 2785 Dens
1792 2732 2147 2786 antecedebat

555 2836 665 2876 eos
688 2836 785 2892 per
811 2821 952 2876 diem
988 2821 1040 2874 in
1096 2823 1347 2876 columna
1401 2824 1583 2888 nubis,
1616 2833 1669 2876 et
1701 2838 1798 2892 per
1844 2833 2055 2877 noctem
2093 2827 2143 2878 in

573 2913 824 2968 columna
858 2912 1028 2982 ignis;
1068 2931 1087 2964 ι
1132 2927 1238 2967 non
1271 2913 1372 2967 hoc
1402 2914 1618 2968 invenis
1647 2914 1846 2968 factum
1872 2914 2011 2983 apud
2039 2915 2147 2969 Ra-

573 3020 770 3072 messe,
797 3019 897 3059 nec
927 3005 1064 3073 apud
1094 3002 1356 3068 Sochoth,
1387 3001 1507 3075 quze
1531 3007 1764 3061 secumla
1791 3005 2143 3074 proﬁciscen-

573 3097 718 3152 tibus
749 3105 929 3151 castra
976 3097 1250 3152 dicuntur.
1307 3098 1413 3153 Sed
1449 3099 1608 3153 tertia
1656 3108 1835 3153 castra
1881 3108 2030 3161 sunt,
2090 3099 2142 3154 in

2255 1901 2350 1944 aut
2384 1891 2604 1945 laboris.
2650 1890 2915 1945 Ascensio
2961 1901 3045 1946 est
3073 1902 3127 1947 et
3174 1893 3428 1948 ascensio
3462 1895 3745 1964 tortuosam.

2255 1983 2372 2038 Non
2402 1984 2543 2038 etiitn
2565 1983 2804 2052 proclive
2831 1985 2934 2039 iter
2955 1993 3056 2047 est,
3074 1999 3185 2054 quo
3211 1986 3454 2040 tenditur
3475 1987 3535 2040 ad
3559 1987 3745 2052 virtutes;

2256 2075 2349 2128 sed
2394 2074 2731 2139 ascenditur,
2771 2083 2827 2128 et
2862 2083 3092 2144 anguste
3133 2089 3198 2129 ac
3237 2075 3522 2131 difficulter
3567 2080 3744 2132 ascendi-

2257 2177 2364 2223 tur.
2395 2170 2532 2223 Audi
2561 2170 2723 2222 etiam
2759 2168 3047 2226 Dominum
3077 2171 3132 2224 in
3166 2170 3466 2242 Evangelio
3491 2171 3703 2226 dicentem
3717 2173 3743 2236 '_.

2261 2280 2278 2310 ι
2304 2263 2430 2330 quia
2455 2272 2607 2316 arcta
2635 2271 2688 2315 et
2720 2272 2948 2331 angusta
2972 2264 3056 2318 via
3082 2274 3185 2330 est,
3208 2278 3330 2334 qua:
3350 2264 3493 2316 ducit
3513 2264 3572 2317 ad
3591 2265 3742 2316 vitatum

2259 2355 2392 2410 Vide
2421 2370 2551 2425 ergo
2585 2367 2848 2424 quantunt
2879 2366 3144 2411 consonat
3165 2355 3517 2426 Evangeliqu
3539 2355 3745 2425 cuntlege.

2255 2447 2313 2502 ιιι
2348 2447 2466 2515 lege
2503 2449 2816 2501 ostenditur
2857 2448 3077 2503 virtutis
3109 2449 3195 2502 via
3258 2448 3508 2502 ascensio
3554 2457 3745 2500 tortuosa.

2255 2543 2310 2597 ln
2353 2542 2667 2613 Evangeliis
2699 2542 2902 2598 dicitur
2929 2553 3080 2600 arcta
3112 2553 3168 2599 et
3210 2552 3446 2614 angusta
3477 2545 3552 2596 ria
3577 2559 3671 2612 quze
3688 2546 3748 2595 ilu-

2255 2639 2330 2693 cit
2360 2638 2426 2692 ad
2459 2641 2647 2693 vitam.
2694 2636 2886 2691 Nonne
2923 2637 3010 2692 hic
3052 2647 3238 2702 aperte
3283 2635 3450 2690 etiam
3479 2637 3595 2690 caeci
3627 2638 3747 2687 videte

2257 2743 2504 2800 possunt,
2527 2732 2670 2802 quod
2706 2731 2875 2800 legem
2907 2739 2962 2785 et
2999 2729 3289 2800 Evangelia
3326 2745 3468 2785 unus
3497 2743 3635 2799 atque
3656 2730 3746 2782 idem

2255 2825 2484 2893 spiritus
2526 2824 2792 2894 scripsit?
2841 2824 2937 2878 Est
2978 2839 3110 2892 ergo
3151 2825 3253 2878 iter
3273 2825 3424 2894 quod
3458 2823 3748 2878 incedunlas-

2255 2917 2442 2971 censio
2487 2927 2762 2981 tortuosa,
2807 2924 2862 2971 et
2899 2915 3147 2971 ascensio
3198 2916 3460 2985 speculae,
3498 2915 3571 2968 vel
3611 2914 3747 2968 habens

2256 3009 2551 3078 speculam.
2596 3009 2861 3064 Ascensio
2899 3009 2966 3063 ad
3007 3019 3165 3064 actus
3205 3009 3466 3078 pertinet,
3508 3005 3684 3077 specula
3708 3005 3748 3056 ad

2259 3099 2442 3154 ﬁdem.
2481 3101 2732 3156 Ostendit
2779 3115 2910 3170 ergo
2948 3101 3072 3171 quia
3105 3111 3161 3157 et
3206 3102 3259 3155 in
3294 3103 3532 3160 actibus.
3563 3111 3608 3153 et
3632 3099 3669 3150 in
3687 3097 3748 3148 ﬁde

568 3188 768 3252 quibus
799 3187 938 3242 fiunt
965 3188 1120 3258 signa
1164 3189 1370 3243 divina.
1402 3191 1710 3245 Recordare
1741 3207 1862 3262 quae
1895 3193 2144 3263 superius
2173 3164 2217 3224 δ’
2257 3193 2426 3248 multa
2457 3205 2543 3250 est
2578 3193 2887 3262 dilﬁcultas,
2925 3204 2980 3250 et
3010 3193 3210 3250 multus
3261 3194 3443 3251 labor.
3478 3194 3629 3248 Multa
3654 3191 3747 3244 enim

570 3277 708 3333 lecta
752 3289 898 3347 sunt,
930 3295 1051 3333 cum
1083 3280 1297 3335 dicebat
1332 3282 1542 3352 Moyses
1572 3286 1637 3336 ad
1677 3283 2015 3339 Pharaonem
2046 3285 2091 3318 ⁸⁸
2125 3303 2140 3340 :

574 3371 726 3448 t‘lter
758 3373 920 3427 trium
954 3372 1161 3427 dierum
1202 3376 1402 3428 ibimus
1437 3378 1486 3428 in
1533 3377 1768 3441 deserto,
1805 3389 1862 3432 et
1895 3379 2143 3434 immola-

569 3461 749 3519 bimus
779 3462 1006 3516 Domino
1027 3463 1136 3518 Deo
1167 3473 1372 3522 nostro.
1394 3485 1410 3516 ι
1437 3466 1548 3522 Hoc
1577 3482 1708 3538 ergo
1738 3481 1855 3523 erat
1883 3471 2140 3537 triduum,

569 3554 636 3608 ad
660 3555 802 3625 quod
818 3555 1112 3611 festinabat
1130 3557 1365 3629 Moyses,
1391 3568 1444 3614 et
1473 3561 1881 3616 contradicebat
1904 3561 2143 3630 Pharao,

568 3647 662 3703 ille
715 3649 861 3703 enim
911 3649 1126 3704 dicebat
1152 3652 1199 3684 9’
1234 3666 1248 3702 :
1288 3670 1306 3703 ι
1347 3649 1462 3705 Non
1509 3651 1651 3707 catis
1694 3653 1926 3725 longius.
1965 3674 1984 3708 ι
2024 3655 2142 3712 Non

569 3740 926 3807 permittebat
960 3741 1174 3795 Pharao
1206 3743 1273 3794 ad
1329 3741 1507 3797 locum
1539 3747 1823 3815 signorum
1859 3746 2146 3816 pervenire

569 3827 711 3883 filios
736 3829 925 3895 Israel,
952 3849 1058 3887 non
1087 3836 1545 3904 permittebateos
1569 3837 1835 3891 intantum
1855 3839 2143 3906 proficere,

482 3910 488 3915 ’
569 3929 628 3973 ιιι
655 3930 880 3988 possent
913 3925 1055 3977 tertii
1091 3925 1199 3978 diei
1255 3927 1529 3996 mysteriis
1565 3928 1798 3996 perfrui.
1831 3930 1968 3983 Audi
1998 3932 2142 3984 enim

571 4014 892 4082 prephctam
937 4015 1066 4084 qttid
1113 4017 1243 4071 dicit
1274 4019 1292 4049 ¹
1334 4036 1348 4073 :
1391 4038 1408 4071 t
1449 4019 1814 4075 Resuscitabit
1858 4038 1957 4077 nos
2006 4024 2146 4084 Deus

572 4114 692 4175 post
719 4104 965 4173 biduum,
1003 4118 1058 4160 et
1082 4108 1133 4161 in
1164 4110 1252 4162 die
1299 4111 1456 4164 tertia
1487 4127 1869 4179 resurgemus,
1913 4125 1968 4169 et
2001 4115 2147 4169 vive-

572 4214 694 4255 mus
725 4199 778 4253 in
811 4208 1101 4269 conspectu
1145 4202 1284 4271 ejus.
1327 4222 1345 4255 ι
1385 4203 1568 4258 Prima
1596 4207 1711 4260 dies
1755 4208 1913 4262 nobis
1962 4209 2146 4278 passio

571 4291 878 4347 Salvatoris
909 4302 1014 4358 est,
1069 4301 1123 4346 et
1177 4297 1418 4351 secunda
1454 4296 1609 4368 145
1646 4315 1749 4367 qua
1781 4299 2061 4356 descendit
2092 4301 2143 4356 iu

577 4388 873 4451 infernum,
907 4389 1066 4443 tertia
1095 4399 1275 4442 autem
1325 4392 1747 4446 resurrectionis
1782 4401 1865 4446 est
1897 4393 2035 4447 dies.
2081 4393 2146 4448 Et

2257 3287 2583 3342 tentationes
2619 3288 2776 3344 nobis
2817 3297 3144 3354 occurrunt,
3179 3288 3352 3341 multa
3389 3289 3439 3340 in
3475 3287 3570 3340 fide
3592 3284 3748 3337 olieodi-

2254 3380 2395 3446 cula,
2434 3381 2740 3438 volentibus
2773 3397 2937 3453 agere
2967 3398 3088 3452 qua:
3121 3383 3214 3436 Dei
3247 3394 3404 3436 sunt.
3459 3380 3582 3435 Tum
3623 3379 3750 3434 deinde

2257 3478 2308 3531 in
2359 3476 2462 3532 fide
2499 3479 2665 3531 multa
2706 3477 2952 3533 invenies
2992 3487 3264 3543 tortuosa,
3297 3477 3556 3547 plurimas
3581 3473 3751 3544 quaestio

2258 3586 2390 3636 nes,
2423 3571 2621 3626 multas
2659 3573 2994 3640 objectiones
3027 3573 3438 3636 hmreticorum,
3476 3575 3646 3626 multas
3670 3584 3752 3621 con-

2256 3663 2609 3717 tradictiones
2647 3663 2974 3717 infidelium.
3001 3661 3116 3718 Hoc
3137 3678 3268 3733 ergo
3303 3663 3415 3718 iter
3441 3663 3670 3731 agendum
3701 3669 3749 3709 est

2256 3753 2608 3822 sequentibus
2643 3754 2830 3808 Deum.
2863 3754 2968 3807 Sed
2987 3762 3073 3808 est
3099 3763 3153 3808 et
3184 3753 3362 3809 turris
3397 3755 3449 3807 in
3483 3753 3579 3807 hoc
3603 3752 3749 3804 itinere.

2255 3843 2385 3910 Quae
2432 3855 2514 3899 est
2561 3846 2662 3899 ista
2693 3845 2898 3898 turris?
2924 3843 3018 3898 llla
3050 3845 3332 3909 nimirum,
3372 3859 3533 3914 quam
3573 3841 3752 3894 Dominus
3824 3869 3825 3875 η

2256 3937 2308 3991 ἰιι
2342 3937 2634 4006 Evangelio
2669 3936 2836 3990 dicit'
2875 3953 2888 3989 :
2933 3955 2950 3988 ι
2973 3937 3106 4004 Quis
3132 3947 3382 3992 vestrum
3416 3937 3593 3991 volen‘s
3623 3931 3751 3988 turrim

2253 4031 2545 4095 aedificare,
2571 4045 2750 4086 nonne
2785 4033 2935 4099 prius
2964 4032 3193 4094 sedebit,
3226 4040 3280 4084 et
3312 4029 3629 4099 computabit
3659 4041 3752 4079 sum-

2255 4134 2397 4192 ptus,
2442 4124 2486 4178 si
2534 4123 2701 4181 habet
2731 4127 2876 4181 unde
2913 4125 3199 4194 perficiat?
3223 4145 3240 4177 ι
3276 4124 3390 4179 Ista
3437 4135 3517 4179 est
3545 4138 3653 4191 ergo
3681 4130 3751 4173 tur~

2256 4217 2351 4282 ris,
2389 4218 2544 4271 sedes
2589 4219 2754 4272 ardtta
2801 4227 2857 4272 et
2900 4217 3113 4272 excelsa
3155 4217 3446 4271 virtutum.
3492 4215 3586 4270 Sed
3629 4213 3751 4264 viciens

2256 4307 2371 4360 haec
2403 4306 2637 4371 Pharao,
2683 4309 2802 4362 autli
2835 4309 2962 4377 quid
3009 4309 3144 4361 dicit
3182 4326 3194 4361 :
3229 4309 3454 4370 Errant,
3501 4306 3663 4374 inquit,
3687 4305 3752 4353 isti.

2254 4398 2410 4468 Apud
2441 4398 2804 4465 Pharaonem,
2837 4401 2930 4470 qui
2973 4401 3136 4455 Deum
3171 4402 3448 4469 sequitur,
3485 4414 3646 4452 errare
3668 4394 3752 4446 diti-

571 4481 693 4536 ideo
735 4481 788 4535 in
822 4482 906 4535 die
932 4481 1118 4547 tertia,
1151 4479 1292 4536 Deus
1321 4481 1678 4536 antecedebat
1706 4497 1820 4549 eos,
1858 4498 1957 4554 per
2001 4483 2142 4539 diem
2179 4529 2226 4588 ο
2259 4500 2366 4554 tttr,
2407 4493 2554 4561 quia,
2584 4501 2641 4545 ιιι
2669 4493 2931 4559 diximus,
2962 4493 3241 4563 sapientia:
3265 4493 3370 4547 iter
3397 4503 3665 4546 tortuosum
3687 4494 3753 4542 est.

573 4573 627 4627 in
673 4573 924 4628 columna
979 4573 1162 4637 nubis,
1217 4587 1313 4642 per
1341 4584 1556 4628 noctem
1603 4574 1655 4627 in
1695 4576 1944 4630 columna
1984 4576 2144 4648 ignis.

573 4665 726 4734 Quod
766 4667 809 4722 si
848 4668 1141 4722 secundum
1171 4683 1232 4722 ea
1259 4684 1380 4738 (tua:
1419 4667 1670 4737 superius
1696 4669 1952 4733 diximus,
1981 4671 2032 4724 in
2065 4672 2148 4725 his

575 4759 756 4815 verbis
787 4769 931 4813 recte
962 4775 1059 4815 nos
1090 4762 1380 4832 Apostolus
1407 4763 1567 4816 docet
1594 4763 1614 4792 '
1643 4761 1895 4831 baptismi
1942 4775 2148 4833 myste-

577 4853 657 4907 ria
687 4853 989 4919 contineri;
1035 4856 1404 4908 necessarium
1450 4863 1534 4908 est
1570 4864 1628 4907 ut
1663 4855 1754 4924 qui
1804 4855 2152 4925 baptizantur

648 5021 695 5055 "
731 5021 920 5075 Matth.
945 5036 1019 5084 vr,
1049 5021 1140 5074 20.
1213 5023 1260 5056 ’⁸
1295 5019 1485 5074 Matth.
1513 5035 1626 5080 xtx,
1659 5020 1749 5073 2|.

578 5095 634 5149 ὃ.
709 5095 730 5125 ³
764 5095 782 5148 l
815 5093 940 5147 Cor.
977 5109 1030 5146 χ.
1108 5093 1128 5124 ³
1163 5092 1320 5146 Rom.
1349 5108 1422 5156 vr,
1459 5093 1513 5146 5.

649 5205 728 5281 (ι)
758 5203 925 5281 Badix
957 5212 1040 5281 est
1070 5206 1358 5281 jac-texit.

673 5275 726 5342 5)
755 5275 834 5329 Ab
856 5282 962 5332 me»:
987 5274 1212 5342 signum,
1245 5286 1300 5328 et
1334 5274 1511 5328 aﬂixo.

662 5275 704 5329 ⁷5
755 5275 834 5329 Ab
856 5282 962 5332 n18
987 5275 1212 5342 sigrium,
1245 5286 1300 5328 et
1334 5275 1511 5328 afﬁxo.

648 5275 726 5418 ibi
751 5343 1058 5414 Magdalum
1083 5347 1265 5408 turris,
1286 5343 1624 5411 Beelseplton,
1650 5345 1885 5399 ascensio
1905 5345 2152 5413 speculw,

577 5440 871 5494 ucthabens
893 5436 1178 5508 speculam,
1206 5454 1232 5490 a
1263 5439 1443 5494 radice
1472 5422 1584 5503 ιἰ’-ιιι,
1616 5456 1861 5509 magnum
1892 5457 2152 5504 esse,cre-

577 5549 742 5597 scere,
774 5531 829 5585 fit
851 5512 1024 5588 51:2.
1075 5529 1272 5592 turris;
1323 5545 1351 5582 a
1400 5512 1510 5594 by;
1545 5546 1692 5593 vero,
1720 5530 2020 5584 dominatus
2052 5541 2148 5595 est,

578 5605 871 5656 dominium
923 5601 1127 5663 habuit,
1170 5611 1226 5652 et
1263 5609 1382 5662 n33
1409 5601 1706 5666 speculatus
1731 5611 1829 5664 est,
1867 5611 2146 5669 utcunque

579 5675 696 5728 erui
732 5684 910 5744 potest
954 5672 1209 5744 Dominus
1250 5675 1469 5744 specula:
1501 5680 1590 5723 aut
1627 5670 1821 5723 habens
1859 5671 2145 5744 speculam,

583 5741 953 5798 nant'melins
1002 5742 1339 5810 Beclsephon
1393 5741 1839 5810 interpretaretur
1893 5741 2148 5796 Dominus

1591 5089 1614 5119 ⁸
1636 5091 1837 5158 Epltes.
1867 5106 1929 5155 ιι,
1963 5092 2016 5146 6.

1826 5019 1870 5051 ⁹⁷
1904 5020 2072 5075 Exod.
2107 5038 2228 5086 xm,
2259 5024 2350 5078 2|.

2094 5093 2113 5124 ⁵
2145 5093 2312 5147 Exod.
2341 5112 2451 5159 xlv,
2475 5096 2528 5147 '2.

2258 4583 2455 4638 multos
2480 4585 2682 4639 habens
2713 4585 2907 4648 flexus,
2938 4583 3132 4638 multas
3171 4583 3540 4643 difllcultates,
3570 4579 3755 4650 plurimos
3817 4631 3819 4650 ἡ

2256 4674 2559 4730 anfractus.
2606 4676 2848 4745 Denique
2892 4691 3016 4731 cum
3065 4678 3384 4730 confitearis
3430 4689 3584 4730 unum
3627 4671 3754 4725 Dettm.

2257 4770 2558 4836 eademque
2606 4769 2948 4823 confessione
2991 4769 3232 4832 Patrem,
3258 4779 3314 4824 et
3340 4769 3554 4831 Filium,
3577 4760 3757 4830 etSpiri-

2262 4866 2371 4910 tum
2425 4870 2672 4912 sanctum
2713 4875 2930 4914 asseras
2958 4858 3034 4928 (8)
3073 4875 3239 4914 unum
3287 4860 3480 4927 Deum,
3527 4865 3755 4927 quatutot-

2427 5023 2473 5055 νο
2512 5024 2680 5077 Exod.
2706 5041 2758 5085 ν,
2787 5025 2840 5079 δ.
2916 5025 2961 5057 ον
2992 5025 3161 5078 Exod.
3198 5041 3319 5090 vni,
3353 5027 3447 5079 es.
3553 5021 3757 5077 ιοεωι,
3811 5009 3817 5090 l

2609 5096 2627 5125 ⁶
2655 5095 2847 5151 Matth.
2877 5111 2972 5160 vtI,
3004 5097 3098 5150 14.
3136 5096 3155 5127 ⁷
3186 5095 3318 5150 Luc.
3352 5111 3466 5161 xw,
3492 5095 3576 5150 28.

2259 5206 2560 5276 Aquilonis.
2574 5225 2602 5260 a
2621 5191 2754 5272 5m,
2774 5209 3052 5274 Dominus,
3073 5220 3130 5264 et
3148 5219 3273 5299 py,
3291 5211 3498 5282 aquilo,
3528 5204 3755 5275 septennia-

2261 5298 2363 5364 Qui
2400 5313 2580 5356 autem
2614 5299 2936 5366 Beelseplton
2985 5298 3426 5370 interpretantur
3475 5299 3760 5356 ascensionem
3809 5298 3815 5370 1

2263 5370 2510 5434 specutw,
2571 5382 2923 5439 respexerunt
2973 5373 3342 5442 proculdubio
3375 5373 3446 5430 ad
3467 5373 3654 5427 radices
3675 5372 3762 5426 .117.

2263 5443 2499 5494 ascendit
2532 5451 2585 5496 et
2608 5449 2745 5504 n53,
2779 5444 3076 5508 speculatus
3103 5455 3201 5497 est.
3811 5461 3813 5508 ;

2259 5579 2272 5591 ,
2337 5510 2413 5579 (7)
2442 5514 2613 5574 Alias,
2653 5530 2672 5564 ι
2701 5522 2756 5566 et
2801 5515 3083 5570 descensio
3127 5522 3400 5586 tortuosa,
3427 5532 3448 5568 ι
3479 5514 3569 5572 sed
3605 5509 3762 5565 mssa!

2258 5595 2312 5633 tn
2339 5591 2523 5636 IIOSll'O
2546 5591 2629 5637 lex
2640 5593 2691 5637 ιιι
2702 5623 2715 5638 .

2329 5652 2408 5722 (8)
2440 5653 2610 5719 Alias,
2647 5673 2666 5706 ι
2694 5657 2913 5712 asseris.
2942 5673 2962 5708 ›

3811 4949 3817 5097 ι

3809 5213 3815 5403 λ

3809 5499 3813 5709 l

3807 6109 3809 6263 |
