3902 6514
216 397 308 457 3‘29

1411 392 1476 446 IN
1514 388 1799 447 EXODUM
1836 385 2119 444 llOMlLlA
2158 387 2223 442 V.

3229 374 3231 377 ’
3315 396 3421 450 550

216 530 424 579 tuosum,
449 525 608 582 quam
639 509 877 576 dilﬁcile,
919 525 1085 582 quam
1127 511 1507 569 inextricabile
1536 515 1751 568 videtur
1779 516 1825 572 Α
1851 520 1993 565 ctam
2042 512 2207 565 vitam
2240 511 2501 580 quaerenti
2547 521 2629 566 est
2656 512 2705 565 iu
2744 512 2938 571 itinere
2967 518 3125 582 mori,
3158 532 3319 587 quam
3351 537 3420 574 ne

215 616 307 668 hoc
332 618 442 662 esse
470 603 808 657 inﬁdelibus!
853 602 990 656 Tum
1034 602 1228 657 deinde
1258 618 1380 656 cum
1410 604 1544 658 dicis
1573 604 1752 658 Domi-

216 715 328 758 num
354 694 644 764 maiestatis
666 692 1014 756 cruciﬁxum,
1045 704 1100 748 et
1140 694 1335 748 Filium
1370 694 1605 748 hominis
1630 709 1753 750 esse

214 795 292 865 qui
332 786 598 843 descendit
635 784 700 838 de
734 784 897 847 ctelo,
923 799 1082 852 quam
1124 794 1363 839 tortuosa
1411 786 1526 840 inec
1562 786 1752 839 viden—

214 896 309 946 tur,
335 890 385 935 et
412 891 569 948 quam
604 876 880 932 diﬁicilia!
920 875 1020 943 Qui
1056 877 1226 943 audit,
1261 878 1305 931 si
1339 892 1443 931 non
1476 892 1597 932 eum
1648 877 1751 931 ﬁde

213 975 393 1035 audiat,
415 968 543 1023 dicit
577 969 704 1037 quia
729 977 916 1023 errant
942 968 1066 1032 isti;
1100 967 1194 1023 sed
1224 977 1278 1021 tu
1308 969 1451 1022 ﬁxus
1481 979 1622 1033 esto,
1651 983 1751 1021 nec

210 1067 403 1124 dubites
447 1061 515 1114 de
568 1060 882 1129 huiusmodi
916 1061 1042 1124 ﬁde,
1077 1061 1258 1115 sciens
1300 1058 1426 1127 quia
1480 1059 1623 1112 Deus
1657 1056 1749 1112 tibi

210 1152 425 1212 ostendit
449 1150 592 1204 hanc
629 1148 752 1203 ﬁdei
787 1148 951 1205 viam.
986 1149 1108 1216 lpse
1137 1149 1285 1205 enim
1330 1147 1543 1202 dixit“:
1576 1165 1595 1198 ι
1622 1146 1751 1202 Τοι-

210 1253 362 1307 lentes
395 1245 458 1299 de
501 1242 680 1299 Dthon
725 1252 926 1307 castra,
970 1240 1237 1297 collocate
1286 1254 1352 1294 ea
1390 1241 1535 1295 inter
1571 1242 1753 1311 Epan-

209 1345 357 1404 leum,
386 1347 437 1392 et
476 1337 626 1392 inter
657 1336 959 1407 Magdalum
996 1342 1185 1389 contra
1216 1332 1575 1404 Beelsephou.
1598 1350 1617 1385 ι
1646 1332 1754 1387 Fu-

206 1435 341 1504 giens
359 1444 483 1500 ergo
517 1428 811 1499 Egyptnm
852 1426 1007 1481 venis
1050 1426 1116 1479 ad
1152 1426 1266 1479 haec
1323 1424 1468 1488 loca,
1497 1424 1652 1478 venis
1684 1424 1752 1478 ad

207 1527 294 1580 has
324 1534 538 1592 operum
569 1518 919 1573 ascensiones
940 1526 989 1570 et
1022 1515 1172 1587 ﬁdei,
1190 1515 1343 1569 venis
1375 1515 1442 1569 ad
1466 1514 1752 1569 aediﬁcium

205 1615 375 1676 turris,
402 1613 554 1666 venis
602 1612 766 1665 etiam
812 1611 877 1664 ad
917 1626 1089 1677 mare,
1117 1618 1174 1665 et.
1198 1615 1495 1663 occurrunt
1531 1606 1627 1660 tibi
1655 1605 1755 1658 llu-

202 1720 330 1765 clus.
360 1705 475 1760 Non
518 1707 661 1759 enim
716 1704 821 1758 iter
851 1703 975 1758 vitae
1014 1704 1137 1757 sine
1186 1700 1547 1756 tentationum
1578 1697 1755 1752 ﬂucti-

201 1805 292 1859 bus
314 1803 504 1872 agitur.
531 1799 683 1854 Sicut
713 1809 768 1854 et
802 1797 1098 1868 Apostolus
1139 1797 1309 1852 dicit’
1337 1810 1352 1850 :
1381 1813 1400 1847 ι
1426 1794 1631 1850 Omnes
1657 1794 1749 1863 qui

199 1896 372 1948 volunt
402 1892 489 1961 pie
520 1892 703 1945 vivere
748 1890 801 1944 in
825 1889 1067 1955 Christo,
1102 1887 1511 1957 persecutiones
1538 1886 1747 1953 patien.

200 1997 341 2040 tur.»
394 1982 501 2038 Sed
561 1980 663 2037 Job
730 1981 1086 2037 nihilominus
1146 1978 1559 2043 pronuntiat“,
1615 1977 1746 2044 quia

199 2098 218 2130 ι
246 2078 457 2133 lentatio
505 2086 590 2131 est
639 2076 748 2130 vita
782 2086 970 2135 nostra
1010 2088 1178 2145 super
1216 2083 1484 2129 terram.»
1526 2070 1640 2127 Hoc
1666 2079 1750 2127 est

193 2184 313 2240 ergo
335 2167 547 2222 venisse
578 2167 644 2221 ad
679 2182 850 2224 mare.
1628 2224 1631 2225 ν

256 2260 306 2315 ι.
335 2258 439 2313 Sed
468 2258 515 2312 si
552 2259 804 2328 Moysen,
832 2257 884 2312 id
914 2266 998 2313 est
1034 2258 1208 2327 legem
1234 2256 1331 2311 Dei
1364 2268 1596 2326 sequens
1620 2268 1753 2325 agas

194 2353 287 2407 hoc
315 2353 433 2414 iter,
464 2348 761 2420 [Egyptius
800 2357 854 2403 te
890 2349 1112 2417 quidem
1150 2347 1503 2418 persequitur
1531 2356 1586 2402 et
1613 2348 1752 2401 inse-

194 2452 374 2507 ctatur,
398 2441 490 2495 sed
527 2442 656 2494 vide
686 2440 815 2509 quid
846 2439 939 2493 ﬁat
967 2457 980 2493 :
1014 2454 1035 2489 ι
1061 2438 1307 2506 Levavit,
1356 2438 1535 2507 inquit
1560 2438 1623 2501 “,
1654 2454 1753 2491 an-

191 2539 326 2609 gelus
350 2536 590 2602 Domini,
614 2535 705 2605 qui
731 2534 1091 2589 antecedebat
1121 2541 1298 2587 castra
1331 2530 1516 2595 l~rael,
1546 2529 1752 2585 etabiit

189 2641 299 2700 post
331 2631 469 2683 illos.
498 2627 747 2683 Elevavit
775 2635 828 2681 et
850 2624 1097 2680 columna
1126 2624 1285 2678 nubis
1309 2636 1338 2676 a
1371 2621 1508 2677 facie
1534 2635 1750 2684 eorum,

187 2735 240 2781 et
259 2726 399 2781 stetit
429 2732 556 2794 post
583 2722 725 2785 illos,
760 2728 815 2775 et
846 2719 1071 2773 intravit
1098 2717 1242 2771 inter
1265 2724 1443 2771 castra
1461 2713 1751 2784 Egyptio-

191 2833 298 2872 rum
326 2826 378 2870 et
428 2814 830 2871 lsraelitarum.
863 2829 882 2862 ι
928 2809 1054 2865 Haec
1084 2807 1337 2863 columna
1367 2807 1529 2861 nubis
1553 2805 1751 2876 populo

188 2903 390 2971 quidem
433 2901 536 2955 Dei
567 2900 797 2956 efficitur
839 2912 1052 2961 murus,
1083 2894 1356 2967 Egyptiis
1395 2911 1523 2950 vero
1554 2896 1753 2950 obscu-

188 2996 393 3050 ritatem
437 2992 675 3063 imponit
703 2999 756 3046 et
785 2992 1059 3059 tenebras.
1092 2989 1207 3044 Non
1238 2989 1384 3043 enim
1419 2987 1752 3042 transfertur

183 3085 418 3145 columna
453 3083 603 3154 ignis
635 3082 702 3137 ad
729 3080 1036 3153 Egyptios,
1072 3087 1133 3134 ut
1165 3078 1383 3133 videant
1424 3077 1623 3142 lucem,
1655 3076 1749 3131 sed

1855 601 2129 671 proﬁcisci
2193 602 2409 671 quidem
2456 600 2534 656 “ad
2601 604 2985 672 perfectionem
3043 614 3416 677 quaerendam.

1856 692 2013 748 Unde
2062 704 2116 748 et
2150 708 2338 748 eorum
2396 694 2529 749 falsa
2567 697 2781 752 videtur
2818 701 3023 767 Opinio,
3062 703 3151 770 qui
3185 704 3313 758 dum
3337 707 3419 758 ni-

1843 785 1956 843 .rnis
1986 785 2215 839 arduum
2247 784 2351 839 iter
2373 786 2594 841 virtutis
2623 800 2923 857 exponunt,
2959 794 3194 862 dumque
3223 794 3422 850 multas

1853 873 1970 939 eius
2002 871 2372 939 diflicultatcs,
2417 879 2693 946 multaque
2726 881 2963 948 pericula
2992 893 3047 936 et
3074 883 3255 953 lapsus
3287 900 3421 939 enu-

1854 975 2089 1031 merant,
2128 980 2196 1021 ne
2239 966 2529 1021 ineundum
2566 970 2783 1037 quidem
2833 971 2886 1024 id
2927 975 3415 1045 autineipiendum

1848 1056 2117 1125 iudicant.
2154 1054 2261 1110 Sed
2293 1057 2463 1112 multo
2484 1060 2678 1115 melius
2699 1071 2781 1116 est
2800 1077 2884 1117 me
2906 1064 2960 1118 in
2982 1065 3086 1119 hoc
3106 1067 3303 1123 itinere
3334 1071 3420 1125 vel

1854 1150 2011 1213 mori,
2046 1150 2090 1204 si
2120 1150 2190 1205 ita
2228 1165 2450 1208 necesse
2478 1163 2585 1219 est,
2610 1166 2770 1221 quam
2814 1153 2959 1209 inter
2986 1154 3268 1225 Egyptios
3299 1174 3422 1228 per-

1854 1248 2165 1295 manentem
2204 1244 2412 1308 necari,
2441 1254 2498 1300 et
2533 1243 2689 1300 falsis
2717 1253 2885 1315 atque
2929 1248 3286 1304 amarissimis
3313 1251 3418 1305 ttu-

1854 1330 2029 1384 ctibus
2057 1330 2239 1405 obrui.
2266 1330 2375 1389 Sed
2405 1333 2625 1388 interim
2669 1333 2873 1387 clamat
2908 1333 3119 1405 Moyses
3145 1338 3210 1389 ad
3238 1338 3425 1393 Domi-

1855 1436 2003 1476 num.
2049 1421 2331 1489 Quomodo
2366 1425 2610 1480 clamat?
2651 1423 2808 1481 Nulla
2848 1426 2965 1494 ejus
3008 1442 3113 1482 vox
3164 1430 3422 1487 clamoris

1854 1513 2091 1582 auditur,
2123 1524 2180 1569 et
2205 1523 2385 1569 tamen
2417 1516 2547 1571 dicit
2573 1516 2639 1570 ad
2664 1531 2787 1571 eum
2819 1517 3019 1572 Deus”
3045 1536 3057 1570 :
3096 1536 3113 1568 ι
3138 1518 3278 1585 Quid
3305 1521 3422 1574 cla-

1853 1619 1973 1658 mas
2000 1606 2065 1659 ad
2097 1605 2216 1660 me?
2239 1624 2257 1658 ι
2295 1605 2470 1662 Velim
2500 1608 2642 1664 scire
2660 1610 2936 1680 quomodo
2963 1612 3137 1665 sancti
3177 1611 3295 1666 sine
3326 1626 3421 1667 vo-

1854 1710 1917 1750 ce
1962 1696 2198 1752 clamant
2247 1699 2313 1751 ad
2351 1699 2658 1753 Dominum.
2705 1699 2998 1768 Apostolus
3052 1701 3238 1766 docet,
3292 1706 3420 1771 quia

1855 1788 2004 1842 dedit
2052 1788 2194 1844 Deus
2235 1787 2496 1860 Spiritum
2534 1790 2659 1845 Filii
2695 1792 2779 1846 sui
2812 1792 2865 1845 in
2900 1792 3158 1848 cordibus
3194 1796 3420 1862 nostris,

1852 1883 2175 1937 clamantem
2198 1898 2215 1935 :
2242 1901 2267 1934 ί
2292 1883 2443 1937 Abha
2472 1894 2650 1953 pater.
2681 1902 2701 1935 ο
2746 1884 2812 1939 Et
2842 1884 2991 1939 addit
3023 1902 3038 1938 :
3064 1904 3081 1937 ι
3106 1884 3224 1955 Ipse
3255 1887 3423 1957 spiri—

1853 1977 1939 2024 tus
1975 1969 2287 2041 interpellat
2334 1986 2431 2039 pro
2490 1973 2649 2028 nobis
2705 1974 2997 2042 gemitibus
3050 1975 3425 2031 inenarrabili-

1851 2062 2021 2117 bus.»
2074 2061 2139 2115 Et
2188 2062 2607 2130 iterumuQui
2658 2074 2843 2119 autem
2904 2077 3184 2121 scrutatur
3230 2069 3419 2135 corda,

1851 2152 1955 2206 scit
1984 2152 2114 2220 quid
2143 2153 2414 2209 desideret
2442 2155 2691 2222 Spiritus,
2729 2157 2856 2224 quia
2892 2159 3190 2212 secundum
3249 2159 3420 2214 Deum

1853 2244 2090 2313 postulat
2122 2258 2220 2314 pro
2249 2246 2539 2301 sanctis“.
2561 2267 2579 2300 ι
2599 2242 2689 2304 Sic
2704 2261 2834 2316 ergo
2884 2247 3268 2318 interpellante
3298 2251 3424 2321 Spi-

1853 2336 1960 2391 ritu
1996 2345 2183 2392 sancto
2214 2337 2355 2406 apud
2402 2337 2595 2404 Deum,
2630 2352 2728 2407 per
2772 2339 3048 2394 silentium
3101 2353 3418 2399 sanctorum

1853 2427 2060 2481 clamor
2084 2429 2324 2485 auditur.

1933 2520 1987 2576 5.
2017 2520 2082 2577 Et
2110 2521 2241 2592 quid
2278 2533 2402 2591 post
2444 2523 2582 2578 hoc?
2612 2521 2846 2578 Jubetur
2879 2523 3089 2596 Moyses
3124 2527 3275 2597 virga
3299 2545 3424 2598 per-

1852 2624 2042 2671 cutere
2074 2630 2248 2680 mare,
2286 2623 2344 2669 ut
2372 2615 2695 2686 ingredienti
2723 2616 2921 2686 populo
2957 2619 3049 2672 Dei
3094 2620 3341 2675 dehiscat
3364 2629 3422 2676 et

1853 2708 2035 2775 cedat,
2072 2721 2136 2761 ac
2170 2705 2437 2761 voluntati
2485 2706 2683 2761 divina:
2721 2706 3118 2762 elementorum
3158 2710 3423 2767 famulen-

1855 2809 1945 2855 tur
1980 2800 2272 2870 obsequia;
2302 2808 2361 2854 et
2395 2813 2549 2869 aquae
2577 2813 2698 2868 quae
2724 2800 3077 2870 timebantur,
3109 2802 3300 2857 dextra
3330 2803 3422 2857 Ιεκι

1853 2905 2030 2960 vaque
2051 2890 2273 2945 famulis
2304 2888 2397 2944 Dei
2424 2903 2612 2943 murus
2645 2887 2867 2955 eﬁ‘eette,
2898 2905 3002 2945 non
3039 2891 3212 2946 solum
3237 2893 3423 2961 perni.

1852 2987 1990 3040 ciem
2028 2983 2297 3047 nesciant,
2321 2982 2414 3036 sed
2450 2992 2506 3035 et
2550 2982 2831 3035 munimen
2853 2983 3166 3038 exhibeant.
3197 2985 3420 3055 Cogitur

1852 3091 1984 3146 ergo
2014 3073 2211 3129 fluetus
2263 3074 2317 3127 in
2367 3071 2667 3136 cumulum,
2699 3083 2753 3126 et
2794 3075 2939 3127 unda
2990 3073 3043 3128 in
3072 3075 3421 3143 semetipsam

183 3181 232 3234 in
261 3179 493 3234 tenebris
547 3182 893 3247 permanent.
924 3174 1048 3243 quia
1088 3191 1106 3224 ι
1133 3171 1440 3227 dilexerunt
1493 3171 1749 3225 tenebras
1779 3200 1823 3262 ε
1855 3182 2098 3237 repressa
2124 3172 2400 3221 curvatur.
2427 3162 2769 3219 Soliditatem
2797 3164 2992 3233 recipit
3018 3165 3223 3235 liquor,
3251 3177 3307 3221 et
3334 3184 3424 3223 so-

184 3273 344 3341 magis
373 3287 544 3343 quam
574 3270 856 3325 lucem".i
880 3268 946 3321 Et
979 3277 1179 3334 tuergo
1206 3265 1249 3319 si
1280 3264 1347 3317 ab
1367 3261 1640 3334 Egyptiis
1665 3276 1750 3315 re—

179 3367 352 3430 cedas,
371 3364 507 3418 etde
536 3370 803 3432 potestate
836 3361 1139 3415 daunonnm
1174 3358 1371 3427 fugias,
1398 3357 1519 3411 vide
1546 3368 1748 3424 quanta

181 3456 429 3511 divinitus
480 3457 587 3510 tibi
639 3462 1014 3525 praeparantur
1066 3450 1291 3515 auxilia,
1350 3450 1474 3504 vide
1531 3451 1751 3519 quantis

176 3550 512 3619 adiutoribus
550 3547 742 3602 uteris.
774 3543 1010 3598 Tantum
1036 3558 1120 3599 est
1150 3554 1205 3598 ut
1233 3558 1562 3613 permaneas
1597 3541 1750 3595 fortis

179 3643 229 3698 in
260 3645 378 3706 ﬁde,
416 3657 526 3697 uec
560 3651 612 3697 te
641 3640 1023 3711 Egyptiorum
1069 3638 1345 3707 equitatus
1374 3647 1427 3691 et
1459 3636 1750 3706 quadriga-

176 3747 285 3787 rum
320 3734 561 3789 formido
586 3739 909 3803 perterreat,
941 3745 1043 3785 nec
1073 3729 1336 3784 reclames
1368 3740 1555 3783 contra
1576 3728 1747 3798 legem

177 3826 261 3881 Dei
291 3835 343 3880 et
374 3826 629 3897 Moysen,
660 3833 716 3878 et
746 3823 920 3887 dicas,
956 3823 1098 3900 sicut
1125 3823 1341 3889 quidam
1372 3836 1435 3875 ex
1460 3821 1568 3875 illis
1597 3822 1749 3875 dixe-

176 3929 293 3973 runt
318 3919 364 3951 ¹³
395 3937 412 3974 :
444 3935 465 3970 ι
489 3916 779 3986 Tanquam
811 3930 921 3970 non
958 3922 1143 3970 essent
1188 3913 1438 3983 sepulcra
1489 3914 1544 3967 iu
1581 3913 1771 3985 IEgy-~

173 4024 277 4081 pto,
307 4014 377 4068 ita
408 4011 655 4069 eduxisti
698 4025 815 4075 nos,
836 4018 894 4063 ut
933 4009 987 4063 in
1034 4008 1250 4062 deserto
1286 4006 1394 4063 hoc
1425 4009 1745 4062 moriamur.

170 4105 348 4160 Melius
374 4105 566 4161 fuerat
621 4119 719 4158 nos
750 4102 960 4158 servire
988 4101 1279 4172 Egyptiis,
1307 4115 1470 4171 quam
1526 4102 1660 4154 mori
1692 4100 1744 4153 in

171 4202 374 4255 deserto
415 4201 551 4255 hoc.
582 4218 601 4251 ι
646 4196 774 4252 Haec
818 4197 1123 4251 fatiscentis
1152 4197 1205 4249 in
1249 4194 1551 4250 tentatione
1579 4196 1743 4249 animi

169 4292 321 4346 verba
349 4302 501 4347 sunt.
546 4290 650 4344 Sed
686 4289 808 4357 quis
842 4287 917 4341 ita
952 4288 1142 4342 beatus
1172 4293 1278 4351 est,
1312 4286 1405 4355 qui
1459 4286 1541 4341 sic
1566 4295 1745 4341 tenta-

170 4382 363 4437 tionum
398 4383 625 4453 pondus
652 4380 930 4450 expediat,
968 4387 1025 4432 ut
1064 4378 1211 4432 nulla
1246 4379 1413 4433 menti
1447 4378 1567 4445 eius
1607 4380 1747 4449 cogi-

170 4476 293 4530 tatio
314 4474 703 4545 ambiguitatis
728 4471 993 4542 obrepat?
1030 4471 1163 4526 Vide
1200 4486 1402 4540 magno
1444 4472 1519 4525 illi
1552 4471 1745 4525 Eccle-

1856 3262 1966 3315 lum
2002 3260 2168 3314 maris
2198 3259 2399 3314 arescit
2434 3257 2486 3312 in
2514 3258 2813 3328 pulverem,
2838 3268 2897 3313 ut
2934 3259 3078 3314 sicca
3120 3261 3305 3330 planta
3334 3280 3427 3333 po-

1854 3354 2011 3423 pulus
2040 3353 2132 3408 Dei
2163 3352 2441 3407 transiret.
2470 3351 2772 3406 Bonitatem
2803 3351 2894 3405 Dei
2931 3355 3198 3408 creatoris
3220 3355 3421 3409 intelli-

1854 3462 1945 3515 ge,
1976 3445 2019 3499 si
2053 3444 2317 3497 voluntati
2350 3441 2469 3509 eius
2504 3441 2869 3509 obtemperes,
2912 3443 2955 3496 si
2996 3442 3166 3513 legem
3192 3443 3308 3513 eius
3336 3460 3424 3501 se-

1852 3538 2059 3604 quaris,
2080 3534 2193 3603 ipse
2229 3533 2323 3586 tibi
2346 3532 2616 3586 elementa
2642 3531 2805 3586 etiam
2838 3542 3025 3586 contra
3055 3534 3137 3586 sui
3166 3544 3419 3588 naturam

1853 3624 2061 3680 servire
2112 3622 2406 3689 compellit.
2466 3622 2660 3677 Audivi
2707 3637 2737 3675 a
2785 3622 3085 3693 maioribus
3138 3626 3416 3689 traditum,

1853 3718 1998 3788 quod
2045 3718 2098 3771 in
2135 3716 2235 3769 ista
2270 3714 2607 3784 digressione
2640 3714 2826 3777 maris,
2860 3713 3087 3783 singulis
3118 3713 3424 3783 quibusque

1855 3810 2102 3865 tribubus
2142 3808 2382 3862 ﬁliorum
2425 3804 2611 3866 Israel.
2646 3804 2874 3874 singulae
2908 3820 3169 3873 aquarum
3202 3806 3426 3859 divisio-

1850 3920 1949 3961 nes
1980 3904 2135 3957 factae
2170 3903 2301 3964 sint,
2332 3910 2386 3953 et
2414 3898 2630 3967 propria
2664 3896 2962 3963 unicuique
3002 3894 3165 3948 tribui
3200 3894 3252 3947 in
3281 3896 3416 3948 mari

1848 4006 2039 4068 aperta
2082 3996 2155 4049 sit
2194 3993 2304 4057 via,
2350 3991 2515 4059 idque
2545 3987 2759 4042 ostendi
2790 4002 2855 4041 ex
2885 4002 2972 4049 eo,
3006 3987 3149 4054 quod
3177 3986 3231 4039 in
3264 3985 3413 4039 Psal-

1852 4091 1953 4146 mis
1991 4088 2257 4158 scriptum
2297 4093 2380 4139 est
2403 4083 2446 4115 "
2474 4099 2486 4135 :
2519 4101 2537 4132 ι
2561 4082 2662 4149 Qui
2689 4080 2877 4134 divisit
2903 4092 3053 4131 mare
3085 4077 3329 4131 Rubrum
3361 4080 3414 4131 in

1849 4183 2205 4241 divisiones.»
2248 4177 2353 4233 Per
2383 4177 2525 4244 quod
2584 4173 2770 4228 multa:
2820 4172 3113 4226 divisiones
3159 4170 3427 4224 docentur

1850 4276 2025 4335 factae,
2062 4286 2168 4327 non
2232 4281 2358 4320 una.
2402 4264 2511 4318 Sed
2548 4272 2603 4316 et
2654 4276 2750 4330 per
2786 4262 2886 4315 hoc
2930 4262 3072 4328 quod
3107 4258 3415 4312 dicitur”:

1854 4366 1969 4420 «lbi
2020 4363 2301 4433 Beniamin
2345 4358 2531 4427 iunior
2565 4356 2618 4408 in
2672 4363 2911 4422 stupore,
2968 4352 3237 4421 principes
3280 4350 3419 4405 Juda

1849 4460 2016 4514 duces
2041 4471 2250 4521 eorum,
2275 4453 2547 4525 principes
2570 4448 2835 4513 Zabulou,
2866 4453 2920 4499 et
2942 4444 3214 4513 principes
3243 4442 3423 4510 Neph-

165 4568 253 4623 siae
292 4568 677 4631 fundamento,
713 4576 765 4619 et
797 4572 963 4634 petrae
999 4562 1367 4627 solidissima,
1402 4577 1742 4631 superquam
1776 4556 1821 4612 υ
1853 4552 2065 4613 ιιιειιῐῐῐιν
2091 4567 2110 4599 ι
2172 4547 2527 4601 nihilominus
2593 4539 2893 4634 Uni0“i_(lue
2936 4534 3100 4632 ιτίῦυξ
3159 4534 3418 4634 ριόρτίξιε

166 4661 409 4717 Christus
449 4660 705 4715 fundavit
729 4657 1035 4723 Ecclesiam
1068 4657 1132 4720 ³⁵,
1168 4657 1297 4725 quid
1326 4656 1539 4710 dicatur
1568 4671 1597 4709 a
1638 4657 1744 4709 Do-

167 4754 306 4807 mino
338 4768 354 4807 :
394 4771 415 4804 ι
445 4752 702 4813 Modica),
737 4749 915 4818 inquit
938 4748 1004 4812 ",
1036 4747 1183 4813 ﬁdei,
1234 4760 1403 4814 quare
1453 4746 1613 4817 146
1648 4747 1743 4798 du-

165 4843 378 4903 bitasti?
404 4868 423 4901 ι
462 4844 854 4899 Verumtamen
883 4840 1007 4909 quia
1031 4839 1219 4895 dicunt
1242 4838 1285 4869 “
1316 4855 1331 4890 :
1360 4856 1378 4889 ι
1412 4837 1603 4891 Melius
1632 4836 1751 4892 fue-

166 4948 245 4991 rat
288 4954 388 4994 nos
430 4937 645 4993 servire
693 4932 983 5003 Adgyptiis,
1015 4944 1182 5001 quam
1231 4927 1369 4982 mori
1409 4927 1461 4980 in
1488 4940 1695 4991 eremo,
1726 4944 1742 4976 ι
1778 4984 1783 4987 _

165 5031 484 5084 tentationis
531 5039 586 5082 et
618 5022 928 5095 fragilitatis
957 5022 1074 5076 hate
1108 5019 1272 5074 verba
1305 5025 1458 5072 sunt.
1492 5014 1744 5082 Alioquin

163 5121 354 5176 falsum
402 5130 528 5183 est;
561 5119 718 5187 longe
744 5116 891 5170 enim
930 5112 1124 5168 melius
1153 5120 1238 5165 est
1266 5110 1322 5162 in
1349 5122 1535 5163 eremo
1581 5105 1740 5186 mori,

160 5231 317 5286 quam
355 5215 578 5271 servire
619 5211 912 5283 Aigyptiis.
948 5207 1051 5275 Qui
1084 5206 1229 5261 enim
1261 5205 1313 5258 in
1355 5216 1537 5259 eremo
1579 5201 1743 5255 mori—

163 5318 266 5370 tur.
300 5310 408 5364 hoc
448 5309 575 5376 ipso
606 5305 750 5374 quod
789 5310 1077 5370 separatus
1130 5305 1215 5352 est
1264 5295 1331 5350 ab
1370 5291 1663 5365 Egyptiis,
1690 5298 1746 5365 et

161 5400 416 5457 discessit
449 5416 481 5454 a
529 5397 835 5455 rectoribus
866 5395 1238 5453 tenebrarum,
1278 5397 1334 5442 et
1370 5387 1435 5441 de
1476 5391 1744 5455 potestate

163 5492 403 5557 Satanm,
427 5494 632 5549 habuit
658 5490 895 5559 aliquem
935 5483 1266 5556 profectum,
1299 5480 1461 5535 etiam
1494 5477 1538 5532 si
1563 5475 1630 5529 ad
1662 5474 1746 5527 in—

163 5595 373 5653 tegrum
421 5585 721 5652 pervenire
755 5597 860 5635 non
898 5578 1096 5647 potuit.
1135 5574 1330 5627 Melius
1367 5569 1513 5624 enim
1560 5564 1743 5635 perfe-

225 5681 247 5713 ⁸
273 5679 447 5733 Exod.
484 5693 602 5742 xlv,
628 5678 686 5731 2.
762 5676 784 5707 ⁹
814 5674 855 5728 ll
879 5673 1019 5726 Tim.
1053 5667 1277 5742 nt.__l‘2._
1364 5664 1408 5695 “
1429 5660 1740 5742 Iohanni.

163 5747 245 5808 ll.
278 5750 368 5801 η.
454 5748 502 5779 ιδ
537 5733 723 5801 nium.
752 5761 864 5799 XVI.
903 5744 989 5796 l8.
1069 5741 1110 5771 ιε
1136 5738 1322 5791 Matth.
1351 5749 1461 5808 aly,
1489 5733 1577 5808 5t.

492 5912 771 5972 ΡΔΤιιοι.
816 5908 933 5969 Gtt.
982 5903 1122 5965 ΧΠ.

1657 5702 1908 5781 η”Εχοιι
1932 5702 2053 5782 inv,
2084 5713 2171 5769 12.
2234 5702 2290 5742 7"
2320 5702 2476 5774 ibid.,
2503 5705 2589 5760 l5.

753 5794 782 5799 κ
803 5794 1015 5868 ἀδνΡίεξιΙ.
1039 5825 1209 5874 vau,
1236 5807 1327 5867 28,
1359 5794 1457 5861 29..
1491 5805 1531 5836 ²¹
1568 5804 1585 5856 l
1617 5800 1742 5856 Cor.
1772 5813 1827 5864 x,
1854 5794 1908 5848 2.

1850 4636 2163 4695 enumerari
2198 4636 2413 4688 videtur
2442 4634 2740 4701 ingressus.
2775 4625 2901 4679 llaec
2929 4640 2958 4676 a
2986 4622 3284 4690 maioribus
3316 4620 3417 4672 ob-

1852 4738 2069 4785 servata
2112 4726 2167 4780 in
2219 4721 2525 4791 Scripturis
2572 4714 2790 4776 divinis,
2847 4710 3161 4779 religiosum
3213 4705 3418 4759 credidi

1855 4835 1958 4875 non
1990 4828 2189 4871 tacere.
2220 4813 2363 4879 Quid
2408 4824 2539 4876 ergo
2580 4821 2676 4861 nos
2703 4806 2962 4859 docemur
2987 4815 3081 4870 per
3112 4799 3269 4853 haec?
3295 4797 3417 4852 Jam

1850 4911 2101 4980 superius
2128 4908 2361 4963 diximus
2406 4903 2528 4972 quis
2561 4901 2636 4953 sit
2666 4898 2716 4951 in
2761 4895 2848 4950 his
2873 4892 3114 4963 Apostoli
3141 4890 3418 4945 sensus".

1844 5004 2175 5073 Baptismnm
2227 4999 2331 5052 hoc
2382 4990 2626 5049 nominat
2671 4988 2725 5042 in
2756 4985 2938 5057 Moyse
2973 4989 3413 5038 consummatum

1846 5098 1899 5150 in
1925 5070 2077 5149 nube
2099 5102 2153 5146 et
2184 5092 2238 5144 in
2262 5088 2422 5150 mari,
2452 5094 2509 5139 ut
2536 5094 2591 5138 et
2626 5093 2679 5136 tu
2712 5080 2804 5149 qui
2832 5076 3133 5147 baptizaris
3161 5073 3214 5127 in
3250 5070 3413 5127 Chri-

1843 5196 1946 5249 sto,
1977 5184 2031 5238 in
2065 5194 2203 5250 aqua
2234 5188 2288 5234 et
2331 5179 2385 5231 in
2439 5175 2646 5245 Spiritu
2682 5179 2894 5232 sancto,
2952 5166 3092 5221 scias
3154 5159 3411 5215 insectari

1843 5276 2063 5347 quidem
2110 5248 2232 5342 post
2276 5282 2329 5326 te
2377 5266 2686 5339 Egyptios,
2723 5273 2779 5316 et
2803 5260 2941 5315 velle
2976 5266 3027 5311 te
3055 5266 3312 5310 revocare
3344 5248 3414 5306 ad

1788 5395 1791 5398 ν
1843 5340 2131 5424 servitium
2176 5378 2358 5426 suum,
2389 5368 2631 5415 rectores
2671 5356 2882 5411 scilicet
2912 5349 3077 5420 huius
3121 5340 3330 5403 mundi,
3361 5345 3416 5391 et

1843 5459 2117 5533 spiritales
2166 5454 2455 5523 nequitias,
2496 5450 2694 5518 quibus
2732 5456 2891 5500 antea
2932 5428 3415 5533 desert-isti.“Qti.m

1843 5517 2116 5610 conantur
2154 5545 2371 5616 quidem
2426 5517 2480 5595 te
2516 5517 2753 5606 insequi,
2796 5533 2891 5590 sed
2937 5539 2991 5585 tu
3037 5520 3321 5582 descendis
3361 5517 3413 5569 in

1852 5653 1894 5686 η
1930 5645 2103 5703 Exod.
2136 5615 2246 5703 xiv,
2279 5637 2367 5692 l9.
2464 5637 2505 5667 ¹²
2530 5634 2683 5688 Joan.
2712 5647 2800 5691 In.
2836 5627 2924 5683 l9.
3026 5622 3068 5653 ¹³
3096 5615 3267 5672 Exod.
3294 5625 3410 5673 xuv,

1856 5724 1885 5755 ιι
1939 5734 2030 5755 νιν
2084 5713 2169 5755 49,
2250 5710 2290 5742 ιτ
2322 5702 2589 5755 ihid-.l5.
2670 5702 2894 5755 "Rom.
2928 5708 3047 5755 vm,
3084 5689 3169 5750 15,
3204 5682 3385 5742 26.Ξῖ

3022 5852 3089 5912 11
