3902 6516
485 395 592 453 33H

1972 375 2292 436 ORIGENIS
2647 429 2654 435 .
3593 385 3674 441 33,,

495 527 695 584 aquam
718 518 774 566 et
804 507 988 564 evadis
1018 502 1347 568 incolumis;
1385 509 1549 572 atque
1594 499 1794 554 ablutis
1823 497 2072 553 sordibus
2100 503 2146 559 Α
2174 497 2330 565 gaius
2381 493 2495 548 haec
2545 492 2715 557 dices,
2746 491 2789 546 si
2837 488 3094 544 habueris
3129 498 3429 560 tympanum
3468 492 3514 545 in
3551 511 3674 552 manu

495 615 878 678 peccatorum,
942 602 1101 655 homo
1155 609 1326 650 novus
1377 587 1670 656 ascendis,
1723 597 1943 660 paratus
1996 589 2064 642 ad

496 696 826 756 cantandum
849 693 1123 749 canticum
1148 703 1368 744 novum.
1397 685 1635 757 Egyptii
1666 699 1797 738 vero
1840 691 1963 753 post
2013 691 2064 735 te

498 794 869 860 insequentes,
896 785 1281 853 demergentur
1328 780 1381 834 in
1417 779 1694 847 abyssum,
1723 775 1933 830 etiamsi
1979 772 2064 826 vi-

495 879 694 933 dentur
722 871 1133 944 rogareJesum,
1169 884 1240 924 ne
1259 868 1473 922 interim
1499 867 1676 919 mittat
1709 879 1802 919 eos
1830 866 1882 918 in
1903 864 2066 934 abys-

496 984 614 1024 sum
637 969 702 1021 “.
747 965 854 1020 Sed
887 973 942 1019 et
969 963 1133 1017 alium
1169 975 1235 1016 ex
1281 960 1366 1014 his
1400 959 1647 1027 accipere
1669 971 1956 1027 possumus
1981 955 2062 1007 in.

499 1059 795 1115 tellectum.
829 1055 885 1111 Si
919 1053 1216 1126 Egyptum
1249 1052 1447 1122 fugias,
1486 1051 1529 1105 si
1562 1048 1883 1119 ignorantiae
1910 1055 2064 1100 tene-

496 1153 624 1207 bras
671 1150 966 1219 relinquas,
991 1156 1044 1201 et
1071 1145 1319 1215 sequaris
1354 1143 1525 1213 legem
1569 1141 1663 1195 Dei
1695 1139 1938 1210 Moysen,
1969 1136 2066 1190 ob-

497 1245 610 1296 viet
640 1250 821 1295 autem
869 1237 965 1293 tibi
1013 1249 1182 1300 mare,
1208 1243 1263 1289 et
1303 1230 1794 1288 contradicentium
1835 1227 1930 1282 tibi
1960 1226 2066 1281 ﬁu-

497 1343 618 1387 ctus
646 1334 957 1392 occurrant,
986 1332 1208 1396 percute
1257 1333 1312 1377 tu
1339 1323 1684 1376 obluctantes
1711 1319 1886 1373 undas
1913 1318 2064 1385 virga

498 1424 691 1494 Moysi,
718 1423 770 1477 id
811 1429 896 1476 est
940 1419 1109 1473 verbo
1153 1417 1308 1487 legis,
1345 1423 1400 1470 et
1433 1412 1713 1484 vigilantia
1754 1409 2064 1478 Scriptura-

497 1531 620 1569 rum
645 1514 751 1568 iter
784 1511 879 1565 tibi
905 1508 1006 1580 ipsi
1033 1505 1358 1575 disputando
1387 1519 1484 1574 per
1511 1499 1852 1557 adversarios
1866 1497 2064 1566 pande,

499 1601 904 1662 cedentiundae
946 1599 1232 1662 continuo,
1266 1606 1321 1650 et
1357 1593 1602 1664 superati
1644 1592 1842 1646 ﬂuctus
1887 1588 2064 1642 locum

496 1694 796 1750 vietorlbus
829 1690 1075 1754 dabunt,
1124 1685 1554 1752 mirantibusque
1604 1689 1658 1736 et
1711 1678 1957 1734 attonitis
2002 1691 2068 1730 ac

499 1793 721 1852 stupore
761 1780 953 1836 deﬁxis
994 1780 1080 1834 bis
1117 1778 1210 1848 qui
1251 1775 1410 1848 paulo
1459 1782 1584 1828 ante
1613 1769 2062 1834 adversabantur,

2169 599 2284 652 tua,
2320 588 2372 642 id
2399 595 2482 641 est
2531 587 2575 640 si
2605 599 2826 640 carnem
2875 592 3020 638 tuam
3056 584 3390 639 cruciﬁxeris
3429 600 3538 640 cum
3564 590 3675 645 vitiis

2166 692 2221 735 et
2253 677 2725 748 concupiscentiis,
2749 685 2803 730 et
2836 676 2882 730 si
2908 675 3322 730 mortiﬁcaveris
3353 675 3572 731 membra
3591 688 3679 748 tua,

2167 787 2288 843 qua:
2333 779 2456 826 sunt
2494 784 2656 836 super
2691 777 2912 822 terram.
2955 766 3025 821 Et
3083 775 3264 821 tamen
3302 767 3558 823 videamus
3581 772 3679 838 quid

2168 866 2340 921 dicit:
2380 882 2398 916 ι
2437 861 2732 918 Cantemus
2777 857 3024 922 Domino,
3061 859 3299 928 gloriose
3329 861 3466 912 enim
3504 860 3682 915 honori-

2170 958 2358 1013 ﬁcatus
2397 963 2500 1018 est,
2532 973 2551 1007 ι
2586 953 2740 1017 quasi
2779 967 2883 1006 non
2928 950 3200 1005 sufﬁceret
3233 968 3246 1004 :
3284 968 3303 1000 ι
3345 950 3680 1007 honoriﬁcatus

2167 1057 2271 1115 est,
2309 1067 2328 1100 ι
2363 1046 2458 1101 sed
2504 1044 2758 1099 addidit:
2797 1061 2815 1096 ι
2853 1042 3086 1112 gloriose
3138 1040 3516 1096 honoriﬁcatus
3556 1053 3676 1097 est.»

2167 1143 2425 1211 Equidem
2465 1147 2726 1209 quantum
2775 1153 2994 1208 possum
3039 1134 3330 1201 conjicere,
3364 1136 3560 1188 videtur
3581 1138 3678 1191 mihi

2167 1232 2310 1287 aliud
2339 1245 2458 1285 esse
2479 1227 2800 1298 gloriﬁcari,
2832 1225 2979 1280 aliud
3005 1224 3240 1294 gloriose
3262 1222 3558 1293 gloriﬁcari.
3580 1223 3682 1280 Nam

2168 1323 2428 1376 Dominus
2485 1334 2640 1374 meus
2693 1316 2850 1372 Jesus
2897 1315 3171 1378 Christus,
3221 1328 3340 1367 cum
3392 1327 3589 1367 carnem
3629 1329 3680 1372 et

2170 1413 2392 1482 Virgine
2424 1411 2592 1466 Maria
2622 1426 2720 1480 pro
2746 1409 2926 1464 salute
2961 1419 3148 1463 nostra
3181 1404 3438 1474 suscepit,
3463 1404 3683 1474 gloriﬁca-

2170 1515 2256 1560 tus
2273 1513 2355 1560 est
2380 1502 2619 1573 quidem,
2643 1500 2768 1569 quia
2802 1499 2950 1554 venit
2971 1511 3217 1568 qumrere
3241 1494 3383 1564 quod
3409 1493 3616 1562 perierat
3632 1495 3683 1556 ",

2171 1613 2276 1653 non
2313 1604 2491 1650 tamen
2526 1593 2762 1663 gloriose
2803 1589 3137 1660 gloriﬁcatus
3189 1595 3295 1642 est.
3343 1584 3538 1638 Dicitur
3574 1584 3683 1637 enim

2170 1690 2236 1745 de
2263 1690 2380 1757 ipso
2401 1688 2470 1754 ’⁷,
2499 1685 2621 1755 quia
2649 1702 2670 1735 ι
2701 1684 2936 1739 vidimus
2963 1695 3110 1744 eum,
3135 1687 3192 1732 et
3222 1691 3330 1730 non
3354 1675 3568 1730 habebat
3590 1689 3682 1742 spe-

2169 1782 2308 1836 ciem
2344 1791 2517 1846 neque
2551 1777 2823 1837 decorem,
2854 1781 2910 1826 et
2939 1771 3116 1824 vultus
3149 1768 3266 1838 ejus
3297 1762 3536 1832 ignobilis
3564 1776 3688 1830 super

497 1875 764 1945 legitimis
795 1881 850 1927 tu
895 1869 1320 1940 disputationum
1364 1866 1522 1920 lineis
1556 1871 1764 1919 rectum
1809 1861 1931 1915 ﬁdei
1964 1861 2069 1916 iter

2176 1873 2315 1926 ﬁlios
2340 1869 2640 1924 hominum.
2669 1884 2687 1918 ι
2711 1864 3059 1920 Cloriﬁcatus
3087 1868 3171 1915 est
3195 1867 3251 1912 et
3274 1871 3398 1911 cum
3428 1859 3491 1906 ad
3517 1866 3687 1906 crucem

499 1965 730 2028 secabis,
777 1972 836 2018 et
881 1963 1151 2016 intantum
1196 1957 1454 2013 doctrinae
1501 1955 1667 2009 verbo
1711 1949 1986 2023 proﬁcies,
2011 1957 2070 2002 ut

501 2056 783 2111 auditores
818 2053 918 2116 tui,
942 2065 1081 2122 quos
1111 2049 1165 2104 in
1195 2049 1347 2116 virga
1379 2046 1514 2117 legis
1541 2043 1792 2108 erudisti,
1827 2041 1928 2112 ipsi
1956 2039 2069 2110 jam

502 2158 692 2203 contra
721 2144 1024 2216 Egyptios,
1047 2142 1194 2198 velut
1227 2139 1424 2194 ﬂuctus
1454 2136 1622 2191 maris
1663 2135 1971 2204 insurgant,
2016 2140 2072 2186 et

499 2255 606 2294 non
639 2237 816 2293 solum
843 2237 1161 2305 impugnent
1183 2246 1298 2298 eos,
1320 2229 1414 2284 sed
1440 2241 1493 2282 et
1512 2234 1769 2296 superent
1791 2233 1845 2280 et
1863 2224 2072 2278 exstin-

499 2340 687 2401 guant.
716 2326 1024 2395 Exstinguit
1057 2337 1293 2391 namque
1333 2320 1672 2390 Egyptium,
1701 2318 1793 2386 qui
1822 2331 1928 2371 non
1961 2314 2074 2385 agit

498 2437 664 2492 opera
713 2421 1084 2474 tenebrarum.
1131 2412 1438 2482 Exstinguit
1469 2409 1802 2479 Egyplium,
1843 2407 1934 2476 qui
1961 2421 2067 2460 non

501 2512 818 2576 carnaliter,
849 2509 944 2564 sed
989 2505 1349 2577 spiritualiter
1373 2503 1529 2557 vivit.
1560 2499 1870 2570 Exstinguit
1899 2497 2071 2568 Egy-

501 2609 700 2678 ptium,
731 2603 823 2674 qui
852 2599 1212 2671 cogitationes
1241 2595 1489 2652 sordidas
1517 2603 1573 2650 et
1594 2593 1838 2660 impuras
1865 2592 1948 2646 vel
1975 2592 2072 2646 des

503 2699 656 2769 pellit
713 2711 781 2752 ex
847 2694 1033 2758 corde,
1100 2690 1184 2745 vel
1245 2687 1468 2743 omnino
1522 2701 1628 2742 non
1688 2683 1904 2753 recipit,
1959 2683 2070 2738 sica

511 2802 569 2846 ut
608 2797 666 2846 et
710 2786 1000 2857 Apostolus
1045 2783 1176 2838 dicit
1204 2781 1292 2835 ”:
1327 2799 1344 2832 ι
1374 2780 1728 2834 Assumentes
1760 2782 1970 2830 scutum
2006 2771 2070 2824 ﬁ-

504 2883 590 2938 dei
625 2882 679 2936 in
723 2893 833 2948 quo
871 2889 1156 2948 possumus
1203 2871 1383 2928 omnia
1425 2867 1604 2937 jacula
1653 2865 1872 2935 maligni
1904 2861 2072 2933 ignita

505 2973 874 3042 exsﬁnguere.
904 2987 922 3021 ›
963 2967 1077 3022 lloc
1097 2966 1239 3020 enim
1269 2962 1426 3043 modo
1459 2972 1752 3031 possumus
1782 2955 1945 3010 etiam
1977 2954 2074 3008 ho-

506 3067 593 3121 die
619 3063 909 3134 IEgyptios
933 3060 1120 3114 videre
1145 3064 1409 3122 mortuos,
1443 3063 1498 3108 et
1519 3052 1765 3123 jacenles
1801 3048 1869 3102 ad
1901 3047 2070 3111 littus,

503 3153 780 3222 submergi
837 3149 1130 3220 quadrigas
1187 3159 1373 3201 eorum
1420 3152 1476 3197 et
1531 3154 1723 3210 equos.
1775 3135 2074 3191 Possumus

2171 1963 2340 2027 venit,
2371 1970 2426 2016 et
2455 1960 2679 2030 pertulit
2714 1965 2975 2012 mortem.
3003 1954 3098 2009 Vis
3136 1949 3280 2006 scire
3310 1948 3437 2016 quia
3473 1942 3689 2012 gloriﬁca-

2173 2067 2260 2112 tus
2293 2055 2413 2110 est?
2444 2053 2564 2123 lpse
2607 2049 2888 2106 dicebat"
2921 2065 2936 2102 :
2977 2065 2995 2097 ι
3027 2045 3212 2108 Pater,
3255 2039 3405 2094 venit
3449 2039 3586 2099 hora,
3607 2035 3690 2088 cla.

2175 2149 2322 2202 riﬁca
2354 2144 2546 2199 Filium
2591 2151 2766 2204 tuum,
2819 2146 2878 2191 nt
2928 2137 3093 2190 Filius
3142 2143 3266 2187 tuus
3308 2128 3558 2184 clariﬁcet
3589 2135 3687 2178 te.»

2171 2243 2302 2296 Erat
2329 2255 2458 2307 ergo
2481 2239 2528 2292 ei
2555 2237 2752 2306 gloria,
2777 2234 2940 2289 etiam
2975 2232 3087 2301 ipsa
3115 2227 3298 2299 passio
3325 2224 3520 2284 crucis,
3546 2235 3692 2276 verum

2172 2328 2342 2398 gloria
2375 2327 2491 2380 hare
2521 2339 2628 2378 non
2659 2331 2776 2378 erat
2819 2320 3073 2391 gloriosa,
3101 2317 3193 2371 sed
3226 2314 3465 2370 humilis.
3505 2311 3695 2377 Denique

2173 2418 2371 2474 dicitur
2396 2418 2461 2471 de
2487 2430 2552 2470 eo
2575 2415 2618 2446 ⁸³
2643 2431 2656 2467 :
2694 2432 2713 2465 ι
2750 2410 3063 2466 llumiliavit
3093 2423 3152 2462 se
3186 2420 3363 2476 usque
3391 2404 3456 2457 ad
3490 2411 3696 2462 mortem,

2173 2516 2401 2563 mortem
2454 2513 2634 2558 autem
2681 2502 2877 2557 crucis.
2921 2519 2940 2551 ι
2988 2499 3062 2553 De
3111 2511 3216 2568 quo
3274 2495 3442 2550 etiam
3486 2491 3696 2561 prepheta

2173 2597 2497 2668 prmtlixerat
2529 2594 2573 2625 ³ο
2614 2611 2629 2647 :
2677 2610 2694 2643 ι
2745 2591 2916 2645 Morte
2968 2587 3278 2657 turpissima
3331 2583 3699 2638 condemnemus

2173 2705 2319 2745 eum.
2357 2707 2376 2741 ι
2409 2687 2516 2742 Sed
2553 2694 2609 2740 et
2653 2683 2821 2738 lsaias
2876 2681 3008 2736 dicit
3058 2681 3124 2735 de
3169 2695 3233 2733 eo
3257 2677 3301 2708 ³³
3337 2695 3352 2730 :
3391 2695 3410 2728 ι
3449 2675 3500 2728 In
3530 2672 3702 2728 humili-

2176 2790 2286 2836 tate
2308 2777 2570 2849 judicium
2605 2774 2722 2844 ejus
2759 2773 3031 2828 sublatum
3059 2779 3169 2824 est.
3211 2788 3231 2820 ι
3270 2765 3327 2820 1η
3360 2766 3445 2820 his
3475 2778 3591 2833 ergo
3615 2777 3702 2815 om-

2174 2869 2335 2924 nibus
2374 2865 2707 2934 gloriﬁcatus
2741 2871 2833 2920 est,
2866 2862 3148 2925 Dominus,
3205 2858 3328 2922 sed,
3365 2864 3423 2910 ut
3449 2857 3516 2909 ita
3544 2855 3701 2913 dicata,

2174 2958 2474 3022 humiliter,
2499 2971 2604 3010 non
2635 2954 2870 3024 gloriose
2905 2952 3237 3022 gloriﬁcatus
3266 2959 3378 3009 est.
3404 2947 3586 3002 Verum
3609 2944 3702 3012 quia

2181 3068 2200 3103 ι
2238 3052 2350 3105 haec
2398 3049 2684 3118 Oportebat
2732 3045 2840 3116 pati
2884 3043 3182 3108 Christum,
3209 3051 3265 3096 et
3301 3041 3384 3095 sic
3428 3037 3630 3094 introire
3667 3033 3703 3085 in

2177 3141 2401 3213 gloriam
2429 3156 2580 3194 suam
2610 3141 2677 3202 “,
2707 3158 2724 3190 ›
2755 3154 2876 3192 cum
2931 3136 3143 3190 venerit
3188 3136 3244 3188 in
3285 3133 3458 3204 gloria
3500 3128 3648 3183 l’atris
3666 3134 3704 3178 et

503 3247 672 3302 etiam
719 3245 895 3314 ipsum
952 3239 1293 3294 Pharaonem
1328 3235 1514 3289 Videre
1545 3228 1812 3298 demersi.
1847 3227 1892 3282 Si
1923 3235 2071 3279 tanta
2100 3205 2144 3265 θ
2177 3239 2488 3284 sanctorum
2511 3229 2856 3301 angelorum,
2880 3241 3003 3280 cum
3029 3224 3242 3279 venerit
3267 3224 3320 3277 in
3357 3220 3618 3291 majestate
3635 3231 3703 3269 sua

505 3337 613 3392 ﬁde
641 3335 912 3396 vivamus,
945 3341 1003 3385 ut
1036 3330 1176 3383 Deus
1207 3332 1452 3382 conterat
1500 3320 1756 3377 Satanam
1787 3317 1888 3373 sub
1917 3315 2073 3388 pedi-

507 3430 610 3485 bus
641 3426 847 3482 nostris
871 3424 918 3456 “
947 3421 1212 3479 velociter
1247 3435 1342 3488 per
1375 3416 1559 3472 Jesum
1591 3414 1868 3469 Christum
1892 3409 2076 3464 Domi-

508 3535 635 3576 num
670 3525 940 3580 nostrum,
975 3513 1062 3569 cui
1094 3521 1174 3568 est
1202 3510 1370 3582 gloria
1399 3517 1454 3564 et
1476 3505 1766 3576 imperium
1789 3504 1843 3558 in
1875 3501 2075 3558 smcula

503 3613 842 3669 smculorttm.
885 3609 1081 3662 Amen.

1089 3757 1372 3814 llOMILlA
1407 3755 1492 3813 Vl.
1577 3747 1597 3760 “

507 3881 586 3936 De
628 3880 833 3934 cantico
882 3875 1023 3945 quod
1083 3871 1311 3945 cantauit
1356 3867 1566 3945 Moyses
1610 3881 1730 3919 cum
1781 3859 1994 3932 papula,
2031 3868 2078 3913 et

957 3943 1133 3998 Maria
1156 3956 1272 3994 cum
1303 3937 1633 3991 mulieribus.

583 4071 638 4122 ι.
669 4032 833 4120 non.
856 4061 1074 4132 quidem
1107 4056 1320 4112 cantica
1344 4051 1458 4107 ﬁeri
1486 4050 1713 4121 legimus
1741 4048 1793 4102 in
1829 4045 2082 4114 Scriptu-

2174 3325 2421 3396 judicare
2467 3335 2690 3386 terram,
2719 3317 2938 3390 quando
2976 3325 3030 3370 et
3078 3330 3268 3370 verum
3317 3313 3649 3370 Pharaonem,
3669 3305 3705 3358 id

2178 3427 2262 3474 est
2287 3416 2560 3473 diabolum
2614 3415 2908 3472 interﬁcict
2954 3410 3150 3480 spiritu
3179 3407 3295 3461 oris
3340 3406 3445 3469 sui,
3479 3416 3587 3458 cum
3614 3413 3711 3464 ergo

2190 3510 2477 3580 refulgebit
2507 3509 2561 3562 in
2595 3506 2874 3575 majestate
2907 3501 3083 3558 Patris
3107 3499 3210 3563 sui,
3241 3506 3296 3552 et
3323 3504 3448 3566 post
3472 3494 3709 3547 adventum

2181 3600 2534 3666 humilitatis,
2595 3599 2887 3654 secundum
2952 3595 3108 3650 nobis
3165 3593 3221 3648 in
3283 3591 3469 3659 gloria.
3515 3583 3714 3641 ostendet

2186 3697 2505 3755 adventum,
2554 3702 2681 3744 tunc
2727 3704 2834 3743 non
2889 3688 3062 3743 solum
3109 3683 3449 3758 gloriﬁcatur
3487 3677 3713 3733 Dominus.

2182 3788 2276 3844 sed
2303 3796 2356 3841 et
2380 3783 2618 3854 gloriose
2656 3780 3013 3851 gloriﬁcatur,
3051 3791 3172 3832 cum
3212 3787 3410 3830 omnes
3440 3770 3511 3824 ita
3541 3763 3716 3822 honori-

2183 3879 2348 3933 ﬁcant
2378 3876 2598 3942 Filium,
2631 3875 2773 3928 sicut
2803 3868 3167 3928 honoriﬁcant
3191 3866 3419 3921 Patrem
3448 3861 3514 3914 ⁸³.

2253 3971 2309 4023 2.
2347 3987 2366 4020 ι
2418 3967 2628 4037 Equum
2677 3974 2731 4020 et
2772 3975 3116 4018 ascensorem
3177 3955 3417 4032 projecit
3465 3953 3514 4006 in
3563 3956 3718 4001 mare:

2183 4061 2396 4130 adjutor
2424 4068 2479 4112 et
2508 4066 2782 4128 protector
2814 4057 2993 4109 lactus
3024 4060 3108 4106 est
3134 4049 3266 4103 mihi
3302 4048 3357 4100 in
3392 4044 3605 4099 salutem
3624 4037 3675 4088 “.
3701 4050 3716 4084 ι

2189 4151 2445 4205 llomines
2473 4148 2564 4218 qui
2599 4161 2699 4201 nos
2741 4147 3120 4214 insequuntur,
3156 4140 3282 4208 equi
3316 4144 3469 4197 sunt,
3503 4141 3570 4195 et,
3600 4135 3646 4180 ut
3669 4125 3720 4176 ita

2187 4247 2384 4309 dicam,
2411 4257 2598 4296 onmes
2624 4241 2714 4308 qui
2761 4239 2814 4292 in
2866 4251 3032 4291 carne
3081 4235 3192 4287 nati
3224 4238 3380 4296 sunt,
3427 4219 3719 4295 singulariter

514 4161 592 4216 ris
617 4157 836 4219 divinis,
875 4155 1068 4207 horum
1110 4158 1288 4201 tamen
1315 4143 1556 4197 omnium
1575 4141 1806 4210 primum
1839 4137 1982 4192 istud
2002 4143 2086 4189 est

510 4251 810 4314 canticum,
827 4244 970 4316 quod
989 4239 1260 4311 Egyptiis
1289 4244 1345 4291 et
1368 4234 1655 4290 Pharaone
1686 4231 1970 4287 submerso
1989 4243 2085 4298 po-

507 4345 664 4415 pulus
683 4307 959 4408 Dei
990 4307 1114 4405 post
1134 4307 1423 4388 vietoriam
1452 4326 1669 4382 cecinit.
1693 4323 1854 4378 Moris
1885 4321 2073 4390 quippt

2187 4335 2310 4404 equi
2332 4343 2478 4398 sunt,
2507 4332 2599 4388 sed
2623 4332 2678 4386 hi
2707 4330 2908 4385 habent
2931 4339 3260 4383 ascensores
3286 4337 3437 4376 suos.
3464 4319 3593 4373 Sunt
3610 4307 3720 4380 equi.

510 4443 825 4490 sanctorqu
858 4437 962 4493 est,
993 4427 1082 4481 ubi
1113 4422 1462 4479 adversarius
1511 4416 1768 4480 vincitur,
1824 4423 2084 4480 tanquam
2189 4441 2324 4497 quos
2351 4425 2607 4479 Dominus
2638 4422 2904 4487 ascendit,
2936 4428 2986 4474 ει
3033 4418 3384 4472 circumenm
3413 4422 3616 4465 omnem
3642 4413 3722 4455 ιη.

510 4529 602 4597 qui
629 4529 806 4582 sciant
830 4538 937 4579 non
967 4536 1063 4577 sua
1088 4520 1310 4582 virtute,
1351 4515 1444 4569 sed
1470 4512 1564 4567 Dei
1595 4510 1767 4580 gratia
1799 4506 2082 4561 victoriam
2116 4541 2163 4600 υ
2193 4535 2304 4572 mm
2341 4535 2355 4570 ε
2393 4518 2457 4570 de
2499 4516 2696 4586 quibus
2727 4513 2926 4568 (ιερίιυτ
2954 4512 2999 4542 ιιι
3027 4528 3039 4564 ε
3077 4528 3094 4561 ,
3131 4507 3204 4561 Ει
3231 4507 3510 4576 equitatus
3533 4509 3638 4553 ωυε
3660 4509 3724 4547 sa.

512 4623 737 4683 factam,
781 4619 1039 4688 hymnum
1076 4615 1187 4668 Deo
1231 4605 1615 4681 gratulationis
1659 4601 1875 4658 oll'erre.
1928 4599 2073 4652 Acci‘

2191 4609 2293 4662 lus.
2331 4626 2350 4658 ι
2381 4606 2519 4660 Sunt
2550 4619 2727 4658 autem
2760 4601 2906 4671 equi,
2943 4601 3035 4669 qui
3070 4610 3398 4653 ascensores
3431 4591 3617 4646 habent
3641 4582 3725 4635 dia-

512 4666 737 4683 ---ν-----.
782 4666 1038 4688 --,,
1079 4666 1143 4668 -κ
1231 4666 1261 4681 υ

510 4715 670 4782 piunt
707 4720 911 4773 tamen,
953 4709 1215 4778 hymnum
1256 4709 1538 4763 canentes,
1573 4696 1737 4751 etiam
1774 4703 2073 4764 tympanun

2191 4699 2368 4754 bolum
2410 4695 2485 4769 (9)
2521 4705 2575 4750 et
2619 4666 2838 4766 angelos
2883 4666 3020 4762 ejus.
3069 4688 3234 4744 Judas
3281 4697 3462 4755 equus
3498 4685 3630 4735 erat:
3661 4666 3728 4726 sed

513 4803 568 4856 in
603 4801 855 4855 manibus
901 4799 1037 4861 suis,
1091 4796 1230 4850 sicut
1267 4794 1333 4847 de
1372 4788 1544 4844 Maria
1596 4799 1784 4843 sorore
1830 4782 1998 4854 Moysi
2037 4789 2095 4835 et
2191 4786 2361 4841 donec
2406 4767 2752 4840 ascensorem
2805 4782 2996 4836 habuit
3051 4777 3367 4840 Dominum,
3413 4773 3479 4828 de
3527 4767 3725 4836 equitatu

513 4899 694 4951 Aaron
727 4894 981 4947 refertur.
1015 4889 1082 4942 Et
1111 4897 1167 4942 tu
1201 4899 1331 4955 ergo
1366 4882 1412 4937 si
1445 4893 1596 4934 mare
1633 4877 1881 4932 Rubrum
1916 4884 2095 4927 trans-
2194 4876 2295 4930 fuit
2342 4875 2554 4931 salutis.
2609 4875 2744 4928 Cum
2797 4872 3010 4927 caeteris
3059 4869 3223 4923 enim.
3246 4863 3514 4936 apostolis
3553 4859 3727 4915 missus.

515 4987 666 5049 ieris,
711 4985 754 5039 si
787 4981 1068 5053 Egyptios
1095 4981 1149 5034 in
1191 4975 1330 5031 mari
1359 4973 1637 5042 submergi
1665 4968 1865 5025 videris
1897 4973 1953 5020 et
1996 4979 2095 5018 ex-
2193 4967 2414 5038 aegrotis
2449 4965 2678 5020 salutem
2709 4972 2766 5019 ει
2793 4963 3081 5018 sanilalem
3125 4955 3516 5028 languentibus
3550 4953 3730 5019 pnes!»

515 5033 715 5146 stingui
741 5033 1106 5137 Ριωῖῗῖιὸηέιῖι,
1133 5078 1295 5138 atque
1319 5068 1372 5121 in
1399 5033 1932 5134 abyssivpt‘ofundum
1954 5071 2091 5128 prae-
2192 5033 2305 5116 bat.
2359 5059 2463 5114 Sed
2513 5058 2603 5112 ubi
2659 5071 2718 5112 se
2772 5055 2988 5111 diabolo
3039 5051 3364 5114 substravit,
3408 5052 3527 5118 post
3557 5033 3731 5096 buccel-

517 5166 755 5238 cipitari,
789 5171 944 5234 potes
993 5164 1248 5233 hymnum
1285 5171 1485 5214 canere
1537 5155 1667 5226 Deo,
1718 5161 1871 5222 potes
1909 5162 2094 5204 vocem
2196 5150 2303 5204 lam
2332 5150 2476 5204 enim
2507 5149 2750 5204 introivit
2798 5148 2852 5202 in
2887 5148 3035 5200 illum
3067 5145 3299 5199 Satanas
3331 5141 3403 5205 ³⁸,
3439 5147 3495 5193 et
3523 5138 3734 5190 ascensor

518 5257 901 5330 gratulationis
945 5257 1215 5321 emittere,
1250 5264 1305 5309 et
1336 5253 1565 5308 dicere:
1603 5265 1624 5300 ι
1659 5247 1952 5301 Cantemus
1985 5241 2094 5296 Do-
2200 5243 2368 5314 ipsius
2413 5241 2635 5297 eﬁ‘ectus
2681 5249 2766 5295 est
2813 5238 3067 5302 Satanas,
3117 5245 3170 5289 et
3220 5219 3369 5288 illius
3420 5225 3634 5284 habenis
3665 5219 3736 5272 du:

518 5353 687 5418 mino,
729 5349 964 5421 gloriose
1013 5347 1160 5402 enim
1213 5343 1606 5400 honoriﬁcatus
1649 5346 1754 5403 est,
1794 5349 1995 5406 equum
2045 5343 2100 5388 et
2200 5344 2322 5389 ctus
2373 5333 2629 5387 adversus
2687 5329 2972 5385 Dominum
3024 5338 3081 5382 et
3136 5324 3484 5379 Salvatorcm
3532 5321 3735 5372 ausint!"

518 5451 862 5492 ascensorem
881 5433 1111 5504 projecit
1136 5433 1190 5487 in
1218 5444 1368 5486 mare
1387 5431 1455 5485 ".
1480 5448 1498 5482 ι
1518 5427 1709 5484 Melius
1725 5428 1906 5480 autem
1933 5433 1989 5480 et
2016 5424 2099 5479 di-
2206 5427 2368 5496 erepit
2398 5424 2670 5494 equitare.
2704 5421 2904 5478 Omnes
2931 5433 3061 5490 ergo
3091 5417 3179 5486 qui
3221 5418 3620 5485 persequuntur
3641 5414 3736 5456 san-

589 5574 634 5604 “
664 5571 854 5628 Matth.
875 5586 958 5625 ιιι.
1026 5567 1073 5601 ’⁸
1105 5568 1306 5638 Ephesi.
1329 5580 1406 5631 vt,
1432 5564 1552 5638 16.⁸
1586 5565 1634 5599 ’δ
1656 5560 1814 5638 lion).
1835 5577 1949 5626 xvi,
1975 5561 2073 5638 29.

2176 5561 2384 5638 '_E_xod.
2411 5576 2502 5627 xv,
2533 5561 2585 5638 1:
2646 5557 2906 5638 “.Matth.
2942 5571 3094 5620 xvm,
3283 5553 3343 5638 τ’.
3357 5552 3461 5638 Ιξδ.
3490 5557 3611 5638 LIII;
3625 5533 3736 5638 93.51-

520 5619 1016 5741 :i‘oﬁ-Dj-Itlll,"i.
1090 5619 1478 5704 εῖτιέῆὶιίρέίι,
1524 5633 1578 5688 8.
1658 5633 1702 5663 ³ο
1752 5632 1881 5701 Sap.
1918 5619 1978 5698 ii,
2022 5632 2073 5685 ε(

639 5713 735 5741 “ut
788 5727 854 5741 ν..
910 5713 930 5741 ι
983 5711 1018 5741 ο
1116 5709 1160 5741 u
1199 5705 1377 5741 llahnn
1431 5719 1491 5741 ιιι
1549 5703 1583 5741 Ω
1681 5701 1726 5732 ³ο
1759 5699 1894 5741 1mm
1948 5717 2042 5741 un

2189 5633 2232 5664 ³¹
2258 5631 2359 5686 lsa.
2409 5619 2526 5696 sui,
2557 5632 2610 5686 8.
2689 5629 2734 5662 ³³
2760 5629 2891 5684 Luc.
2934 5619 3087 5693 XXIV,
3127 5625 3215 5677 9.6.
3263 5620 3346 5692 f0
3388 5619 3545 5675 Joau.
3582 5624 3634 5674 ν,

593 5711 759 5766 Exod.
788 5727 876 5776 xv,
904 5699 962 5777 1,
983 5711 1041 5764 2.
1116 5709 1160 5741 ³³
1199 5699 1398 5761 llabac.
1431 5699 1515 5769 ιιι,
1549 5703 1604 5757 8.
1681 5701 1726 5732 "
1759 5699 1917 5757 Joan.
1948 5717 2066 5768 xm,
2095 5700 2184 5754 27.

608 5825 680 5893 (9)
707 5824 799 5880 Sic
845 5839 1012 5891 mss.;
1062 5823 1196 5880 alias
1240 5836 1392 5891 vero,
1445 5837 1464 5876 ι
1505 5832 1849 5878 ascensorem
1901 5816 2101 5874 habent
2151 5814 2443 5872 diabolum.
2481 5831 2504 5866 ›
