3902 6558
204 517 297 574 333
1000 578 1003 581 ,
1395 510 1464 565 IN
1499 510 1789 567 EXODUM
1830 509 2115 567 HOMILIA
2141 513 2234 568 Vl.

3337 519 3445 575 δεςι

203 646 324 699 etos,
353 632 475 702 equi
503 640 631 689 sunt
678 630 1008 701 hinnientes,
1052 631 1148 686 sed
1185 631 1388 687 habent
1421 648 1761 699 ascensores,
1793 640 1840 696 Α
1868 644 2035 698 ctum,
2062 634 2143 689 vel
2176 635 2557 698 centesimum,
2586 633 2669 688 vel
2711 637 3130 708 sexagesimum,
3156 638 3237 693 vel
3280 641 3445 696 trice-

199 727 384 798 qnibus
427 735 689 796 aguntur,
744 723 963 791 angelos
1025 723 1228 787 malos,
1280 732 1335 778 et
1384 724 1504 779 ideo
1557 725 1764 782 feroces

203 826 336 873 sunt.
367 816 423 871 Si
453 830 582 886 ergo
612 815 814 870 videris
854 815 1144 883 aliquando
1175 826 1581 885 persecutorem
1610 826 1762 872 tuum

202 909 413 964 nimium
469 907 807 971 sazvientem,
859 908 999 961 scito
1051 906 1176 977 quia
1206 907 1274 961 ab
1321 922 1614 963 ascensore
1662 915 1764 963 ‘suo

202 1000 431 1053 daemone
457 1004 800 1065 perurgetur,
829 1007 883 1061 et
912 996 1031 1050 ideo
1058 1010 1255 1059 saavus,
1281 995 1402 1051 ideo
1431 998 1765 1053 truculentus

198 1100 291 1145 est.
326 1091 583 1142 Dominus
608 1104 738 1158 ergo
768 1106 786 1139 ‹
823 1104 1022 1158 equum
1069 1097 1123 1143 et
1158 1104 1504 1145 ascensorem
1538 1091 1765 1159 proiecit

198 1184 248 1237 in
288 1195 454 1247 mare,
490 1191 543 1235 et
587 1182 761 1235 factus
793 1190 878 1234 est
919 1179 1046 1234 mihi
1090 1181 1142 1234 in
1195 1179 1444 1234 salutem.
1487 1180 1583 1235 Hic
1626 1183 1766 1237 Deus

201 1288 362 1338 meus,
413 1282 469 1327 et
518 1272 891 1327 honoriﬁeabo
939 1287 1085 1337 eum,
1138 1272 1283 1327 Deus
1328 1272 1497 1343 patris
1544 1274 1673 1339 mei,
1710 1284 1767 1328 et

198 1365 440 1422 exaltaho
495 1379 640 1421 eum.
678 1384 697 1416 ι
738 1363 835 1419 llic
892 1377 1023 1434 ergo
1075 1372 1126 1416 et
1178 1378 1329 1418 meus
1367 1374 1450 1417 est
1504 1363 1666 1428 Deus,
1710 1373 1765 1420 et

200 1458 333 1512 Deus
367 1456 538 1523 patris
566 1456 693 1510 mei.
725 1454 888 1509 Pater
941 1465 1128 1509 noster
1166 1455 1257 1522 qui
1310 1469 1409 1509 nos
1442 1454 1570 1510 fecit
1595 1465 1649 1510 et
1674 1472 1768 1525 ge-

201 1549 329 1611 nuit,
364 1547 611 1602 Christus
640 1555 745 1610 est,
787 1554 844 1601 et
878 1546 992 1615 ipse
1017 1545 1148 1599 dicit
1177 1544 1220 1577 ³⁷
1251 1562 1263 1597 :
1296 1564 1316 1597 ι
1358 1546 1507 1600 Vado
1553 1547 1619 1600 ad
1664 1545 1766 1600 Pa-

199 1650 325 1695 trem
380 1654 555 1693 meum
604 1647 659 1692 et
707 1637 923 1691 Patrem
973 1645 1232 1699 vestrum,
1271 1637 1437 1691 Deum
1486 1652 1665 1691 meum
1713 1645 1767 1692 et

191 1732 354 1786 Deum
379 1738 641 1784 vestrum.
674 1748 693 1782 ι
724 1730 779 1784 Si
806 1746 935 1801 ergo
959 1745 1248 1800 agnoscam
1271 1730 1413 1798 quod
1442 1729 1582 1784 Deus
1613 1744 1766 1785 meus

188 1824 257 1877 sit
283 1820 447 1884 Deus,
481 1820 797 1890 gloriﬁeabo
824 1836 972 1876 eum.
997 1821 1056 1874 Si
1084 1835 1212 1874 vero
1238 1820 1400 1873 etiam
1430 1820 1569 1875 istud
1601 1836 1766 1889 agno-

188 1926 361 1975 scam,
387 1911 659 1980 quomodo
712 1911 884 1980 patris
929 1909 1032 1962 mei
1084 1910 1284 1964 Christi
1315 1911 1384 1964 sit
1420 1910 1585 1974 Deus,
1617 1910 1764 1964 exal-

1865 725 2085 779 simum.
2113 726 2331 796 Triplex
2359 742 2596 795 namque
2623 736 2707 782 est
2736 730 2897 783 etiam
2939 732 3076 785 bene
3106 733 3297 800 agendi
3330 734 3440 795 via.

1866 813 2218 870 nihilominus
2265 819 2408 871 enim
2458 817 2543 871 vel
2590 833 2774 887 opere,
2821 820 2904 874 vel
2958 817 3327 891 cogitatione,’
3359 826 3442 878 vel

1867 905 2034 959 verbo
2071 906 2195 960 boni
2228 907 2430 977 aliquid
2481 910 2681 979 agitur.
2736 910 2850 965 lloc
2901 914 3045 969 enim
3084 916 3354 986 signiﬁcat
3390 928 3446 972 et

1865 994 2179 1064 Apostolus,
2214 1012 2335 1053 cum
2373 1000 2505 1053 dicit
2529 999 2609 1053 ⁸²ε
2639 1018 2657 1051 α
2688 1000 2790 1068 Qui
2825 1012 3004 1058 autem
3027 1006 3255 1061 mdiﬁcat
3284 1024 3447 1077 super

1869 1087 2277 1144 fundamentum
2321 1091 2440 1159 hoc,
2480 1108 2693 1158 aurum,
2730 1106 3035 1165 argentum,
3082 1098 3287 1167 lapides
3317 1118 3445 1171 pre-

1869 1179 2060 1243 tiosos,
2101 1200 2119 1232 ι
2152 1176 2415 1249 triplicem
2444 1184 2709 1239 bonorum
2743 1186 2990 1243 indicans
3021 1189 3183 1244 viam.
3216 1190 3448 1260 Suhjun-

1867 1270 1944 1340 git
1984 1271 2333 1327 nihilominus
2370 1275 2636 1344 triplicem
2677 1277 2841 1331 etiam
2882 1278 3172 1345 malorum,
3208 1297 3329 1336 cum
3361 1285 3445 1337 di-

1868 1362 1941 1416 cit
1971 1376 1985 1420 :
2021 1382 2042 1416 t
2084 1363 2276 1436 Ligna,
2328 1364 2571 1435 foenum,
2619 1372 2895 1441 stipulam.
2947 1392 2965 1424 ι
3000 1374 3089 1428 lsti
3138 1390 3268 1447 ergo
3310 1378 3445 1430 terni

1868 1464 2100 1512 statores
2124 1467 2250 1511 sunt
2282 1459 2457 1529 angeli
2492 1476 2720 1531 nequam
2754 1464 2819 1519 de
2850 1467 3091 1521 exercitu
3123 1466 3446 1535 Pharaonis,

1866 1544 1957 1612 qui
1993 1554 2136 1599 stant
2164 1547 2216 1600 in
2265 1547 2639 1617 hujuscemodi
2687 1553 2814 1617 viis,
2854 1556 3214 1611 observantes
3248 1575 3449 1613 unum-

1868 1650 2139 1706 quemque
2168 1648 2415 1694 nostrum
2449 1657 2546 1711 per
2578 1643 2693 1698 haec
2728 1646 2832 1699 iter
2867 1662 3027 1717 agere
3060 1650 3109 1702 in
3140 1662 3445 1718 peccatum.

1868 1741 2004 1793 quos
2036 1728 2301 1800 demergit
2332 1732 2593 1788 Dominus
2626 1736 2676 1789 in
2708 1738 2951 1793 Rubrum
2982 1755 3155 1806 mare,
3181 1752 3235 1796 et
3268 1744 3451 1813 ignitis

1867 1832 1961 1872 eos
1985 1818 2037 1872 in
2062 1818 2250 1889 judicii
2295 1822 2381 1877 die
2422 1822 2673 1881 ﬂuctibus
2706 1830 2900 1894 tradet,
2935 1846 2999 1886 ac
3043 1848 3324 1901 pmuarum
3355 1852 3445 1905 pe-

1872 1907 1994 1978 lago
2031 1918 2196 1978 teget,
2240 1912 2283 1967 si
2320 1921 2386 1967 tu
2429 1914 2599 1971 Deum
2632 1933 2867 1989 sequens
2900 1921 2967 1976 de
3007 1936 3197 1980 eorum
3227 1934 3279 1979 te
3307 1937 3453 1996 pote-

191 2003 316 2056 tabo
354 2016 499 2058 eum.
534 2002 711 2056 Altior
748 2016 980 2070 namque
1013 2000 1321 2055 intellectus
1359 2012 1464 2062 est,
1493 2004 1765 2071 quomodo
1798 1991 1840 2049 Β
1870 2009 2009 2054 state
2040 2003 2400 2060 subtraxeris.

184 2093 433 2147 Christus
465 2103 523 2146 ut
552 2095 716 2149 unius
750 2093 842 2147 Dei
874 2094 1209 2164 constringat
1240 2104 1294 2148 et
1325 2094 1530 2146 muniat
1562 2095 1764 2148 verita-

186 2195 309 2244 tem.
338 2187 508 2239 Deum
541 2202 696 2240 suum
726 2187 877 2251 dicit,
902 2201 1065 2254 quem
1102 2198 1295 2239 natura
1333 2184 1550 2240 Patrem
1582 2199 1762 2240 vocat.

189 2295 208 2328 ς
251 2278 395 2331 Deus
417 2288 703 2332 conterens
732 2278 891 2344 bella,
922 2277 1182 2331 Dominus
1211 2292 1408 2332 nomen
1434 2287 1515 2332 est
1544 2279 1615 2331 illi
1644 2279 1708 2335 ⁸⁸.
1741 2298 1759 2330 ι

184 2367 312 2422 Nolo
345 2378 527 2438 putes,
552 2370 678 2436 quia
720 2376 927 2422 tantum
988 2368 1230 2422 visibiles
1280 2384 1493 2441 pugnas
1533 2369 1769 2423 conterit

182 2460 468 2525 Dominus,
494 2462 587 2516 sed
610 2470 668 2516 et
708 2461 826 2516 illas
867 2464 1126 2527 conterit,
1155 2478 1276 2531 qua:
1316 2462 1473 2517 nobis
1496 2471 1623 2517 sunt
1658 2477 1765 2517 non

181 2552 449 2607 adversus
477 2568 697 2607 carnem
738 2563 794 2608 et
836 2555 1175 2622 sanguinem,
1206 2550 1299 2609 sed
1333 2555 1594 2608 adversus
1622 2554 1770 2623 prin-

183 2644 404 2712 cipatus
430 2653 483 2697 et
511 2653 807 2713 potestates
842 2644 975 2716 (10),
1009 2654 1063 2700 et
1093 2645 1353 2700 adversus
1392 2646 1578 2701 mundi
1611 2647 1767 2713 huius

179 2745 433 2789 rectores
483 2737 833 2790 tenebrarum
891 2736 1081 2790 harum
1136 2736 1198 2788 ³³.
1238 2755 1257 2789 ι
1315 2736 1577 2792 Dominus
1621 2740 1766 2792 enim

176 2841 391 2880 nomen
439 2838 523 2880 est
564 2826 664 2890 illi,
701 2846 720 2878 ι
768 2836 823 2882 et
858 2843 964 2881 non
1013 2834 1098 2883 est
1148 2826 1254 2881 ulla
1294 2837 1564 2893 creatura,
1618 2828 1770 2897 cujus

186 2917 457 2973 Dominus
494 2933 598 2972 non
630 2918 720 2974 sit.
1360 2904 1363 2907 ’

246 3010 303 3066 '5.
346 3029 369 3063 ι
400 3010 710 3081 Quadrigas
734 3011 1056 3077 Pharaonis,
1086 3020 1139 3065 et
1172 3012 1469 3067 exercitum
1502 3010 1619 3079 eius
1644 3026 1770 3081 pro-

170 3102 301 3168 iecit
329 3101 389 3156 in
438 3117 613 3156 mare.
665 3102 880 3157 Eiectos
928 3117 1271 3167 ascensores,
1306 3113 1490 3159 ternos
1535 3114 1770 3159 statores

173 3194 444 3249 demersit
472 3194 526 3247 in
556 3193 799 3248 Rubrum
831 3208 980 3248 mare
1007 3193 1075 3247 ‘°.
1110 3213 1130 3247 ι
1162 3195 1376 3249 Pharao
1409 3198 1555 3250 velut
1583 3205 1769 3264 poten-

170 3286 277 3340 tior
304 3286 362 3340 in
401 3286 631 3350 malitia,
660 3297 716 3341 et
751 3302 973 3357 regnum
1012 3288 1270 3357 nequitia
1300 3297 1511 3350 tenens,
1542 3290 1769 3359 quadri-

1936 2090 2042 2144 4.’‹
2087 2093 2412 2150 Deciderunt
2459 2098 2512 2151 in
2578 2099 2904 2169 profundum
2956 2107 3112 2173 quasi
3150 2106 3288 2178 lapis
3314 2109 3380 2163 ‘3.
3423 2129 3443 2163 ›

1869 2181 2050 2248 Quare
2113 2185 2435 2242 deciderunt
2486 2190 2540 2244 in
2593 2193 2919 2260 profundum
2968 2206 3221 2267 tanquam
3274 2201 3452 2268 lapis?

1868 2272 2003 2339 Quia
2035 2290 2139 2327 non
2193 2288 2352 2331 erant
2389 2279 2521 2334 tales
2552 2280 2777 2350 lapides,
2829 2285 2898 2340 de
2944 2289 3140 2356 quibus
3193 2293 3447 2347 suscitari

1870 2373 2086 2433 possent
2120 2365 2216 2419 ﬁlii
2256 2367 2525 2433 Abrahze;
2568 2373 2662 2425 sed
2704 2373 2858 2442 tales,
2898 2379 2989 2444 qui
3043 2390 3288 2434 amarent
3326 2397 3452 2450 pro-

1872 2454 2117 2519 fundum,
2145 2466 2199 2510 et
2234 2457 2498 2525 liquidum
2552 2460 2843 2531 diligerent
2887 2465 3237 2533 elementum,
3284 2472 3336 2525 id
3369 2483 3453 2525 est

1870 2543 1961 2612 qui
1994 2559 2235 2598 amaram
2264 2556 2319 2601 et
2347 2546 2548 2602 ﬂuxam
2591 2552 2935 2618 praesentium
2977 2572 3157 2611 rermn
3192 2572 3452 2628 caperent

1871 2634 2224 2703 voluptatem.
2257 2636 2409 2691 Unde
2440 2649 2495 2691 et
2534 2640 2599 2693 de
2636 2641 2767 2710 ipsis
2808 2644 3007 2698 dicitur
3030 2646 3116 2701 “:
3156 2671 3174 2699 ι
3210 2650 3449 2707 Demersi

1872 2735 1998 2779 sunt
2033 2736 2286 2796 tanquam
2320 2728 2597 2797 plumbum
2646 2732 2697 2785 iu
2745 2749 2939 2802 aquam
2977 2739 3386 2795 validissimam.
3426 2761 3446 2795 ι

1873 2816 2194 2874 Peccatores
2218 2835 2416 2889 graves
2445 2832 2592 2876 sunt.
2644 2825 2887 2895 Denique
2912 2839 2965 2881 et
2999 2827 3260 2898 iniquitas
3291 2847 3454 2902 super

1875 2910 2135 2966 talentum
2188 2914 2390 2982 plumbi
2441 2916 2632 2971 sedere
2664 2930 3023 2987 monstratur,
3059 2924 3198 2978 sicut
3241 2924 3453 2979 Zacha-

1872 3002 1983 3056 rias
2014 3004 2279 3073 propheta
2314 3006 2446 3060 dicit
2487 3022 2501 3061 :
2553 3027 2572 3059 ι
2621 3007 2763 3073 Vidi,
2827 3011 3001 3081 inquit
3047 3014 3112 3080 “,
3167 3017 3451 3071 mulierem

1871 3094 2153 3150 sedentem
2187 3111 2350 3166 super
2382 3099 2641 3153 talentum
2672 3103 2899 3170 plumbi,
2931 3115 2986 3159 et
3012 3107 3121 3160 dixi
3154 3128 3168 3163 :
3208 3109 3339 3175 Qua:
3369 3120 3453 3165 est

1874 3185 2027 3241 bare?
2057 3188 2123 3242 Et
2152 3192 2431 3259 respondit
2468 3210 2481 3247 :
2512 3192 2796 3263 iniquitas.
2831 3214 2851 3247 ι
2880 3196 3007 3251 Inde
3043 3208 3125 3252 est
3150 3214 3279 3270 ergo
3306 3204 3451 3271 quod
3540 3258 3543 3263 ,

1874 3278 2046 3348 iniqui
2078 3280 2310 3351 demersi
2347 3292 2473 3337 sunt
2510 3283 2560 3336 in
2606 3284 2955 3352 profundum,
2989 3290 3130 3343 sicut
3170 3290 3450 3360 plumbum

165 3391 266 3446 gas
301 3377 443 3446 agit.
486 3376 602 3432 Non
634 3378 713 3432 illi
743 3380 878 3433 satis
907 3388 991 3434 est
1021 3394 1186 3433 unum
1212 3394 1409 3448 equum
1441 3382 1765 3447 ascendere,

1875 3369 1926 3424 in
1957 3386 2155 3440 aquam
2187 3374 2598 3431 validissimam.
2644 3379 2829 3434 Sancti
2862 3390 3045 3436 autem
3092 3399 3198 3437 non
3240 3385 3452 3439 demer-

166 3468 261 3522 sed
297 3469 501 3537 plures
529 3468 690 3523 simul
733 3471 923 3538 agitat,
969 3470 1149 3538 plures
1184 3469 1343 3525 simul
1390 3469 1564 3541 plagis
1595 3479 1770 3525 tortos

166 3559 422 3614 verberis
453 3561 623 3629 cogit.
654 3559 1021 3631 Quoscunque
1052 3561 1254 3615 videris
1298 3561 1352 3614 in
1398 3561 1610 3614 luxuria
1653 3570 1769 3614 tur-

164 3654 378 3722 piores,
416 3652 477 3707 in
507 3653 832 3711 crudelitate
884 3654 1167 3718 suaviores,
1193 3654 1245 3706 in
1290 3653 1520 3707 avaritia
1573 3654 1764 3707 tetrio-

160 3758 267 3805 res,
293 3744 350 3797 in
381 3745 670 3813 impietate
687 3744 1091 3814 ﬁagitiosiores,
1117 3745 1251 3799 scito
1284 3744 1382 3798 hos
1406 3745 1473 3799 de
1493 3743 1769 3813 quadrigis

156 3849 282 3889 esse
311 3834 677 3900 Pharaonis;
712 3835 842 3904 ipsis
873 3840 1045 3900 sedet,
1084 3836 1230 3904 ipsos
1274 3836 1457 3892 currui
1497 3850 1595 3890 suo
1643 3836 1769 3890 sub-

154 3922 362 3993 jungit,
418 3927 479 3981 in
541 3927 671 3995 ipsis
718 3926 893 3981 fertur
945 3936 1001 3981 et
1047 3927 1259 3993 volitat,
1308 3939 1360 3981 et
1410 3942 1508 3995 per
1553 3937 1768 3996 apertos

154 4019 443 4073 scelerum
478 4032 707 4087 campos
745 4017 935 4072 eiiusis
962 4030 1057 4071 eos
1106 4019 1215 4087 agit
1258 4020 1505 4073 habenis.
1542 4019 1681 4072 Sunt
1714 4028 1769 4072 et

154 4110 251 4162 alii
285 4110 463 4165 electi
490 4124 839 4173 ascensores,
864 4109 1023 4162 electi
1054 4110 1172 4164 sine
1201 4108 1363 4163 dubio
1386 4111 1452 4163 ad
1479 4109 1764 4163 malitiam.

153 4200 325 4272 148
356 4201 478 4255 Sed
498 4199 611 4267 jam
637 4202 703 4256 de
723 4200 1107 4255 ascensoribus
1131 4216 1292 4270 supra
1317 4200 1554 4255 diximus
1583 4218 1597 4254 :
1625 4217 1767 4255 nunc

146 4295 321 4346 etiam
351 4292 457 4363 qui
485 4301 617 4347 sunt
635 4294 775 4347 terni
796 4302 1030 4347 statores
1049 4293 1346 4347 videamus.
1366 4291 1495 4347 Mihi
1520 4294 1768 4347 videntur

148 4385 297 4439 terni
324 4393 589 4439 statores
612 4399 710 4452 pro
727 4399 793 4440 eo
814 4385 943 4450 dici,
965 4385 1106 4454 quod
1134 4384 1331 4455 triplex
1354 4394 1436 4439 est
1460 4385 1769 4439 hominibus

146 4474 695 4542 peecandivia.Aut
724 4475 868 4528 enim
902 4475 955 4528 in
999 4475 1163 4540 facto,
1198 4484 1293 4528 aut
1318 4475 1371 4528 in
1404 4475 1570 4539 dicto,
1600 4476 1764 4529 autin

142 4567 513 4637 cogitatione
530 4576 806 4634 peccatur.
824 4566 890 4621 Et
911 4567 1033 4621 ideo
1056 4567 1194 4622 terni
1213 4576 1448 4621 statores
1462 4582 1557 4633 per
1583 4567 1770 4636 singu-

145 4656 228 4711 los
249 4672 529 4728 quosque
546 4657 827 4722 dicuntur,
852 4660 941 4726 qui
968 4668 1076 4712 tres
1102 4659 1231 4713 istas
1252 4659 1303 4711 in
1329 4658 1483 4713 nobis
1505 4657 1764 4727 peccandi

137 4748 467 4804 obsideant
496 4748 705 4813 vias,et
727 4749 1077 4817 speculentur
1102 4764 1338 4817 semper.
1360 4758 1522 4817 atque
1555 4750 1607 4801 in
1635 4748 1764 4802 insi-

138 4844 245 4895 diis
267 4849 484 4911 agant,
506 4849 566 4893 ut
583 4850 675 4895 aut
692 4840 779 4893 ille
801 4856 868 4894 ex
884 4841 1084 4896 misero
1098 4840 1317 4894 homine
1336 4854 1636 4894 sermonem
1653 4855 1765 4893 ma-

138 4931 253 4987 lum
300 4934 536 5000 eliciat,
572 4933 776 4987 autille
812 4935 1051 5001 iniquum
1090 4948 1226 5001 opus
1274 4940 1623 4999 extorqueat,
1672 4943 1767 4986 aut

135 5020 231 5073 ille
254 5023 680 5090 cogitationem
715 5024 1005 5092 pessimam
1030 5024 1221 5090 rapiat.
1251 5023 1488 5090 Denique
1504 5031 1556 5075 et
1576 5036 1761 5075 semen

136 5115 299 5170 verbi
334 5116 445 5169 Dei
498 5116 590 5169 ubi
635 5116 781 5170 cadit
827 5125 881 5169 et
931 5116 1163 5184 deperit,
1202 5113 1397 5182 triplex
1437 5112 1766 5166 describitur

133 5207 299 5261 locus
326 5208 406 5261 ⁸⁸.
442 5206 606 5262 Unus
638 5222 798 5262 secus
824 5208 964 5262 viam
1010 5206 1264 5270 refertur,
1296 5205 1389 5274 qui
1416 5204 1764 5259 conculcatur

128 5301 204 5353 ab
234 5301 621 5364 hominibus;
654 5301 792 5356 alius
815 5301 868 5354 in
901 5299 1103 5369 spinis;
1134 5299 1272 5353 alius
1317 5299 1368 5352 in
1416 5297 1669 5368 petrosis.
1699 5296 1765 5350 Et

127 5393 486 5446 (contrario
520 5400 665 5446 terra
705 5391 847 5446 bona
875 5390 1071 5444 afferre
1107 5390 1307 5444 dicitur
1344 5388 1610 5457 triplicem
1652 5386 1766 5439 l‘iu-

820 5528 865 5560 ³⁸
885 5527 1059 5584 Exod.
1105 5542 1195 5591 xv,
1223 5527 1278 5581 5.

778 5598 826 5631 “
858 5599 990 5653 ibid.
1035 5597 1121 5651 l0.
1198 5598 1243 5629 ’⁵⁵
1276 5597 1440 5652 Zach.
1489 5613 1539 5663 v,
1566 5598 1615 5649 7.

200 5525 250 5559 ³⁷
280 5526 473 5580 Joan.
522 5542 614 5593 xx,
638 5527 725 5580 Π.

128 5597 179 5629 ⁸³
223 5598 421 5650 Exod.
484 5610 582 5657 κν,
634 5598 686 5650 5.

128 5667 177 5701 δ’
203 5667 482 5722 Malaclt.
522 5681 604 5730 ut,
631 5668 683 5722 5.

201 5788 334 5856 (l0)
365 5785 569 5856 Alias,
603 5804 622 5836 α
665 5786 937 5855 principes
966 5796 1020 5841 et
1046 5793 1358 5855 potestates.
1405 5805 1425 5839 ›

205 5855 331 5928 (Η)
376 5855 730 5908 Veniendum
772 5868 852 5910 est
903 5873 1022 5926 ergo
1068 5858 1306 5928 omnibus
1348 5857 1650 5928 ndAignem.
1690 5855 1764 5909 De

128 5928 236 5982 hoc
270 5925 414 5983 loco
462 5928 696 5981 consule
734 5925 1097 5984 clarissimum
1128 5927 1380 5981 lluetium
1410 5925 1763 5995 Origenidtw-

1356 5527 1398 5558 ’9
1427 5525 1627 5580 Enhes.
1670 5540 1747 5580 vt.
1780 5524 1865 5577 l2.

1474 5542 1627 5596 pnes.
1670 5542 1747 5586 vi,
1780 5542 1865 5577 η.
1944 5542 1989 5556 ν’
2022 5542 2115 5579 ω(

1489 5613 1539 5651 v.
1566 5598 1615 5649 7.
1695 5595 1740 5627 ’⁵⁸
1768 5596 1954 5650 Matth.
2005 5610 2115 5651 λιν.

1871 3473 2096 3530 gttutur,
2129 3465 2222 3518 sed
2249 3467 2531 3521 ambulant
2560 3484 2723 3539 super
2753 3486 2943 3540 aquas,
2975 3475 3101 3540 quia
3133 3475 3279 3529 leves
3301 3485 3453 3536 sunt.

1871 3561 1927 3606 et
1959 3556 2167 3623 peccati
2210 3558 2450 3624 pondere
2493 3575 2599 3612 non
2645 3573 2963 3630 gravantur.
2994 3564 3237 3633 Denique
3274 3567 3454 3620 Domi-

1872 3660 1976 3699 nus
2019 3655 2075 3700 et
2124 3646 2376 3701 Salvator
2422 3660 2608 3704 noster
2653 3666 2818 3720 super
2849 3667 3019 3722 aquas
3058 3656 3356 3710 ambulavit
3384 3657 3453 3710 “.

1873 3736 1990 3806 Ipse
2017 3747 2099 3791 est
2129 3741 2271 3791 enim
2303 3740 2394 3808 qui
2429 3755 2557 3795 vere
2598 3754 2881 3812 peccatum
2924 3748 3115 3801 nescit.
3142 3748 3456 3803 Antbulavit

1873 3836 1928 3879 et
1955 3825 2255 3896 discipulus
2292 3829 2412 3898 ejus
2445 3828 2659 3895 Petrus,
2691 3833 2817 3887 licet
2839 3834 3118 3903 paululum
3152 3839 3457 3906 trepidave-

1876 3916 1965 3971 rit.
1996 3917 2112 3972 Non
2150 3921 2293 3974 enim
2319 3929 2503 3975 tantus
2529 3933 2647 3976 erat
2683 3939 2746 3978 ac
2777 3925 2919 3991 talis,
2945 3927 3035 3995 qui
3073 3926 3203 3979 nihil
3234 3930 3457 3983 omnino

1872 4008 1939 4061 de
1970 4008 2150 4078 specie
2178 4008 2383 4078 plumbi
2424 4014 2474 4064 in
2512 4026 2573 4067 se
2618 4014 2845 4069 haberet
2876 4016 3188 4069 adtnislum.
3232 4015 3453 4083 Habuit,

1875 4098 2002 4154 licet
2028 4117 2243 4170 parum.
2270 4102 2501 4173 Propter
2519 4105 2662 4174 quod
2689 4106 2820 4159 dicit
2847 4107 2914 4159 ad
2936 4122 3060 4161 eum
3092 4109 3349 4165 Dominus
3365 4111 3408 4142 ’⁵⁷
3438 4125 3454 4164 :

1878 4209 1897 4243 ι
1932 4193 2155 4248 Modica
2191 4194 2334 4256 ﬁdei,
2367 4210 2539 4264 quare
2570 4197 2873 4252 dubitasti?
2896 4186 3148 4255 {Idcirco
3173 4200 3340 4271 igitur
3364 4202 3453 4271 qui

1872 4285 2053 4340 salvus
2087 4285 2167 4349 ﬁt,
2196 4301 2292 4354 per
2332 4288 2510 4356 ignem
2551 4286 2737 4342 salvus
2780 4290 2858 4354 ﬁt,
2890 4298 2947 4344 ut
2985 4292 3028 4345 si
3061 4292 3189 4361 quid
3222 4294 3362 4347 forte
3390 4295 3457 4349 de

1871 4376 2051 4444 specie
2073 4376 2279 4444 plumbi
2306 4377 2560 4431 habuerit
2582 4378 2900 4443 admistum,
2940 4379 2991 4432 id
3021 4379 3161 4449 ignis
3192 4380 3459 4450 decoquat

1871 4475 1926 4519 et
1957 4467 2213 4531 resolvat,
2255 4476 2314 4521 ut
2363 4466 2673 4523 eﬁiciantur
2730 4484 2920 4523 omnes
2966 4485 3159 4522 aurum
3206 4471 3405 4524 bonum
3438 4490 3455 4525 :

1871 4558 1999 4626 quia
2037 4572 2227 4611 aurum
2264 4568 2423 4614 terra:
2458 4560 2604 4614 illius
2634 4560 2833 4615 bonum
2877 4572 2999 4615 esse
3031 4561 3252 4626 dicitur,
3291 4577 3455 4631 quam

1872 4649 2109 4703 habituri
2149 4658 2277 4703 sunt
2326 4652 2526 4715 sancti,
2583 4659 2640 4704 et
2693 4652 2834 4705 sicut
2873 4650 3069 4705 fornax
3113 4655 3304 4720 probat
3355 4668 3454 4705 au—

1873 4756 1991 4792 rum
2024 4739 2092 4803 ‘3,
2137 4740 2215 4795 sic
2279 4741 2527 4796 homines
2587 4742 2765 4811 iustos
2822 4743 3071 4796 tentatio.
3120 4744 3454 4798 Venicndum
3512 4786 3515 4787 ν

1872 4841 1956 4885 est
1985 4846 2115 4901 ergo
2144 4832 2397 4886 omnibus
2426 4832 2493 4885 ad
2524 4832 2701 4902 ignem
2734 4832 2877 4905 (ll),
2914 4834 3237 4889 veniendmn
3270 4846 3354 4891 est
3389 4838 3454 4889 ad

1872 4922 2269 4977 conﬁatorium.
2303 4923 2466 4978 Sedet
2515 4925 2660 4979 enim
2711 4925 2995 4993 Dominus,
3041 4938 3095 4982 et
3139 4928 3359 4993 conﬁat,
3403 4938 3458 4983 et

1873 5024 2065 5084 purgat
2096 5015 2235 5069 ﬁlios
2276 5015 2411 5069 Juda
2439 5017 2506 5070 ⁵⁸.
2548 5016 2653 5071 Sed
2698 5027 2756 5072 et
2797 5018 2927 5075 illuc
2975 5036 3099 5073 cutn
3139 5020 3385 5094 venitur,
3412 5022 3456 5075 si

1874 5107 1995 5174 quis
2026 5106 2193 5159 multa
2227 5121 2389 5175 opera
2420 5108 2591 5173 bona,
2622 5116 2679 5162 et
2724 5124 2914 5178 parum
2961 5109 3166 5177 aliquid
3202 5110 3458 5178 iniquita-

1868 5201 1942 5253 tis
1994 5200 2261 5266 attulerit,
2309 5201 2439 5256 illud
2488 5219 2675 5272 parum
2731 5214 2986 5273 tanquam
3028 5203 3303 5273 plumbum
3347 5201 3455 5270 i'gni

1874 5293 2164 5346 resolvitur
2215 5308 2280 5348 ac
2328 5306 2615 5364 purgatur,
2659 5304 2715 5351 et
2755 5305 2925 5351 totum
2976 5304 3224 5351 remanet
3262 5309 3453 5347 aurum

1875 5400 2089 5454 purum.
2126 5385 2190 5439 Et
2224 5386 2267 5439 si
2310 5388 2434 5456 quis
2468 5388 2590 5457 plus
2632 5388 2759 5442 illuc
2788 5388 2988 5458 plumbi
3027 5387 3303 5451 detulerit,
3336 5385 3456 5454 plus
3520 5402 3523 5405 ·

1944 5524 1989 5556 ⁸⁸
2020 5525 2189 5580 Exod.
2224 5540 2314 5586 xv,
2355 5524 2409 5578 4.
2487 5525 2528 5556 ⁸¹
2561 5524 2746 5579 Matth.
2775 5540 2893 5579 xm.
2956 5524 3001 5555 ἰ’
3036 5523 3055 5576 l
3084 5522 3211 5577 Cor.
3240 5537 3325 5584 tu,
3363 5521 3450 5574 12.

2193 5595 2240 5628 ⁸⁷
2269 5596 2461 5651 Matth.
2514 5611 2627 5662 XIV,
2665 5596 2753 5651 5|.
2829 5596 2874 5626 ⁸⁸
2910 5594 3087 5649 ICor.
3126 5607 3207 5648 nt.
3244 5593 3308 5645 12
3365 5592 3453 5647 15.

1871 5803 1987 5840 rum
2030 5787 2172 5845 libro
2196 5788 2456 5856 secundo,
2485 5786 2787 5859 quastione
2817 5782 3124 5852 undecima,
3160 5796 3312 5838 num.
3343 5778 3379 5836 2
3410 5800 3462 5848 ρι

1870 5866 2037 5929 seqq.'
