3902 6572
448 444 566 513 335

1931 441 2250 501 ORIGENIS

3596 448 3695 505 536

462 573 728 635 exuritur,
784 579 844 625 ut
892 569 1123 640 amplius
1176 571 1534 639 decoquatur,
1587 575 1649 623 ut
1689 564 1791 625 etsi
1834 581 2024 637 parum
2055 569 2100 625 A
2134 583 2153 617 ς
2207 556 2510 621 Extendisti
2570 565 2853 623 dexteram
2923 572 3116 631 tuam,
3170 572 3226 619 et
3277 563 3560 619 devoravit
3606 578 3699 620 eos

461 662 662 732 aliquid
687 662 755 716 sit
789 661 931 725 auri,
966 667 1251 731 purgatum
1285 671 1463 716 tamen
1512 660 1764 714 resideat.
1802 658 1953 725 Quod
1982 658 2027 713 si

461 753 657 821 aliquis
684 751 809 806 illuc
842 760 983 806 totus
1019 752 1299 820 plumbeus
1322 751 1552 816 venerit,
1581 750 1669 805 fiet
1698 751 1763 805 de
1800 750 1891 804 illo
1927 750 2029 805 hoc

460 845 600 913 quod
629 845 889 913 scriptum
918 853 1023 909 est,
1052 844 1391 914 demergetur
1436 843 1487 895 in
1530 840 1874 911 profundum,
1913 849 2029 894 tan-

458 949 618 1004 quam
647 933 926 1003 plumbum
956 933 1007 986 in
1032 947 1225 1001 aquam
1250 933 1659 989 validissimam.
1680 930 1783 985 Sed
1808 931 2026 1000 longum

459 1034 541 1081 est
562 1026 607 1080 si
634 1040 731 1094 per
758 1025 1006 1080 ordinem
1034 1024 1259 1080 velimus
1292 1038 1585 1094 exponere,
1612 1006 1838 1078 shﬂiciat
1860 1035 2028 1093 pauca

458 1116 852 1185 perstringere.

528 1207 582 1260 5.
613 1224 631 1257 ι
656 1206 817 1272 Quis,
854 1204 1027 1275 inquit
1058 1202 1128 1269 ⁵⁸,
1154 1201 1346 1259 similis
1391 1202 1484 1257 tibi
1517 1202 1569 1255 itt
1613 1201 1739 1265 diis,
1763 1200 2030 1256 Domine?

458 1292 592 1360 Quis
616 1294 809 1350 similis
844 1295 974 1348 tibi?
998 1293 1275 1348 Gloriosus
1318 1293 1372 1346 in
1419 1291 1643 1355 sanctis,
1680 1290 1945 1346 mirabilis
1973 1290 2025 1343 in

461 1385 856 1455 majestatibus,
879 1385 1083 1441 faciens
1111 1384 1376 1453 prodigia.
1416 1402 1433 1435 ι
1464 1384 1619 1451 Quod
1645 1384 1775 1437 dicit
1803 1401 1815 1437 :
1849 1402 1867 1434 ι
1898 1381 2029 1449 Quis

461 1479 654 1535 similis
686 1480 781 1535 tibi
811 1479 864 1534 in
899 1480 1039 1535 diis?
1076 1497 1094 1530 ι
1132 1494 1237 1533 non
1274 1478 1581 1534 simulacris
1609 1479 1849 1550 gentium
1881 1492 2030 1533 eom-

460 1579 615 1639 parat
649 1570 837 1645 Deum,
864 1586 962 1625 nec
992 1570 1348 1631 daemonibus,
1376 1568 1468 1639 qui
1497 1570 1598 1624 sibi
1636 1568 1771 1623 falso
1806 1570 2028 1624 deorum

464 1675 656 1716 nomen
686 1661 978 1725 aseiscunt,
1012 1661 1105 1715 sed
1149 1660 1281 1715 deos
1317 1660 1435 1714 illos
1468 1660 1619 1723 dicit,
1660 1659 1751 1728 qui
1783 1674 1880 1729 per
1906 1675 2032 1729 gra-

465 1752 593 1805 tiam
645 1760 701 1807 et
745 1750 1210 1822 participationem
1271 1749 1366 1804 Dei
1415 1749 1485 1802 dii
1547 1748 1903 1818 appellantur.
1954 1751 2029 1803 De

460 1844 660 1913 quibus
718 1852 773 1897 et
834 1839 956 1897 alibi
1014 1839 1296 1909 Scriptura
1354 1838 1483 1894 dicit
1510 1840 1602 1892 In:
1648 1858 1666 1890 ι
1699 1837 1811 1909 Ego
1863 1838 2027 1893 dixi:

2132 663 2306 722 terra;
2346 675 2365 709 ι
2401 657 2554 726 quasi
2587 666 2646 711 ut
2679 654 3077 712 devorarentur
3122 672 3152 711 a
3189 666 3359 720 terra,
3391 657 3508 711 bmc
3538 672 3696 712 causa

2130 746 2293 801 fuerit
2340 747 2482 816 quod
2521 749 2764 802 extendit
2816 748 3077 802 Dominus
3116 747 3399 802 dexteram
3433 763 3611 802 suam.
3642 748 3697 803 Si

2131 838 2443 893 consideres
2488 839 2761 909 quomodo
2809 838 3068 893 Dominus
3109 838 3385 893 exaltatus
3434 839 3487 891 in
3538 853 3699 892 cruce

2133 937 2239 983 tota
2273 929 2361 982 die
2386 929 2631 983 extendit
2668 944 2862 983 manus
2898 943 3024 983 suas
3057 929 3122 983 ad
3158 929 3415 999 populum
3448 942 3555 983 non
3590 942 3700 983 ere-

2130 1020 2346 1073 dentetn
2368 1019 2544 1086 “,sed
2575 1020 3055 1083 contradicentem,
3082 1029 3136 1075 et
3166 1020 3402 1089 qualiter
3431 1019 3698 1074 inﬁdelem

2130 1111 2409 1181 populum,
2447 1111 2539 1181 qui
2581 1111 2835 1166 clamavit
2866 1112 2913 1143 ⁸⁸
2950 1129 2964 1165 :
3008 1130 3026 1162 ι
3068 1111 3343 1182 Crucilige
3374 1152 3390 1178 ,
3441 1111 3704 1181 cruciﬁge

2131 1221 2283 1269 eum,
2316 1225 2335 1258 ι
2373 1222 2516 1261 mors
2550 1207 2774 1261 admissi
2804 1206 3029 1261 sceleris
3059 1208 3332 1276 oppressit
3376 1224 3391 1259 :
3423 1206 3703 1261 evidenter

2132 1297 2372 1352 invenies
2402 1298 2677 1367 quomodo
2731 1297 2973 1351 extendit
3003 1298 3282 1353 dexteram
3324 1313 3499 1364 suam,
3524 1309 3577 1351 et
3607 1297 3698 1349 de-

2132 1386 2338 1441 voravit
2364 1386 2484 1441 illos
2518 1396 2683 1442 terra.
2714 1386 2823 1441 Nec
2856 1396 3031 1442 tamen
3059 1388 3275 1457 penitus
3302 1389 3700 1457 desperandum

2130 1485 2233 1532 est.
2269 1476 2533 1531 Possibile
2582 1492 2818 1546 namque
2865 1486 2971 1543 est,
3011 1486 3092 1542 ut,
3131 1478 3179 1532 si
3226 1477 3367 1533 forte
3412 1479 3702 1547 resipiscat

2130 1568 2221 1636 qui
2258 1566 2553 1622 devoratus
2578 1578 2682 1632 est,
2714 1583 2929 1623 rursum
2984 1569 3156 1637 possit
3197 1569 3401 1634 evomi,
3437 1568 3584 1622 sicut
3614 1565 3702 1621 Jo-

2131 1673 2251 1713 nas.
2284 1658 2392 1713 Sed
2425 1668 2479 1713 et
2516 1675 2708 1715 omnes
2736 1674 2833 1714 nos
2874 1668 3006 1729 puto
3040 1660 3184 1729 quod
3230 1659 3527 1729 aliquando
3556 1668 3700 1712 terra

2133 1751 2427 1805 devoratos
2460 1749 2512 1802 in
2543 1749 2743 1803 inferni
2767 1749 3138 1818 penetralibus
3162 1749 3459 1816 retinebat,
3492 1758 3546 1803 et
3575 1764 3699 1817 pro-

2133 1851 2325 1908 pterea
2359 1840 2619 1895 Dominus
2650 1848 2835 1895 noster
2865 1841 3146 1895 descendit
3184 1856 3290 1895 non
3320 1840 3500 1894 solum
3531 1852 3699 1907 usque

464 1912 543 1991 Dii
576 1936 725 1992 estis.
765 1954 784 1987 ι
824 1935 890 1989 Et
923 1934 1119 1988 iterum
1158 1950 1171 1985 :
1208 1949 1227 1983 ί
1266 1932 1409 1986 Deus
1446 1931 1597 1985 stetit
1633 1931 1688 1984 in
1730 1945 2029 2000 congrega-
2061 1912 2104 1967 Β
2135 1936 2201 1989 ad
2228 1945 2432 1999 terras,
2459 1935 2552 1988 sed
2584 1947 2759 2004 usque
2787 1935 2853 1987 ad
2889 1932 3147 1988 inferiora
3183 1942 3341 1987 terra:
3376 1941 3471 1986 :et
3493 1931 3567 1986 ibi
3609 1945 3702 1983 nos

463 2030 609 2083 tione
639 2029 881 2083 deorum.
920 2046 939 2079 ι
970 2026 1075 2081 Sed
1114 2024 1192 2090 hi,
1232 2024 1482 2093 quamvis
1510 2037 1737 2092 capaces
1768 2023 1878 2077 sint
1913 2022 2027 2089 Dei,

460 2129 517 2173 et
539 2118 639 2172 hoc
668 2116 886 2172 nomine
912 2113 1099 2169 donari
1126 2126 1222 2181 per
1250 2111 1479 2182 gratiam
1508 2111 1819 2177 videantur,
1854 2110 2030 2166 nullus

461 2216 636 2260 tamen
671 2207 778 2261 Deo
802 2204 993 2259 similis
1026 2201 1320 2268 invenitur,
1351 2200 1433 2255 vel
1469 2202 1520 2254 in
1559 2201 1820 2271 potentia,
1856 2200 1943 2256 vel
1977 2200 2029 2253 in

459 2306 671 2350 natura.
709 2296 771 2349 Et
802 2294 929 2350 licet
967 2294 1203 2349 Joannes
1237 2291 1514 2361 apostolus
1541 2292 1687 2347 dicat
1716 2308 1730 2346 :
1774 2309 1793 2343 ι
1827 2290 2027 2356 Filioli,

459 2388 700 2441 nondum
728 2387 932 2441 scimus
960 2385 1084 2455 quid
1116 2385 1280 2438 futuri
1303 2396 1508 2448 sumus,
1538 2383 1584 2437 si
1609 2390 1788 2436 autem
1822 2382 2034 2437 revela-

461 2487 573 2547 tum
602 2478 761 2531 nobis
793 2476 956 2530 fuerit
983 2475 1071 2547 (de
1099 2475 1330 2529 Domino
1369 2474 1577 2529 scilicet
1618 2474 1849 2543 dicens),
1881 2474 2031 2530 simi-

462 2569 541 2622 les
564 2568 635 2622 illi
662 2568 865 2622 erimus
889 2566 957 2632 ”,
988 2584 1006 2618 ›
1034 2565 1328 2621 similitudo
1360 2566 1680 2630 tamenittec
1714 2580 1819 2621 non
1842 2564 1908 2619 ad
1939 2581 2034 2620 na-

461 2667 663 2721 turam,
695 2656 788 2709 sed
824 2655 890 2709 ad
930 2654 1161 2723 gratiam
1206 2662 1514 2708 revocatur.
1552 2650 1715 2708 Verbi
1753 2668 1937 2720 causa,
1974 2662 2033 2708 ut

460 2750 505 2804 si
533 2748 776 2803 dicamus
806 2746 1074 2815 picturam
1110 2744 1342 2801 similem
1392 2757 1512 2799 esse
1555 2744 1627 2809 ei,
1655 2744 1808 2812 cujus
1855 2745 2033 2814 imago

460 2839 514 2891 in
563 2839 770 2907 pictura
815 2836 1027 2890 videtur
1077 2848 1355 2903 expressa,
1385 2842 1647 2903 quantum
1694 2835 1761 2888 ad
1801 2835 2031 2904 gratiam

460 2928 689 2998 pertinet
715 2926 883 2991 visus,
910 2925 1104 2981 similis
1137 2926 1355 2991 dicitur,
1391 2933 1653 2995 quantum
1678 2925 1746 2979 ad
1777 2926 2034 2980 substan-

458 3020 616 3082 tiam,
648 3017 806 3087 longe
840 3016 1135 3070 dissimilis.
1168 3015 1261 3069 llla
1295 3015 1440 3070 enim
1475 3017 1685 3085 species
1718 3016 1900 3071 carnis
1924 3024 2027 3081 est,

455 3125 514 3169 et
545 3115 707 3168 deedr
736 3112 979 3181 corporis
1012 3111 1141 3176 vivi,
1185 3111 1289 3166 ista
1335 3111 1578 3167 colorum
1620 3111 1776 3167 lucus
1827 3120 1932 3177 est,
1978 3119 2033 3166 et

2133 2026 2342 2081 invenit
2381 2025 2690 2087 devoratos,
2721 2032 2775 2077 et
2810 2023 3062 2077 sedentes
3103 2023 3204 2077 sub
3242 2023 3435 2077 umbra
3472 2022 3697 2076 mortis:

2131 2127 2184 2174 et
2218 2117 2343 2171 inde
2372 2116 2607 2171 educens
2639 2130 2745 2169 non
2785 2113 2900 2183 jam
2951 2114 3129 2169 locum
3166 2124 3345 2177 terrae,
3392 2124 3453 2167 ut
3506 2114 3699 2166 iterum

2132 2209 2541 2264 devoraremur.
2566 2204 2661 2262 sed
2691 2205 2870 2261 locum
2915 2214 3183 2276 praeparat
3215 2205 3371 2261 nobis
3401 2204 3558 2275 regni
3591 2218 3701 2259 cm-

2131 2301 2328 2355 lorum.

2204 2392 2256 2447 7.
2293 2410 2312 2443 ι
2343 2391 2623 2448 Deduxisti
2642 2391 2693 2446 in
2714 2388 2922 2460 justitia
2952 2396 3043 2442 tua
3072 2388 3327 2459 populum
3352 2398 3505 2442 tuum
3533 2387 3702 2450 hunc,

2130 2498 2290 2554 quem
2323 2482 2585 2538 liberasti.
2619 2481 2941 2538 Consolatus
2985 2496 3045 2537 es
3094 2481 3148 2535 in
3211 2480 3411 2534 virtute
3469 2490 3603 2540 tua,
3652 2480 3702 2531 iu

2132 2573 2317 2643 requie
2365 2581 2551 2628 sancta
2611 2582 2702 2625 tua
2730 2570 2797 2624 ".
2836 2588 2856 2621 ι
2895 2572 3156 2625 Dominus
3198 2568 3461 2638 populum
3503 2582 3699 2625 suum.

2133 2681 2293 2735 quem
2325 2666 2595 2722 liberavit’
2614 2680 2710 2733 per
2750 2667 3025 2721 lavacrum
3059 2661 3512 2732 regenerationis,
3534 2658 3704 2714 dedu~

2132 2759 2209 2813 cit
2242 2759 2297 2813 in
2330 2758 2568 2829 justitia,
2610 2758 2927 2813 consolatur
2953 2757 3119 2813 etiam
3151 2770 3275 2810 eum
3306 2768 3404 2824 per
3451 2750 3703 2806 consola-

2135 2851 2334 2904 tionem
2384 2850 2617 2919 Spiritus
2650 2852 2823 2905 sancti
2853 2850 2906 2903 in
2932 2849 3135 2903 virtute
3166 2860 3285 2910 sua,
3318 2854 3374 2900 et
3424 2844 3481 2898 in
3519 2841 3706 2911 requis

2132 2956 2248 2997 sua.
2273 2940 2601 2997 Futurorum
2631 2956 2866 3011 namque
2889 2954 3033 3009 spes,
3059 2936 3439 2993 laborantibus
3465 2932 3707 3001 requis-'1

2132 3033 2304 3103 parit;
2349 3033 2493 3089 sicut
2517 3043 2572 3088 et
2617 3035 2669 3088 in
2701 3046 2873 3103 agone
2911 3029 3104 3101 positis
3146 3028 3387 3085 dolorem
3417 3024 3706 3079 vulnerent

2134 3124 2344 3193 mitigat
2371 3137 2495 3194 spes
2530 3138 2766 3178 coronae.

454 3221 585 3261 cera
606 3203 1675 3274 tabulissensucarentibussuperposita.
1694 3204 1882 3259 Nullus
1904 3218 2102 3303 ergoc
2201 3214 2255 3270 3,
2319 3234 2339 3267 ι
2368 3217 2668 3271 Audieram
2716 3222 2904 3283 gemes
2948 3221 3003 3268 ει
3057 3213 3211 3268 irata;
3266 3220 3436 3276 sum,
3491 3209 3707 3264 dolores

458 3300 517 3353 in
544 3299 646 3354 diis
684 3298 877 3354 similis
911 3297 1158 3362 Domino,
1192 3296 1373 3351 nullus
1398 3296 1541 3352 enim
1580 3296 1889 3363 invisibilis,
1914 3296 2034 3351 nul—

464 3389 548 3444 lus
598 3389 968 3458 incorporeus,
1017 3388 1197 3442 nullus
1246 3386 1625 3454 immutabilis,
1688 3387 1865 3442 nullus
1917 3388 2035 3445 sine

454 3480 620 3535 initio
642 3490 695 3535 et
729 3480 848 3535 sine
884 3480 1010 3542 line,
1042 3479 1221 3534 nullus
1265 3489 1480 3535 creator
1509 3480 1773 3546 omnium,
1801 3480 1901 3537 nisi
1928 3479 2035 3536 Pa-

464 3583 545 3627 ter
579 3586 702 3627 cum
735 3570 870 3625 Filio
896 3580 952 3626 et
979 3569 1184 3641 Spiritu
1218 3579 1427 3627 sancto.

531 3662 584 3717 6.
622 3682 641 3713 ι
680 3662 981 3717 Extendisti
1026 3662 1302 3716 dexteram
1363 3673 1548 3730 tuam,
1600 3662 1881 3720 devoravit
1937 3679 2033 3721 eos

459 3763 607 3808 terra
640 3753 707 3807 ⁸³.
740 3771 759 3805 ι
797 3752 994 3822 impios
1041 3754 1258 3822 quidem
1302 3761 1357 3806 et
1390 3753 1551 3808 hodie
1595 3753 1820 3809 devorat
1865 3764 2031 3811 terra.

460 3847 658 3899 Annon
697 3845 791 3899 tibi
822 3844 1038 3899 videtur
1073 3854 1217 3899 terra
1250 3843 1517 3900 devorare
1554 3844 1726 3911 illum,
1756 3847 1848 3915 qui
1886 3862 2033 3902 sem-

463 3950 561 4006 per
611 3936 678 3990 de
724 3944 871 3989 terra
924 3936 1149 4004 cogitat,
1193 3937 1287 4007 qui
1333 3951 1548 4002 semper
1579 3936 1739 4008 149
1786 3948 2034 3995 terrenos

463 4027 630 4082 habet
658 4036 836 4089 actus,
861 4025 952 4095 qui
985 4027 1051 4080 de
1084 4035 1227 4079 terra
1266 4026 1521 4095 loquitur,
1558 4028 1622 4081 de
1660 4039 1800 4082 terra
1830 4030 2031 4099 litigat,

465 4127 665 4171 terram
706 4116 998 4180 desiderat,
1050 4126 1105 4171 et
1143 4132 1359 4172 omnem
1403 4134 1551 4186 spem
1603 4134 1756 4173 suam
1799 4122 1949 4189 ponit
1978 4124 2032 4176 in

466 4220 642 4273 terra;
672 4210 763 4277 qui
804 4208 870 4262 ad
914 4209 1109 4263 cmlum
1137 4225 1243 4263 non
1278 4211 1526 4280 reSpicit,
1574 4212 1665 4279 qui
1704 4211 1884 4266 futura
1926 4230 2031 4268 non

464 4302 691 4369 cogitat,
735 4301 825 4369 qni
860 4301 1127 4370 judicium
1185 4300 1275 4356 Dei
1331 4317 1435 4355 non
1481 4302 1693 4366 metuit,
1744 4318 1844 4357 nec
1876 4306 2031 4359 beata

462 4394 579 4461 ejus
613 4393 877 4463 promissa
932 4392 1223 4456 desiderat,
1252 4393 1347 4446 sed
1378 4409 1593 4462 semper
1640 4395 1705 4448 de
1749 4397 2035 4463 prtesenti-

462 4485 562 4536 bus
617 4483 835 4552 cogitat,
892 4491 947 4535 et
987 4480 1055 4533 ad
1103 4490 1318 4534 terrena
1376 4480 1656 4550 suspirat?
1693 4482 1878 4537 Talem
1909 4499 2029 4538 cum

2137 3304 2665 3374 comprehenderunt
2703 3303 3039 3358 habitatores
3084 3301 3403 3357 Philistiim.
3438 3299 3596 3353 Tunc
3630 3299 3706 3351 fe-

2136 3398 2477 3453 Stinaverunt
2514 3397 2681 3451 duces
2714 3395 2904 3460 Edoni,
2939 3403 2994 3449 et
3022 3393 3298 3464 principes
3322 3392 3707 3453 illoabitarum,

2137 3488 2496 3559 apprehendit
2520 3488 2641 3543 illos
2672 3489 2837 3542 timor
2865 3496 2919 3540 et
2953 3495 3179 3541 tremor.
3210 3483 3547 3540 Tabuerunt
3591 3497 3710 3537 orn-

2136 3596 2233 3636 nes
2265 3578 2635 3634 inhabitantes
2659 3578 2912 3633 Chanaan
2931 3575 2977 3607 ⁸⁸
2999 3576 3135 3646 (12).
3174 3594 3193 3628 s
3224 3574 3500 3642 Quantum
3522 3573 3593 3626 ad
3624 3572 3707 3627 hi-

2136 3673 2362 3730 storiam
2390 3670 2648 3741 pertinet,
2682 3668 2888 3723 nullum
2912 3681 2975 3722 ex
3007 3667 3092 3722 his
3116 3668 3367 3734 gentibus
3392 3665 3713 3721 interfuisse

2138 3763 2479 3819 mirabilibus
2503 3776 2624 3830 quas
2659 3760 2802 3815 laeta
2835 3767 2985 3824 sunt,
3017 3766 3231 3813 constat
3262 3758 3402 3829 (15).
3426 3756 3711 3824 Quomodo

2139 3869 2266 3927 ergo
2297 3856 2623 3910 videbuntur
2654 3862 2890 3907 tremore
2942 3851 3209 3918 deterriti,
3266 3849 3351 3905 vel
3391 3850 3708 3911 festinasse.

2139 3958 2202 4003 ut
2228 3948 2378 4012 dicit,
2421 3946 2507 4001 vel
2551 3945 2674 3999 irati
2711 3960 2836 3999 esse
2881 3943 3196 4007 Philistiim,
3237 3949 3293 3994 et
3338 3939 3632 4003 Moabitae,
3660 3946 3715 3991 et

2138 4041 2328 4104 Edom,
2358 4048 2412 4092 et
2449 4038 2667 4106 reliqua:
2697 4051 2832 4106 quas
2875 4042 3159 4089 enumerat
3189 4032 3444 4087 nationes
3466 4031 3492 4083 ?
3524 4030 3633 4085 Sed
3668 4030 3711 4081 si

2138 4134 2423 4186 redeamus
2463 4129 2528 4181 ad
2572 4128 2985 4197 intelligentiam
3016 4125 3340 4196 spiritalem,
3372 4124 3715 4178 inveniemus

2139 4223 2268 4294 quia
2321 4219 2609 4284 Philistini,
2648 4219 2699 4273 id
2749 4228 2831 4274 est
2859 4220 3099 4272 cadentes
3128 4217 3307 4287 populi
3333 4258 3349 4282 ,
3406 4225 3462 4272 et
3495 4217 3667 4270 Edotn
3695 4250 3717 4275 ,

2138 4315 2231 4384 qui
2261 4317 2645 4381 interpretatur
2672 4320 2907 4364 terrenus
2936 4308 3070 4381 (lt),
3100 4310 3395 4377 trepidant,
3426 4316 3483 4362 et
3521 4308 3715 4360 borum

2139 4406 2382 4459 omnium
2421 4401 2693 4472 principes
2723 4403 3026 4465 cursitant,
3079 4411 3132 4455 et
3181 4408 3378 4468 pavent
3426 4394 3717 4452 constricti

2142 4495 2441 4557 doloribus,
2490 4510 2611 4549 cum
2655 4494 2840 4549 vident
2886 4507 3050 4562 regna
3077 4506 3198 4555 sua,
3238 4506 3360 4561 quae
3411 4490 3464 4544 in
3503 4488 3718 4544 inferno

461 4572 687 4637 videris,
716 4572 883 4625 dicito
906 4569 1029 4634 quia
1073 4569 1357 4623 devoravit
1387 4584 1509 4623 eum
1563 4578 1727 4623 terra.
1760 4569 1867 4624 Sed
1897 4578 1949 4624 et
1988 4572 2033 4625 si
2068 4589 2111 4643 Ι)
2143 4598 2305 4654 sum,
2358 4597 2640 4658 penetrata
2673 4592 2739 4641 ab
2767 4600 2832 4639 eo
2864 4586 2957 4654 qui
3008 4584 3291 4640 descendi,
3344 4583 3399 4637 in
3453 4582 3717 4636 inferio“

462 4675 621 4728 quem
656 4660 858 4713 videris
898 4658 1127 4712 luxurias
1182 4661 1364 4712 carnis
1411 4666 1465 4713 et
1498 4660 1864 4728 voluptatibus
1912 4676 2034 4716 cor-

462 4752 609 4821 poris
641 4752 900 4815 deditum,
927 4750 980 4804 in
1009 4764 1115 4819 quo
1146 4751 1361 4805 animus
1396 4751 1530 4804 nihil
1553 4752 1715 4816 valet,
1745 4752 1839 4807 sed
1865 4761 2032 4807 totum

462 4846 632 4900 libido
654 4846 839 4900 carnis
872 4844 1131 4911 obtinuit,
1162 4846 1332 4901 dicito
1358 4853 1414 4901 et
1441 4844 1509 4900 de
1548 4843 1649 4899 hoc
1696 4846 1824 4913 quia
1870 4846 2036 4900 devo-

423 5000 429 5005 1
463 4937 607 4991 ravit
656 4951 780 4992 eum
824 4945 989 4992 terra.
1035 4939 1228 4994 Adhuc
1287 4952 1377 4991 me
1432 4944 1614 4990 movet
1646 4935 1792 5005 quod
1827 4936 1903 4990 ait
1932 4938 1980 4969 ”
2012 4953 2029 4993 :

534 5076 581 5109 ⁸⁸
612 5076 782 5131 Exod.
815 5093 903 5143 xv,
930 5077 1019 5132 Η.

464 5147 510 5180 ⁸⁸
541 5147 671 5202 Luc.
706 5163 865 5215 χχιιι,
900 5148 991 5202 21.

1114 5078 1158 5109 ’ί
1188 5076 1331 5130 Psal.
1361 5092 1571 5134 Lxxxu.
1602 5076 1655 5139 6,
1694 5077 1744 5129 1.

1100 5144 1146 5180 ⁸⁷
1169 5146 1343 5201 Exod.
1395 5161 1485 5212 xv,
1518 5145 1607 5202 15.
1682 5144 1728 5176 ⁵⁸
1756 5145 1886 5201 ibid.
1931 5147 2025 5206 M.

537 5282 650 5355 (l2)
677 5286 814 5341 Vide
844 5285 940 5340 lib.
975 5300 1016 5339 ιι
1047 5284 1221 5354 0rig.,
1249 5295 1441 5355 quaast.
1470 5286 1557 5340 15.

537 5356 651 5426 (15)
699 5356 971 5419 Quantum
1016 5357 1083 5407 ad
1120 5357 1394 5409 historiam
1450 5357 1691 5421 pertinet,
1724 5356 1935 5426 nullum
1971 5375 2038 5413 ea:

466 5427 547 5480 his
579 5425 818 5496 gentibus
850 5426 1151 5493 interfuisse
1170 5425 1511 5496 mirabilibus
1545 5441 1673 5496 quae
1708 5425 1847 5493 facta
1888 5440 2034 5493 sunt,

465 5494 693 5550 constat.
732 5495 876 5559 Esto,
917 5495 1010 5549 sed
1051 5495 1178 5564 quid
1215 5504 1361 5548 vetat
1395 5496 1507 5547 haec
1534 5494 1730 5549 eantiei
1764 5498 1923 5550 verba
1948 5498 2033 5550 fu-

466 5576 715 5619 turorum
746 5579 864 5619 esse
892 5566 1251 5634 prophetiam,
1276 5565 1731 5634 quemadmodum
1764 5567 2036 5634 accipiunt

467 5634 708 5688 melioris
746 5632 1261 5702 notm‘int’erpretes.
1309 5634 1451 5687 Sane
1482 5632 1707 5688 Hebraea
1744 5632 1908 5687 verba
1963 5638 2030 5691 ad

467 5702 707 5774 futurum
741 5713 953 5773 tempus
982 5706 1063 5759 sic
1086 5704 1222 5757 verti
1250 5714 1475 5772 possunt
1503 5719 1517 5755 :
1544 5721 1562 5753 ι
1595 5703 1901 5774 ᾼιιιιίθι-ιιηι
1931 5721 2029 5774 po-

468 5772 606 5839 puli,
645 5772 1088 5838 eontremiscent,
1115 5773 1268 5827 dolor
1298 5772 1654 5842 apprehendit
1686 5772 2029 5829 habitatores

470 5842 788 5897 Palmtinte.
825 5844 979 5901 Tunc
1009 5844 1183 5900 territi
1216 5852 1346 5899 sunt
1382 5842 1669 5900 millenarii
1699 5842 1901 5912 Edoni,
1946 5859 2033 5899 ro-

1844 5076 1890 5150 ‘f'
1929 5076 1952 5150 l_
1978 5075 2136 5150 Joan.
2160 5097 2244 5150 tu,
2269 5083 2327 5137 ‘2.
2402 5082 2449 5115 ⁸³
2469 5082 2640 5138 Exod.
2672 5098 2761 5149 xv,
2794 5082 2885 5138 12.
2959 5081 3007 5114 ³⁸
3036 5080 3171 5137 ibid.

2144 4690 2325 4745 terra},
2362 4688 2422 4734 ut
2463 4680 2699 4749 eriperet
2736 4693 2831 4733 eos
2873 4677 2965 4746 qui
3014 4675 3433 4745 possidebantur
3457 4689 3490 4727 a
3523 4682 3716 4725 morte.

2144 4770 2282 4825 lline
2311 4785 2406 4825 eos
2441 4769 2849 4840 comprehendit
2879 4770 3044 4823 timor
3078 4777 3133 4823 et
3166 4777 3391 4830 tremor,
3423 4764 3555 4835 quia
3587 4778 3718 4818 sen-

2142 4869 2333 4915 serunt
2359 4860 2783 4931 magnitudinem
2815 4858 3027 4914 brachii
3067 4858 3206 4927 ejus.
3256 4856 3396 4911 llinc
3440 4856 3611 4910 etiam
3639 4863 3724 4905 ta-

2139 4948 2375 5005 buerunt
2400 4964 2590 5005 omnes
2614 4948 2987 5004 inhabitantes
3007 4947 3291 5011 Chanaan,
3320 4947 3413 5017 qui
3437 4943 3721 5000 mutabiles

3281 5080 3328 5112 ⁸⁵
3359 5080 3467 5135 lsa.
3501 5094 3631 5144 ιη,
3666 5077 3722 5131 3.

2135 5294 2328 5345 bustos
2360 5288 2515 5344 Moab
2547 5287 2916 5359 apprehendet
2950 5296 3179 5345 tremor.
3205 5286 3387 5343 'Cadet
3422 5301 3589 5356 super
3624 5299 3727 5340 eos

2138 5370 2316 5418 terror
2348 5370 2402 5428 et
2435 5375 2621 5428 pavor.
2656 5378 2675 5409 ι

2206 5429 2317 5499 (li)
2373 5426 2670 5491 Philistim‘,
2728 5428 2782 5481 id
2816 5436 2893 5483 est
2923 5426 3181 5483 cadentes
3217 5427 3429 5498 populi,
3462 5437 3510 5481 et
3543 5426 3727 5482 Edoni

2132 5522 2223 5592 qui
2262 5523 2643 5592 interpretatur
2696 5529 2971 5574 terrenus.
3004 5521 3061 5592 A_
3100 5504 3439 5592 radicentzﬁa
3478 5521 3729 5573 potatus

2132 5589 2187 5645 se
2212 5592 2269 5644 iu
2301 5590 2530 5656 pulvere,
2564 5598 2616 5645 et
2646 5606 2776 5645 voce
2803 5601 2885 5654 ειν
2906 5590 3159 5657 populus;
3191 5589 3482 5642 Philistiim
3514 5597 3727 5640 utcun-

2137 5677 2242 5730 que
2268 5660 2373 5713 dici
2415 5670 2639 5728 possunt
2667 5663 2909 5713 cadentes
2946 5661 3149 5728 populi,
3174 5661 3298 5730 quia
3327 5661 3419 5727 qui
3458 5657 3728 5730 volutam

2140 5728 2227 5785 fur
2254 5731 2307 5784 in
2342 5731 2589 5799 pulvere,
2617 5731 2918 5786 ceciderint
2945 5737 3178 5797 oportet.
3206 5728 3373 5782 Edoni
3412 5743 3539 5783 vero
3567 5729 3730 5797 opti-

2142 5801 2408 5872 me.reddi
2442 5810 2619 5869 potest
2659 5810 2892 5858 terrenus
2929 5799 2997 5853 ab
3022 5806 3186 5857 amat
3212 5809 3354 5852 terra
