3902 6500
260 431 362 487 357

1460 418 1527 478 IN
1566 415 1855 477 EXODUM
1894 415 2183 475 HOMILIA
2216 420 2305 476 Vl.

3392 415 3500 472 358

258 553 684 619 interpretantur
716 554 770 601 et
796 546 1006 601 mobiles
1045 546 1179 617 (l5),
1224 560 1347 602 cum
1382 546 1567 602 vident
1618 545 1822 600 moveri
1852 539 1902 599 A
1928 548 1982 594 ct
2011 542 2219 595 creavit
2241 551 2292 596 te
2320 548 2373 595 et
2403 538 2695 609 acquisivit
2726 539 2819 594 te?
2850 557 2867 591 ι
2900 537 3127 595 Videtur
3162 535 3306 592 enim
3334 551 3502 590 unus-

258 655 421 709 regna
468 654 587 702 sua,
643 637 850 705 alligari
896 638 1121 701 fortem,
1171 646 1227 691 et
1284 650 1415 692 vasa
1476 634 1594 704 ejus
1630 637 1816 705 diripi.

257 749 279 785 ι
321 730 515 785 Veniat
537 745 670 800 ergo
697 744 862 798 super
889 744 983 782 eos
1013 730 1175 783 timor
1218 737 1275 783 et
1312 737 1516 783 tremor
1554 729 1823 799 magnitu-

253 822 393 878 dinis
424 821 633 876 brachii
674 821 748 875 tui
772 821 862 876 ⁸⁸⁸.
897 838 916 871 ι
944 821 1080 888 Quid
1113 820 1307 875 timent
1338 821 1640 876 dzemones?
1685 821 1823 887 Quid

255 915 534 970 tremum?
562 915 693 970 Sine
719 912 885 968 dubio
910 927 1127 968 crucem
1156 914 1382 980 Christi,
1414 915 1466 967 in
1498 930 1601 983 qua
1633 915 1822 967 trium-

250 1005 403 1074 phati
433 1014 580 1067 sunt,
612 1004 665 1057 in
694 1018 802 1074 qua
831 1005 979 1059 exuti
1023 1012 1149 1058 sunt
1189 1005 1523 1073 principatus
1556 1020 1739 1059 eorum
1771 1013 1824 1059 et

249 1102 567 1164 petestates.
601 1095 791 1148 Timor
831 1109 962 1163 ergo
996 1102 1051 1149 et
1090 1103 1291 1149 tremor
1334 1096 1491 1150 cadet
1516 1110 1678 1165 super
1705 1110 1819 1162 eos,

249 1200 369 1240 cum
398 1188 610 1256 signum
637 1187 693 1240 in
718 1187 876 1240 nobis
906 1185 1145 1242 viderint
1169 1190 1349 1242 crucis
1375 1187 1607 1243 ﬁdeliter
1632 1188 1821 1255 ﬁxum,

247 1286 301 1332 et
332 1278 765 1347 magnitudinem
803 1277 1014 1333 brachii
1047 1278 1214 1344 illius,
1243 1280 1386 1348 quod
1436 1279 1699 1335 Dominus
1727 1294 1825 1336 ex-

208 1420 213 1421 ,
246 1370 438 1439 pandit
478 1369 533 1423 in
567 1383 754 1434 cruce,
791 1370 936 1424 sicut
962 1369 1097 1425 dicit
1121 1372 1209 1424 “:
1245 1390 1263 1422 ι
1298 1370 1432 1426 Tota
1473 1372 1559 1427 die
1590 1373 1823 1442 expandi

246 1476 445 1515 manus
470 1474 622 1515 meas
648 1461 714 1515 ad
742 1459 996 1530 populum
1026 1476 1133 1514 non
1164 1462 1500 1530 credentem,
1530 1471 1583 1517 et
1612 1474 1827 1519 contra-

245 1553 515 1606 dicentem
549 1553 702 1607 mihi.
737 1572 755 1604 ι
796 1552 911 1607 Non
949 1562 1000 1607 te
1035 1568 1166 1620 ergo
1208 1554 1365 1609 aliter
1401 1556 1692 1621 timebunt,
1726 1573 1824 1612 nec

243 1641 406 1697 aliter
431 1652 634 1698 tremor
663 1652 785 1697 tuus
810 1643 993 1698 veniet
1020 1657 1184 1713 super
1215 1661 1335 1711 eos,
1380 1646 1483 1701 nisi
1521 1649 1741 1702 videant
1771 1650 1824 1702 in

243 1741 299 1788 te
351 1748 565 1789 crucem
613 1733 817 1789 Christi
846 1774 862 1800 ,
907 1735 1010 1791 nisi
1059 1745 1115 1791 et
1159 1745 1212 1790 tu
1256 1738 1466 1805 poteris
1499 1738 1682 1793 dicere
1720 1740 1765 1771 ⁶⁰
1808 1757 1824 1795 :

246 1843 266 1876 ι
304 1825 437 1879 Mihi
481 1835 663 1880 autem
705 1828 848 1881 absit
883 1827 1140 1897 gloriari,
1176 1828 1278 1882 nisi
1315 1829 1367 1882 in
1414 1845 1575 1885 cruce
1608 1830 1820 1885 Domini

240 1916 350 1971 mei
376 1915 507 1971 Jesu
534 1917 759 1983 Christi,
786 1933 887 1987 per
908 1933 1069 1988 quem
1095 1919 1228 1973 mihi
1266 1920 1500 1978 mundus
1526 1923 1821 1980 cruciﬁxus

236 2018 346 2071 est,
379 2017 434 2062 et
471 2022 572 2079 ego
607 2010 830 2065 mundo.
866 2029 885 2062 ι

306 2100 367 2155 9.
404 2117 428 2152 4
460 2099 620 2155 Fiant
648 2111 907 2172 tanquam
948 2103 1088 2172 lapis
1120 2103 1293 2160 donec
1323 2113 1565 2161 transeat
1588 2107 1821 2178 populus

238 2197 391 2254 tuus,
438 2191 697 2260 Domine,
752 2193 923 2248 donec
974 2202 1221 2251 transeat
1268 2197 1500 2266 populus
1546 2207 1668 2252 tuus
1708 2199 1817 2267 hic,

237 2298 404 2350 quem
438 2284 722 2353 acquisisti
747 2285 815 2339 ⁶¹.
858 2305 877 2338 ι
908 2286 1051 2342 Fieri
1090 2297 1350 2357 tanquam
1393 2288 1632 2359 lapidem
1658 2336 1673 2361 ,
1712 2310 1817 2347 non

234 2384 324 2429 est
351 2382 545 2428 natura
571 2390 695 2431 esse
717 2376 970 2446 lapidem.
999 2376 1114 2433 Non
1153 2380 1297 2433 enim
1339 2379 1514 2447 ﬁeret,
1547 2383 1650 2437 nisi
1678 2385 1821 2454 quod

238 2481 352 2520 non
378 2478 521 2520 erat.
553 2466 670 2523 Hoc
711 2479 932 2538 propter
964 2469 1083 2526 illos
1100 2470 1381 2540 «dicimus,
1412 2474 1502 2543 qui
1535 2475 1691 2530 malae
1722 2493 1819 2531 na-

236 2566 379 2612 turae
408 2558 775 2626 Pharaonem,
825 2560 910 2616 vel
954 2561 1245 2633 Egyptios
1298 2566 1486 2620 dicunt
1546 2566 1735 2636 fuisse,
1766 2579 1822 2623 et

237 2662 354 2701 non
377 2662 444 2702 ex
468 2649 678 2703 arbitrii
712 2650 966 2705 libertate
994 2651 1047 2705 in
1079 2648 1183 2707 hoc
1212 2667 1336 2709 esse
1366 2656 1629 2710 deductos
1656 2673 1670 2722 ;
1724 2659 1819 2713 sed

234 2748 290 2791 et
316 2748 540 2808 propter
567 2755 678 2804 eos,
705 2740 797 2809 qui
833 2751 1137 2796 creatorem
1182 2744 1349 2798 Deum
1387 2758 1655 2803 accusant
1702 2758 1823 2804 tan-

234 2844 407 2898 quam
442 2845 666 2896 saavnm,
696 2833 840 2900 quod
874 2834 1121 2889 homines
1168 2845 1346 2892 vertat
1390 2838 1443 2892 in
1480 2839 1727 2910 lapides.,
1752 2841 1820 2896 lli

232 2935 375 2991 ergo
419 2922 735 2992 priusquam
780 2923 1178 2994 blaspltement,
1222 2930 1580 2985 considerent
1604 2948 1817 2989 summa

232 3013 551 3078 lihratione,
603 3030 726 3084 quae
773 3015 976 3085 scripta
1031 3027 1179 3071 sunt.
1237 3016 1353 3074 Non
1405 3023 1550 3076 enim
1621 3024 1816 3079 dixit:

235 3124 256 3157 ι
304 3104 475 3159 Fiant
504 3116 761 3175 tanquam
790 3107 927 3177 lapis
946 3147 962 3173 ,
993 3127 1013 3161 ι
1047 3118 1103 3164 et
1127 3114 1318 3176 tacuit,
1345 3115 1440 3169 sed
1469 3125 1681 3185 tempus
1703 3129 1818 3172 sta—

1918 634 2163 709 quisque
2200 632 2329 687 illud
2361 633 2665 701 acquirere,
2714 632 2858 703 quod
2890 648 2995 687 non
3028 631 3133 685 luit
3166 645 3344 686 suum.
3372 628 3502 684 lude

1930 725 2161 795 denique
2196 734 2249 780 et
2295 724 2534 779 haeretici
2570 725 2757 779 dicunt
2789 726 2852 779 de
2885 724 3166 779 Salvatore
3187 764 3202 789 ,
3235 722 3359 792 quia
3393 738 3501 779 non

1927 826 2086 870 erant
2109 816 2216 882 sui,
2249 832 2388 886 quos
2422 817 2738 887 acquisivit.
2762 817 2900 871 Dato
2927 819 3125 872 etenim
3151 816 3328 885 pretio
3353 828 3502 869 mer-

1929 916 2081 962 ratus
2113 917 2195 963 est
2232 908 2480 964 homines
2514 923 2652 978 quos
2668 909 2896 964 Creator
2918 909 3147 964 fecerat.
3184 909 3251 962 Et
3289 916 3501 962 certum

1927 1008 2033 1063 est,
2063 999 2238 1065 aiunt,
2274 1017 2714 1071 unumquemque
2757 1018 2866 1057 non
2918 1001 3048 1056 illud
3091 1014 3297 1065 emere,
3356 999 3500 1069 quod

1926 1105 2083 1144 suum
2136 1100 2240 1147 est.
2304 1093 2598 1163 Apostolus
2644 1093 2789 1147 enim
2836 1094 2910 1146 ait
2942 1093 2988 1123 ”
3020 1110 3033 1150 ;
3066 1112 3084 1143 ι
3119 1092 3300 1147 Pretio
3330 1094 3499 1161 empti

1925 1182 2076 1238 estis.
2109 1201 2128 1235 ι
2163 1183 2270 1239 Sed
2300 1186 2422 1239 audi
2457 1185 2588 1253 quid
2618 1184 2749 1239 dicit
2791 1185 3053 1254 propheta
3088 1184 3132 1215 ⁸³
3162 1201 3176 1238 :
3210 1203 3227 1235 ι
3257 1183 3500 1239 Peccatis

1926 1276 2125 1329 vestris
2156 1276 2451 1329 venundati
2491 1275 2648 1339 estis,
2687 1284 2742 1329 et
2771 1289 2871 1342 pro
2894 1274 3273 1344 iniquitatibus
3304 1276 3501 1330 vestris

1927 1367 2104 1423 dimisi
2135 1378 2365 1422 matrem
2395 1377 2654 1422 vestram.
2685 1387 2704 1420 ι
2732 1366 2897 1422 Vides
2927 1382 3079 1436 ergo,
3104 1367 3229 1434 quia
3258 1368 3352 1423 Dei
3380 1368 3503 1436 qui-

1927 1461 2048 1515 dem
2104 1470 2357 1516 creatura
2404 1477 2595 1517 omnes
2654 1476 2884 1526 sumus,
2935 1460 3311 1529 unusquisque
3374 1476 3505 1517 vero.

1927 1554 2165 1621 peccatis
2191 1555 2302 1609 suis
2330 1554 2697 1619 venundatur,
2739 1562 2792 1608 et
2844 1568 2943 1621 pro
2977 1552 3353 1621 iniquitatibus
3387 1552 3502 1606 suis

1929 1657 1958 1695 a
2003 1644 2224 1712 proprio
2271 1654 2521 1697 creatore
2567 1644 2819 1698 discedit.
2848 1642 2941 1697 Dei
2978 1642 3148 1712 igitur
3192 1655 3383 1696 sumus
3419 1655 3503 1697 se-

1938 1736 2174 1787 cundum
2206 1736 2348 1803 quod
2385 1738 2451 1789 ab
2491 1750 2554 1789 eo
2583 1736 2753 1788 creati
2783 1750 2993 1789 sumus.
3032 1731 3218 1787 Ell'ecti
3246 1748 3374 1788 vero
3407 1749 3502 1787 su-

1929 1838 2052 1877 mus
2078 1826 2215 1878 servi
2246 1824 2444 1878 diaboli
2467 1864 2479 1888 ,
2514 1825 2808 1877 secundum
2842 1823 2983 1892 quod
3014 1824 3253 1892 peccatis
3295 1825 3501 1878 nostris

1929 1910 2220 1970 venundati
2260 1932 2467 1972 sumus.
2496 1916 2728 1973 Veniens
2763 1927 2943 1969 autem
2990 1915 3240 1971 Christus
3268 1915 3501 1971 redemit

1928 2023 2026 2063 nos
2052 2023 2176 2062 cum
2223 2003 2555 2064 serviremtis
2600 2010 2677 2064 illi
2720 2011 2963 2073 domino,
3006 2008 3091 2062 cui
3130 2009 3501 2079 nosmetipsos

1928 2104 2205 2171 peccando
2246 2101 2610 2157 vendidimus.
2648 2101 2715 2155 Et
2744 2102 2817 2155 ita
2852 2102 3065 2155 videtur
3091 2110 3348 2169 tanquam
3378 2115 3506 2155 suos

1930 2195 2145 2265 quidem
2176 2195 2471 2263 recepisse,
2495 2208 2631 2263 quos
2667 2202 2972 2257 creaverat,
3007 2190 3267 2261 tanquam
3299 2191 3506 2248 alienos

1928 2295 2109 2340 autem
2154 2287 2492 2355 acquisisse,
2560 2287 2689 2354 quia
2762 2281 3000 2337 alienum
3061 2284 3165 2338 sibi
3224 2283 3503 2337 dominum

1928 2379 2042 2434 sive
2068 2378 2341 2442 errando,
2387 2377 2503 2431 sive
2545 2376 2821 2445 peccando
2866 2376 3251 2445 qumsiverant.
3292 2374 3357 2428 Et
3394 2373 3505 2429 for-

1931 2480 2074 2525 tasse
2122 2478 2269 2523 recte
2297 2468 2517 2539 quidem
2547 2468 2743 2523 dicitur
2782 2466 3080 2522 redemisse
3105 2482 3203 2522 nos
3226 2466 3501 2532 Christus,

1928 2561 2020 2629 qui
2074 2559 2307 2630 pretium
2361 2558 2532 2614 nostri
2586 2554 2902 2627 sanguinem
2954 2572 3110 2612 suum
3157 2557 3324 2613 dedit.
3363 2558 3503 2624 Quid

1929 2653 2036 2706 tale
2079 2661 2261 2707 autem
2292 2659 2350 2705 ut
2384 2666 2480 2707 nos
2512 2659 2856 2705 mercaretur
2899 2651 3066 2705 etiam
3121 2649 3367 2705 diabolus
3402 2650 3499 2705 de-

1928 2744 2049 2799 dit?
2078 2744 2241 2814 Ergo,
2282 2743 2325 2797 si
2360 2741 2614 2805 videtur,
2658 2740 2925 2794 ausculta.
2976 2741 3359 2805 Homicidium,
3408 2756 3508 2811 pe-

1928 2837 2089 2891 cunia
2152 2835 2353 2890 diaboli
2399 2844 2503 2891 est.
2558 2832 2651 2887 llle
2694 2831 2838 2885 enim
2894 2835 2963 2890 ab
3020 2834 3178 2889 initio
3228 2833 3503 2889 homicida

1926 2938 2011 2984 est
2044 2928 2109 2982 °".
2145 2928 2346 2984 Fecisti
2382 2929 2769 2995 homicidium,
2808 2928 3009 2985 diaboli
3046 2928 3330 2998 pecuniam
3378 2941 3502 2981 sus-

1927 3021 2146 3089 cepisti.
2205 3021 2571 3086 Adulterium,
2623 3021 2821 3076 diaboli
2863 3021 3094 3091 pecunia
3145 3028 3252 3074 est.
3290 3018 3499 3073 Diaboli

1926 3113 2153 3189 enimin
2191 3127 2256 3168 eo
2286 3112 2464 3182 imago
2504 3122 2586 3166 est
2622 3122 2677 3167 et
2714 3113 3129 3183 superscriptio.
3166 3109 3501 3167 Commisisti

232 3197 370 3263 tuit,
421 3207 476 3253 et
524 3214 840 3254 mensuram
883 3203 1357 3261 condemnationis
1408 3208 1671 3264 decernit.
1728 3211 1887 3287 Aitc
1926 3206 2293 3272 adulterium,
2337 3204 2599 3274 accepisti
2636 3204 2841 3259 diaboli
2886 3206 3179 3260 numisma.
3235 3202 3499 3265 Furtum,

230 3288 391 3341 enim
429 3304 443 3341 :
478 3306 500 3341 ‹
534 3289 719 3346 Donec
771 3300 1019 3348 transeat
1064 3296 1293 3365 populus
1335 3306 1478 3363 tuus,
1514 3299 1757 3355 Domine.
1792 3321 1811 3353 ›

230 3373 362 3445 Quo
381 3380 589 3435 scilicet
616 3391 738 3451 post
769 3385 1057 3440 transitum
1080 3386 1265 3456 populi
1292 3401 1397 3442 non
1428 3390 1539 3444 sint
1565 3400 1817 3460 tanquam

228 3469 473 3539 lapides.
506 3469 564 3524 In
599 3487 708 3541 quo
735 3473 868 3527 mihi
910 3474 1128 3530 videtur
1162 3476 1457 3546 prophetia:
1491 3480 1693 3548 aliquid
1734 3482 1820 3535 la-

234 3571 382 3616 tere.
417 3561 587 3616 Video
625 3564 770 3617 enitn
824 3565 952 3634 quia
992 3566 1147 3636 prior
1173 3568 1423 3638 populus,
1450 3573 1539 3642 qui
1563 3572 1664 3628 luit
1695 3585 1821 3632 ante

228 3668 364 3715 nos,
390 3652 563 3708 factus
587 3665 673 3710 est
702 3664 957 3726 tanquam
1000 3658 1140 3727 lapis
1185 3660 1354 3717 durus
1387 3672 1442 3718 et
1483 3650 1817 3724 incredulus.

228 3743 448 3799 Verum
485 3760 589 3800 non
620 3757 870 3811 eatenus,
922 3759 979 3804 ut
1033 3751 1087 3805 in
1142 3752 1336 3822 lapidis
1383 3764 1576 3812 natura
1606 3774 1820 3827 perma-

228 3846 389 3902 neat,
417 3838 510 3892 sed
545 3838 718 3894 donec
754 3849 995 3897 transeat
1035 3845 1263 3913 populus
1300 3846 1410 3914 hic,
1452 3851 1683 3918 populus
1732 3853 1820 3909 hic

226 3943 399 3996 quem
464 3929 727 3985 Dominus
787 3932 1079 4000 acquisivit
1106 3932 1218 4002 (16)
1246 3949 1259 3986 :
1284 3955 1301 3987 ι
1327 3937 1555 3994 Caecitas
1578 3944 1723 3996 enim
1750 3961 1818 3999 ex

226 4029 398 4087 parte
433 4022 661 4089 contigit
693 4023 745 4075 in
774 4021 939 4078 lsrael
970 4042 990 4076 ι
1028 4028 1327 4082 secundum
1370 4044 1631 4097 carnem,
1669 4053 1686 4084 ι
1722 4035 1819 4089 do-

229 4126 340 4165 nec
379 4110 538 4182 150
563 4113 845 4181 plenitudo
876 4116 1118 4185 gentium
1147 4119 1508 4175 subintroiret
1535 4123 1600 4177 ⁸³.
1631 4143 1651 4176 ι
1682 4124 1817 4180 Cum

227 4205 387 4257 enim
411 4205 695 4273 plenitudo
726 4209 972 4275 gentium
1008 4210 1423 4279 subintraverit,
1467 4223 1596 4269 tunc
1646 4217 1815 4272 etiam

224 4295 423 4350 omnis
444 4297 631 4362 Israel,
660 4298 752 4367 qui
780 4314 878 4369 per
909 4301 1314 4358 incredulitatis
1353 4305 1609 4360 duritiam
1644 4308 1820 4366 lactus

225 4385 421 4442 fuerat
454 4389 588 4443 sicut
619 4388 779 4460 lapis,
808 4391 1127 4447 salvabitur.
1153 4393 1219 4448 Et
1234 4396 1317 4449 vis
1342 4396 1522 4452 videre
1542 4403 1818 4468 quomodo

223 4478 572 4535 salvabitur?
600 4500 620 4533 ι
658 4480 857 4537 Potens
891 4491 999 4549 est,
1029 4484 1204 4552 inquit
1238 4486 1305 4553 ⁸³,
1351 4487 1491 4543 Deus
1531 4489 1599 4545 de
1626 4490 1816 4559 lapidi-

1922 3297 2122 3353 falsum
2154 3297 2546 3364 testimonium,
2584 3298 2882 3367 rapacitas,
2928 3297 3213 3363 violentia,
3248 3297 3362 3351 hate
3384 3308 3503 3349 ont-

1924 3392 2012 3445 nia
2057 3389 2255 3447 diaboli
2305 3403 2506 3444 census
2544 3399 2648 3452 est,
2684 3397 2738 3444 et
2778 3389 2979 3445 diaboli
3013 3390 3320 3444 thesaurus.
3356 3387 3502 3442 Talis

1921 3483 2067 3536 enim
2093 3481 2325 3551 pecunia
2359 3481 2425 3535 de
2452 3477 2571 3547 ejus
2607 3488 2826 3534 moneta
2861 3480 3126 3551 procedit.
3173 3479 3288 3534 Hac
3336 3480 3501 3547 igitur

1921 3575 2151 3645 pecunia
2180 3574 2313 3629 emit
2356 3574 2481 3639 ille,
2532 3591 2668 3644 quos
2708 3576 2863 3638 emit,
2896 3582 2951 3628 et
2990 3571 3152 3627 ellicit
3176 3570 3282 3626 sibi
3312 3584 3500 3625 servos

1921 3680 2145 3733 omnes,
2201 3666 2293 3733 qui
2336 3665 2403 3720 de
2460 3665 2834 3735 hujuscemodi
2892 3678 3054 3719 censu
3107 3660 3224 3729 ejus
3268 3668 3497 3729 quantu-

1921 3759 2250 3827 lumcunque
2273 3757 2637 3835 susceperint.
2658 3756 2854 3811 Verum
2880 3769 2979 3826 ego
3002 3767 3213 3818 vereor,
3239 3765 3310 3805 ne
3334 3751 3498 3805 etiam

1923 3850 2135 3919 aliquos
2163 3850 2230 3905 de
2255 3849 2585 3914 astantibus,
2610 3861 2749 3917 quos
2772 3848 3067 3914 noscimus,
3092 3844 3338 3900 diabolus
3360 3858 3500 3898 mer.

1921 3950 2078 3996 cetur
2110 3940 2344 4004 occulte,
2394 3953 2462 3993 ne
2498 3939 2662 3992 etiam
2708 3937 2981 4006 aliquibus
3013 3943 3323 3991 nostrorum
3355 3934 3500 3987 hanc

1920 4032 2237 4102 pecuniam,
2265 4046 2429 4102 quam
2465 4043 2629 4098 supra
2670 4027 3136 4093 enumeravimus,
3174 4026 3411 4095 ingerat,
3442 4033 3497 4079 et

1922 4125 2083 4179 faciat
2129 4124 2249 4178 illos
2272 4138 2487 4177 rursum
2525 4135 2676 4184 suos,
2714 4128 2769 4174 et
2802 4134 3013 4173 rursum
3044 4133 3143 4188 pro
3176 4118 3256 4171 eis
3288 4116 3499 4170 tabulas

1921 4217 2230 4281 servitutis,
2258 4225 2311 4270 et
2336 4214 2543 4284 peccati
2587 4214 3011 4281 chirographum
3056 4210 3283 4275 scribat,
3334 4217 3500 4277 atque

1920 4309 2230 4364 inunisceat
2266 4307 2442 4362 servis
2475 4307 2705 4371 Dcieos,
2750 4319 2889 4374 quos
2932 4302 3141 4373 peccati
3188 4300 3365 4371 pretio
3394 4298 3496 4354 sibi

1921 4400 2119 4456 fecerit
2145 4415 2355 4456 servos.
2390 4399 2537 4455 Solet
2562 4400 2730 4463 enim,
2757 4399 2882 4467 quia
2919 4395 3168 4449 inimicus
3199 4394 3361 4447 homo
3390 4400 3495 4457 est,

1925 4494 2106 4549 tritico
2143 4494 2379 4549 miscere
2416 4494 2646 4547 zizania.
2682 4493 2746 4547 Et
2775 4501 2954 4545 tamen
2978 4488 3021 4541 si
3059 4488 3181 4555 quis
3216 4486 3357 4540 ferte
3396 4486 3500 4539 hu-

222 4568 337 4623 hus
376 4569 492 4625 istis
543 4572 814 4627 suscitare
871 4573 1012 4628 ﬁlios
1052 4574 1305 4632 Abrahae.
1338 4597 1358 4630 ι
1416 4579 1637 4635 Manent
1684 4599 1814 4654 ergo
1846 4559 2223 4657 1)juscemodi
2284 4588 2568 4656 pecuniam
2615 4600 2643 4637 a
2690 4581 2905 4638 diabolo
2949 4582 3204 4647 deceptus
3264 4577 3497 4645 accepit,

222 4661 447 4731 lapides
498 4679 663 4729 nunc,
715 4666 889 4721 donec
937 4674 1179 4722 transeat
1226 4669 1453 4738 populus
1505 4682 1650 4739 tuus,
1704 4675 1815 4731 Do-

222 4753 428 4819 mine,
467 4754 695 4823 populus
750 4764 876 4808 tuus
924 4755 1012 4810 hic
1071 4771 1230 4825 quem
1277 4760 1579 4829 acquisisti.
1624 4764 1730 4820 Sed
1767 4766 1817 4822 si

220 4844 357 4912 ipse
387 4843 648 4900 Dominus
690 4856 909 4900 creator
956 4856 1061 4915 est,
1091 4849 1359 4914 omnium,
1397 4854 1683 4910 videndum
1728 4868 1813 4914 est

219 4939 510 5005 quomodo
540 4938 628 4991 hic
658 4938 964 5005 acquisisse
998 4939 1234 5007 dicatur,
1263 4956 1383 5009 quae
1418 4959 1514 4999 sua
1556 4961 1676 5002 esse
1706 4965 1811 5005 non

221 5028 460 5082 dubium
494 5038 596 5084 est.
644 5030 852 5085 Dicitur
893 5041 947 5086 et
995 5033 1049 5087 in
1083 5031 1192 5086 alio
1236 5036 1451 5091 cantico
1478 5038 1814 5099 Deuterono-

226 5118 336 5173 inii
378 5118 469 5173 ’δε
510 5137 528 5171 t
566 5118 760 5177 Nonne
787 5122 879 5177 hic
921 5124 1034 5192 ipse
1078 5124 1222 5181 Deus
1251 5135 1395 5195 tuus,
1424 5130 1515 5199 qui
1560 5131 1691 5189 fecit
1734 5147 1807 5206 te,

294 5281 371 5314 ’δ’
398 5282 570 5338 Exod.
596 5301 686 5348 xv,
712 5285 800 5341 16.

216 5354 271 5387 ⁸⁸
311 5352 472 5408 Deut.
503 5370 675 5420 χχχιι,
699 5355 752 5414 6.

867 5359 911 5390 ⁵³
944 5359 965 5413 1
998 5360 1123 5416 Cor.
1158 5377 1251 5429 νη,
1278 5363 1367 5419 23.

217 5437 356 5488 va,
384 5422 473 5479 22.

299 5518 420 5604 (15)
442 5517 466 5570 l
477 5519 1107 5604 uitabitunteaChauf-tan,
1127 5529 1219 5596 qui
1239 5532 1531 5604 mutabiles
1550 5535 1808 5604 interpre-

216 5597 418 5671 tantur
446 5596 495 5641 et
521 5591 773 5671 mobiles.
806 5594 850 5646 A
888 5595 1074 5671 radice
1096 5591 1195 5657 si:
1239 5603 1395 5657 ntovit
1424 5620 1534 5657 sese
1558 5644 1571 5667 ,
1614 5591 1808 5671 motus,

217 5660 469 5743 agitatus
514 5659 638 5727 fuit,
676 5671 731 5716 et
764 5666 1147 5743 propositione
1185 5659 1645 5743 :r,__interpret'ari
1680 5659 1810 5743 quo:

215 5729 508 5809 quomodo
548 5729 1096 5809 possunt:Chanan_tei
1121 5729 1348 5797 mobiles
1378 5729 1462 5795 vel
1489 5729 1804 5802 mutabiles.

217 5799 622 5878 Vertuntamen
679 5802 988 5878 inALexicis
1027 5806 1271 5863 Hebraeis
1338 5812 1509 5867 radici
1560 5824 1661 5878 una
1709 5799 1805 5868 de;

213 5870 448 5938 prurit,
490 5874 799 5942 proatraril,
837 5875 1083 5947 subjacet
1108 5886 1228 5956 IV}:
1257 5879 1498 5951 Canaan,
1534 5870 1671 5954 regio
1701 5882 1804 5939 Ca-

885 5289 932 5321 ”
962 5287 1067 5345 Isa.
1090 5306 1214 5357 va,
1236 5291 1292 5345 2.
1370 5294 1414 5326 ⁸ο
1446 5294 1621 5354 Galat.
1648 5312 1720 5368 vt,
1742 5305 1825 5361 Μ.

885 5359 911 5390 η’
944 5359 965 5413 1
998 5360 1123 5416 Cor.
1158 5377 1251 5429 νη,
1278 5363 1367 5419 23.
1487 5369 1532 5401 “
1558 5368 1661 5427 lsa.
1707 5390 1758 5431 ι..
1786 5379 1825 5431 1.

1583 5387 1661 5427 sa.
1707 5390 1758 5441 ι,
1786 5387 1839 5433 1.

1916 4696 2022 4738 non
2072 4690 2466 4747 usquequaque
2514 4676 2813 4746 desperet;
2877 4672 3192 4728 misericors
3228 4669 3374 4725 enim
3413 4679 3498 4729 est

1912 4779 1969 4826 et
2010 4771 2304 4826 miserator
2342 4770 2636 4830 Dominus,
2681 4775 2737 4822 et
2781 4777 3049 4822 creaturae
3093 4779 3208 4821 sum
3250 4779 3356 4817 non
3384 4761 3499 4815 vult

1914 4863 2281 4930 mortem,sed
2315 4870 2370 4916 ut
2394 4868 2767 4926 convertatur,
2796 4868 2851 4915 et
2876 4859 3021 4913 vivat
3049 4858 3114 4910 ⁸⁸.
3148 4854 3492 4920 Prenitendo,

1912 4956 2111 5023 ﬂendo,
2149 4954 2538 5011 satisfaciendo
2584 4952 2765 5008 deleat
2819 4952 2963 5022 quod
3021 4950 3323 5023 admissum
3384 4956 3493 5001 est.

1919 5048 2063 5103 Dicit
2109 5048 2254 5102 enim
2309 5047 2574 5116 propheta
2602 5045 2669 5109 ⁶⁹,
2702 5045 2830 5115 quia
2872 5062 2891 5096 ι
2927 5043 2971 5098 si
3004 5055 3300 5097 conversus
3338 5040 3490 5110 inge-

1917 5141 2143 5207 mueris,
2188 5148 2318 5195 tunc
2368 5140 2552 5194 salvus
2598 5141 2732 5196 eris.
2756 5157 2777 5192 ι
2816 5135 2982 5192 Paulo
3016 5135 3182 5192 latius
3216 5132 3493 5204 progressi

3025 5304 3071 5336 ⁸³
3100 5302 3287 5359 Matth.
3315 5304 3375 5355 tit
3429 5300 3485 5355 9.

3025 5375 3208 5425 11.11.
3318 5370 3361 5401 ⁶⁹

1917 5558 2078 5606 noon,
2100 5542 2270 5614 cujus
2293 5542 2490 5614 incolae
2520 5555 2642 5614 cum
2676 5539 2747 5594 ob
2773 5538 2939 5593 maris
2979 5534 3235 5591 viciniam
3276 5544 3491 5614 merca-

1916 5620 2051 5665 tura:
2078 5610 2246 5667 dediti
2283 5611 2505 5677 fuerint,
2542 5611 2667 5664 inde
2692 5618 2834 5698 Γπ),
2861 5616 3139 5668 mercator,
3173 5610 3486 5674 negotiator.

1986 5702 2097 5784 (l6)
2134 5703 2390 5784 Dominus
2430 5694 2730 5784 acquisivit.
2776 5700 2886 5758 Vox
2928 5698 3183 5753 Dominus
3222 5698 3274 5753 in
3326 5694 3488 5758 editis.

1913 5786 2137 5840 01111553,
2179 5784 2448 5843 reperttur
2480 5788 2540 5829 ll]
2576 5787 2706 5827 11188.

1905 5310 1948 5341 ⁶¹
1974 5309 2141 5364 Exod.
2176 5324 2269 5374 xv,
2297 5308 2384 5364 16.

1952 5381 1994 5412 ⁸⁷
2019 5380 2175 5437 Joan.
2212 5395 2331 5446 vnt,
2376 5378 2465 5434 44.

2482 5308 2526 5339 ⁶¹
2554 5306 2709 5361 Rom.
2739 5323 2815 5369 χι,
2839 5306 2935 5359 25.

2579 5379 2624 5410 ⁸⁸
2649 5377 2846 5433 Ezech.
2897 5390 3093 5441 χχχιιι,
3121 5375 3208 5428 Η.

3302 5858 3345 5896 ‘60
