3902 6504
417 347 523 402 559

1878 348 2198 405 ORIGENIS

3571 351 3661 406 δίε

419 482 630 534 sumus,
663 467 789 524 dum
821 468 1070 524 volumus
1094 483 1371 539 exponere
1393 472 1665 541 quomodo
1700 471 1840 526 Deus
1870 488 1989 540 qua:
2017 475 2065 532 Α
2095 473 2354 537 eflicitur,
2388 490 2454 529 ne
2487 474 2583 529 tibi
2632 474 2840 545 aliquid
2869 472 3032 530 desit.
3083 472 3224 528 Audi
3254 481 3310 528 et
3339 471 3564 526 Paulum
3593 473 3670 525 di-

420 575 518 614 sua
550 568 677 614 sunt
711 561 923 615 dicatur
961 562 1278 629 acquirere,
1333 576 1387 619 et
1425 565 1698 619 redimere
1739 564 1990 620 Christus

418 653 684 723 sanguine
715 652 951 720 pretioso
989 668 1127 723 quos
1171 665 1385 711 emerat
1421 656 1668 712 diabolus
1709 656 1798 710 vili
1849 671 1990 710 mer.

418 745 551 799 cede
583 745 813 812 peccati.

486 837 576 890 10.
615 854 633 889 ι
669 837 940 892 lnduccns
977 839 1161 908 planta
1199 854 1298 895 eos
1347 840 1400 895 in
1438 851 1623 896 monte
1653 842 1990 897 haereditatis

417 933 521 979 tum
548 923 616 980 ⁷⁸.
649 943 668 978 ι
725 925 842 982 Non
877 929 990 984 vult
1039 945 1137 990 nos
1175 929 1315 984 Deus
1350 932 1402 986 in
1453 931 1687 1003 Egypto
1721 933 1986 1002 plautare,

416 1031 515 1072 nec
550 1018 604 1072 in
646 1019 869 1087 dejectis
899 1031 954 1076 et
985 1022 1038 1075 in
1075 1022 1371 1078 humilibus
1399 1024 1555 1091 locis,
1589 1027 1682 1080 sed
1715 1026 1766 1080 in
1802 1034 1990 1079 monte

416 1109 751 1165 haereditatis
786 1127 896 1166 sua:
943 1111 1054 1166 vult
1089 1113 1337 1181 plantare
1387 1130 1525 1183 quos
1578 1116 1802 1185 plantat.
1851 1116 1987 1170 Tum

415 1210 675 1269 praetcrea
735 1205 879 1272 quod
923 1204 1073 1258 addit
1115 1223 1129 1258 :
1183 1223 1201 1256 ι
1244 1205 1507 1262 luducens
1560 1207 1740 1276 planta
1798 1223 1927 1274 eos;
1963 1227 1982 1260 ι

416 1307 545 1345 num
579 1292 674 1346 tibi
711 1293 926 1348 videtur
962 1304 1219 1363 tanquam
1251 1296 1317 1350 de
1350 1298 1533 1366 pueris
1559 1299 1760 1364 dicere,
1783 1299 1873 1368 qui
1906 1299 1990 1352 in-

413 1385 684 1438 ducuntur
708 1384 773 1437 ad
805 1385 1058 1450 scholas,
1091 1387 1519 1442 inducunturad
1552 1388 1784 1454 litteras,
1827 1389 1986 1443 indu-

415 1486 616 1530 cuntur
645 1479 714 1531 ad
750 1493 964 1535 omnem
1001 1479 1368 1535 eruditionem
1394 1480 1420 1534 ?
1451 1481 1697 1552 lntellige
1734 1499 1863 1553 ergo
1893 1497 1986 1550 per

419 1571 555 1635 lucc,
574 1569 618 1623 si
649 1577 828 1623 tamen
856 1569 1025 1624 habes
1054 1587 1214 1626 aures
1243 1571 1518 1636 audiendi,
1549 1574 1816 1641 quomodo
1845 1573 1987 1630 Deus

415 1659 623 1728 plantat
664 1682 675 1715 :
719 1676 787 1715 ne
846 1660 988 1716 forte
1042 1677 1164 1716 cum
1217 1664 1373 1718 audis
1433 1679 1559 1718 eum
1618 1664 1876 1720 inducere
1933 1673 1988 1719 et

415 1751 678 1819 plantare,
715 1764 870 1820 putes
899 1767 1022 1807 eum
1054 1753 1189 1810 ficus
1234 1754 1288 1810 in
1334 1764 1498 1823 terra,
1536 1764 1626 1809 aut
1659 1757 1762 1810 alia
1797 1757 1985 1826 hujus-

414 1841 625 1896 eemodi
689 1841 924 1912 virgulta
978 1843 1232 1914 deﬁgere.
1271 1843 1407 1898 Audi
1447 1854 1502 1899 et
1542 1846 1666 1900 alibi
1711 1849 1986 1916 quomodo

414 1933 624 2000 plantat
678 1933 841 1989 Deus.
905 1934 1172 2004 Pr0phela
1247 1937 1380 1992 dicit
1434 1939 1526 1992 7‘:
1568 1957 1588 1990 ‹
1645 1938 1862 1993 Vineam
1918 1956 1984 1994 ex

411 2022 650 2094 Egypto
682 2025 1034 2092 transtulisti,
1078 2036 1134 2081 et
1179 2028 1429 2097 expulisti
1465 2039 1674 2098 gentes,
1723 2043 1779 2086 et
1828 2031 1984 2100 plan-

415 2115 538 2170 tasti
570 2129 714 2170 eam.
744 2115 996 2171 Pervium
1029 2119 1132 2173 iter
1167 2119 1345 2174 fecisti
1398 2131 1526 2175 ante
1557 2136 1697 2186 eam,
1730 2123 1983 2192 plantasti

411 2207 622 2262 radices
673 2208 813 2278 ejus,
858 2219 912 2266 et
958 2211 1178 2279 replesti
1223 2222 1454 2266 terram.
1503 2213 1730 2284 Opernit
1770 2225 1985 2271 montes

409 2298 598 2353 umbra
627 2301 778 2369 ejus,
827 2311 882 2357 et
917 2303 1144 2357 arbusta
1183 2303 1300 2372 ejus
1331 2304 1526 2359 cedros
1570 2306 1685 2362 Dei.
1721 2325 1741 2359 ι
1773 2307 1982 2361 Adver-

409 2391 518 2445 tisti
554 2393 665 2460 jam
695 2394 970 2463 quomodo
1005 2394 1216 2462 plantat
1265 2395 1406 2451 Deus
1432 2438 1446 2462 ,
1488 2409 1545 2451 et
1588 2396 1678 2452 ubi
1736 2398 1987 2466 plantat?

406 2482 523 2538 Non
559 2485 770 2554 plantat
804 2487 860 2540 in
893 2487 1150 2554 vallibus,
1182 2489 1275 2544 sed
1322 2490 1375 2544 in
1423 2491 1700 2545 montibus
1751 2492 1983 2548 excelsis

410 2588 466 2630 et
500 2577 826 2634 sublimibus
866 2581 1021 2636 locis.
1050 2581 1197 2649 Quos
1234 2583 1378 2638 enim
1410 2584 1591 2640 educit
1622 2587 1688 2640 de
1723 2585 1980 2658 Egypto,

407 2682 544 2737 quos
577 2669 645 2724 de
671 2668 877 2724 saeculo
901 2671 1122 2726 adducit
1145 2674 1212 2727 ad
1235 2673 1415 2739 fidem,
1449 2690 1554 2729 non
1599 2675 1711 2730 vult
1743 2693 1838 2732 eos
1876 2679 1981 2733 ite-

411 2775 529 2811 rum
572 2759 624 2814 in
665 2760 959 2816 humilibus
1002 2762 1312 2827 collocare,
1358 2764 1452 2819 sed
1510 2767 1980 2822 conversationem

405 2865 594 2904 eorum
634 2853 748 2908 vult
791 2869 914 2910 esse
954 2853 1263 2909 sublimem.
1307 2855 1434 2910 Vult
1477 2871 1576 2913 nos
1618 2858 1672 2911 in
1707 2859 1982 2915 montibus

409 2940 678 3006 habitare,
734 2945 829 2997 sed
882 2945 937 2998 in
987 2943 1117 3012 ipsis
1175 2944 1528 3000 nihilominus
1564 2948 1840 3002 montibus
1872 2965 1978 3004 non

404 3032 519 3086 vult
549 3048 647 3087 nos
673 3049 837 3104 super
858 3043 1056 3090 terram
1083 3051 1295 3105 repere,
1325 3051 1426 3091 nec
1451 3037 1590 3093 ultra
1621 3038 1734 3093 vult
1765 3040 1978 3094 vineam

2093 575 2306 618 centem
2330 564 2376 596 ⁷⁸
2408 582 2423 618 :
2461 583 2479 616 ι
2518 564 2613 618 Dei
2641 564 2995 632 agricultura,
3031 563 3128 617 Dei
3152 563 3448 617 :edilicatio
3482 565 3666 616 estis.»

2092 660 2244 726 Quod
2277 675 2407 730 ergo
2442 659 2585 715 istud
2621 667 2703 714 est
2731 658 3174 721 sanctimonium,
3204 656 3349 724 quod
3378 668 3486 708 non
3515 669 3668 712 manu

2091 751 2328 805 hominis
2369 749 2574 804 factum
2626 755 2734 814 est,
2783 749 2880 802 sed
2937 747 3187 800 manibus
3236 745 3329 800 Dei
3387 742 3671 812 paratum?

2089 842 2230 896 Audi
2263 841 2590 911 sapientiam
2621 839 2894 894 dicentem
2921 837 2992 902 ",
3025 836 3158 906 quia
3191 854 3210 886 ι
3244 833 3534 889 aedificavit
3569 832 3670 886 sibi

2092 934 2332 986 domum.
2381 947 2400 984 ›
2433 930 2543 1000 Ego
2569 940 2749 984 autem
2785 930 2887 984 hoc
2920 928 2987 982 de
3017 927 3408 982 incarnatione
3457 923 3668 977 Domini

2092 1023 2294 1078 rectius
2323 1019 2731 1090 intelligendum
2765 1028 2916 1088 pttto.
2972 1016 3090 1070 Non
3121 1015 3266 1069 enim
3300 1028 3464 1066 manu
3498 1010 3673 1064 homi-

2091 1131 2216 1170 num
2253 1115 2450 1168 factum
2483 1121 2591 1176 est,
2622 1111 2673 1164 id
2702 1118 2809 1174 est,
2841 1124 2946 1163 non
2973 1121 3135 1177 opere
3152 1105 3396 1160 humano
3414 1103 3673 1171 templum

2089 1206 2272 1260 carnis
2308 1203 2608 1260 aedificatur
2641 1203 2692 1256 in
2725 1201 2966 1271 virgine,
3004 1199 3122 1262 sed,
3151 1197 3296 1268 sicut
3337 1195 3671 1265 praedixerat

2090 1299 2132 1352 D
2154 1297 2280 1352 lniel
2313 1297 2384 1362 ⁷⁸,
2413 1296 2554 1364 lapis
2583 1295 2703 1351 sine
2731 1295 2984 1350 manibus
3018 1291 3238 1346 excisus
3266 1286 3463 1348 crevit,
3509 1295 3561 1338 et
3593 1283 3673 1336 fa—

2089 1401 2207 1444 ctus
2241 1398 2323 1444 est
2347 1403 2502 1444 mons
2533 1402 2784 1456 magnus.
2807 1385 2952 1439 lstud
2985 1394 3068 1437 est
3093 1377 3515 1436 sanctimonium
3545 1390 3667 1428 ear-s

2090 1485 2174 1536 nis
2209 1489 2519 1551 assumptae,
2551 1489 2605 1535 et
2630 1479 2748 1533 sine
2776 1477 3048 1541 manibus,
3066 1475 3119 1530 id
3143 1480 3226 1528 est
3271 1471 3478 1538 absque
3503 1482 3670 1536 opere

2090 1576 2392 1637 hominum,
2424 1575 2490 1628 de
2524 1580 2708 1627 monte
2742 1571 2991 1626 humanae
3017 1575 3224 1623 natura:
3255 1573 3310 1619 et
3338 1561 3660 1617 substantiae

2092 1663 2276 1718 carnis
2301 1661 2570 1717 excisum;

2159 1756 2249 1810 l5.
2289 1771 2307 1804 α
2349 1753 2598 1814 Domine,
2627 1750 2720 1820 qui
2747 1763 2944 1818 regnas
2971 1748 3024 1802 in
3064 1744 3349 1808 saeculum,
3384 1751 3435 1797 cl
3480 1740 3536 1795 in
3572 1755 3671 1794 sa:-

2088 1847 2294 1910 culnm,
2320 1853 2376 1900 et
2406 1845 2587 1899 adhuc
2615 1843 2684 1895 7’.
2721 1860 2741 1893 ι
2773 1839 3000 1907 Quoties
3045 1839 3098 1892 in
3141 1835 3401 1890 szeculum
3445 1832 3668 1893 dicitur,

2088 1933 2622 2006 longitudorquidem
2669 1931 2954 2000 temporis,
2997 1928 3091 1983 sed
3131 1939 3258 1980 esse
3309 1923 3434 1977 finis
3474 1921 3674 1988 aliquis

2088 2032 2382 2093 iudicatur,
2418 2036 2474 2082 et
2506 2026 2550 2080 si
2600 2026 2652 2079 in
2699 2022 2846 2076 aliud
2898 2019 3156 2077 saeculum
3200 2017 3438 2080 dicatur,
3473 2013 3672 2080 aliquis

2087 2125 2203 2179 sine
2232 2120 2397 2176 dubio
2427 2118 2642 2189 longior
2679 2114 2922 2184 quidem,
2955 2121 3136 2166 tamen
3161 2110 3390 2180 ponitur
3420 2106 3586 2168 finis;
3618 2113 3672 2157 et

2087 2215 2304 2286 quoties
2336 2211 2534 2267 szecula
2571 2198 2894 2266 saeculorum
2931 2205 3304 2268 nominantur,
3335 2199 3578 2254 fortasse
3610 2197 3671 2249 li-

2087 2317 2173 2363 cet
2196 2307 2414 2376 ignotus
2444 2301 2621 2369 nobis,
2650 2310 2829 2355 tamen
2865 2312 2893 2350 a
2919 2295 3031 2349 Deo
3057 2304 3294 2349 statutus
3326 2291 3529 2359 aliquis
3561 2299 3671 2342 tero

2087 2400 2264 2454 minus
2293 2395 2589 2450 indicatur.
2627 2390 2779 2458 Quod
2813 2402 2943 2442 vero
2967 2386 3112 2440 addit
3140 2384 3192 2438 in
3227 2385 3332 2438 hoc
3362 2381 3486 2436 loco
3518 2398 3579 2436 τι
3618 2389 3668 2432 et

2085 2491 2289 2550 adhuc,
2327 2507 2348 2541 ι
2387 2486 2592 2542 ιιυΙΙυιη
2638 2495 2861 2538 sensum
2906 2478 3122 2533 termini
3152 2476 3385 2542 alicujus
3420 2483 3516 2527 aut
3544 2473 3671 2526 finis

2085 2582 2328 2650 reliquit.
2354 2577 2728 2646 Quodcunque
2764 2573 2908 2628 enim
2935 2569 3066 2624 illud
3093 2566 3438 2638 cogitaveris,
3471 2565 3527 2618 in
3562 2578 3672 2632 quo

2084 2674 2246 2728 linem
2302 2680 2457 2740 putes
2505 2681 2665 2738 posse
2725 2666 3050 2728 consistere,
3103 2675 3320 2730 semper
3377 2659 3474 2711 tibi
3529 2657 3665 2710 dicit

2083 2779 2266 2821 sermo
2301 2762 2690 2834 propheticus:
2725 2779 2743 2812 ι
2777 2760 2843 2813 Et
2874 2759 3074 2822 adhuc,
3109 2775 3128 2809 ι
3160 2754 3305 2808 velut
3329 2751 3376 2806 si
3408 2751 3670 2819 loquatu:

2083 2857 2148 2910 ad
2183 2865 2254 2923 te,
2284 2863 2340 2910 et
2369 2854 2518 2908 dicat
2552 2868 2566 2904 :
2595 2849 2762 2904 Putas
2788 2851 2839 2902 in
2866 2847 3121 2902 saeculum
3153 2842 3333 2898 saeculi
3369 2840 3662 2895 Dominum

2082 2943 2474 3015 regnaturum?
2507 2961 2526 2994 ι
2578 2940 2646 2995 Ει
2690 2938 2927 2993 adhuc.»
2949 2935 3116 2991 Putas
3143 2935 3195 2989 in
3246 2931 3444 2987 saecula
3478 2942 3658 2984 saecu-

2083 3036 2299 3092 lorum?
2341 3054 2359 3087 ι
2396 3033 2464 3088 Ει
2496 3033 2675 3088 adhuc
2710 3031 2848 3103 (l7).
2895 3050 2914 3082 ι
2949 3029 3017 3084 Ει
3040 3027 3534 3097 quomodoeunque
3584 3020 3665 3072 di-

403 3138 554 3176 suam
589 3124 739 3178 humi
783 3124 1020 3193 dejectos
1069 3124 1270 3180 habere
1307 3124 1543 3190 fruetus,
1591 3128 1686 3182 sed
1722 3127 1835 3181 vult
1867 3130 1982 3198 pal-
2009 3141 2050 3199 ο
2087 3129 2234 3184 xeris
2262 3125 2392 3181 illud
2429 3125 2496 3179 de
2539 3123 2691 3193 regni
2729 3121 2846 3190 ejus
2871 3119 3087 3190 spatiis,
3129 3114 3350 3186 semper
3380 3115 3480 3170 tibi
3531 3113 3666 3168 dicit

405 3215 567 3270 mites
601 3215 718 3284 ejus
756 3232 972 3272 sursum
1006 3217 1153 3282 duci,
1188 3217 1241 3270 in
1276 3216 1387 3270 alto
1411 3218 1684 3284 collocari,
1722 3220 1979 3277 traduces

405 3299 546 3371 lieri',
573 3315 627 3361 et
667 3308 916 3362 traduces
960 3323 1066 3362 non
1107 3309 1162 3362 in
1213 3307 1628 3380 quibuscunque
1682 3311 1980 3367 humilibus

405 3396 712 3462 arboribus,
751 3399 846 3454 scd
898 3400 951 3453 in
1004 3398 1238 3453 excelsis
1289 3407 1344 3453 et
1393 3400 1446 3453 in
1489 3400 1772 3458 altissimis
1803 3405 1980 3459 cedris

406 3487 521 3542 Dei.
563 3489 768 3545 Cedros
822 3490 914 3546 Dei
953 3505 1053 3560 ego
1077 3495 1375 3562 prophetas
1409 3502 1464 3548 et
1495 3495 1769 3562 apostolos
1804 3506 1934 3564 puto
1959 3539 1977 3565 ,

403 3581 604 3649 quibus
643 3597 744 3637 nos
785 3583 830 3637 si
861 3582 1219 3654 adjungamur
1248 3587 1378 3641 vitis
1424 3602 1584 3657 quam
1637 3587 1704 3642 de
1739 3586 1978 3659 JEgypto

404 3673 680 3729 transtulit
709 3675 870 3743 Deus,
902 3684 956 3732 et
985 3691 1084 3746 per
1113 3694 1298 3734 ramos
1345 3695 1532 3734 eorum
1580 3682 1752 3736 nostri
1787 3683 1978 3751 palmi-

405 3776 484 3820 tes
521 3765 913 3831 difl'undautur,
947 3777 1110 3837 atque
1159 3770 1293 3838 ipsis
1327 3771 1500 3825 innixi
1539 3772 1790 3827 traduces
1829 3789 1975 3842 qua:-

400 3857 522 3909 dam
553 3856 851 3911 efﬁciamur
885 3858 1170 3914 charitatis
1198 3862 1264 3915 ad
1295 3860 1525 3916 invicem
1577 3864 1808 3919 vinculis
1839 3881 1972 3919 con-

399 3949 548 4011 nexi,
577 3949 812 4002 fructum
843 3950 962 4003 sine
988 3951 1150 4004 dubio
1178 3952 1468 4020 plurimum
1499 3953 1809 4010 ali‘eremus.
1838 3955 1972 4012 Nam

404 4056 423 4088 ε
459 4039 639 4092 omnis
689 4040 854 4093 arbor
896 4055 1016 4108 qua:
1064 4057 1172 4096 nou
1208 4041 1338 4099 facit
1374 4043 1612 4100 fructum
1639 4046 1842 4102 bonum
1879 4065 1975 4104 ex-

398 4129 628 4195 cidetur,
663 4139 718 4184 et
749 4131 800 4184 in
835 4132 1011 4201 ignem
1049 4134 1299 4189 mittetur
1327 4137 1393 4192 7'.
1423 4154 1443 4188 ι

470 4217 559 4272 Η.
595 4237 619 4270 «ι
656 4218 711 4273 ln
737 4231 1041 4290 praeparata
1068 4223 1403 4280 habitatione
1433 4235 1545 4293 tua,
1570 4243 1730 4298 quam
1768 4244 1976 4301 praepa~

398 4310 554 4377 rasti,
586 4310 815 4366 Domine
845 4311 912 4366 ⁷⁸.
945 4330 964 4364 ι
1016 4311 1147 4369 Vide
1173 4315 1457 4374 clementis
1492 4317 1709 4373 Domini
1747 4319 1970 4376 bonita-

400 4410 528 4467 tem,
562 4416 666 4456 non
697 4403 812 4457 vult
849 4414 900 4459 te
927 4403 1186 4460 inducere
1221 4407 1287 4460 ad
1317 4406 1581 4475 laborem,
1613 4425 1718 4464 non
1765 4412 1879 4466 vult
1916 4421 1974 4466 ut

2084 3221 2349 3293 propheta
2382 3233 2397 3270 :
2435 3233 2453 3268 ι
2490 3215 2555 3269 Ει
2591 3215 2790 3269 adhuc.
2837 3231 2858 3268 ι

2154 3310 2243 3365 14.
2282 3325 2302 3360 t
2337 3306 2606 3374 Quoniam
2637 3305 2860 3359 intravit
2890 3301 3169 3372 equitatus
3202 3298 3505 3353 Pharaonis
3538 3311 3664 3351 cum

2086 3399 2364 3472 quadrigis
2399 3406 2454 3452 et
2487 3397 2874 3452 ascensoribus
2911 3395 2966 3448 in
3002 3392 3236 3447 medium
3291 3403 3467 3451 mare,
3493 3397 3555 3442 et
3588 3389 3668 3440 in-

2082 3495 2238 3549 duxit
2265 3506 2432 3561 super
2463 3502 2554 3544 eos
2591 3487 2855 3542 Dominus
2890 3499 3064 3554 aquas
3100 3482 3290 3536 maris.
3321 3479 3444 3534 Filii
3479 3487 3663 3531 autem

2080 3588 2248 3646 lsrael
2279 3583 2702 3646 ambulaverunt
2730 3596 2826 3651 per
2852 3579 3058 3636 siccum
3092 3580 3144 3632 in
3178 3575 3355 3631 medio
3381 3574 3520 3628 mari
3557 3572 3660 3623 κ.)

2081 3683 2148 3738 Et
2175 3691 2228 3735 tu
2251 3679 2296 3734 si
2329 3678 2469 3732 filius
2495 3673 2662 3730 lsrael
2693 3688 2776 3736 es,
2799 3682 2954 3741 potes
2986 3668 3266 3723 ambulare
3305 3681 3406 3735 per
3449 3667 3661 3719 siccum

2080 3777 2133 3830 in
2156 3773 2332 3828 medio
2359 3770 2516 3825 mari.
2555 3769 2613 3824 Si
2645 3766 2814 3821 fueris
2845 3765 2903 3819 in
2926 3764 3104 3818 medio
3135 3762 3372 3817 nationis
3398 3775 3586 3830 prava
3611 3768 3664 3813 et

2079 3879 2349 3938 perversae
2375 3863 2517 3918 sicut
2563 3861 2748 3915 lumen
2799 3857 2930 3912 solis
2962 3855 3185 3911 verbum
3215 3855 3344 3908 vita:
3373 3852 3665 3907 continens

2079 3958 2144 4009 ad
2175 3955 2424 4024 gloriam,
2461 3959 2640 4021 potest
2671 3948 2784 4002 fieri
2819 3957 2882 4002 ut
2914 3947 2965 4000 in
2992 3944 3169 3999 medio
3194 3953 3547 4013 peccatorum
3585 3941 3664 3994 in-

2079 4049 2359 4104 cedentem
2404 4054 2457 4099 te
2506 4057 2613 4098 non
2665 4038 2917 4094 infundat
2961 4038 3155 4092 humor
3201 4033 3435 4104 peccati,
3479 4039 3666 4100 potest

2083 4140 2198 4195 fieri
2235 4149 2295 4193 ut
2317 4144 2690 4192 transeuntem
2724 4142 2776 4188 te
2808 4147 2904 4202 per
2933 4131 3079 4184 hunc
3110 4128 3370 4183 mundum
3405 4123 3555 4178 nulla
3605 4123 3664 4176 li-

2078 4232 2280 4288 bidinis
2334 4228 2479 4282 unda
2538 4230 2846 4294 respergat,
2893 4220 3073 4276 nullus
3119 4217 3433 4287 cupiditatis
3490 4225 3663 4270 aestus

2079 4324 2352 4378 verberet.
2387 4318 2488 4385 Qui
2518 4326 2699 4371 autem
2732 4313 3020 4384 Egyptius
3051 4321 3208 4366 estet
3234 4311 3484 4379 sequitur
3512 4307 3661 4364 Pha-

2079 4428 2329 4476 raonem,
2364 4411 2451 4464 ille
2478 4410 2744 4463 vitiorum
2786 4403 3044 4458 fluctibus
3067 4399 3488 4472 mergitur.»Qui
3524 4413 3661 4453 vero

398 4495 512 4560 ipse
541 4493 635 4548 tibi
667 4493 839 4549 facias
871 4495 1397 4566 habitaculum,jam
1429 4511 1479 4554 te
1502 4501 1568 4554 ad
1612 4512 1971 4571 prazparatam
2009 4488 2050 4542 ι)
2080 4503 2326 4574 sequitur
2352 4500 2656 4565 Christum,
2691 4505 2746 4551 et
2782 4496 2927 4551 sicut
2977 4496 3091 4563 ipse
3123 4492 3442 4557 ambulavit,
3487 4493 3565 4545 ita
3603 4498 3659 4544 et

397 4583 617 4638 deducit
681 4586 1096 4644 habitationem.
1153 4589 1291 4644 Audi
1353 4591 1522 4646 Deum
1579 4593 1846 4648 dicentem
1914 4595 1968 4648 in

398 4671 688 4744 Evangelio
717 4676 767 4707 7"
793 4695 807 4730 :
839 4694 859 4728 ‹
895 4677 999 4732 Alii
1037 4677 1442 4748 laboraverunt,
1470 4690 1524 4737 et
1554 4698 1648 4738 vos
1678 4683 1732 4738 in
1759 4683 1972 4740 labores

393 4778 582 4817 eorum
618 4764 903 4820 introistis.
937 4787 956 4819 ι

465 4853 552 4906 12.
593 4872 614 4905 ι
653 4852 1101 4925 Sanctimonium,
1142 4860 1392 4926 Domine,
1429 4862 1571 4932 quod
1621 4877 1970 4932 praeparave-

393 4955 521 4999 runt
545 4962 751 5008 manus,
775 4959 880 5003 tote
914 4950 983 5003 ⁷⁸.
1023 4968 1043 5001 ›
1079 4951 1538 5020 Sanctimonium,
1575 4955 1728 5024 151
1767 4955 1970 5010 dicitur

395 5037 806 5092 tabernaculum
845 5039 964 5105 Dei,
996 5040 1081 5094 vel
1118 5043 1374 5112 templum
1398 5045 1466 5100 ab
1493 5061 1558 5100 eo
1591 5047 1735 5114 quod
1765 5046 1968 5101 sancti-

391 5129 518 5183 licat
545 5129 890 5185 accedentes.
923 5132 1037 5188 lloc
1074 5150 1182 5190 non
1227 5136 1364 5191 dicit
1395 5153 1559 5192 manu
1605 5138 1846 5194 hominis
1881 5138 1965 5192 fa-

389 5229 560 5287 ctum,
587 5221 682 5276 sed
713 5235 876 5276 manu
917 5224 1032 5278 Dei.
1063 5224 1203 5292 Quid
1230 5229 1404 5298 ergo?
1445 5229 1676 5299 Propter
1701 5238 1755 5285 te
1821 5227 1964 5282 Deus

383 5320 439 5364 et
491 5312 726 5383 plantat,
776 5320 832 5368 et
877 5315 1130 5384 aediﬁcat,
1163 5320 1402 5390 agricola
1435 5320 1684 5388 efficitur,
1721 5332 1966 5379 structor

453 5525 503 5558 "°
531 5526 704 5582 Exod.
739 5543 830 5592 xv,
870 5529 956 5583 l7.

392 5610 476 5659 xv,
514 5597 600 5650 l7.
677 5597 727 5630 "
753 5599 773 5654 ι
803 5601 927 5655 Cor.
958 5616 1043 5666 ιιι,
1075 5601 1130 5656 9.
1207 5600 1251 5631 ⁷⁷
1280 5599 1442 5654 Prov.
1485 5616 1564 5666 ιι,
1611 5602 1662 5654 1.

1035 5529 1077 5561 τι
1112 5528 1252 5585 Psal.
1283 5544 1446 5583 1.xth
1467 5571 1482 5596 ,
1520 5529 1574 5583 9.
1650 5531 1695 5562 τ’
1721 5529 1908 5584 Matth.
1945 5547 2039 5594 vn,
2069 5531 2158 5587 l9.

1739 5601 1784 5633 ⁷⁸
1818 5601 1953 5655 Dan.

2087 5603 2175 5656 δι.
2251 5602 2296 5634 ⁷³
2352 5600 2528 5654 Exod.
2566 5591 2776 5666 xv,18.
2853 5599 2900 5632 ⁸⁸
2949 5600 3107 5666 ibid.,
3141 5597 3229 5651 l9.
3305 5595 3348 5627 ⁸⁸
3398 5594 3553 5658 ibid.,
3588 5591 3644 5646 1.

2076 4598 2192 4665 ipse
2227 4591 2490 4656 ambulat,
2524 4605 2676 4659 aqua:
2702 4589 2750 4643 ei
2782 4602 2970 4642 murus
2995 4588 3132 4639 fiunt
3163 4586 3354 4640 dextra
3379 4583 3654 4652 laevaque,

2073 4689 2190 4758 ipse
2223 4695 2404 4740 autem
2439 4681 2616 4737 media
2649 4682 2736 4734 via
2766 4678 2971 4734 incedit
2997 4694 3094 4748 per
3119 4678 3349 4732 siccum.
3400 4675 3518 4730 Non
3558 4676 3657 4729 de-

2072 4779 2238 4833 clinat
2266 4775 2334 4830 ad
2371 4775 2672 4836 dexteram,
2707 4787 2882 4840 neque
2911 4771 2978 4824 ad
3023 4769 3328 4833 sinistram,
3369 4781 3658 4836 usquequo

2071 4877 2230 4924 exeat
2255 4867 2320 4922 ad
2359 4867 2690 4926 libertatem,
2730 4871 2785 4916 et
2835 4860 3094 4931 hymnum
3131 4858 3378 4913 victoria:
3422 4856 3656 4910 Domino

2067 4960 2336 5017 concinat
2383 4957 2572 5012 dicens
2595 4955 2638 4986 ⁸¹
2669 4972 2681 5007 :
2716 4970 2735 5004 ‹
2775 4952 3070 5008 Cantemus
3120 4949 3370 5011 Domino,
3415 4948 3656 5017 gloriose

2073 5053 2215 5106 enim
2246 5048 2645 5104 honorificatus
2674 5053 2781 5108 est,
2817 5062 2836 5096 ι
2874 5058 2969 5112 per
2994 5041 3179 5097 Jesum
3223 5039 3503 5095 Christum
3537 5038 3650 5091 Do-

2066 5143 2275 5198 minttm
2308 5150 2579 5205 nostrum,
2609 5137 2698 5192 cui
2729 5143 2814 5191 est
2841 5134 3039 5206 gloria,
3072 5140 3126 5190 et
3151 5131 3436 5204 imperium
3463 5132 3514 5186 in
3547 5144 3652 5186 sa-

2064 5233 2185 5290 cula
2216 5233 2564 5288 saeculorum.
2595 5230 2792 5283 Amen.

2270 5533 2317 5564 ἠ
2341 5530 2513 5584 Exod.
2548 5544 2641 5592 xv,
2672 5529 2759 5582 l7.
2839 5527 2886 5560 ”
2915 5527 3073 5583 Joan.
3095 5541 3168 5590 tv,
3192 5525 3280 5580 58.
3392 5524 3438 5557 "
3465 5520 3642 5592 Exod.

456 5750 568 5822 (l7)
593 5750 764 5810 Putas
787 5756 842 5812 in
862 5755 1055 5813 arcula
1081 5756 1448 5814 seculorum?
1479 5755 1549 5811 Et
1578 5756 1787 5832 adhuc.
1841 5755 1964 5814 llaec
1994 5757 2048 5813 in
2075 5766 2234 5813 antea
2263 5757 2422 5815 editis
2445 5757 2794 5825 omittuntur,
2827 5757 2919 5815 sed
2945 5756 3216 5813 habentur
3243 5753 3297 5810 in
3330 5763 3457 5808 mss.
