3902 6502
230 421 321 482 5“
1432 406 1497 460 IN
1539 400 1788 459 meum

1896 397 2147 454 IOMILIA
2183 396 2288 453 VII.

1839 526 1885 582 Α
1916 536 2162 574 amarum
2195 519 2395 588 quippe
2443 516 2544 569 hoc
2574 515 2741 570 sentit
2778 521 2831 569 et
2862 529 3135 583 asperum.
3174 531 3189 564 ι
3224 514 3282 567 Si
3318 512 3486 579 enim,

793 532 1074 590 IIOMILIA
1127 531 1237 584 VII.

553 628 626 684 De
652 628 1005 681 amaritudine
1048 641 1199 693 aqua:
1238 619 1486 676 Merrhw.

302 724 351 778 l.
381 720 511 777 Post
536 721 825 775 transitum
864 718 1035 771 maris
1078 715 1271 778 Rubri,
1305 723 1361 768 et
1403 710 1682 782 magniﬁci
1713 724 1802 764 se-

233 826 377 872 creta
407 814 673 885 mysterii,
705 819 828 882 post
853 809 1051 862 choros
1071 816 1122 862 et
1159 816 1433 876 tympana,
1470 814 1590 874 post
1622 804 1805 856 trium-

235 905 414 976 phales
446 907 698 975 hymnos,
722 900 937 954 venitur
960 899 1025 951 ad
1048 897 1339 951 Merrham.
1369 896 1596 950 lllerrha:
1621 904 1801 947 autem

231 1014 365 1069 aqua
388 1014 505 1052 erat
529 1011 735 1058 amara,
773 1009 934 1063 quam
967 1010 1070 1047 non
1102 1000 1311 1062 poterat
1342 990 1572 1060 populus
1601 987 1694 1042 Dei
1725 988 1804 1041 bi-

238 1095 382 1145 bere.
414 1089 553 1155 Quid
588 1102 718 1157 ergo
753 1095 875 1155 post
914 1094 1062 1138 tanta
1090 1093 1143 1138 et
1182 1093 1289 1136 tam
1320 1081 1547 1136 miriﬁca
1577 1078 1801 1133 mirabi-

230 1181 297 1235 lia
327 1182 390 1232 ad
426 1192 642 1231 amaras
689 1191 859 1245 aquas
906 1183 961 1228 et
1008 1172 1307 1243 periculum
1359 1171 1479 1226 sitis
1514 1170 1802 1223 adducitur

234 1271 458 1341 populus
509 1269 648 1323 Dei?
707 1268 797 1321 Ait
850 1266 997 1322 enim
1050 1266 1094 1297 ⁸³
1140 1283 1154 1319 :
1206 1282 1225 1315 ε
1267 1264 1336 1318 Ει
1392 1273 1662 1317 venerunt
1708 1261 1801 1315 ﬁlii

228 1362 389 1418 Israel
430 1362 483 1415 in
518 1360 812 1423 Mcrrham,
847 1367 902 1413 et
942 1372 1047 1411 non
1080 1364 1336 1427 poterant
1377 1369 1573 1423 aquam
1615 1354 1802 1408 bibere

227 1458 294 1510 de
326 1454 565 1516 Mcrrlta,
597 1452 722 1520 quia
759 1466 947 1505 amara
970 1459 1108 1514 erat,
1147 1457 1200 1503 et
1240 1457 1461 1518 propter
1480 1448 1585 1500 hoc
1620 1444 1805 1514 appel-

225 1548 391 1601 latum
419 1555 507 1601 est
532 1539 727 1600 nomen
776 1544 881 1597 loci
923 1542 1067 1596 illius
1095 1541 1424 1596 amaritudo.
1464 1558 1482 1591 ι
1518 1537 1624 1592 Sed
1670 1537 1799 1607 quid

222 1638 373 1693 addit
419 1648 541 1707 post
571 1636 727 1691 bzec?
768 1653 786 1685 ι
836 1634 1124 1697 Clamavit,
1167 1631 1342 1701 inquit
1376 1631 1442 1696 ⁸³,
1488 1629 1693 1698 Moyses
1734 1628 1801 1681 ad

232 1730 541 1792 Dominum,
565 1737 617 1783 et
639 1726 876 1783 ostendit
911 1725 988 1779 illi
1026 1724 1289 1779 Dominus
1318 1723 1544 1793 lignum,
1575 1729 1629 1773 et
1655 1719 1801 1773 misit

222 1822 355 1876 illud
380 1822 433 1875 in
462 1836 684 1889 aquam,
712 1830 767 1877 et
800 1820 939 1874 facta
971 1827 1057 1872 est
1086 1816 1261 1871 dulcis
1298 1831 1462 1884 aqua.
1488 1814 1554 1868 Et
1596 1813 1692 1877 ibi,
1725 1802 1817 1865 in?

3383 388 3487 443 δη

1910 611 2088 680 inquit.
2124 608 2419 678 Apostolus
2443 608 2510 673 ⁸⁸,
2534 623 2657 676 qua:
2690 607 2954 672 destruxi,
2992 607 3105 659 ιιωρ
3131 604 3327 658 iterum
3355 620 3488 658 reze-

1906 702 2091 765 (liﬁco,
2118 701 2594 769 przevaricatorem
2630 713 2715 753 me
2745 699 3040 753 constituo.
3078 716 3096 749 ι
3132 696 3187 750 In
3220 697 3323 749 hac
3352 709 3485 763 ergo

1906 796 2268 849 amaritudine
2314 794 2571 857 lllerrltze,
2625 793 2677 847 id
2719 802 2801 847 est
2849 794 2900 847 iu
2948 794 3046 847 ista
3084 792 3262 846 littera
3318 791 3484 858 legis,

1905 888 2085 957 posuit
2113 888 2253 941 Deus
2275 887 2518 956 justitias
2548 896 2603 941 et
2636 886 2965 940 testimonia.
3001 886 3116 940 Non
3148 885 3242 939 tibi
3269 884 3369 938 hoc
3402 883 3485 936 vi-

1904 979 2063 1034 detur
2093 980 2295 1044 dicere,
2327 980 2454 1049 quia
2483 981 2631 1035 velut
2669 981 2721 1035 in
2773 978 2994 1033 vascqu
3027 980 3284 1048 quodam,
3326 978 3397 1031 ita
3432 978 3483 1030 in

1904 1072 2040 1143 legis
2090 1073 2272 1128 littera
2332 1074 2611 1144 sapientiae
2654 1082 2708 1128 et
2741 1073 2981 1128 scientia:
3041 1084 3152 1127 Sua:
3199 1074 3487 1127 thesauros

1905 1164 2210 1218 condiderit
2248 1164 2430 1220 Deus?
2460 1165 2571 1219 lloc
2620 1174 2703 1219 est
2736 1178 2866 1233 ergo
2894 1164 3036 1233 quod
3067 1164 3202 1219 dicit
3226 1164 3272 1194 ⁸⁸
3305 1181 3317 1216 :
3361 1181 3380 1213 ς
3421 1162 3485 1214 Et

1908 1255 1979 1309 ibi
2034 1255 2217 1323 posuit
2269 1256 2318 1311 ei
2372 1255 2513 1310 Deus
2544 1257 2786 1325 justitias
2834 1262 2888 1309 et
2940 1255 3273 1310 testimonia.
3316 1273 3334 1305 ›
3372 1252 3484 1306 lloc

1907 1355 2024 1402 erat
2052 1349 2194 1416 quod
2231 1357 2284 1402 et
2311 1347 2599 1418 Apostolus
2627 1348 2843 1403 dicebat
2880 1347 2925 1379 ⁸⁷
2960 1364 2974 1401 :
3013 1367 3031 1399 α
3072 1346 3345 1401 Habemus
3387 1360 3483 1398 au-

1911 1450 2015 1493 tem
2051 1440 2365 1495 thesaurum
2401 1442 2545 1495 hunc
2571 1441 2622 1492 in
2661 1440 2804 1493 vasis
2830 1428 3109 1503 ﬁctilibus,
3132 1446 3191 1491 ut
3230 1436 3479 1491 sublimi«

1908 1539 1991 1585 tas
2020 1531 2237 1586 virtutis
2266 1530 2359 1585 Dei
2388 1531 2480 1596 sit,
2518 1540 2573 1583 et
2604 1545 2709 1584 non
2734 1545 2801 1585 ex
2832 1530 3008 1584 nobis.
3051 1548 3068 1580 ι
3103 1528 3172 1585 Ut
3202 1544 3331 1599 ergo
3358 1543 3483 1596 pos-

1904 1623 1977 1677 sit
2003 1624 2111 1677 bibi
2140 1640 2281 1694 aqua
2314 1626 2428 1679 haec
2460 1626 2525 1679 de
2555 1622 2794 1687 Merrha,
2836 1623 3079 1679 ostendit
3109 1622 3250 1677 Deus
3279 1621 3483 1691 lignum

1904 1716 2046 1784 quod
2080 1715 2328 1768 mittatur
2354 1715 2406 1768 itt
2449 1730 2591 1779 eam,
2635 1725 2695 1769 ut
2726 1714 2817 1784 qui
2856 1714 3056 1769 biberit
3087 1727 3152 1767 ne
3191 1714 3477 1773 moriatur,

1905 1822 2009 1859 non
2057 1805 2474 1861 amaritudinem
2523 1808 2745 1861 sentiat.
2790 1805 2946 1861 Unde
2980 1814 3216 1871 constat,
3254 1804 3397 1872 quod
3434 1803 3480 1855 si

218 1912 360 1981 quit,
393 1886 569 1980 posuit
607 1910 681 1964 illi
728 1910 874 1963 Deus
899 1906 1138 1975 justitias
1169 1912 1220 1961 et
1254 1904 1478 1972 judicia.
1513 1922 1531 1954 ι
1562 1901 1664 1967 lbi,
1702 1902 1793 1955 ubi
1830 1886 1871 1940 Β
1901 1898 2021 1966 quis
2051 1897 2166 1951 sine
2217 1898 2363 1967 ligno
2388 1896 2531 1964 vitaz,
2564 1899 2616 1951 id
2682 1906 2765 1952 cst
2810 1899 2928 1952 sine
2979 1897 3240 1968 mysterio
3276 1896 3480 1958 crucis,

218 2005 553 2066 anmritudo,
585 2002 679 2055 ubi
726 2000 869 2064 sitis,
913 2008 969 2055 et
1006 1999 1148 2069 quod
1184 2006 1264 2053 est
1304 1996 1547 2067 gravius,
1593 1995 1711 2049 sitis
1744 1993 1797 2046 in

219 2094 556 2148 abundantia
587 2108 876 2162 aquarum,
910 2091 983 2145 ibi
1020 2090 1203 2159 posuit
1228 2089 1274 2143 ei
1304 2089 1445 2142 Deus
1472 2085 1713 2153 justitias
1745 2093 1801 2138 et

210 2187 444 2256 judicia.
477 2186 632 2240 Alius
675 2201 782 2240 non
811 2192 932 2240 erat
983 2185 1136 2237 locus
1166 2182 1403 2249 dignior,
1440 2180 1637 2246 aptior,
1668 2177 1797 2229 ube-

215 2280 348 2345 rior,
382 2293 544 2349 quam
570 2276 692 2341 iste,
732 2276 786 2330 in
820 2291 930 2345 quo
974 2271 1285 2326 amaritudo
1332 2269 1459 2323 est?
1491 2268 1627 2321 Tum
1675 2281 1793 2334 pro-

212 2380 401 2437 pterea
431 2368 573 2438 quod
601 2368 778 2421 dixit:
816 2385 834 2418 ι
876 2365 1131 2421 Ostendit
1164 2364 1237 2417 illi
1270 2360 1535 2416 Dominus
1567 2357 1796 2429 lignum,

213 2472 267 2516 et
298 2463 452 2516 misit
484 2460 614 2515 illud
648 2462 702 2515 in
731 2476 949 2530 aquam,
982 2467 1035 2512 et
1062 2457 1216 2511 facta
1246 2466 1329 2510 est
1356 2454 1527 2509 dulcis
1556 2469 1730 2521 aqua;
1774 2471 1791 2503 ι

212 2554 415 2607 mirum
446 2552 733 2605 admodum
771 2561 875 2614 est,
921 2556 985 2603 ut
1034 2548 1175 2603 Deus
1228 2548 1432 2617 lignum
1480 2546 1799 2600 ostenderet

210 2644 408 2715 Moysi,
444 2644 587 2711 quod
624 2644 862 2697 mitteret
890 2642 944 2696 in
968 2656 1186 2711 aquam,
1218 2649 1271 2693 et
1294 2641 1497 2693 faceret
1525 2653 1644 2691 eam
1677 2637 1797 2691 dul-

207 2750 350 2790 cem.
379 2733 608 2789 Eﬂicere
664 2734 806 2788 Deus
840 2748 1035 2802 aquam
1084 2733 1292 2785 dulcem
1352 2732 1469 2784 sine
1504 2730 1648 2798 ligno
1688 2745 1794 2783 nou

210 2829 468 2896 poterat?
494 2828 603 2879 Aut
648 2824 859 2895 Moyses
896 2824 1173 2877 nesciebat
1211 2824 1437 2891 lignum,
1475 2832 1535 2874 ut
1567 2821 1615 2874 ei
1649 2818 1795 2875 Deus

211 2918 566 2972 ostenderet?
596 2917 703 2972 Sed
740 2917 1032 2972 videndum
1068 2922 1151 2967 est
1184 2914 1312 2982 quid
1366 2913 1579 2966 decoris
1610 2913 1662 2966 in
1710 2912 1793 2965 his

213 3006 447 3060 interior
473 3007 668 3061 habeat
697 3022 907 3061 sensus.
938 3003 1049 3076 Ego
1073 3012 1202 3073 puto
1233 3005 1374 3073 quod
1413 3004 1495 3056 lex
1532 3004 1576 3057 si
1603 3018 1793 3057 secun-

209 3096 334 3149 dum
373 3098 615 3152 litteram
650 3098 1003 3166 suscipiatur,
1038 3098 1169 3151 satis
1220 3112 1403 3149 amara
1448 3096 1537 3162 sit,
1571 3104 1627 3149 ct
1674 3096 1790 3163 ipsa

1900 1990 2013 2043 sine
2047 1987 2150 2043 ﬁde
2190 1988 2416 2054 Chrisﬁ,
2451 1990 2569 2044 sine
2618 1989 2979 2060 intelligentia
3016 1990 3253 2060 spiritali
3292 1988 3481 2043 bibere

1898 2080 2132 2134 voluerit
2167 2079 2394 2150 delcgis
2424 2082 2629 2147 littera,
2666 2097 2762 2149 per
2793 2082 3215 2137 amaritudinem
3257 2080 3481 2133 nimiam

1899 2173 2181 2227 morietur.
2214 2173 2340 2227 llaec
2388 2173 2567 2228 sciens
2618 2173 2816 2228 Paulus
2858 2174 3137 2243 apostolus
3165 2173 3380 2228 dicebat
3409 2170 3477 2237 ⁸⁸,

1900 2265 2024 2333 quia
2055 2283 2074 2316 ι
2109 2266 2292 2319 littera
2326 2267 2547 2321 occidit.
2594 2286 2611 2317 ι
2652 2266 2763 2321 lloc
2785 2275 2868 2321 est
2903 2275 3090 2337 aperte
3115 2267 3317 2329 dicere,
3353 2265 3479 2334 quia

1900 2371 2037 2425 aqua
2071 2357 2301 2415 lllerrba:
2336 2358 2560 2420 occidit,
2588 2359 2631 2412 si
2680 2375 2783 2413 non
2814 2369 3019 2413 mutata
3072 2359 3292 2414 bibatur
3319 2366 3373 2414 et
3422 2357 3475 2411 in

1901 2451 2245 2507 dulcedinem
2278 2469 2437 2507 versa
2473 2452 2655 2507 fuerit.

1972 2545 2028 2601 2.
2063 2546 2169 2599 Sed
2218 2546 2347 2612 quid
2376 2548 2631 2602 addidit?
2682 2548 2976 2617 Postquam
3014 2547 3193 2609 posuit
3226 2547 3301 2602 illi
3338 2547 3479 2603 Deus

1894 2634 2134 2703 justitias
2174 2647 2229 2691 et
2263 2637 2465 2705 judicia
2509 2658 2521 2693 :
2573 2658 2591 2691 ι
2642 2639 2708 2694 Et
2748 2641 2840 2705 ibi,
2895 2640 3070 2709 inquit
3100 2640 3167 2705 ⁸³,
3230 2639 3478 2693 tentabat

1898 2745 2019 2782 eum
2052 2730 2237 2783 dicens
2274 2746 2285 2781 :
2324 2730 2379 2784 Si
2411 2732 2594 2785 auditu
2628 2732 2870 2786 audieris
2900 2748 3087 2788 vocem
3136 2732 3349 2786 Domini
3384 2731 3477 2785 Dei

1901 2820 1997 2885 tui,
2030 2832 2083 2876 et
2108 2838 2227 2891 qua:
2249 2822 2469 2892 placent
2497 2840 2683 2878 coram
2744 2825 2836 2879 illo
2888 2824 3110 2890 feceris,
3153 2833 3206 2877 et
3237 2823 3477 2877 audieris

1898 2925 2167 2981 prauiepta
2203 2913 2323 2983 ejus
2350 2922 2405 2967 et
2447 2914 2795 2981 custodieris,
2833 2930 3052 2969 omnem
3103 2913 3474 2968 inﬁrmitatem

1897 3018 2057 3071 quam
2090 3005 2405 3059 iuduxeram
2442 3004 2733 3076 Egyptiis,
2768 3020 2875 3061 non
2914 3006 3165 3060 inducam
3210 3019 3372 3075 super
3398 3015 3471 3059 te.

1897 3094 2007 3163 Ego
2041 3095 2185 3148 enim
2236 3112 2353 3150 sum
2398 3096 2659 3152 Dominus
2693 3099 2834 3153 Deus
2866 3106 3011 3160 tuus,
3040 3100 3130 3167 qui
3166 3114 3299 3153 sano
3333 3108 3404 3154 te.
3447 3118 3470 3153 ι

203 3190 271 3242 sit
306 3189 551 3244 Merrha.
584 3190 721 3257 Quid
757 3190 899 3244 enim
934 3198 1044 3244 tam
1091 3206 1357 3254 amarmn,
1390 3203 1549 3258 quam
1571 3197 1856 3283 utpuerC
1901 3183 2122 3239 Videtur
2182 3186 2317 3283 mihi
2368 3202 2475 3255 quo
2522 3198 2813 3257 prospectu
2858 3188 2998 3243 datae
3048 3188 3158 3242 sint
3206 3188 3475 3258 jnstiﬁca-

202 3291 397 3333 octava
436 3280 525 3335 die
556 3280 1004 3336 circumcisionis
1034 3282 1231 3335 vulnus
1274 3280 1529 3348 accipiat,
1559 3290 1612 3335 et
1642 3281 1787 3346 rigo-

205 3386 320 3425 rem
351 3372 493 3427 l'erri
530 3383 714 3428 tenera
752 3373 996 3443 patiatur
1041 3372 1308 3427 infantia?
1337 3371 1598 3424 Amarum
1631 3372 1785 3435 satis,

203 3477 254 3517 et
282 3480 635 3533 peramarum
672 3475 756 3521 est
787 3465 1100 3535 hujusmodi
1134 3464 1387 3534 poculum
1421 3463 1575 3533 legis,
1606 3464 1787 3516 inlau-

202 3566 314 3611 tum
342 3567 398 3610 ut
427 3559 663 3627 populus
697 3557 813 3623 Dei,
851 3572 955 3610 non
999 3557 1089 3611 ille
1122 3556 1210 3626 qtti
1249 3557 1300 3609 iu
1336 3555 1519 3624 Moyse
1546 3556 1787 3623 baptiza-

199 3662 285 3705 tus
314 3661 403 3705 est
432 3651 485 3704 in
518 3650 652 3703 mari
692 3660 742 3703 et
773 3650 825 3703 in
856 3647 1019 3713 nube,
1052 3649 1145 3701 sed
1179 3648 1278 3701 iste
1304 3649 1395 3717 qui
1423 3650 1475 3701 in
1510 3650 1702 3717 spiritu
1732 3659 1786 3704 et

197 3758 335 3813 aqua
382 3742 696 3813 baptizatus
714 3748 818 3806 est,
852 3755 956 3793 non
982 3740 1153 3808 possit
1179 3738 1365 3793 bibere
1395 3740 1461 3791 de
1488 3740 1590 3793 ista
1610 3755 1780 3809 aqua;

195 3836 288 3889 sed
320 3850 391 3889 ne
420 3845 644 3904 gustare
668 3834 886 3903 quidem
920 3833 985 3885 de
1042 3831 1482 3885 circumcisionis
1524 3832 1784 3884 amaritu-

196 3926 321 3979 dine
343 3934 552 3993 potest,
589 3938 763 3991 neque
807 3922 1106 3976 hostiarum
1162 3920 1307 3975 ferre
1361 3921 1780 3974 amaritudinem

192 4015 363 4078 valet,
405 4029 509 4067 nec
536 4012 763 4068 Salvbati
793 4012 1224 4067 observantiam.
1279 4011 1334 4066 Si
1367 4026 1498 4066 vero
1532 4014 1783 4067 ostendat

194 4106 339 4161 Deus
397 4106 606 4175 lignum
635 4106 778 4173 quod
810 4104 1043 4158 tuittitur
1074 4104 1125 4156 in
1157 4105 1297 4158 hanc
1336 4104 1778 4171 amaritudinem,

189 4207 249 4249 ut
271 4196 459 4251 dulcis
491 4212 630 4266 aqua
662 4196 758 4251 ﬁat
783 4196 937 4267 legis,
965 4206 1139 4264 petest
1169 4198 1234 4249 de
1264 4195 1351 4249 illa
1384 4196 1588 4252 bibere.
1626 4196 1780 4263 Quod

187 4297 271 4343 est
296 4289 448 4343 istud
479 4289 704 4360 lignum,
728 4292 874 4360 quod
903 4289 1164 4343 Dominus
1186 4291 1428 4344 ostendit
1458 4289 1662 4361 Moysi?
1682 4290 1781 4345 Sa-

188 4380 376 4435 lomon
414 4384 607 4437 edocet
660 4397 783 4447 nos,
820 4397 941 4435 cum
1002 4381 1136 4435 dicit
1180 4382 1245 4435 de
1299 4382 1592 4450 sapientia,
1647 4383 1774 4451 quia

190 4489 211 4523 ι
248 4472 464 4542 lignum
492 4472 619 4528 vita:
641 4483 725 4528 est
750 4473 1002 4527 omnibus
1029 4473 1481 4542 amplectentibus
1518 4488 1635 4527 eam
1671 4473 1771 4527 “.i

1898 3278 2093 3343 tiones,
2121 3288 2175 3332 et
2200 3270 2433 3349 judicia,
2474 3289 2527 3335 et
2557 3281 2869 3334 testimonia
2918 3281 3052 3349 legis
3080 3295 3379 3350 exponere,
3411 3291 3473 3335 ut

1899 3380 2153 3431 tentaret.
2206 3371 2402 3441 inquit,
2435 3387 2530 3425 eos
2564 3373 2706 3427 Deus
2759 3374 2802 3428 si
2849 3373 3102 3427 audirent
3130 3388 3319 3427 vocem
3368 3374 3473 3427 Du-

1893 3460 2045 3523 mini,
2071 3470 2124 3513 ct
2150 3476 2271 3529 qua:
2305 3446 3100 3525 mandabantur,custodirent.
3134 3462 3269 3517 Nam
3300 3478 3473 3532 quan-

1895 3562 2006 3604 tum
2036 3554 2101 3606 ad
2138 3553 2373 3620 priorem
2423 3554 2677 3623 pepulum
2722 3564 2955 3623 spectat,
3009 3556 3137 3623 quid
3189 3556 3270 3611 eis
3315 3558 3468 3621 boni,

1892 3653 1987 3695 aut
2042 3642 2272 3711 perfecti
2342 3644 2813 3698 murmurantibt‘ts
2858 3654 2912 3698 et
2961 3646 3468 3700 contradicentibus

1891 3734 2285 3787 mandaretur?
2344 3734 2587 3803 Denique
2641 3733 2799 3802 paulo
2846 3743 2969 3798 post
3012 3736 3177 3789 etiam
3222 3737 3290 3791 ad
3325 3737 3467 3791 idola

1890 3833 2310 3889 convertuntur,
2346 3833 2398 3879 et
2428 3825 2581 3879 obliti
2616 3826 3006 3880 beneﬁciorum
3051 3835 3105 3881 et
3134 3826 3464 3882 mirabilium

1891 3916 1983 3970 Dei
2032 3928 2194 3985 caput
2219 3917 2371 3970 vituli
2428 3924 2697 3969 statuunt.
2752 3917 3046 3987 Propterea
3092 3933 3221 3987 ergo
3266 3920 3468 3974 dantur

1887 4007 1965 4060 eis
2006 4015 2296 4075 praecepta,
2327 4007 2378 4059 iu
2409 4006 2605 4074 quibus
2632 4014 2928 4060 tententur.
2956 4006 3086 4063 Inde
3113 4018 3197 4063 est
3233 4012 3377 4079 quod
3411 4018 3466 4064 et

1888 4112 1984 4166 per
2023 4096 2359 4150 Ezechielem
2392 4096 2712 4165 prOphetam
2746 4096 2877 4149 dicit
2904 4096 3166 4154 Dominus
3184 4100 3250 4153 ad
3281 4115 3377 4154 eos
3392 4100 3461 4165 ",

1886 4190 2014 4259 quia
2050 4205 2068 4239 ‹
2097 4188 2220 4241 dedi
2258 4188 2414 4241 vobis
2445 4196 2736 4255 priet-cpta,
2790 4198 2844 4239 et
2889 4188 3311 4257 justiﬁcationes
3357 4208 3466 4247 non

1886 4283 2077 4346 bonas,
2112 4282 2164 4335 in
2189 4281 2386 4350 quibus
2413 4296 2517 4334 non
2556 4278 2752 4331 vivetis
2787 4278 2836 4332 in
2880 4286 2978 4339 eis.
3019 4300 3038 4334 ι
3068 4284 3288 4339 Tentati
3319 4285 3467 4340 enim

1889 4374 1941 4427 in
1970 4376 2259 4444 praeceptis
2299 4375 2513 4430 Domini
2562 4391 2667 4429 non
2711 4377 3064 4432 inveniuntur
3096 4379 3306 4434 fideles.
3340 4378 3477 4434 Ideo.

1884 4467 2028 4520 enim
2066 4484 2084 4517 ι
2127 4468 2411 4522 inventum
2458 4480 2542 4524 est
2592 4471 2671 4525 eis
2714 4471 3027 4525 mandatum
3062 4470 3205 4539 quod
3248 4479 3366 4524 erat
3395 4472 3464 4524 ad

188 4560 246 4614 Si
280 4576 422 4630 ergo
457 4560 662 4631 lignum
704 4562 985 4631 sapientia:
1038 4562 1291 4616 Christus
1345 4564 1569 4616 missum
1615 4564 1781 4617 fuerit
1815 4574 1858 4627 ι)
1886 4562 2071 4626 vitam,
2100 4562 2204 4617 hoc
2240 4578 2359 4618 esse
2387 4564 2453 4616 ad
2486 4575 2715 4617 mortem
2752 4566 2828 4628 9‘;
2868 4583 2885 4614 ι
2926 4565 3052 4633 quia
3088 4578 3252 4618 unum
3301 4574 3465 4633 atque

187 4648 239 4699 in
277 4648 425 4718 lege,
454 4659 507 4701 et
544 4648 845 4702 ostenderit
890 4650 1050 4703 nobis
1090 4652 1366 4717 qumuodo
1407 4651 1640 4721 intelligi
1686 4653 1780 4706 de-

184 4740 311 4792 beat
342 4739 713 4803 circumcisio,
743 4744 1017 4809 quomodo
1064 4742 1325 4806 Sabbata,
1359 4742 1635 4811 quomodo
1690 4743 1774 4797 lex

182 4829 354 4899 lepra:
385 4834 656 4887 servamla
690 4834 782 4897 sit,
812 4835 1047 4903 qualiter
1072 4834 1258 4888 mundi
1290 4845 1343 4889 et
1366 4835 1633 4889 immtmdi
1663 4837 1776 4893 dis-

181 4925 399 4977 crimen
434 4926 719 4990 habeatur,
759 4934 884 4980 tunc
916 4924 1146 4981 efﬁcitur
1178 4940 1319 4996 aqua
1378 4925 1608 4982 Merrlue
1649 4930 1772 4983 dul-

180 5012 287 5080 eis,
316 5025 377 5070 et
415 5017 726 5071 amaritudo
757 5017 949 5071 littera:
981 5017 1113 5087 legis
1139 5019 1480 5072 convertitur
1503 5018 1555 5071 in
1588 5019 1773 5075 dulce-

179 5105 372 5160 dinem
407 5107 786 5177 intelligentia:
813 5107 969 5177 152
1004 5108 1287 5177 spiritalis,
1327 5118 1382 5162 et
1420 5121 1547 5164 tunc
1595 5120 1773 5179 potest

177 5195 379 5251 bibere
411 5198 640 5267 p0pulus
666 5198 782 5253 Dei.
816 5198 871 5253 Si
901 5200 1044 5253 enim
1074 5215 1179 5254 non
1206 5200 1629 5269 interpretentur
1659 5202 1771 5256 hinc

179 5287 541 5355 spiritaliter,
593 5290 825 5359 populus
879 5291 970 5358 qui
1021 5290 1165 5345 idola
1225 5291 1546 5360 dereliquit,
1592 5302 1647 5347 et
1700 5296 1769 5346 ad

179 5379 361 5433 Deum
400 5382 664 5452 confugit,
698 5382 743 5437 si
776 5383 963 5436 audiat
1003 5384 1177 5453 legem
1206 5383 1272 5439 de
1305 5384 1592 5439 sacriﬁciis
1631 5399 1771 5454 pra:-

178 5469 509 5538 cipientem,
544 5471 804 5526 continuo
842 5472 1041 5541 refugit
1071 5484 1126 5528 et
1168 5490 1275 5529 non
1312 5486 1493 5543 potest
1528 5474 1715 5530 bibere
1748 5492 1761 5527 :

253 5585 511 5664 ῗῗέἓκοιι.
564 5606 654 5664 xv.
708 5591 1103 5664 2'5._°'ibid.,
1139 5595 1229 5652 25.
1307 5595 1540 5649 Βἰῐδτον-
1580 5582 1780 5661 "5.18-

1896 5604 1902 5631 ⁵
1933 5602 2110 5657 Galat.
2144 5620 2206 5664 ιι.
2240 5604 2326 5657 18.
2404 5607 2448 5637 ⁸⁸
2478 5606 2648 5661 Exod.
2682 5625 2769 5664 xv.
2793 5607 2885 5660 23.

172 5652 222 5687 ³³
254 5655 298 5709 ll
331 5655 465 5749 (lor.
488 5674 567 5727 ιιι,
600 5651 655 5714 6.
732 5662 776 5693 ⁸³
810 5661 981 5717 Exod.
1014 5651 1103 5731 xv,
1140 5651 1297 5720 25m
1320 5665 1407 5720 26.
1486 5667 1531 5697 9°
1556 5651 1755 5724 rstica}

1925 5651 2326 5731 ἷὶέξψίη-Ῐίυῖἦξ
2371 5651 2648 5743 vui-lli".
2670 5651 2769 5733 δ’]

256 5808 386 5881 (18)
417 5811 585 5882 Alias,
626 5832 645 5868 t
684 5814 737 5871 in
770 5816 967 5886 quibus
1000 5832 1107 5875 non
1136 5819 1286 5876 vivat
1318 5821 1369 5876 in
1403 5822 1501 5877 cis.
1538 5843 1555 5877 ι

1880 4657 2021 4710 idem
2068 4656 2384 4709 mandatum
2414 4655 2457 4708 si
2488 4663 2756 4717 servetur,
2793 4655 2997 4721 vitam;
3043 4656 3091 4710 si
3124 4671 3230 4710 non
3269 4670 3462 4709 serve-

1882 4756 1988 4811 tur,
2008 4756 2235 4815 generat
2269 4755 2521 4799 mortem.
2554 4743 2862 4799 Secundum
2890 4746 2993 4802 hoc
3020 4760 3154 4817 ergo
3177 4750 3319 4816 quod
3353 4762 3464 4801 non

1878 4838 2225 4891 servantibus
2255 4847 2481 4906 generat
2503 4850 2755 4905 mortem,
2777 4841 3029 4897 dicuntur
3062 4845 3319 4899 mandata
3355 4860 3462 4899 non

1880 4929 2041 4994 bona,
2081 4928 2133 4981 iu
2159 4929 2355 4997 quibus
2387 4944 2492 4983 non
2524 4929 2708 4984 vivant
2735 4933 2786 4985 in
2816 4934 2896 4987 eis
2923 4932 3057 5003 (l8).
3078 4934 3182 4989 Sed
3210 4935 3335 5005 quia
3367 4935 3464 4989 ad-

1883 5022 2103 5077 miscuit
2133 5022 2212 5076 eis
2250 5021 2454 5093 lignum
2486 5023 2663 5078 crucis
2689 5023 2915 5089 Christi,
2948 5034 3003 5079 et
3034 5026 3085 5078 in
3120 5027 3459 5082 dulcedinem

1883 5129 2044 5168 versa
2075 5123 2221 5180 sunt,
2252 5124 2307 5169 et
2336 5115 2658 5185 spiritaliter
2694 5114 2969 5170 intellecta
3003 5128 3323 5184 servantur,
3359 5116 3458 5172 ea-

1882 5205 2005 5257 dem
2035 5205 2147 5272 ipsa
2176 5206 2429 5259 mandata
2457 5208 2583 5261 vita:
2624 5206 2967 5277 appellantur
3012 5227 3025 5262 :
3073 5209 3216 5263 sicut
3250 5218 3303 5263 ct
3331 5209 3460 5265 alibi

1881 5295 2009 5349 dicit
2035 5297 2080 5329 ⁹¹
2110 5315 2122 5351 :
2158 5315 2175 5347 ι
2210 5297 2371 5363 Audi,
2400 5299 2587 5363 Israel,
2610 5302 2867 5354 mandata
2906 5302 3051 5356 vitae.
3092 5321 3110 5353 ι
3144 5302 3249 5357 Sed
3274 5302 3460 5356 videa-

1880 5403 2002 5442 mus
2026 5389 2152 5457 quid
2185 5390 2266 5444 eis
2296 5392 2637 5460 promittitur
2662 5394 2706 5448 si
2732 5404 3047 5449 serventur.
3086 5415 3105 5446 ‹
3142 5392 3223 5459 Si,
3256 5393 3454 5461 inquit,

1879 5480 2228 5534 servaveritis
2256 5492 2529 5552 praecepta
2554 5500 2693 5550 mea,
2729 5501 2835 5540 non
2883 5484 3134 5541 inducam
3184 5496 3455 5552 supervos

2962 5606 3007 5637 ⁸⁷
3048 5607 3086 5659 ΙΙ
3125 5606 3255 5665 Cor.
3290 5622 3367 5677 tv,
3398 5602 3454 5664 7.

2670 5682 2713 5711 θ’
2762 5679 3002 5733 Baruclt.
3040 5692 3124 5744 ιιι,
3150 5676 3201 5733 9.
