3902 6506
427 371 530 425 513

1907 368 2227 427 ORIGENIS

3572 368 3672 425 δη

428 504 618 546 omnes
641 489 1007 560 aegritudines,
1039 502 1175 557 quas
1197 487 1383 543 induxi
1408 489 1682 562 zEgyptiis
1703 491 1769 546 ".
1800 509 1818 542 ι
1854 492 1991 558 Quid
2022 498 2068 553 Α
2097 495 2303 549 decima
2334 494 2419 551 die
2450 494 2676 560 mensis,
2713 492 3077 548 murmuravit
3110 490 3342 562 populus
3381 490 3669 546 adversum

426 597 558 652 ergo
590 582 800 636 videtur
816 581 1034 635 dicere?
1057 581 1099 634 si
1135 579 1259 649 quis
1283 592 1461 635 servet
1489 584 1761 649 mandata,
1796 583 1992 637 nullam

427 674 805 739 aegritudinem
844 673 1119 743 patiatur?
1163 674 1264 729 hoc
1293 683 1396 739 est,
1426 687 1605 743 neque
1645 674 1864 743 febriat,
1903 692 1995 730 ne-

425 780 531 832 que
566 763 700 817 alios
731 762 951 819 dolores
998 765 1250 833 corporis
1306 765 1491 819 ferat?
1527 764 1641 819 Non
1696 773 1824 835 puto
1850 767 1993 835 quod

424 856 537 910 haec
576 856 686 911 sint
719 871 838 924 qute
872 857 1259 926 promittantur
1288 856 1467 911 divina
1492 857 1745 912 mandata
1769 872 1992 911 servan-

422 942 587 996 tibus.
620 944 874 1012 Alioquin
904 946 1107 1000 indicio
1134 947 1287 1001 nobis
1321 954 1404 1001 cst
1430 944 1531 1001 Job
1550 945 1905 1014 justissimus,
1937 958 1993 1002 et

421 1036 588 1091 totius
662 1038 882 1107 pietatis
942 1039 1480 1102 observantissimus,
1536 1039 1662 1108 quia
1722 1055 1752 1094 a
1814 1041 1990 1109 capite

418 1144 594 1197 usque
628 1131 693 1182 ad
732 1131 898 1198 pedes
933 1131 1171 1200 repletur
1203 1133 1382 1187 ulcere
1422 1133 1684 1201 pessimo.
1738 1131 1853 1188 Non
1906 1135 1989 1190 his

415 1236 607 1275 carere
638 1222 892 1276 dicuntur
925 1223 1359 1287 infirmitatibus,
1385 1223 1477 1292 qui
1511 1224 1767 1279 mandata
1799 1234 1986 1281 custo-

418 1310 596 1375 diunt,
630 1313 726 1367 sed
779 1328 886 1369 nou
944 1313 1223 1369 habebunt
1280 1312 1399 1367 illas
1448 1313 1793 1370 infirmitates
1850 1330 1986 1385 quas

413 1401 658 1472 Egyptii
693 1405 915 1459 habent.
948 1405 1221 1476 [Egyptus
1248 1423 1487 1477 namque
1517 1408 1750 1463 mundus
1784 1408 1984 1478 figura-

414 1493 540 1548 liter
572 1496 895 1566 appellatur.
929 1498 1165 1569 Diligere
1192 1515 1324 1570 ergo
1367 1502 1654 1567 mundum,
1693 1512 1747 1556 et
1775 1517 1837 1557 ea
1865 1518 1984 1571 qua:

415 1586 468 1639 in
510 1588 711 1643 mundo
742 1598 890 1655 sunt,
917 1589 1205 1661 Egyptius
1232 1592 1459 1661 languor
1487 1602 1593 1648 est.
1642 1592 1765 1647 Dies
1793 1594 1985 1648 obser-

411 1691 559 1740 vare,
583 1687 636 1731 et
661 1694 890 1744 menses,
919 1688 975 1736 et
1002 1690 1269 1750 tempora,
1294 1683 1447 1752 signa
1478 1684 1772 1753 requirere,
1792 1684 1980 1738 stella~

410 1784 529 1821 rum
584 1771 833 1824 cursibus
884 1772 1199 1836 adhaerere,
1245 1771 1533 1845 Egyptius
1594 1774 1822 1845 languor
1874 1784 1977 1829 est.

409 1855 695 1916 Deservire
737 1862 917 1919 carnis
962 1862 1209 1929 luxurize,
1250 1874 1304 1919 et
1339 1866 1707 1935 voluptatibus
1761 1882 1978 1937 operam

411 1951 563 2016 dare,
596 1967 793 2008 vacare
820 1954 1050 2019 deliciis,
1085 1954 1379 2027 [Egyptius
1424 1958 1653 2028 languor
1683 1969 1785 2015 est.
1818 1959 1981 2014 Caret

406 2053 537 2109 ergo
566 2042 651 2096 his
674 2043 1077 2103 infirmitatibus
1102 2054 1157 2100 et
1178 2045 1551 2117 languoribus,
1585 2049 1679 2119 qui
1724 2051 1997 2105 mandata-

405 2132 659 2185 custodit.

473 2221 528 2275 3.
578 2221 705 2277 Post
753 2224 869 2280 haec
912 2225 1064 2293 dicit,
1088 2226 1218 2297 quia
1250 2244 1269 2281 ι
1308 2238 1579 2284 venerunt
1605 2229 1657 2284 in
1690 2229 1883 2297 llelim,
1922 2242 1977 2287 et

402 2322 563 2369 erant
595 2315 667 2369 ibi
698 2316 979 2373 duodecim
1016 2317 1194 2374 fontes
1224 2334 1519 2389 aquarum,
1544 2329 1599 2375 et
1628 2322 1975 2389 septuaginta

399 2408 627 2463 arbores
638 2408 938 2476 palmarum
950 2410 1019 2465 “.
1033 2429 1052 2462 ι
1073 2410 1309 2466 Putasne
1327 2413 1486 2467 habet
1503 2413 1703 2481 aliquid
1723 2414 1973 2477 rationis,

400 2499 546 2567 quod
575 2514 682 2554 non
715 2510 841 2560 ante
872 2501 927 2556 in
960 2501 1132 2556 Helim
1162 2502 1381 2558 ducitur
1410 2502 1661 2573 populus,
1694 2504 1781 2558 ubi
1817 2513 1974 2559 erant

402 2591 689 2646 duodecim
732 2593 908 2648 fontes
935 2608 1226 2663 aquarum,
1268 2596 1466 2665 quibus
1490 2597 1624 2651 nihil
1655 2599 1973 2651 amaritudi-

403 2683 491 2737 nis
516 2683 714 2748 iuerat,
747 2684 856 2742 imo
886 2687 1067 2755 potius
1112 2688 1205 2743 ubi
1253 2698 1375 2745 erat
1417 2690 1707 2745 amoenitas
1736 2690 1995 2761 plurima.

400 2788 468 2829 ex
507 2775 775 2831 densitate
832 2777 1174 2845 palmarum;
1226 2780 1319 2835 sed
1365 2780 1541 2849 primo
1574 2780 1768 2837 ductus
1793 2794 1876 2837 est
1904 2783 1969 2836 ad

400 2881 573 2936 aquas
597 2868 779 2925 salsas,
802 2878 855 2923 et
908 2884 1146 2936 amaras,
1194 2871 1389 2940 quibus
1440 2884 1535 2939 per
1575 2870 1781 2941 lignum
1812 2886 1969 2925 mon-

398 2966 690 3017 stratuma
734 2959 960 3013 Domino
990 2959 1236 3016 dulcibus
1274 2958 1499 3029 effectis,
1538 2970 1722 3031 postea
1756 2962 1970 3017 venitur

399 3050 468 3104 ad
493 3048 702 3105 fontes?
733 3047 790 3105 Si
824 3051 1109 3107 historiam
1140 3052 1313 3108 solam
1354 3067 1667 3121 sequamur,
1697 3069 1801 3109 non
1831 3054 1969 3107 mul-

401 3151 515 3197 tum
538 3157 635 3198 nos
663 3142 895 3198 aedificat
923 3146 1067 3199 scire
1094 3144 1160 3198 ad
1192 3158 1353 3213 quem
1385 3144 1561 3199 locum
1597 3146 1772 3216 primo
1804 3160 1965 3202 vene-
2000 3180 2043 3238 ε

400 3234 497 3299 rit,
529 3242 582 3289 et
610 3234 675 3289 ad
728 3248 889 3303 quem
942 3236 1204 3291 secundo.
1245 3236 1303 3292 Si
1338 3252 1468 3295 vero
1510 3239 1771 3293 rimemur
1798 3238 1852 3295 in
1886 3240 1971 3297 his

398 3326 719 3397 mysterium
748 3328 945 3394 latens,
973 3329 1278 3385 invenimus
1309 3330 1555 3385 ordinem
1605 3331 1751 3387 fidei.
1790 3332 1974 3387 Primo

398 3418 546 3473 enim
578 3420 799 3477 ducitur
820 3420 1050 3491 populus
1082 3422 1149 3475 ad
1184 3420 1430 3477 litteram
1463 3422 1617 3493 legis.
1644 3423 1725 3478 Ab
1758 3423 1859 3480 hac
1887 3424 1975 3479 lit-

398 3516 519 3564 tera
543 3509 703 3580 legis,
733 3512 910 3571 donec
939 3522 1223 3583 permanet
1249 3512 1305 3567 in
1338 3513 1701 3570 amaritudine
1729 3530 1849 3581 sua,
1883 3530 1973 3569 re-

398 3602 600 3657 cedere
622 3619 728 3657 non
759 3612 970 3674 potest;
1009 3618 1135 3659 cum
1168 3618 1301 3658 vero
1337 3618 1433 3674 per
1468 3604 1673 3675 lignum
1706 3608 1829 3661 vita:
1855 3607 1973 3662 dul-

399 3693 483 3748 cis
515 3693 682 3749 fuerit
710 3692 924 3761 effecta,
956 3703 1012 3749 et
1059 3693 1293 3764 intelligi
1319 3694 1405 3750 lex
1444 3696 1767 3762 spiritaliter
1794 3713 1973 3769 coepe-

398 3785 494 3849 rit,
528 3794 655 3841 tunc
690 3786 759 3841 de
776 3787 953 3842 Veteri
978 3784 1322 3843 Testamento
1352 3788 1619 3843 transitur
1646 3789 1712 3843 ad
1737 3790 1969 3857 Novum,

395 3885 452 3932 et
477 3878 693 3939 venitur
719 3877 787 3931 ad
814 3877 1097 3933 duodecim
1120 3878 1448 3948 apostolicos
1478 3882 1677 3935 fontes.
1702 3878 1776 3933 lbi
1805 3882 1969 3935 etiam

398 3967 625 4022 arbores
676 3967 1019 4035 reperientur
1069 3968 1411 4038 septuaginta
1462 3969 1790 4038 palmarum.
1849 3971 1967 4027 Non

395 4060 544 4113 enim
574 4058 676 4113 soli
705 4060 992 4114 duodecim
1017 4058 1244 4129 apostoli
1271 4059 1431 4114 fidem
1459 4059 1661 4117 Christi
1704 4064 1970 4133 praedica-

396 4158 618 4214 verunt,
641 4153 738 4203 sed
767 4159 821 4204 et
846 4150 938 4205 alii
977 4150 1322 4221 septuaginta
1364 4151 1516 4206 missi
1549 4153 1617 4207 ad
1652 4154 1959 4221 praedican-

342 4304 345 4307 ἰ
396 4238 527 4292 dum
558 4239 785 4293 verbum
834 4236 931 4301 Dei
974 4237 1317 4303 referuntur,
1356 4252 1455 4306 per
1488 4253 1623 4307 quos
1653 4239 1862 4309 palmas
1898 4241 1971 4293 vi-

391 4331 587 4418 ctoria:
626 4330 825 4387 Christi
868 4331 1103 4386 mundus
1136 4341 1475 4401 agnosceret.
1506 4331 1621 4387 Non
1656 4348 1785 4402 ergo
1820 4332 1972 4388 sufli-

400 4422 478 4477 cit
528 4423 728 4493 p0pulo
755 4423 851 4484 Dei
884 4439 1079 4493 aquam
1112 4423 1342 4485 Merrhaa
1368 4427 1578 4492 bibere,
1616 4427 1867 4496 quamvis
1914 4428 1966 4481 iu

2098 586 2332 656 Moysem
2368 587 2551 643 dicens
2581 600 2596 641 :
2632 585 2852 641 Utinam
2887 585 3086 640 mortui
3115 584 3409 638 fuissemus
3435 584 3489 637 in
3527 592 3668 638 terra

2092 678 2349 750 Egypti,
2404 694 2526 734 cum
2572 678 2887 733 sederemus
2930 691 3094 747 super
3146 676 3282 730 ollas
3334 675 3564 739 carnis,
3614 684 3667 729 et

2097 772 2551 826 manducaremus
2582 783 2754 838 panes
2781 770 2846 821 ad
2875 768 3209 831 satietatem,
3241 766 3505 837 quoniam
3532 768 3664 821 edu-

2092 860 2217 915 xisti
2256 875 2352 915 nos
2385 861 2438 915 in
2471 862 2744 915 desertum
2776 857 2914 924 hoc,
2947 871 3145 912 necare
3178 872 3395 911 omnem
3430 872 3661 926 synago-

2091 970 2211 1025 gam
2259 954 2415 1008 fame.
2453 974 2472 1005 ι
2508 952 2641 1007 Esto
2688 957 2830 1024 quod
2876 962 3101 1021 propter
3142 950 3545 1020 correptionem
3584 950 3660 1005 le-

2090 1046 2326 1115 gentium
2358 1045 2629 1100 indicetur
2656 1044 2834 1114 populi
2865 1053 3166 1113 peccatum,
3193 1042 3321 1111 quia
3354 1056 3662 1095 murmura-

2092 1136 2249 1202 verit,
2278 1145 2335 1191 et
2365 1137 2608 1204 ingratus
2641 1135 2805 1190 fuerit
2833 1134 3119 1190 beneficiis
3147 1134 3371 1197 divinis,
3402 1147 3525 1187 cum
3554 1148 3661 1186 ea»

2090 1228 2223 1283 leste
2257 1243 2454 1281 manna
2489 1228 2829 1296 susciperet;
2863 1227 2993 1295 quid
3028 1227 3191 1280 etiam
3225 1225 3343 1279 dies
3394 1208 3666 1303 describi-1

2088 1327 2199 1381 tur,
2229 1317 2281 1369 iu
2316 1331 2420 1384 qua
2447 1317 2867 1370 murmuraverit
2904 1315 3173 1385 populus?
3205 1332 3223 1365 t
3264 1313 3541 1375 Secundo,
3582 1313 3659 1365 in-

2088 1407 2228 1477 quit,
2259 1382 2463 1471 mense,
2502 1382 2917 1477 quintadecima
2938 1382 3023 1462 die
3053 1406 3277 1461 mensis.
3308 1426 3326 1459 ι
3368 1404 3529 1470 Quod
3552 1382 3665 1467 uti-f

2086 1516 2190 1569 que
2241 1515 2344 1553 nou
2394 1500 2599 1567 absque
2636 1499 2846 1553 ratione
2889 1498 3151 1567 scriptum
3197 1507 3299 1552 est.
3349 1496 3658 1550 Recordare

2085 1593 2151 1647 de
2179 1591 2387 1661 legibus
2416 1590 2635 1645 Pascha:
2656 1604 2778 1660 qua:
2806 1590 3008 1660 scripta
3038 1598 3188 1654 sunt,
3215 1596 3267 1643 et
3292 1587 3534 1642 invenies
3564 1586 3655 1649 ibi,

2084 1684 2185 1739 hoc
2230 1699 2351 1738 csse
2382 1695 2597 1752 tempus
2628 1683 2772 1751 quod
2822 1681 3080 1736 statuitur
3121 1680 3187 1735 ad
3227 1679 3528 1735 secundum
3560 1664 3665 1730 Pa-L

2084 1778 2213 1833 scha
2247 1777 2549 1831 faciendum
2590 1775 2674 1830 his
2701 1775 2791 1845 qui
2829 1774 3094 1829 immundi
3121 1773 3174 1828 in
3208 1774 3393 1828 anima
3430 1771 3658 1834 fuerint,

2089 1872 2173 1927 vel
2206 1873 2456 1939 occupati
2512 1872 2562 1925 in
2612 1871 2846 1943 negotiis
2892 1868 3222 1940 peregrinis.
3259 1867 3362 1934 Qui
3390 1881 3521 1937 ergo
3556 1881 3657 1919 non

2086 1962 2309 2016 fuerunt
2335 1960 2595 2016 immundi
2629 1961 2683 2017 in
2715 1961 2915 2025 anima,
2959 1959 3045 2015 vel
3087 1974 3192 2014 non
3230 1957 3387 2025 longe
3420 1958 3663 2027 peregri-

2087 2056 2397 2118 nabantur,
2432 2052 2841 2123 quartadecima
2872 2052 2961 2105 die
3003 2050 3161 2120 primi
3206 2050 3412 2104 mensis
3452 2048 3657 2102 Pascha

2086 2146 2350 2199 fecerunt.
2384 2143 2484 2210 Qui
2514 2152 2690 2197 autem
2723 2142 2877 2211 longe
2913 2137 3431 2210 peregrinabantur,
3461 2149 3517 2193 et
3552 2138 3661 2191 im-

2084 2239 2267 2293 mundi
2299 2247 2477 2304 erant,
2507 2237 2800 2291 secundum
2830 2232 3041 2288 Pascha
3070 2232 3125 2286 in
3153 2231 3257 2286 hoc
3293 2239 3544 2301 tempore
3580 2228 3663 2283 fa-

2081 2328 2256 2392 ciunt,
2289 2344 2398 2398 quo
2438 2336 2493 2382 et
2520 2340 2715 2382 manna
2746 2326 2813 2380 de
2839 2323 2979 2379 ccelo
3018 2322 3320 2377 descendit.
3350 2320 3410 2374 In
3440 2320 3530 2374 die
3552 2336 3660 2388 quo

2082 2422 2314 2490 primum
2346 2419 2555 2475 Pascha
2600 2419 2681 2483 fit,
2710 2432 2815 2471 non
2852 2414 3130 2471 descendit
3166 2428 3361 2467 manna
3397 2413 3467 2467 de
3495 2412 3657 2474 celo,

2082 2511 2176 2566 scd
2227 2513 2278 2564 in
2315 2511 2418 2565 hoc
2461 2525 2569 2579 quo
2621 2506 2917 2564 secundum
2974 2504 3180 2559 Pascha
3231 2503 3309 2559 fit.
3361 2504 3659 2559 Videamus

2081 2616 2209 2671 ergo
2258 2615 2399 2654 nunc
2433 2599 2557 2668 quis
2594 2599 2668 2653 sit
2711 2597 2763 2651 in
2799 2598 2882 2651 his
2919 2595 3055 2650 ordo
3100 2594 3366 2664 mysterii.
3407 2592 3655 2647 Primum

2077 2684 2283 2746 Pascha
2339 2690 2502 2760 primi
2554 2687 2739 2758 populi
2788 2696 2892 2742 est.
2921 2685 3237 2742 Secundum
3279 2682 3517 2747 Pascha,
3560 2697 3655 2736 uo-

2078 2794 2253 2839 strum
2285 2792 2388 2836 est.
2417 2778 2530 2837 Nos
2559 2781 2704 2835 enim
2736 2779 2937 2833 fuimus
2962 2775 3225 2831 immundi
3246 2775 3297 2829 in
3323 2774 3536 2839 anima,
3562 2774 3651 2841 qui

2077 2876 2393 2930 colebamus
2418 2873 2623 2941 lignum
2653 2880 2707 2926 et
2736 2870 2991 2939 lapidem,
3024 2877 3077 2922 et
3108 2868 3423 2938 ignorantes
3460 2865 3650 2929 Deum,

2076 2966 2161 3020 his
2191 2965 2281 3034 qui
2308 2974 2501 3018 natura
2531 2978 2636 3017 non
2659 2968 2815 3015 erant
2845 2959 2917 3013 dii
2941 2956 3334 3013 serviebamus.
3357 2954 3470 3009 Nos
3487 2954 3648 3009 etiam

2078 3042 2318 3122 eramus,
2351 3056 2441 3126 qui
2469 3054 2625 3125 longe
2650 3052 3161 3123 peregrinahamur,
3198 3048 3264 3102 de
3296 3047 3495 3115 quibus
3524 3046 3653 3100 dicit

2078 3148 2370 3218 Apostolus
2397 3147 2442 3177 "
2470 3161 2485 3199 :
2515 3145 2642 3214 quia
2686 3143 2887 3197 fuimus
2938 3158 2957 3192 ι
2995 3139 3241 3208 hospites
3280 3149 3335 3194 et
3374 3135 3650 3208 peregrini

2080 3248 2523 3299 testamentorum
2554 3235 2666 3299 Dei,
2696 3250 2845 3303 spem
2870 3249 2975 3289 non
3002 3233 3286 3297 habentes,
3312 3239 3369 3285 et
3398 3229 3519 3284 sine
3545 3228 3651 3282 Deo

2076 3337 2132 3390 in
2175 3334 2275 3389 huc
2307 3330 2507 3387 mundo
2556 3334 2830 3381 errantes.
2872 3343 2890 3377 ι
2925 3322 3309 3380 Verumtamen
3344 3336 3450 3376 non
3488 3321 3653 3374 datur

2076 3439 2275 3482 manna
2301 3424 2369 3479 de
2399 3422 2539 3477 cmlo
2565 3420 2619 3475 in
2652 3419 2743 3473 illa
2774 3418 2882 3485 die,
2919 3431 3022 3486 qua
3051 3416 3283 3486 primum
3320 3412 3535 3469 Pascha
3568 3410 3647 3476 ﬁt,

2074 3518 2171 3573 sed
2218 3516 2271 3571 in
2305 3516 2393 3569 illa
2422 3530 2527 3582 qua
2557 3514 2872 3569 secundum.
2916 3508 3081 3563 Panis
3118 3506 3261 3562 enim
3295 3506 3385 3575 qui
3413 3508 3480 3559 de
3510 3504 3650 3558 cmlo

2074 3607 2351 3663 descendit
2381 3606 2450 3670 ⁸⁸,
2477 3619 2579 3659 nou
2608 3604 2756 3658 venit
2793 3602 2858 3656 ad
2894 3600 3033 3667 illos,
3065 3600 3155 3668 qui
3180 3598 3414 3667 primam
3447 3596 3649 3650 solem-

2074 3703 2297 3755 nitatem
2347 3696 2740 3762 celebrabant,
2787 3693 2881 3749 sed
2924 3693 2991 3747 ad
3044 3704 3180 3758 nos,
3218 3689 3310 3758 qui
3350 3688 3646 3742 secundam

2072 3791 2431 3862 suscepimus.
2462 3807 2481 3840 ι
2517 3786 2771 3844 Nostrum
2807 3785 2951 3840 enim
2982 3783 3187 3838 Pascha
3223 3781 3541 3837 immolatus
3565 3790 3646 3833 est

2072 3882 2321 3937 Christus
2351 3880 2397 3913 ”
2425 3919 2441 3944 ,
2474 3898 2493 3932 ι
2530 3878 2621 3948 qui
2670 3892 2831 3931 verus
2885 3875 3043 3930 nobis
3076 3873 3232 3943 panis
3276 3875 3342 3926 de
3382 3872 3523 3926 caelo
3551 3871 3645 3923 de-

2072 3971 2298 4027 scendit.
2329 3968 2437 4024 Sed
2479 3966 3006 4022 interimvvideamus
3045 3962 3176 4032 quid
3220 3969 3351 4025 est,
3389 3962 3533 4029 quod
3590 3959 3643 4013 in

2072 4065 2174 4116 hac
2217 4061 2303 4116 die
2346 4069 2553 4131 gestum
2608 4063 2961 4111 monstratur.
3018 4073 3036 4106 ι
3086 4052 3522 4120 Quintadecima,
3559 4050 3641 4115 iu-

2071 4155 2185 4224 quit
2210 4154 2249 4219 ³,
2286 4152 2371 4207 die
2418 4149 2621 4205 mensis
2666 4146 2891 4203 secundi
2923 4145 3279 4200 murmuravit
3306 4143 3562 4213 populus,
3588 4152 3641 4195 et

2071 4245 2248 4309 dixit,
2298 4242 2423 4313 quia
2471 4240 2664 4296 melius
2708 4238 2885 4293 fuerat
2931 4252 3031 4292 nos
3089 4235 3228 4289 mori
3278 4236 3332 4288 in
3381 4232 3638 4305 Egypto.

2071 4337 2287 4405 quando
2311 4334 2633 4391 sedebamus
2655 4344 2815 4399 super
2841 4330 2976 4385 ollas
3001 4328 3269 4385 carnium.
3301 4347 3320 4380 ι
3348 4325 3393 4382 Ο
3417 4326 3639 4395 pupulas

2076 4431 2320 4500 ingratus
2358 4427 2629 4482 desiderat
2676 4423 3003 4495 Egyptum,
3033 4421 3125 4490 qui
3173 4419 3465 4495 Aﬁgyptios
3512 4417 3639 4472 vidit

397 4515 737 4572 dulcedinem
766 4530 920 4571 versa
947 4518 1053 4583 sit;
1101 4521 1353 4589 quamvis
1384 4535 1484 4590 per
1515 4520 1721 4591 lignum
1751 4521 1872 4576 vitae
1910 4530 1965 4575 et

2079 4520 2398 4576 exstinctos!
2416 4519 2618 4574 Carucs
2634 4514 2853 4586 Egypti
2879 4512 3129 4583 requirit,
3152 4512 3242 4580 qui
3265 4509 3637 4580 [Egyptiorutu

396 4606 718 4675 mysterium
751 4607 929 4663 crucis
956 4608 1136 4663 omnis
1174 4609 1371 4666 litterae
1402 4610 1706 4666 amaritudo
1741 4611 1960 4679 depulsa

395 4695 490 4749 sit.
524 4694 710 4751 Solum
734 4708 893 4754 vetus
922 4698 1343 4756 instrumentum
1375 4717 1480 4756 non
1524 4698 1723 4755 sufﬁcit
1768 4701 1832 4754 ad
1880 4701 1962 4755 hi—

394 4783 664 4848 bendum;
690 4787 781 4843 sed
802 4789 1123 4845 veniendum
1148 4790 1313 4846 estad
1332 4789 1547 4854 Novum
1564 4792 1963 4847 Testamentum

398 4875 465 4929 de
495 4891 602 4945 quo
635 4877 843 4947 absque
892 4882 1146 4949 scrupulo
1177 4883 1403 4949 bibitur,
1433 4884 1639 4952 absque
1684 4882 1791 4937 ulla
1829 4882 1967 4937 diﬂi-

395 4967 608 5022 cultate
639 4979 880 5039 potatur.
922 4970 1090 5027 Judaei
1145 4972 1307 5028 etiam
1349 4990 1489 5029 nunc
1517 4975 1659 5044 apud
1688 4974 1959 5029 Merrham

394 5064 546 5125 sunt,
582 5059 745 5111 etiam
773 5076 913 5116 nunc
958 5062 1113 5139 153
1157 5065 1396 5118 assident
1428 5066 1493 5119 ad
1520 5081 1694 5136 aquas
1721 5080 1957 5121 amaras.

396 5145 644 5201 Nondum
675 5152 819 5205 enim
865 5152 946 5207 eis
988 5154 1130 5207 Deus
1161 5156 1400 5209 ostendit
1427 5156 1655 5225 lignum,
1688 5171 1784 5225 per
1818 5155 1959 5225 quod

2070 4627 2264 4667 carnes
2293 4611 2428 4664 vidit
2478 4608 2645 4663 maris
2687 4607 2926 4679 piscibus
2953 4614 3008 4658 et
3039 4603 3162 4658 cmli
3212 4601 3436 4658 alitibus
3460 4604 3633 4657 datas.

2071 4704 2155 4758 Diu
2167 4719 2314 4758 rmur
2326 4718 2453 4770 ergo
2470 4703 2756 4757 adversum
2771 4699 3029 4770 Moysem,
3050 4698 3157 4754 imo
3172 4699 3460 4753 adversum
3479 4696 3635 4750 Deum

2012 4804 2021 4809 ‘
2069 4794 2271 4849 levant.
2298 4792 2401 4847 Sed
2425 4792 2525 4845 hoc
2546 4792 2723 4860 primo
2749 4790 2966 4859 quidem
2994 4789 3313 4861 ignoscitur,
3342 4789 3635 4859 ignoscitur

2068 4898 2123 4942 et
2148 4884 2407 4950 secundo,
2435 4884 2683 4937 fortassis
2711 4891 2765 4936 et
2794 4882 2950 4936 tertio
2978 4896 2993 4934 :
3040 4890 3418 4935 verumtamen
3452 4879 3497 4933 si
3535 4894 3631 4932 non

2070 4980 2338 5042 desinant,
2368 4977 2459 5030 sed
2485 4976 2802 5045 persistant,
2831 4973 2950 5027 audi
2980 4972 3107 5042 quid
3138 4972 3368 5040 posthac
3395 4985 3630 5024 murmu-

2069 5082 2280 5125 rantem
2310 5069 2559 5139 populum
2589 5076 2975 5136 consequatur.
3014 5066 3067 5119 In
3099 5065 3461 5120 Numerorum
3505 5064 3631 5115 libro

2065 5164 2301 5218 refertur
2330 5164 2372 5228 ²,
2398 5164 2541 5230 quod
2569 5169 2622 5213 et
2656 5159 2708 5213 in
2744 5159 2859 5213 suis
2893 5158 3184 5226 scripturis
3221 5158 3465 5212 retexuit
3495 5156 3630 5223 Apo-

394 5237 580 5294 dulces
594 5240 954 5312 fierentaquae
972 5243 1232 5309 ipsorum.
1252 5243 1461 5298 Etenim
1487 5246 1733 5314 praedixit
1752 5246 1831 5300 eis
1848 5260 1965 5314 pro-
2061 5255 2230 5309 stolus
2255 5253 2437 5307 dicens
2464 5253 2484 5284 ³
2515 5267 2531 5304 :
2564 5268 2583 5303 ι
2617 5249 2801 5318 Neque
2836 5248 3327 5315 murmuraveritis,
3355 5249 3494 5302 sicut
3518 5246 3628 5314 qui.

393 5328 557 5396 pheta
581 5333 650 5398 ",
680 5333 834 5402 quia:
859 5328 963 5384 nisi
984 5335 1347 5400 credideritis,
1372 5352 1542 5405 neque
1568 5337 1895 5408 intelligetis.
1940 5357 1959 5387 ι

462 5422 516 5475 4.
536 5423 668 5479 Post
696 5424 812 5480 haec
834 5426 1091 5496 scriptum
1115 5435 1195 5479 est
1230 5428 1276 5459 ⁹⁶
1312 5446 1325 5482 :
1355 5446 1373 5478 ι
1401 5426 1456 5482 fu
1498 5430 1734 5484 secundo
1759 5443 1963 5491 mense,

394 5513 591 5583 inquit,
670 5526 958 5587 postquam
991 5520 1056 5573 de
1081 5516 1321 5590 Egypto
1345 5519 1570 5589 profeCti
1605 5530 1749 5585 sunt,
1778 5521 1965 5589 quinta

464 5681 510 5755 ξ’
525 5676 711 5755 Exod.
743 5701 834 5753 xv,
862 5687 955 5742 26.
1029 5688 1077 5720 "
1108 5686 1261 5754 ibitl.,
1294 5685 1385 5741 27.
1460 5688 1506 5720 ’³
1536 5688 1635 5744 lsa.
1668 5703 1741 5743 vn
1764 5733 1777 5755 ,
1813 5690 1867 5743 9.

376 5748 438 5833 "'
469 5749 489 5806 Ι
515 5750 642 5816 (ἔοι.
675 5769 734 5825 v,
767 5748 831 5814 7.7
892 5758 1108 5817 ‘Exod.
1145 5748 1258 5827 xw,
1306 5759 1354 5826 ί,
1386 5758 1453 5826 2,
1495 5759 1548 5813 5.

1956 5688 2001 5720 ⁸⁸
2031 5687 2201 5742 Exod.
2230 5703 2343 5751 tm,
2376 5690 2429 5753 ιν,
2463 5689 2516 5754 2,
2544 5688 2596 5743 5.

1636 5762 1655 5792 ²
1697 5759 1858 5815 Num.
1906 5775 2015 5814 tm.

2062 5344 2185 5397 dam
2218 5357 2405 5401 eorum
2441 5348 2921 5395 murmuraverunt
2945 5378 2961 5404 ,
2990 5348 3046 5394 et
3079 5353 3107 5392 a
3153 5338 3495 5407 serpentibus
3523 5349 3624 5405 per-

2071 5431 2271 5488 ierunt.
2335 5452 2353 5484 ι
2412 5432 2836 5487 Murmuranlem
2901 5430 3156 5500 populum
3209 5438 3512 5483 venenatus
3576 5424 3621 5477 in

2063 5537 2249 5578 eremo
2290 5523 2598 5591 depascitur
2653 5522 2984 5592 serpentium
3044 5534 3278 5575 morsus.
3340 5517 3619 5573 Videamus

2684 5690 2728 5723 ν
2758 5688 2891 5759 Eph.
2926 5703 2987 5754 tt,
3015 5686 3099 5744 12.
3176 5688 3231 5722 ⁸⁸
3251 5683 3408 5742 Joan.
3438 5698 3508 5751 Vl,
3532 5679 3609 5738 53.

2102 5759 2123 5791 ³
2169 5758 2345 5815 lCor.
2394 5775 2463 5826 tt,
2510 5760 2590 5813 lt).
