3902 6502
146 365 245 422 5S5

1346 365 1413 420 IN
1446 364 1733 422 EXODUM
1766 362 2049 421 HOMILIA
2077 364 2190 419 VII.

3188 350 3199 361 ’
3274 358 3381 413 546

147 498 272 547 nos,
322 480 413 551 qui
451 480 566 534 haec
608 480 875 546 audimus,
919 494 1043 548 nos,
1080 480 1297 550 inquam
1320 523 1337 549 ,
1372 497 1473 552 pro
1514 484 1709 552 quibus
1737 486 1784 541 A
1813 484 1940 538 alibi
1972 482 2314 553 proplieta’:
2349 500 2367 533 ι
2390 480 2589 536 Diebus
2619 478 2802 535 multis
2819 476 3190 535 sedebantﬁlii
3221 476 3383 532 Israel

146 570 337 637 scripta
368 576 529 623 sunt:
563 568 668 621 illis
691 569 835 623 enim
866 570 932 622 ad
963 570 1356 627 correctionem
1389 572 1531 627 facta
1556 582 1708 639 sunt,

145 662 337 729 scripta
370 669 496 715 sunt
525 670 705 715 autem
732 675 953 730 propter
978 677 1096 728 nos,
1131 681 1150 715 t
1190 666 1243 718 in
1270 679 1408 733 quos
1436 664 1571 721 ﬁnes
1605 680 1708 719 sae-

146 753 384 807 culorum
414 751 823 806 devenerunt‘.
860 771 880 805 ι
919 753 974 808 Si
1005 770 1109 808 non
1143 754 1442 809 desinimus
1469 769 1710 808 murmu-

145 858 296 906 rare,
322 842 366 895 si
400 857 505 896 non
532 857 810 898 cessamus
840 858 870 896 a
904 844 1141 914 querelis
1170 846 1373 901 nostris
1395 885 1408 909 ,
1441 861 1577 915 quas
1604 846 1712 899 fre-

143 943 370 1002 quenter
395 933 659 989 habemus
702 938 961 990 adversus
994 936 1161 991 Deum
1191 976 1207 1003 ,
1247 938 1600 1001 observemus
1644 952 1711 993 ne

142 1026 316 1080 simile
359 1024 676 1081 oﬂ‘ensionis
729 1026 1074 1082 incurramus
1122 1028 1456 1098 exemplum.
1497 1028 1708 1082 Etenim

142 1132 265 1171 cum
291 1116 358 1169 de
380 1117 501 1172 coeli
530 1117 872 1187 intemperie,
897 1118 963 1173 de
988 1118 1382 1174 infecunditate
1414 1120 1708 1184 fructuum,

141 1209 205 1259 de
235 1206 458 1261 raritate
486 1206 765 1271 imbrium,
800 1208 867 1262 de
901 1210 1351 1278 prosperitatibus
1377 1211 1627 1275 aliorum,
1657 1219 1713 1265 et

141 1296 205 1350 de
240 1296 469 1350 aliorum
502 1296 938 1366 improsperitate
977 1311 1294 1359 causamur,
1335 1297 1438 1351 hoc
1476 1307 1561 1351 est
1615 1298 1712 1351 ad-

140 1403 331 1443 versus
359 1387 525 1443 Deum
555 1404 802 1443 murmur
829 1389 1103 1444 attollere.
1136 1388 1241 1444 Sed
1272 1390 1387 1444 haec
1429 1390 1578 1444 initia
1613 1390 1714 1444 Ita-

140 1479 393 1534 bentibus
420 1478 750 1546 ignoscitur;
787 1480 839 1532 in
879 1493 973 1535 eos
1002 1494 1156 1545 vero,
1182 1480 1272 1550 qui
1305 1495 1409 1534 non
1440 1481 1710 1546 desinunt,

141 1570 379 1638 graviter
414 1570 743 1627 vindicatur.
781 1570 1073 1625 Mittuntur
1110 1586 1345 1641 namque
1380 1573 1431 1626 in
1477 1587 1572 1627 eos
1599 1588 1715 1628 ser-

138 1669 353 1727 pentes,
388 1660 439 1714 id
476 1669 560 1716 est
597 1661 892 1717 immundis
930 1660 1205 1730 spiritibus
1235 1662 1521 1717 traduntur
1552 1677 1713 1718 vene-

141 1751 395 1819 natisque
420 1751 788 1817 daemonibus,
832 1753 923 1823 qui
956 1768 1049 1808 eos
1080 1754 1351 1809 morsibus
1378 1753 1612 1809 occultis
1647 1769 1711 1809 ac

136 1818 435 1894 latentibus
470 1841 768 1908 perimant,
801 1818 963 1908 atque
1006 1840 1234 1895 internis
1277 1849 1331 1894 et
1362 1840 1502 1894 intra
1530 1839 1711 1895 cordis
1741 1818 1784 1874 Β

137 1930 443 1998 penetralia
473 1930 747 1985 conclusis
794 1930 1218 2001 cegitationibus
1252 1931 1559 1985 absumant.
1607 1929 1713 1986 Sed

136 2023 368 2077 obsecro
412 2038 528 2087 vos,
559 2023 770 2091 prosint
813 2024 967 2078 nobis
1014 2024 1309 2092 praemissa:
1352 2024 1714 2091 correptionis

138 2114 427 2180 exempla:
466 2112 682 2168 illorum
718 2127 913 2182 poena,
951 2113 1259 2168 emendatio
1286 2121 1470 2167 nostra
1499 2113 1589 2168 sit.
1625 2113 1718 2166 Di-

135 2206 203 2259 cit
237 2205 390 2259 enim
419 2204 590 2267 Deus,
622 2206 747 2274 quia
785 2223 803 2257 ι
843 2204 1026 2258 audivi
1058 2204 1545 2259 murmurationem
1573 2203 1715 2259 ﬁlio-

136 2309 263 2347 rum
309 2294 478 2348 lsrael
510 2295 556 2351 ⁵.
589 2314 608 2346 ι
664 2294 872 2350 Videtis
913 2294 1038 2363 quia
1071 2308 1177 2349 non
1224 2293 1355 2347 latet
1380 2294 1547 2348 Deum
1577 2309 1716 2348 mur-

98 2428 103 2435 .
136 2386 379 2441 muratio
417 2396 597 2441 nostra
630 2400 646 2439 :
687 2387 838 2440 audit
875 2386 1082 2451 omnia,
1119 2394 1173 2442 et
1209 2387 1352 2457 quod
1392 2402 1496 2442 non
1531 2387 1714 2441 statim

138 2478 324 2548 punit,
400 2478 779 2548 paenitentiam
835 2486 1035 2533 nostra:
1092 2477 1466 2533 conversionis
1524 2491 1716 2547 exspe-

137 2578 275 2625 etat.

207 2660 264 2714 5.
304 2660 416 2715 Sed
452 2660 580 2731 quid
630 2670 751 2730 post
798 2660 912 2717 haec
965 2661 1256 2716 recitatum
1295 2660 1421 2713 est?
1468 2677 1487 2711 ι
1542 2658 1713 2727 Dixit,

141 2753 318 2821 inquit
346 2758 391 2819 ⁸,
423 2753 683 2807 Dominus
726 2753 790 2807 ad
819 2753 1054 2824 Moysem
1079 2768 1094 2808 :
1122 2753 1261 2808 Ecce
1286 2768 1384 2823 ego
1409 2753 1589 2821 pluam
1620 2767 1715 2806 vo-

138 2842 224 2899 bis
254 2858 432 2912 panes
473 2844 538 2897 de
568 2843 707 2898 caelo
731 2882 746 2906 ,
791 2852 845 2896 et
874 2843 1044 2896 exibit
1093 2841 1319 2911 populus
1347 2884 1362 2908 ,
1397 2852 1452 2896 et
1496 2842 1720 2910 colliget

140 2936 304 2989 unius
332 2934 441 2989 diei
473 2936 525 2989 iu
570 2934 743 2999 diem,
773 2942 833 2988 ut
874 2943 1076 2989 tentem
1110 2933 1231 2989 illos
1274 2933 1320 2987 si
1351 2934 1629 2988 ambulant
1665 2934 1717 2986 itt

144 3026 261 3097 lege
306 3042 458 3091 mea,
494 3043 562 3081 an
608 3041 737 3081 non.
766 3026 832 3080 Et
874 3026 982 3080 erit
1026 3025 1079 3079 in
1115 3026 1200 3080 die
1229 3035 1382 3079 sexto
1406 3067 1420 3091 ,
1449 3024 1720 3094 parabunt

140 3120 509 3189 quodcunque
550 3117 827 3173 intulerint
869 3116 1085 3189 (l9),'et
1124 3117 1231 3171 erit
1272 3117 1492 3185 duplum
1542 3115 1719 3184 quod—

139 3224 370 3279 cunque
431 3208 714 3263 intulerint
783 3207 1152 3276 quotidianum
1228 3206 1281 3260 in
1350 3207 1459 3265 die.
1525 3226 1545 3259 ι
1605 3207 1719 3274 Ego

138 3303 372 3370 quidem
410 3316 574 3371 super
618 3303 722 3355 bac
770 3299 1035 3369 scriptura
1069 3298 1228 3354 velim
1270 3299 1445 3369 primo
1478 3313 1598 3353 cum
1624 3299 1720 3354 Ju-

138 3395 272 3447 dzeis
316 3392 521 3448 habere
561 3406 903 3458 sermonem,
951 3390 1150 3458 quibus
1215 3391 1421 3445 credita
1473 3391 1724 3445 dicuntur

139 3485 369 3553 eloquia
402 3485 495 3538 Dei
527 3484 574 3547 ⁷,
597 3483 726 3553 quid
764 3483 867 3536 illis
882 3483 1132 3536 videatur
1153 3480 1219 3534 de
1241 3495 1306 3534 eo
1335 3480 1477 3550 quod
1507 3482 1680 3535 dicit8
1706 3501 1719 3536 :

90 3614 93 3615 ν
145 3593 162 3624 ι
191 3573 304 3628 Sex
340 3573 533 3627 diebus
561 3572 832 3626 continuis
857 3569 1139 3638 colligetis.
1186 3587 1205 3620 ι
1244 3569 1338 3622 Die
1362 3578 1541 3624 autem
1563 3580 1722 3624 sexto

138 3663 376 3731 duplum
410 3662 693 3732 colligetis.
725 3662 959 3731 Apparet
988 3669 1168 3713 autem
1203 3669 1414 3714 sextam
1446 3661 1587 3716 diem
1620 3677 1724 3717 no-

139 3753 349 3807 minari
398 3752 584 3818 illam,
629 3767 750 3822 quae
792 3761 921 3806 ante
961 3752 1257 3808 Sabbatum
1311 3754 1564 3819 ponitur,
1605 3770 1726 3823 qua:

142 3849 287 3914 apud
338 3860 441 3899 uos
474 3844 776 3898 Parasceve
819 3843 1138 3913 appellatur.
1184 3845 1483 3900 Sabbatum
1522 3856 1723 3913 autem,

138 3938 379 4006 septima
406 3934 521 3988 dies
543 3943 646 3988 est.
671 3932 865 3999 Quaero
882 3946 1013 4002 ergo
1036 3946 1141 4001 qua
1167 3933 1253 3986 die
1267 3934 1495 4003 cmperit
1529 3950 1726 3989 manna

140 4028 372 4084 caelitus
401 4024 541 4090 dari,
562 4034 615 4078 et
632 4024 755 4078 volo
776 4037 1099 4091 comparare
1127 4022 1459 4078 Dominicam
1480 4036 1725 4080 nostram

139 4136 268 4176 cum
306 4116 552 4173 Sabbato
585 4114 915 4171 Judteorum.
956 4113 1033 4167 Ex
1068 4113 1268 4168 divinis
1301 4129 1538 4183 namque
1572 4115 1727 4170 Scri-

140 4211 327 4280 pturis
347 4207 750 4279 apparet,quod
779 4206 831 4260 in
867 4206 953 4260 die
986 4204 1264 4259 Dominica
1286 4205 1464 4273 primo
1486 4206 1539 4260 in
1565 4208 1728 4262 terris

139 4311 336 4361 datum
371 4313 453 4360 est
486 4320 703 4358 manna.
740 4304 796 4359 Si
827 4304 992 4369 enim,
1033 4314 1094 4359 ut
1118 4300 1402 4371 Scriptura
1436 4302 1598 4364 dicit,
1632 4313 1728 4355 sex

139 4398 344 4451 diebus
376 4395 652 4450 continuis
685 4394 972 4448 collectum
1005 4403 1111 4459 est,
1140 4393 1371 4462 septima
1402 4399 1583 4446 autem
1614 4390 1727 4456 die,

1811 574 1929 629 sine
1958 588 2103 645 rege,
2129 574 2249 629 sine
2280 572 2551 642 principe,
2578 573 2694 627 sine
2723 570 3006 641 propheta,
3035 569 3151 623 sine
3184 568 3382 632 hostia,

1813 667 1933 722 sine
1970 666 2279 730 sacriﬁcio,
2326 668 2446 723 sine
2496 670 2800 721 sacerdote.
2839 680 2859 714 ι
2908 662 2964 717 lu
3011 674 3194 718 nostra
3237 662 3382 715 enim

1816 755 2092 811 Dominica
2118 758 2204 811 die
2229 771 2443 827 semper
2468 755 2727 810 Dominus
2748 754 2884 823 pluit
2913 767 3105 806 manna
3140 753 3204 806 de
3220 750 3382 805 coelo.

1812 848 1917 904 Sed
1945 859 2001 904 et
2034 849 2194 904 hodie
2222 864 2323 919 ego
2351 848 2472 903 dico
2492 888 2506 912 ,
2540 847 2667 917 quia
2713 846 2850 917 pluit
2880 846 3140 900 Dominus
3184 857 3382 896 manna

1812 941 1879 995 de
1904 941 2060 996 coelo.
2092 941 2349 997 Ctelestia
2386 954 2622 1007 namque
2663 948 2789 994 sunt
2826 937 3038 1007 eloquia
3086 937 3223 999 ista,
3263 948 3385 1003 qtae

1813 1032 1967 1087 nobis
2000 1033 2136 1087 lecta
2162 1040 2325 1097 sunt,
2364 1042 2417 1086 et
2448 1046 2477 1085 a
2506 1030 2616 1108 Deo
2644 1030 3045 1084 descenderunt
3076 1027 3235 1081 verba
3263 1040 3385 1094 quae

1813 1124 1968 1178 nobis
2023 1125 2250 1178 recitata
2301 1133 2467 1189 sunt,
2521 1132 2576 1177 et
2625 1123 2747 1177 ideo
2796 1135 2893 1175 nos
2941 1120 3125 1173 felices
3155 1119 3246 1187 qui
3280 1118 3386 1172 tale

1786 1230 2010 1285 ~manna
2039 1216 2399 1286 suscepimus.
2433 1217 2660 1284 Semper
2688 1229 2884 1268 manna
2930 1210 3087 1266 nobis
3131 1210 3291 1264 datur
3318 1210 3386 1263 de

1813 1306 1979 1372 eicio,
2015 1307 2091 1362 illi
2123 1307 2369 1363 infelices
2397 1308 2603 1371 dolent,
2633 1316 2689 1361 et
2723 1304 3021 1373 suspirant,
3054 1312 3110 1357 et
3132 1316 3191 1357 se
3224 1301 3386 1355 mise-

1815 1412 1905 1452 ros
1929 1396 2135 1461 dicunt,
2156 1396 2284 1465 quia
2315 1410 2535 1462 manna,
2567 1397 2710 1450 sicut
2742 1400 3065 1462 acceperunt
3092 1399 3274 1461 patres
3309 1390 3388 1459 ip-

1814 1503 2035 1553 sorum,
2080 1487 2183 1557 ipsi
2222 1502 2330 1542 non
2361 1499 2643 1543 merentur
2683 1486 2951 1554 accipere.
2988 1482 3068 1537 llli
3112 1496 3385 1549 nunquam

1814 1591 2012 1631 manna
2040 1577 2366 1632 manducant
2392 1594 2406 1631 :
2435 1591 2540 1630 non
2577 1575 2721 1630 enim
2753 1583 2978 1645 possunt
3002 1572 3132 1626 illud
3161 1570 3386 1625 mandu-

1815 1682 1976 1732 care,
2012 1668 2157 1736 quod
2183 1676 2268 1722 est
2309 1667 2575 1721 minutum
2606 1666 2747 1721 sicut
2773 1679 2961 1720 semen
2993 1661 3298 1727 coriandri,
3330 1671 3389 1716 et

1814 1758 2108 1813 candidum
2135 1759 2277 1812 sicut
2300 1757 2512 1825 pruina.
2538 1754 2683 1810 Nihil
2711 1755 2854 1810 enim
2890 1755 2941 1809 in
2965 1754 3133 1809 verbo
3169 1752 3261 1806 Dei
3288 1752 3389 1805 mi-

1815 1863 2003 1905 nutum
2031 1888 2048 1916 ,
2082 1850 2218 1903 nihil
2255 1848 2457 1904 subtile
2481 1887 2496 1913 ,
2526 1847 2663 1902 nihil
2704 1846 2949 1901 sentiunt
2984 1843 3264 1915 spiritale,
3294 1842 3387 1896 sed

1816 1950 1986 1997 totum
2027 1942 2227 2010 pingue
2255 1978 2271 2004 ,
2317 1948 2488 1993 totum
2524 1952 2769 1992 crassum
2810 1952 2823 1989 :
2865 1954 2884 1987 ι
2916 1935 3277 1989 lncrassatum
3304 1937 3391 1984 est

1814 2033 1958 2088 enim
1987 2046 2083 2086 cor
2100 2029 2283 2102 populi
2308 2030 2454 2084 illius
2481 2029 2548 2083 ⁸⁸³.
2594 2047 2613 2081 ›
2656 2027 2763 2084 Sed
2798 2035 2855 2082 et
2887 2023 3264 2093 interpretatio
3287 2034 3389 2076 no-

1815 2120 1979 2176 minis
2020 2119 2123 2175 boc
2166 2119 2308 2173 idem
2364 2128 2543 2173 sonat.
2577 2117 2774 2171 Manna
2824 2116 2970 2170 enim
3006 2114 3392 2181 interpretatur

1817 2212 1946 2282 quid
1974 2220 2048 2266 est
2082 2212 2179 2264 hoc
2210 2210 2367 2283 (20)?
2395 2207 2531 2264 Vide
2564 2209 2609 2264 si
2644 2223 2747 2261 non
2788 2207 2907 2276 ipsa
2953 2201 3191 2260 nominis
3219 2208 3391 2255 virtus

1816 2304 1883 2358 ad
1912 2304 2228 2358 discendum
2263 2310 2315 2356 te
2351 2307 2635 2371 provocat,
2666 2308 2747 2365 ut,
2775 2313 2897 2354 cum
2926 2296 3082 2351 audis
3099 2295 3267 2365 legem
3294 2292 3388 2347 Dei

1818 2394 2079 2459 recitari,
2114 2393 2363 2462 inquiras
2404 2405 2621 2461 semper
2643 2429 2660 2455 ,
2696 2399 2751 2444 et
2800 2389 3127 2458 interroges,
3153 2394 3209 2440 et
3236 2384 3389 2439 dicas

1817 2486 2171 2542 doctoribus:
2209 2485 2350 2552 Quid
2382 2493 2465 2538 est
2498 2483 2650 2538 hoc?
2679 2480 2792 2536 lloc
2826 2480 2972 2535 enim
3002 2488 3085 2533 est
3131 2477 3272 2548 quod
3308 2477 3391 2529 in-

1818 2581 1966 2636 dicat
1990 2593 2209 2633 manna.
2239 2577 2319 2631 'l‘u
2352 2590 2486 2646 ergo
2517 2576 2562 2629 si
2590 2573 2672 2629 vis
2702 2573 3031 2628 manducare
3074 2582 3270 2624 manna
3291 2609 3306 2633 ,
3336 2566 3391 2620 id

1818 2681 1913 2750 est.
1933 2671 1978 2726 si
2010 2671 2162 2739 cupis
2195 2669 2478 2737 suscipere
2515 2666 2741 2720 verbum
2793 2664 2910 2727 Dei,
2955 2662 3092 2717 scito
3134 2658 3260 2712 illud
3290 2656 3393 2710 mi-

1820 2749 2006 2817 nutum
2035 2776 2155 2817 esse
2180 2770 2234 2816 et
2267 2761 2423 2814 valde
2452 2758 2650 2815 subtile
2699 2758 2839 2812 sicut
2871 2769 3057 2811 semen
3093 2749 3388 2808 coriandri.

1821 2855 1995 2909 liabet
2024 2853 2166 2908 enim
2207 2852 2414 2922 aliquid
2451 2851 2504 2904 in
2533 2865 2593 2905 se
2619 2849 2809 2912 oleris,
2838 2859 2945 2916 quo
2983 2843 3195 2898 nutrire
3221 2849 3275 2895 et
3308 2856 3395 2894 re-

1822 2961 2016 3002 creare
2067 2945 2243 3013 possit
2293 2944 2579 3007 inﬁrmos,
2630 2940 2757 3009 quia
2814 2956 2833 2990 ι
2875 2937 2965 3006 qui
3018 2933 3262 2988 inﬁrmus
3286 2941 3392 2995 est,

1822 3040 1969 3095 olera
1993 3040 2286 3093 manducet
2308 3035 2373 3088 “.
2406 3051 2427 3085 ι
2458 3032 2631 3087 liabet
2659 3029 2859 3100 aliquid
2885 3028 3101 3098 rigoris,
3124 3034 3179 3081 et
3199 3026 3317 3079 ideo
3335 3031 3395 3076 nt

1823 3131 2015 3199 pruina
2064 3140 2166 3185 est.
2221 3124 2487 3181 Candoris
2531 3132 2713 3177 autem
2763 3130 2817 3176 et
2868 3119 3168 3174 dulcedinis
3224 3115 3393 3170 habet

1820 3222 2135 3291 plurimum.
2184 3217 2322 3284 Quid
2365 3216 2510 3271 enim
2561 3214 2866 3277 candidius,
2900 3211 3028 3281 quid
3061 3206 3396 3278 splendidius

1825 3310 2129 3366 eruditione
2163 3306 2396 3362 divina?
2443 3305 2583 3371 Quid
2633 3302 2883 3369 dulcius,
2931 3300 3128 3368 quidve
3176 3295 3396 3352 suavius

1820 3402 2049 3472 eloquiis
2091 3398 2301 3454 Domini
2330 3438 2347 3465 ,
2382 3410 2502 3465 quae
2531 3405 2657 3449 sunt
2687 3406 2848 3462 super
2881 3391 2984 3446 mel
3018 3399 3074 3445 et
3108 3390 3287 3442 favum
3311 3383 3398 3440 “?

1825 3493 1929 3547 Sed
1959 3490 2086 3560 quid
2116 3499 2199 3545 est
2221 3489 2366 3557 quod
2398 3487 2548 3551 dicit,
2578 3486 2711 3539 utin
2741 3485 2828 3538 die
2858 3492 3011 3537 sexto
3037 3480 3258 3550 duplum
3287 3477 3399 3531 col-

1823 3583 2021 3654 ligatur
2054 3582 2107 3634 in
2156 3577 2578 3648 repromissione
2608 3614 2625 3640 ,
2672 3582 2933 3643 quantum
2973 3569 3203 3625 suﬂiciat
3230 3569 3394 3622 etiam

1824 3671 2062 3726 Sabbato
2086 3669 2172 3723 ‘3?
2210 3668 2325 3723 Hoc
2365 3666 2662 3722 secundum
2694 3672 2932 3717 nostram
2980 3659 3396 3729 intelligentiam

1825 3777 1931 3816 non
1962 3761 2142 3825 otiosi,
2177 3774 2276 3813 nec
2304 3757 2486 3812 securi
2525 3753 2828 3825 praeterire,
2854 3753 2939 3807 vel
2972 3752 3207 3807 transire
3236 3749 3401 3803 debe-

1825 3869 1962 3908 mus.
1995 3850 2194 3906 Sextus
2224 3849 2341 3904 dies
2380 3857 2463 3902 est
2492 3847 2607 3901 lucc
2634 3845 2688 3898 in
2718 3857 2822 3911 qua
2854 3857 2998 3896 nunc
3022 3856 3212 3897 sumus
3237 3840 3349 3895 vita
3376 3854 3400 3896 :

1828 3944 1880 3995 in
1930 3958 2024 3997 sex
2061 3941 2205 3995 enim
2233 3938 2425 3994 diebus
2458 3936 2717 3991 Dominus
2759 3932 2890 3988 fecit
2925 3936 3072 3989 hunc
3110 3934 3394 3989 mundum.

1826 4033 1939 4088 liae
1965 4047 2095 4101 ergo
2119 4032 2207 4086 die
2239 4040 2448 4085 tantum
2479 4043 2744 4098 reponere
2790 4037 2845 4082 et
2887 4025 3188 4082 recondere
3234 4023 3401 4079 debe-

1827 4140 1948 4181 mus
1972 4163 1988 4190 ,
2030 4131 2292 4194 quantum
2329 4121 2567 4176 sufﬁciat
2611 4128 2666 4174 et
2722 4121 2776 4175 in
2821 4118 3002 4174 futuro
3041 4118 3147 4172 die.
3183 4116 3238 4171 Si
3269 4115 3397 4185 quid

1827 4219 1968 4274 enim
2001 4216 2090 4271 bic
2122 4215 2252 4271 boni
2281 4215 2463 4283 operis
2486 4214 2765 4283 acquiras,
2794 4213 2839 4267 si
2866 4212 2994 4281 quid
3019 4210 3266 4281 justiti-aa,
3297 4208 3402 4261 mi-

1828 4309 2138 4366 sericordia:
2166 4316 2221 4363 et
2271 4306 2487 4376 pietatis
2528 4304 2817 4369 recondas,
2854 4306 2955 4357 ltoc
2991 4303 3092 4356 tibi
3128 4301 3180 4355 in
3212 4299 3400 4352 futuro

1829 4401 2027 4455 saeculo
2067 4400 2170 4454 erit
2206 4397 2381 4452 cibus.
2430 4393 2685 4462 Nunquid
2724 4410 2831 4448 non
2888 4395 2961 4447 ita
3007 4393 3059 4446 in
3105 4388 3402 4459 Evangelia

141 4503 265 4556 quae
294 4497 387 4540 est
416 4484 676 4550 sabbati,
724 4483 885 4555 154
928 4480 1201 4539 cessatum
1244 4492 1359 4549 est,
1409 4483 1525 4537 sine
1562 4482 1725 4535 dubio
1757 4510 1801 4564 ι)
1831 4491 2077 4560 legimus,
2111 4488 2237 4558 quia
2266 4488 2356 4556 qui
2396 4486 2686 4555 acquisivit
2726 4486 2815 4539 hic
2842 4487 3029 4539 decem
3062 4482 3297 4547 talenta,
3325 4479 3400 4535 ibi

142 4578 377 4632 initium
415 4578 534 4645 ejus
564 4592 591 4629 a
629 4577 717 4631 die
757 4578 963 4644 prima,
1002 4590 1123 4644 qua:
1154 4586 1232 4630 est
1268 4575 1384 4629 dies
1416 4574 1719 4636 Dominica,

142 4668 271 4722 fuit.
297 4667 461 4735 Quod
489 4667 531 4721 si
564 4681 629 4720 ex
658 4666 852 4720 divinis
879 4664 1181 4734 Scripturis
1204 4665 1305 4717 hoc
1330 4673 1565 4728 constat,
1584 4664 1725 4732 quod

142 4763 233 4815 die
264 4760 555 4815 Dominica
586 4757 724 4813 Deus
751 4759 884 4827 pluit
907 4774 1102 4812 manna
1129 4759 1196 4812 de
1228 4757 1387 4822 coelo,
1423 4765 1478 4810 et
1504 4757 1555 4810 in
1590 4757 1729 4811 Sab-

140 4854 278 4907 bato
307 4865 419 4905 non
442 4850 597 4920 pluit,
629 4850 932 4919 intelligant
962 4848 1129 4904 Judaei
1156 4848 1266 4916 jam
1300 4858 1427 4902 tunc
1448 4848 1727 4915 pra:latum

143 4960 271 4999 esse
292 4943 636 4997 Dominicam
659 4954 901 4996 nostram
924 4940 1152 4996 Judaico
1181 4941 1442 5003 Sabbato,
1464 4939 1576 5007 jam
1604 4949 1731 4992 tunc

144 5036 462 5091 indicatum
490 5034 630 5101 quod
662 5034 715 5087 in
743 5032 982 5087 Sabbato
1020 5034 1281 5102 ipsorum,
1332 5032 1503 5099 gratia
1542 5030 1632 5084 Dei
1663 5030 1731 5083 ad

137 5142 242 5183 eos
280 5126 357 5179 de
386 5126 529 5180 ct'elo
566 5126 711 5178 nulla
744 5124 1122 5189 descenderit,
1166 5123 1325 5193 panis
1358 5122 1600 5178 εωιεειὶε
1638 5121 1729 5190 qui

140 5230 231 5273 est
259 5232 454 5275 sermo
480 5216 599 5282 Dei,
632 5216 704 5283 ad
724 5231 818 5279 eos
848 5216 1029 5280 nullus
1053 5216 1281 5270 venerit.
1331 5215 1471 5269 Dicit
1498 5215 1642 5267 enim
1679 5226 1732 5269 et

1830 4583 2038 4651 accepit
2065 4582 2248 4635 decem
2277 4579 2531 4635 civitates
2552 4620 2566 4645 ,
2597 4588 2651 4633 et
2690 4577 2779 4646 qui
2809 4574 3101 4645 acquisivit
3142 4581 3397 4642 quatuor,

1824 4676 2032 4743 accepit
2062 4682 2299 4741 quatuor
2338 4672 2590 4727 civitates
2615 4671 2705 4725 “‘l
2758 4670 2869 4725 Hoc
2908 4678 2993 4722 est
3019 4669 3162 4737 quod
3206 4675 3261 4720 et
3303 4679 3402 4735 per

1824 4767 1985 4820 aliam
2006 4765 2231 4834 ﬁguram
2248 4762 2539 4832 Apostolus
2553 4762 2748 4817 dicit“
2777 4782 2789 4817 :
2825 4777 2845 4812 ι
2874 4760 3026 4826 Quod
3057 4758 3203 4812 enim
3236 4756 3400 4812 semi-

1831 4856 2041 4911 naverit
2084 4856 2266 4919 homo,
2302 4854 2407 4907 hoc
2455 4861 2511 4907 et
2558 4860 2746 4907 metet.
2784 4869 2803 4903 ι
2839 4850 2977 4916 Quid
3021 4863 3152 4918 ergo
3188 4847 3401 4916 agimus

1830 4964 1927 5005 uos
1949 4948 2041 5018 qui
2063 4961 2305 5001 amamus
2324 4944 2455 4999 illud
2482 4945 2797 5011 recondere,
2825 4941 2968 5012 quod
2996 4945 3401 5008 corrumpatur,

1830 5054 1938 5093 non
1972 5036 2112 5106 quod
2154 5042 2506 5105 permaneat,
2539 5042 2596 5089 et
2646 5034 2904 5101 perduret
2954 5031 3007 5085 in
3058 5023 3403 5084 crastinum!

1832 5128 2038 5183 Divites
2085 5126 2245 5197 hujus
2292 5124 2476 5181 saeculi
2524 5140 2588 5179 ea
2617 5122 2920 5179 recondunt
2944 5136 3063 5190 qua:
3091 5119 3143 5173 in
3172 5118 3274 5172 hoc
3297 5130 3404 5171 sa:-

1830 5216 1973 5280 culo,
2002 5217 2111 5270 imo
2144 5231 2266 5269 cum
2296 5216 2496 5271 saeculo
2528 5222 2973 5284 corrumpuntur.
3004 5209 3060 5265 Si
3093 5225 3199 5278 qua
3222 5215 3402 5261 autem

215 5326 240 5358 ³
265 5326 284 5380 l
305 5324 440 5381 Cor.
461 5341 516 5390 x,
536 5323 625 5378 ll.
688 5325 710 5357 ⁸
735 5325 903 5378 Exod.
930 5323 1151 5384 xvt,12.
1212 5324 1232 5355 ⁸
1254 5322 1384 5376 ibid.
1408 5322 1527 5387 4,5.
1580 5324 1598 5353 ⁷
1633 5322 1785 5378 Rom.
1811 5339 1888 5377 ιι.
1947 5324 1968 5355 ⁸
1988 5324 2154 5379 Exod.
2179 5324 2402 5391 xw,26.
2430 5324 2521 5379 22.
2585 5325 2606 5357 ⁹
2634 5323 2758 5379 Οεε.
2781 5339 2864 5387 tu,
2893 5323 2952 5376 4.
3016 5321 3061 5352 ⁸⁸
3084 5318 3185 5373 Isa.
3207 5333 3281 5385 vr,
3314 5316 3399 5371 l0.

142 5396 187 5429 "
212 5396 390 5450 Rom.
419 5410 531 5457 xtv,
565 5394 620 5447 9..
698 5395 741 5427 ¹²
768 5393 910 5448 Psal.
940 5409 1096 5456 xvnt,
1122 5393 1208 5446 ll).
1271 5392 1314 5423 “
1338 5392 1505 5446 Exod.
1543 5408 1653 5458 xvi,
1684 5392 1775 5451 22.
1846 5395 1888 5425 “
1916 5393 2103 5448 Matth.
2141 5409 2270 5449 xxv.

218 5486 347 5557 (19)
382 5486 563 5549 Alias,
611 5502 631 5557 ι
666 5485 975 5557 quicunque
1021 5485 1335 5550 intulerint,
1372 5504 1392 5538 ι
1435 5485 1530 5540 εει]
1560 5501 1715 5552 ιηεε.,

148 5574 170 5607 ι
210 5556 587 5623 quodcunque
622 5556 916 5609 intulerint.
956 5573 978 5607 ι

220 5626 350 5693 (‘20)
384 5626 522 5688 Quid
549 5633 623 5678 est
647 5626 741 5677 hoc
766 5625 790 5677 ?
818 5625 936 5680 Filii
979 5624 1141 5679 Israel
1172 5633 1463 5693 conspecto
1491 5624 1721 5689 primum

142 5692 672 5776 mattttahdi‘xerunt
718 5704 818 5776 mp
999 5696 1125 5776 quid
1167 5704 1241 5748 est
1280 5693 1418 5748 hoc?
1454 5692 1589 5746 llinc
1630 5711 1727 5776 no:

144 5765 373 5819 initium
404 5764 726 5828 interpretes
758 5764 1070 5822 det‘ivarunt
1108 5778 1305 5821 nomen
1336 5778 1548 5827 manus.
1583 5764 1727 5827 quod

2350 5396 2393 5426 ¹⁵
2435 5394 2611 5449 Galat.
2657 5409 2742 5460 vi,
2790 5394 2841 5445 7.

1820 5488 2151 5542 recentiores
2196 5487 2402 5540 malunt
2445 5486 2714 5541 deducere
2759 5501 2789 5539 a
2835 5484 3001 5539 verbo
3030 5494 3171 5548 run,
3196 5481 3247 5533 in
3286 5480 3401 5548 pili.

1824 5560 2050 5627 paravit,
2092 5559 2406 5627 prwparavt't
2440 5558 2513 5611 ita
2566 5561 2734 5639 utm,
2778 5571 2920 5619 man,
2946 5568 3138 5606 manna
3168 5552 3236 5604 sit
3267 5565 3403 5618 prte-

1830 5660 2049 5718 paratus
2077 5650 2220 5702 cibus
2251 5657 2341 5701 aut
2373 5659 2707 5718 comparatus
2741 5646 2854 5700 sine
2885 5644 3096 5709 labore,
3128 5651 3187 5697 ιιι
3222 5639 3403 5710 appel-

1831 5716 1970 5775 latur
1996 5720 2288 5786 Sapientia:
2320 5733 2436 5791 cap.
2474 5733 2582 5785 im,
2614 5716 2707 5773 20.
