3902 6504
567 307 674 376 347

2023 349 2342 411 ORIGENIS

3713 385 3799 445 Si!

563 441 704 493 bona
756 455 918 512 opera
971 447 1310 517 recondunt,
1362 452 1454 508 illa
1503 471 1825 527 permanent
1869 480 2039 535 usque
2083 469 2135 522 in
2163 474 2210 528 Α
2242 471 2807 551 inveneruntangelos
2836 500 2958 541 cum
2999 488 3202 558 ingenti
3241 495 3496 552 claritate
3526 501 3596 552 ad
3629 509 3797 573 sepul-

563 533 861 573 rrztetimim

560 533 885 588 crastinum.

631 621 684 675 6.
723 623 967 695 Denique
1013 630 1093 684 sic
1125 633 1388 704 scriptum
1419 650 1536 705 est,
1570 645 1712 712 quod
1745 648 1837 716 qui
1884 649 2128 710 infideles

560 711 796 779 fuerunt,
837 734 856 766 ι
894 733 1268 790 servaverunt,
1305 729 1498 798 inquit,
1524 734 1592 788 de
1630 752 1850 805 manna,
1882 753 1935 798 et
1976 743 2128 800 ebul-

555 797 841 859 lieruntex
868 821 934 861 eo
963 824 1198 878 vermes,
1230 826 1283 871 et
1305 797 1636 882 computruit
1658 828 1757 882 ⁸⁸.»
1784 831 1916 888 lllud
1945 850 2122 893 autem

552 894 696 961 quod
727 911 826 964 pro
869 900 954 956 die
985 902 1208 961 Sabbati
1243 915 1634 983 reperiebatur,
1665 937 1770 978 non
1810 935 1896 980 est
1937 944 2126 984 corru-

552 992 724 1050 ptum,
760 1003 935 1058 neque
965 1008 1177 1050 vermes
1205 999 1531 1060 ebullierunt
1564 1010 1616 1063 in
1647 1027 1733 1076 eo,
1759 1016 1852 1070 sed
1881 1033 2125 1088 perman-

550 1074 622 1126 sit
650 1074 758 1147 (2!)
789 1078 1080 1148 integrum.
1109 1085 1176 1141 Et
1211 1097 1264 1142 tu
1298 1078 1430 1163 ergo
1461 1098 1506 1150 si
1536 1074 1757 1171 propter
1798 1074 2122 1176 praesentem

548 1165 716 1220 vitam
755 1177 1130 1231 tantummodo
1165 1189 1218 1234 et
1259 1196 1480 1252 propter
1520 1204 1760 1248 amorem
1789 1201 1970 1255 saculi
2005 1204 2120 1258 the-

547 1256 808 1320 saurizes.
841 1264 1096 1320 continuo
1127 1284 1336 1328 vermes
1365 1277 1652 1336 ebulliunt.
1684 1286 1965 1351 Quomodo
1995 1308 2118 1349 ver-

549 1361 665 1401 mes
710 1351 1018 1409 ebulliunt?
1065 1360 1206 1430 Audi
1251 1364 1317 1420 de
1372 1375 1774 1444 peccatoribus,
1817 1392 1874 1435 et
1928 1384 2114 1455 iisqui

545 1452 786 1506 praesens
823 1447 1073 1503 saeculum
1105 1453 1370 1524 diligunt,
1401 1476 1522 1530 qua:
1553 1466 1626 1522 sit
1668 1473 1944 1541 prephette
1989 1447 2114 1532 sen-

549 1532 746 1587 tentia:
781 1551 800 1585 ι
828 1534 1040 1596 Vermis
1061 1545 1226 1612 enim,
1253 1549 1448 1621 inquit,
1472 1571 1659 1612 eorum
1690 1577 1794 1617 non
1824 1569 2109 1637 morietur,

542 1629 598 1674 et
624 1622 764 1691 ignis
781 1640 968 1684 eorum
992 1649 1100 1688 non
1117 1640 1491 1712 exstinguetur
1509 1648 1571 1702 ".
1600 1669 1618 1703 ο
1637 1653 1729 1707 lsti
1751 1667 1876 1712 sunt
1901 1676 2112 1720 vermes

541 1726 679 1780 quos
702 1731 924 1785 generat
946 1729 1197 1794 avaritia,
1220 1731 1308 1786 isti
1339 1747 1465 1791 sunt
1491 1753 1705 1800 vermes
1726 1762 1862 1816 quos
1883 1765 2110 1821 generat

540 1803 856 1863 divitiarum
888 1827 1029 1870 caeca
1065 1820 1332 1888 cupiditas
1365 1826 1430 1883 iis
1472 1833 1565 1900 qui
1598 1835 1800 1894 habent
1826 1846 2106 1916 pecunias,

540 1901 588 1916 AI
619 1894 768 1916 -.ε-ἰμυ
787 1908 798 1916 ·
819 1915 829 1916 κ
916 1903 927 1914 ⁸
1210 1912 1221 1916 ⁸

537 1901 593 1946 et
619 1894 865 1955 videntes
909 1903 969 1956 in
1013 1912 1341 1972 necessitate
1387 1894 1590 1980 fratres
1641 1894 2109 1998 suosﬁclauduni

519 1984 607 2038 ab
643 1987 724 2042 eis
753 1990 962 2050 viscera
991 2013 1111 2054 sua.
1137 2003 1428 2076 Propterea
1458 2026 1513 2069 et
1536 2018 1832 2088 Apostolus
1861 2026 1992 2082 dicit
2015 2030 2059 2062 ⁸⁸
2087 2049 2102 2086 :

539 2088 562 2122 ι
592 2073 856 2138 Divitibus
879 2096 1057 2144 autem
1080 2073 1259 2162 huiusw
1271 2103 1452 2156 saeculi
1477 2073 1843 2178 praecipe-non
1864 2073 2107 2186 superbe

531 2179 769 2239 sapere,
821 2190 1000 2246 neque
1041 2199 1264 2253 sperare
1300 2193 1354 2247 in
1397 2195 1608 2254 incerto
1643 2203 1978 2277 divitiarum,
2009 2215 2105 2268 sed

535 2255 718 2277 _,,_.,h_
758 2261 794 2277 ί.
844 2275 854 2277 μ
893 2267 905 2277 .
1117 2274 1126 2277 -

1736 2255 1978 2277 _--_-_...,
2009 2255 2103 2268 ..νυ

529 2255 724 2314 divites
749 2261 861 2318 sint
890 2267 944 2324 in
978 2274 1235 2341 operibus
1261 2282 1438 2350 bonis,
1470 2288 1635 2346 facile
1667 2295 1925 2366 tribuant,
1954 2317 2103 2358 eom-

529 2348 839 2420 municent,
866 2366 921 2411 et
951 2361 1319 2426 thesaurizent
1359 2348 1462 2431 sibi
1495 2392 1683 2434 veram
1715 2348 1955 2442 vitanti»
1995 2390 2102 2446 Sed

527 2434 658 2492 dicit
705 2441 906 2510 aliquis
947 2466 960 2502 :
1009 2452 1066 2506 Si
1121 2471 1320 2516 manna
1360 2467 1586 2524 verbum
1630 2434 1903 2532 Dei
1936 2434 2098 2546 dicis:

527 2533 801 2594 quomodo
833 2553 1047 2598 vermes
1093 2546 1396 2611 facitiNec
1439 2558 1661 2616 aliunde
1699 2565 1837 2620 fiunt
1886 2584 2100 2630 vermes

527 2614 581 2668 in
617 2621 792 2691 nobis,
819 2628 923 2683 nisi
953 2648 1018 2688 ex
1048 2639 1215 2695 verbo
1245 2642 1357 2698 Dei.
1397 2645 1488 2703 Sic
1513 2653 1657 2706 enim
1695 2656 1826 2712 dicit
1865 2660 1980 2731 ipse
2005 2665 2050 2734 f’
2079 2679 2094 2720 :

529 2723 550 2734 ι
585 2706 695 2734 Min-3
745 2730 801 2734 --~
856 2722 866 2730 '
1151 2731 1161 2734 “

1701 2706 1826 2712 *ν’-⁷
1865 2706 1980 2731 Τ“’“’
2005 2725 2014 2734 .
2079 2706 2094 2720 ⁹

528 2723 550 2757 ι
581 2706 695 2766 Nisi
745 2722 1010 2777 venissem
1062 2739 1117 2782 et
1147 2731 1362 2792 locutus
1395 2741 1474 2795 eis
1523 2743 1745 2800 fuissem
1767 2787 1783 2813 ,
1816 2764 2095 2818 peccatum

525 2811 629 2852 non
661 2800 941 2865 haberent.
974 2832 994 2865 ι
1031 2815 1158 2874 Post
1182 2837 1489 2896 susceptum
1519 2847 1648 2905 ergo
1675 2841 1892 2897 verbum
1921 2845 2016 2902 Dei
2045 2850 2092 2905 si

521 2889 644 2955 quis
668 2907 890 2967 peccat,
921 2905 1156 2964 efficitur
1184 2915 1234 2969 ei
1269 2918 1444 2987 ipsum
1473 2929 1701 2986 verbum
1734 2937 1966 3002 vermis,
1997 2943 2092 3010 qui

519 2983 640 3052 ejus
659 3002 873 3059 semper
899 3001 1292 3063 conscientiam
1321 3010 1513 3082 fodiat,
1541 3027 1596 3072 et
1625 3035 1823 3080 arcana
1853 2983 2091 3098 pecte'ris

519 3070 634 3098 ah...
664 3075 812 3098 --ul-A

516 3070 636 3138 ejus
663 3075 836 3134 rodat.

590 3162 776 3270 7.-Sed
809 3175 938 3243 quid
965 3194 1064 3236 nos
1081 3184 1260 3243 adhuc
1292 3195 1524 3263 amplius
1552 3199 1709 3257 docet
1742 3219 1922 3266 sermo
1952 3213 2080 3270 divi-

517 3269 622 3312 nus
639 3259 718 3314 ὀἳ
735 3279 756 3314 ι
781 3264 928 3323 Etad
953 3286 1251 3347 vesperam,
1273 3283 1470 3355 inquit,
1491 3294 1674 3352 scietis
1695 3301 1821 3370 quia
1842 3321 1943 3374 ego
1965 3323 2084 3364 smn

517 3348 701 3374 ,ιωμεμ
716 3371 740 3374 η

1348 3348 1362 3355 _
1455 3348 1468 3354 ,
1585 3348 1821 3370 κάη-.-
1844 3348 1942 3374 ,ον

515 3348 814 3425 Dominus,
851 3377 1016 3422 mane
1063 3383 1248 3428 autem
1292 3381 1545 3440 videbitis
1595 3391 1933 3460 maiestatem
1981 3403 2088 3458 Do-

510 3641 672 3685 mane
717 3645 898 3693 autem
951 3645 1170 3704 videtur
1216 3655 1474 3725 maiestas
1524 3663 1660 3730 ejus.
1713 3667 1816 3725 Ubi
1878 3641 2084 3731 Domi;

509 3731 612 3774 nus
635 3726 851 3792 agnitus
884 3743 967 3788 est
1007 3738 1074 3792 ad
1103 3755 1406 3813 vesperam,
1435 3760 1492 3805 et
1528 3754 1646 3822 ejus
1675 3759 1934 3827 maiestas
1965 3769 2076 3823 visa

505 3820 593 3913 est
640 3829 800 3874 mane
839 3822 863 3874 ἳ
907 3823 1252 3897 Respondete
1313 3841 1473 3896 nobis
1536 3820 1629 3914 qui
1676 3820 1965 3911 erddimini

505 3900 737 3962 infantia
803 3926 972 3982 usque
1034 3922 1102 3975 ad
1162 3939 1495 3986 senectutem
1536 3900 1753 4006 semper
1809 3943 2078 4006 discentes

507 3991 666 4065 155
691 4008 745 4053 et
777 4015 1056 4072 nunquam
1089 4015 1155 4068 ad
1180 4017 1462 4075 scientiam
1487 3991 1732 4084 verita-tis
1753 4038 2077 4100 pervenien-

502 4088 645 4141 tes“
679 4106 697 4144 :
740 4092 922 4159 Quare
963 4116 1069 4156 non
1099 4104 1398 4180 intelligitis
1423 4115 1537 4170 haec
1566 4123 1881 4191 prophetice
1917 4130 2020 4186 dici
2051 4135 2076 4186 ?

500 4176 608 4234 Sed
645 4181 693 4237 si
720 4186 803 4241 vis
832 4188 933 4244 ista
968 4176 1295 4266 intelligere,
1320 4219 1425 4259 non
1460 4176 1611 4276 potes
1639 4176 1740 4271 nisi
1765 4233 1863 4288 per
1893 4223 2073 4281 Evan-

495 4272 716 4338 gelium.
747 4278 826 4335 lbi
855 4298 1092 4355 namque
1120 4289 1360 4350 invenies
1390 4302 1650 4371 scriptum
1679 4309 1745 4376 ",
1767 4313 1890 4381 quia
1927 4337 1946 4369 ‹
1985 4338 2070 4378 ve-

494 4377 652 4431 spere
690 4369 935 4441 Sabbati,
959 4393 1083 4447 quae
1107 4381 1332 4442 lucescit
1363 4388 1415 4444 in
1448 4369 1621 4461 prima
1653 4369 1898 4472 Sabbati,
1918 4369 2064 4468 venit

490 4453 659 4514 Maria
708 4463 1024 4535 Magdalene
1065 4483 1120 4528 et
1150 4475 1319 4533 Maria
1347 4453 1534 4539 Jacobi
1561 4489 1626 4541 ad

1679 4544 1973 4565 ,-r_--......
2007 4544 2059 4559 υ.

491 4544 819 4610 invenerunt
851 4559 1083 4630 lapidem
1115 4569 1415 4628 revolutum
1457 4591 1486 4629 a
1529 4595 1900 4644 monumento.
1934 4610 1954 4644 ι
1981 4592 2059 4650 lbi

488 4642 674 4699 audies
707 4654 866 4704 terra:
907 4664 1114 4710 utotum
1150 4658 1374 4732 factum,
1408 4680 1759 4730 monumenta
1789 4678 2054 4753 disrupta,

485 4739 856 4798 centurionem
905 4756 960 4801 et
1015 4752 1211 4808 milites
1263 4759 1355 4827 qui
1408 4762 1474 4816 ad
1529 4769 1832 4824 custodiam
1892 4739 2055 4842 positi

482 4839 661 4896 erant,
719 4835 960 4895 dicentes
985 4843 1067 4898 ”:
1105 4863 1126 4897 ι
1163 4849 1302 4906 Vere
1346 4853 1435 4908 hic
1480 4855 1652 4914 Filius
1697 4861 1791 4916 Dei
1841 4875 1980 4920 erat.
2025 4885 2045 4920 ι

479 4919 709 4990 Agnitus
725 4931 857 4998 ergo
883 4941 967 4986 est
989 4949 1086 5003 per
1121 4937 1236 4994 haec
1270 4942 1322 4996 in
1357 4959 1581 5015 vespera
1607 4949 1894 5020 Dominus,
1920 4959 2048 5026 quia

480 5011 597 5080 ipse
623 5015 882 5074 Dominus
907 5032 987 5076 est
1015 5028 1229 5095 agnitus
1260 5031 1312 5084 in
1355 5035 1556 5092 virtute
1607 5046 2043 5106 resurrectionis.

475 5104 587 5161 Sed
613 5114 884 5178 quomodo
925 5133 1084 5174 mane
1131 5123 1302 5193 gloria
1333 5126 1450 5193 ejus
1481 5132 1596 5186 visa
1624 5145 1708 5190 est
1731 5137 1755 5191 ?
1777 5137 1911 5196 Cum
1951 5158 2044 5198 ve-

474 5201 684 5258 nissent
704 5205 825 5262 aliae
871 5212 1128 5272 mulieres
1159 5220 1332 5289 prima
1371 5222 1597 5282 Sabbati
1643 5231 1804 5289 valde
1856 5251 2039 5304 mane,

542 5345 589 5447 ἒξ
982 5356 1087 5447 20:.
1131 5360 1192 5447 “'7
1218 5361 1325 5447 isla.
1361 5382 1516 5434 vat,
1550 5369 1641 5447 2i.
1696 5374 1762 5447 λθ
1799 5374 1981 5432 lTim.
2039 5396 2111 5443 vt,
2136 5381 2201 5434 l7
2224 5421 2240 5447 ,
2279 5380 2344 5435 l8
2367 5421 2381 5446 ,
2412 5381 2500 5435 l9.

1043 5429 1088 5515 ’ς
1129 5427 1544 5515 Μειῑιιξλιωιιίμὶ-⁹
1599 5443 1658 5506 l;
1694 5427 2014 5507 natam.

469 5417 514 5448 ”
550 5415 589 5468 ll
620 5419 759 5474 Tim.
787 5439 868 5482 ιιι.
915 5426 968 5478 7.

468 5501 637 5544 xxvm
662 5531 678 5557 ,
721 5492 776 5548 6.
852 5495 898 5526 ³⁸
930 5495 1102 5553 Exod.
1131 5514 1244 5570 xvi,
1275 5503 1356 5561 l2.
1432 5507 1479 5537 ²⁶
1506 5492 1660 5566 .l'oan:

535 5605 650 5748 (ειζ
674 5611 844 5680 Alias,
876 5634 896 5666 ι
926 5630 1224 5684 permanet.
1255 5641 1274 5676 ι

538 5677 629 5746 (2‘2
685 5678 779 5736 Sic
808 5699 975 5748 mss.;
1015 5687 1151 5746 alias
1195 5708 1274 5748 vet

538 5677 650 5771 (ξε)
685 5678 779 5736 Sic
808 5677 975 5771 russi;
1015 5687 1151 5771 alias
1195 5677 1325 5753 vero
1366 5715 1386 5750 ε
1423 5699 1816 5771 suscipiant....
1846 5721 2027 5764 come-

468 5745 687 5811 ἁλέας..
723 5745 1049 5814 manducent
1077 5761 1100 5814 ἲ
1134 5745 1155 5814 i

2231 576 2382 618 crum
2431 569 2704 639 sedentes,
2752 585 2808 630 et
2861 578 3106 637 dicentes
3133 585 3218 637 ’δε
3253 605 3272 638 ‹
3313 587 3432 642 Non
3461 601 3546 644 est
3581 594 3695 659 hic,
3727 615 3795 653 re-

2229 658 2464 712 surrexit
2491 675 2520 712 a
2557 667 2805 723 mortuis.
2839 667 3034 726 Venite
3064 682 3119 727 et
3161 678 3340 734 videte
3380 680 3559 736 locmn
3595 687 3684 738 ubi
3715 705 3794 756 p0-

2229 747 2369 803 situs
2400 763 2538 818 erat,
2563 765 2618 809 et
2647 757 2741 824 ite,
2775 761 2939 818 dicite
2966 766 3266 836 discipulis;
3291 771 3409 840 ejus
3456 777 3584 844 quia
3622 794 3791 834 resur-

2228 841 2387 907 rexit,
2419 853 2474 899 et
2508 853 2776 916 praeedet
2809 869 2905 910 vos
2938 857 2989 912 in
3017 858 3319 918 Galilmam.
3357 885 3376 917 ι
3413 866 3538 922 Visa
3565 882 3649 925 est
3678 889 3792 943 ergo

2226 944 2383 987 mane
2411 937 2690 1002 maiestas
2718 943 2954 1012 Domini,
2982 963 3108 1006 cum
3156 967 3254 1021 per
3303 957 3528 1028 angelos
3564 976 3792 1020 resurre-

2225 1024 2336 1078 ctio
2361 1030 2608 1084 nuntiata
2640 1043 2746 1088 est.

2280 1116 2333 1170 8.
2373 1117 2604 1176 Additur
2627 1135 2805 1180 autem
2838 1129 2888 1184 in
2929 1139 3388 1204 consequentibus
3421 1159 3435 1196 :
3481 1163 3502 1196 ι
3538 1145 3785 1218 Vespere,

2221 1203 2397 1276 inquit
2444 1211 2511 1276 ",
2558 1217 2955 1277 manducabitis
3005 1203 3248 1296 carnem,
3279 1243 3335 1286 et
3369 1250 3529 1290 mane
3570 1241 3786 1308 replebi-

2222 1297 2352 1352 mini
2385 1304 2634 1370 panibus.
2667 1326 2687 1360 ι
2719 1309 2786 1363 Et
2818 1312 2885 1367 de
2918 1313 3019 1370 hoc
3046 1318 3206 1372 velim
3233 1323 3394 1389 scire,
3423 1329 3576 1396 quali
3607 1297 3785 1388 o'rdine

2217 1387 2390 1446 Judaei
2425 1397 2702 1464 prophetae
2734 1401 2875 1457 dicta
2922 1410 3256 1479 suscipiatis.
3296 1387 3456 1482 Quid.
3483 1422 3633 1474 enim
3662 1387 3784 1478 cons

2215 1485 2513 1550 sequentia:
2539 1489 2825 1556 videbitur,
2859 1505 2917 1551 ut
2938 1509 3031 1554 aut
3061 1517 3285 1573 vespere
3317 1523 3517 1565 carnes
3545 1513 3669 1569 sine
3696 1532 3781 1585 pa-

2215 1571 2377 1627 nibus
2413 1581 2710 1642 comedatis
2756 1582 2888 1656 (22),
2918 1598 3011 1642 aut
3041 1571 3200 1649 mane
3234 1611 3402 1664 panes
3423 1603 3640 1672 absque
3673 1571 3780 1676 pul-

2213 1666 2383 1719 menti
2428 1667 2731 1738 adiectione
2780 1680 3122 1738 manducetis
3165 1685 3190 1739 2
3225 1687 3367 1754 Quid
3399 1691 3454 1745 in
3486 1693 3592 1750 hoc
3625 1698 3778 1753 civ-Eni

2215 1758 2475 1824 muneris,
2509 1763 2636 1830 quid
2675 1772 3086 1837 temperamenti
3111 1779 3302 1846 gratia:
3329 1782 3581 1841 emlestis
3608 1801 3778 1844 osten-

2212 1848 2651 1911 ditisYIloceine
2694 1870 2778 1914 est
2829 1862 2880 1916 in
2929 1879 3035 1933 quo
3077 1873 3300 1938 agnosci
3337 1874 3510 1935 Deum
3563 1883 3776 1948 ponitis,

2210 1941 2351 2008 quod
2381 1957 2573 2000 carnes
2593 1947 2646 2002 in
2680 1963 2901 2021 vespera
2937 1955 3055 2012 sine
3099 1961 3326 2028 panibus
3361 1973 3775 2028 comedanturt

2209 2029 2275 2085 Et
2301 2035 2643 2104 maiestatem
2687 2040 2782 2098 Dei
2825 2045 3007 2102 dicitis
3039 2064 3320 2120 apparere,
3349 2057 3394 2111 si
3441 2075 3663 2116 rursum
3693 2079 3775 2133 pa-

2207 2135 2304 2177 nes
2329 2125 2448 2181 sine
2476 2130 2735 2187 carnibus
2775 2137 3130 2193 comedantnr
3157 2143 3181 2196 ?
3209 2144 3312 2200 Sed
3345 2150 3501 2204 vobis
3533 2153 3642 2206 ista
3674 2170 3772 2210 ser-

2207 2223 2350 2280 vate,
2378 2225 2433 2271 et
2454 2219 2520 2274 iis
2543 2225 2631 2290 qui
2656 2226 3004 2294 acquiescunt
3029 2233 3202 2300 vobis,
3233 2246 3288 2292 et
3324 2238 3378 2293 in
3403 2246 3771 2303 eoturnicibus

2205 2309 2427 2375 agnosci
2479 2327 2640 2381 posse
2671 2314 2838 2370 Deum
2874 2330 3083 2388 putant.
3111 2322 3220 2380 Nos
3252 2339 3433 2384 autem
3487 2335 3691 2402 quibus
3727 2340 3766 2392 in

2205 2398 2313 2453 line
2341 2401 2544 2468 saeculi,
2574 2406 2658 2461 vel
2681 2410 2746 2463 ad
2772 2425 3055 2479 vesperam
3087 2417 3292 2484 nmndi,
3325 2438 3345 2471 ‹
3375 2421 3626 2479 Verbum
3654 2443 3768 2483 caro

2201 2489 2406 2546 factum
2435 2496 2600 2563 est",
2625 2516 2646 2550 ι
2669 2500 2721 2553 in
2752 2500 2839 2554 illa
2871 2517 3036 2558 carne
3059 2510 3278 2575 agnosci
3309 2511 3548 2570 dicimus
3584 2517 3765 2588 Deum,

2200 2595 2361 2650 quam
2413 2589 2651 2659 suscepit
2689 2605 2758 2646 ex
2804 2593 3052 2661 Virgine.
3087 2601 3226 2659 lstas
3273 2608 3417 2662 enim
3459 2609 3630 2666 Verbi
3683 2613 3765 2669 Dei

2201 2686 2417 2740 carnes,
2442 2691 2615 2749 neque
2646 2697 2806 2739 mane
2833 2685 3044 2758 aliquis,
3073 2707 3248 2763 neque
3276 2701 3508 2756 meridie
3537 2706 3765 2758 mandu-

2198 2767 2355 2832 cavit,
2387 2771 2482 2825 sed
2518 2773 2585 2826 ad
2627 2787 2928 2845 vesperam.
2958 2780 3236 2840 Adventus
3259 2788 3404 2842 enim
3460 2790 3679 2846 Domini
3719 2796 3763 2850 in

2197 2866 2364 2908 carne
2389 2858 2456 2912 ad
2484 2874 2762 2930 vesperam
2799 2865 2978 2922 factus
3002 2879 3086 2924 est
3111 2887 3125 2924 :
3155 2873 3298 2930 sicut
3345 2885 3399 2933 et
3426 2878 3671 2938 Joannes
3699 2885 3766 2937 di-

2196 2948 2270 3000 cit
2291 2948 2337 2978 "
2367 2967 2382 3004 :
2417 2967 2436 3002 ι
2472 2949 2652 3019 Pueri,
2673 2957 2967 3012 novissima
2994 2961 3122 3017 hora
3144 2974 3247 3021 est.
3274 2986 3292 3019 ι
3313 2967 3422 3023 Sed
3446 2989 3466 3021 ι
3497 2983 3556 3027 et
3587 2990 3760 3042 mane,

2196 3038 2390 3108 inquit,
2434 3043 2766 3112 replebimini
2811 3049 3060 3118 panibus.
3091 3073 3110 3106 ι
3144 3054 3310 3114 Nobis
3344 3069 3397 3115 et
3432 3065 3619 3130 panis,
3653 3038 3763 3119 ver;

2113 3140 2160 3201 ο
2193 3130 2316 3185 bum
2349 3132 2441 3187 Dei
2474 3146 2556 3191 est
2607 3137 2737 3208 (9.3).
2784 3139 2901 3210 ipse
2948 3145 3091 3200 enim
3135 3150 3292 3216 panis
3342 3154 3523 3219 vivus,
3556 3159 3647 3225 qui
3705 3161 3760 3213 de

2191 3224 2327 3279 ccelo
2382 3226 2678 3297 descendit,
2711 3241 2766 3286 et
2800 3235 2964 3289 vitam
3005 3237 3096 3292 dat
3144 3243 3271 3297 lmie
3321 3248 3530 3302 mundo
3561 3249 3628 3302 ⁸⁸.
3661 3251 3759 3305 Sed

2191 3319 2464 3385 quomodo
2512 3321 2648 3376 dicit
2697 3341 2855 3381 mane
2889 3327 3008 3382 dari
3047 3331 3189 3386 hunc
3219 3341 3436 3402 panem,
3482 3354 3610 3393 cum
3668 3345 3759 3398 ad-

2189 3417 2408 3462 ventum
2439 3410 2556 3480 eius
2587 3414 2640 3468 in
2670 3431 2836 3472 carne
2869 3417 3070 3474 factum
3115 3421 3419 3484 dixerimus
3455 3433 3525 3485 ad
3570 3451 3757 3506 vespe~

2188 3515 2302 3554 ram
2333 3501 2356 3555 ?
2385 3501 2497 3559 Hoc
2528 3507 2686 3562 modo
2729 3506 3136 3580 intelligendum
3179 3531 3330 3587 puto,
3357 3527 3503 3592 quod
3553 3528 3622 3581 ad
3669 3501 3756 3583 ve-

2186 3606 2400 3660 speram
2443 3597 2660 3663 quidem
2697 3603 2972 3670 vergentis
3023 3607 3212 3662 mundi
3267 3621 3323 3667 et
3372 3630 3547 3685 prope
3600 3619 3753 3672 linem

2183 3700 2374 3742 cursus
2403 3690 2485 3742 sui
2510 3693 2668 3759 positi
2698 3693 2954 3753 Dominus
2979 3705 3209 3770 venerit,
3231 3707 3324 3761 sed
3365 3713 3608 3766 adventu
3638 3731 3752 3784 suo,

2183 3777 2438 3844 quoniam
2461 3781 2575 3851 ipse
2601 3796 2684 3840 est
2712 3789 2793 3842 sol
2808 3789 3052 3860 iustitiae,
3073 3810 3268 3850 novum
3292 3801 3646 3860 credentibus
3673 3823 3750 3858 ne-

2179 3870 2456 3936 paraverit
2485 3873 2651 3930 diem.
2698 3879 2833 3944 Quia
2880 3897 3010 3952 ergo
3044 3901 3240 3940 novum
3273 3891 3473 3946 mundo
3511 3895 3752 3950 scientiae

2156 3959 2360 4016 lumen
2418 3968 2684 4034 accendit,
2733 3970 2873 4025 diem
2907 3975 3019 4047 (24)
3056 3992 3211 4033 suum
3236 3982 3641 4049 quodammodo
3671 3989 3749 4040 ef-

2178 4053 2306 4108 fecit
2331 4063 2385 4110 et
2419 4072 2575 4111 suum
2608 4075 2767 4116 mane
2802 4073 3059 4136 tanquam
3085 4070 3312 4139 iustitia:
3353 4076 3435 4129 sol
3470 4080 3745 4145 produxit,

2175 4153 2230 4199 et
2259 4146 2311 4199 in
2347 4147 2448 4203 hoc
2477 4165 2634 4205 mane
2685 4154 2963 4222 replentur
3010 4161 3242 4229 panibus
3293 4168 3386 4234 qui
3443 4169 3566 4238 eius
3612 4187 3746 4240 pra:-

2173 4244 2327 4302 eepta
2355 4237 2677 4308 suscipiunt.
2711 4241 2824 4297 Nec
2873 4247 3087 4303 mireris
3119 4252 3241 4319 quia
3291 4237 3518 4314 verbum
3570 4237 3660 4317 Diei
3695 4273 3746 4318 et

2169 4340 2300 4380 care
2330 4327 2552 4396 dicitur,
2592 4341 2646 4386 et
2675 4335 2849 4402 panis,
2876 4345 2931 4390 et
2971 4337 3056 4394 lac
3099 4342 3317 4411 dicitur,
3345 4357 3400 4402 et
3431 4351 3582 4405 olera
3607 4356 3744 4409 dici-

2173 4427 2279 4483 tur,
2315 4427 2370 4474 et
2402 4436 2500 4490 pro
2541 4438 2796 4479 mensura
2849 4429 3217 4500 credentium,
3244 4438 3326 4492 vel
3384 4445 3744 4510 possibilitate

2165 4513 2492 4567 sumentium
2528 4513 2742 4570 diverse
2773 4515 3104 4577 nominatur.
3135 4523 3319 4581 Potest
3346 4538 3530 4587 tamen
3558 4544 3611 4589 et
3641 4538 3744 4592 hoc

2160 4599 2412 4670 intelligi,
2475 4605 2617 4672 quod
2665 4616 2786 4674 post
2843 4614 3292 4671 resurrectionem
3353 4636 3510 4676 suam
3574 4643 3735 4696 quam

2160 4705 2322 4746 mane
2354 4693 2694 4751 ostendimus
2728 4696 2950 4766 factam,
2983 4705 3264 4762 credentes
3309 4693 3608 4782 repleverit
3646 4735 3739 4788 pa-

2162 4781 2343 4845 nibus,
2383 4798 2480 4852 pro
2525 4799 2592 4839 eo
2635 4789 2778 4856 quod
2825 4789 2996 4847 libros
3048 4795 3183 4867 legis
3233 4810 3288 4855 et
3346 4781 3737 4874 prophetarum

2161 4871 2375 4941 ignotos
2399 4874 2549 4944 prius
2575 4886 2631 4930 et
2673 4878 2979 4948 incognitus
3022 4887 3229 4942 dederit
3257 4871 3524 4959 nobis,_et
3546 4899 3613 4952 ad
3646 4899 3734 4952 in-

2157 4965 2514 5021 structionem
2538 4978 2782 5025 nostram
2808 4973 2921 5028 haec
2940 4974 3197 5036 Ecclesia:
3221 4981 3583 5043 instrumenta
3602 5006 3736 5046 ron-

2155 5057 2399 5122 cesserit,
2433 5068 2490 5114 ut
2520 5060 2634 5130 ipse
2669 5063 2740 5117 sit
2764 5067 2918 5133 panis
2953 5069 3005 5123 in
3037 5069 3570 5144 Evangeliomzeteri
3605 5098 3734 5136 vero

2151 5148 2274 5202 libri
2294 5149 2426 5219 legis
2453 5152 2537 5207 vel
2577 5155 2991 5225 prophetarum,
3024 5162 3106 5215 vel
3142 5164 3516 5234 historiarum,
3548 5172 3732 5241 plures

2150 5239 2404 5309 appellati
2454 5250 2580 5296 sunt
2620 5257 2808 5312 panes,
2843 5261 2910 5301 ex
2959 5249 3154 5317 quibus
3195 5254 3509 5323 repleantur
3538 5239 3627 5327 qui
3656 5272 3729 5311 ex

2609 5383 2653 5414 ¹⁹
2683 5383 2848 5456 Joan._
2871 5400 2962 5449 xv,
2995 5385 3084 5441 22.
3158 5389 3204 5421 ³ο
3239 5389 3413 5446 Exod.
3444 5407 3560 5446 xvi.
3584 5394 3634 5456 6,
3671 5395 3725 5453 7.

2187 5451 2316 5503 Luc.
2378 5451 2622 5526 pune.
2721 5454 2767 5484 ει
2802 5453 2992 5526 Matth.
3041 5473 3215 5526 xxvtt,
3261 5460 3352 5514 54.
3448 5463 3494 5495 ἰ
3527 5451 3722 5520 uana;

1933 5518 1976 5548 ⁸⁷
2009 5518 2206 5576 lJoan.
2251 5536 2309 5587 tt,
2345 5521 2429 5574 l9.
2506 5522 2551 5552 ’⁸
2573 5521 2730 5576 .luan.
2763 5539 2838 5588 vt,
2863 5525 2952 5579 55.

2213 5637 2334 5723 (εδλ
2368 5639 2536 5720 alias,
2567 5657 2587 5690 ε
2630 5641 2789 5723 nobis
2817 5641 2870 5696 in
2916 5644 3262 5723 qquositus
3281 5657 3362 5701 est
3394 5649 3565 5716 panis,
3586 5664 3720 5706 ver-

2138 5709 2264 5765 bum
2298 5709 2386 5762 Dei
2421 5720 2524 5763 est.
2563 5727 2581 5761 ι
2629 5709 2734 5763 Sed
2771 5727 2898 5766 mss.
2937 5709 2993 5765 ut
3029 5709 3083 5766 in
3117 5727 3305 5770 n‘ostro
3329 5709 3499 5776 teitu.

2209 5779 2321 5852 (2M)
2363 5778 2513 5847 Mss,
2553 5798 2571 5831 t
2605 5781 2824 5837 “dicunt
2854 5782 3025 5848 Alias,
3061 5802 3078 5835 t
3107 5800 3284 5842 mane.
3318 5805 3339 5840 ι
