3902 6496
97 364 194 421 διο

1290 351 1355 406 ΙΝ
1395 348 1684 409 ΕΧΟΒΠΜ
1723 347 2006 406 IIOMILIA
2043 345 2181 403 VIII.

3231 336 3337 393 τδο

96 484 339 559 gentibus
364 481 614 538 credunt.
648 477 800 548 Quod
835 485 1020 532 tamen
1062 490 1171 531 non
1199 474 1318 529 sine
1345 475 1659 545 prephetica
1688 480 1735 536 Α
1764 482 1936 527 strum
1980 470 2182 525 ardens
2230 470 2348 518 erat
2378 463 2520 517 intra
2560 477 2690 527 nos,
2726 475 2847 517 cum
2888 457 3126 527 aperiret
3181 456 3337 511 nobis

97 578 413 633 auctoritate
473 573 680 627 factum
729 571 1007 625 docemus.
1055 566 1387 622 Pratdixerat
1434 578 1668 633 namque

99 666 259 721 Isaias
298 663 557 732 propheta
588 662 691 716 hoc
723 659 883 713 modo
906 659 949 691 ⁸³
979 674 993 711 :
1034 675 1053 709 ι
1092 654 1401 711 Ascendent
1426 655 1479 709 in
1510 670 1667 708 mon-

102 771 223 823 tem,
262 757 449 812 bibent
492 755 717 819 vinum,
748 760 1023 824 ungentur
1076 757 1372 819 unguento.
1418 766 1438 799 ι
1494 746 1669 804 Trade

98 850 206 904 haec
233 848 412 903 omnia
443 848 695 916 gentibus
730 862 743 898 :
777 841 1065 899 consilium
1115 838 1260 893 enim
1293 838 1509 892 Domini
1548 853 1668 892 om-

100 942 389 1010 nipotentis
416 940 649 995 esthoc.
688 937 748 993 Si
798 951 931 1005 ergo
973 941 1347 1003 competenter
1374 939 1429 986 et
1477 944 1669 984 carnes

100 1032 161 1087 ad
186 1046 468 1100 vesperam
500 1031 902 1099 accepimus,et
925 1028 1155 1098 panibus
1186 1024 1460 1093 replemur
1489 1038 1665 1089 mane,

98 1125 216 1194 quia
249 1139 351 1178 nec
399 1124 659 1193 possibile
701 1133 821 1178 erat
872 1122 1028 1177 nobis
1059 1134 1219 1173 mane
1258 1131 1456 1172 carnes
1485 1117 1665 1180 edere,

96 1218 330 1271 nondum
357 1216 499 1271 enim
537 1224 746 1284 tempus
777 1225 919 1280 erat,
948 1214 1040 1269 sed
1074 1226 1175 1268 nec
1204 1210 1429 1269 meridie
1452 1217 1667 1277 potera-

98 1324 233 1362 mus.
276 1306 376 1361 Vix
407 1306 550 1361 enim
593 1306 768 1377 angeli
792 1306 961 1360 edunt
1005 1319 1199 1359 carnes
1231 1302 1477 1365 meridie,
1512 1312 1567 1355 et
1594 1301 1667 1354 illi

98 1398 346 1454 fortassis
399 1397 577 1452 ordini
633 1397 992 1452 meridianum
1058 1394 1377 1451 conceditur
1438 1402 1668 1460 tempus.

94 1489 365 1543 Prwterea
398 1488 453 1543 e't
486 1489 614 1544 illud
669 1488 973 1556 intelligere
1027 1501 1311 1556 possumus
1359 1484 1500 1552 quod
1547 1482 1665 1535 uni-

94 1582 290 1651 cuique
320 1593 565 1636 nostrum
590 1596 746 1635 mane
769 1588 873 1646 est,
906 1589 960 1633 et
984 1580 1200 1633 initium
1234 1576 1344 1631 diei
1379 1576 1509 1629 illud
1535 1585 1674 1628 tem-

96 1690 210 1742 pus,
246 1688 355 1742 quo
383 1671 617 1741 primum
642 1670 1031 1735 illuminamur,
1049 1676 1102 1723 et
1125 1668 1192 1722 ad
1222 1667 1396 1720 lucem
1429 1666 1550 1719 ﬁdei
1584 1680 1673 1718 ac-

94 1766 355 1821 cedimus.
376 1764 427 1818 In
448 1763 552 1818 hoc
569 1776 697 1832 ergo
716 1772 980 1829 tempore,
1000 1774 1105 1826 quo
1124 1756 1300 1810 adhuc
1319 1755 1371 1808 in
1393 1756 1673 1825 principiis

94 1855 213 1910 lidei
245 1856 362 1925 (25‘,
420 1869 631 1919 sumus,
662 1868 855 1908 carnes
886 1852 1046 1909 Verbi
1084 1850 1178 1904 Dei
1230 1851 1514 1904 comedere
1566 1865 1670 1901 non

94 1963 408 2018 possumus,
437 1950 488 2002 id
512 1956 594 2000 est
625 1947 878 2017 perfecta:
913 1954 968 1997 et
991 1952 1385 1997 consummata:
1415 1940 1674 1995 doctrinae

93 2041 337 2093 nondum
386 2052 615 2108 capaces
668 2035 1004 2090 exsistimus.
1040 2034 1145 2090 Sed
1170 2044 1290 2104 post
1322 2034 1477 2101 longa
1512 2046 1673 2085 exer-

92 2133 243 2195 citia,
278 2139 400 2201 post
444 2128 744 2199 profectum
778 2127 1097 2197 plurimum,
1135 2141 1259 2181 cum
1288 2126 1399 2195 jam
1444 2122 1672 2192 proximi

92 2237 289 2277 sumus
325 2223 394 2275 ad
420 2235 725 2289 vesperam,
769 2229 825 2271 et
872 2218 939 2271 ad
970 2217 1143 2285 ipsum
1180 2216 1341 2269 ﬁnem
1387 2213 1675 2283 perfectio-

93 2316 172 2368 nis
202 2328 486 2381 urgemur,
523 2321 651 2365 tunc
676 2311 889 2364 demum
914 2307 1192 2362 solidioris
1233 2307 1339 2362 cibi
1364 2317 1421 2362 et
1453 2306 1676 2376 perfecti

94 2407 245 2462 verbi
300 2420 529 2474 capaces
584 2404 700 2457 ﬁeri
738 2416 1043 2472 possumus.
1090 2399 1244 2455 Nunc
1283 2416 1413 2469 ergo
1454 2399 1679 2455 festine—

92 2514 210 2554 mus
242 2497 473 2553 cteleste
496 2510 694 2550 manna
726 2495 1007 2563 suscipere
1035 2510 1050 2546 :
1097 2492 1241 2545 istud
1273 2493 1416 2546 enim
1456 2507 1675 2557 manna,

92 2604 258 2667 prout
309 2594 427 2648 vult
473 2594 725 2662 quisque,
772 2591 934 2645 talem
977 2603 1227 2660 saporem
1280 2588 1461 2643 reddit
1499 2587 1681 2642 inore

90 2690 231 2756 ejus.
278 2688 418 2741 Audi
449 2686 591 2741 enim
622 2698 678 2739 et
699 2704 702 2707 ·
727 2684 1012 2739 Dominum
1053 2685 1321 2739 dicentem
1365 2681 1435 2736 iis
1466 2680 1558 2750 qui
1588 2695 1681 2736 ac-

90 2782 298 2836 cedunt
324 2780 392 2833 ad
419 2793 477 2834 se
498 2779 543 2810 ³⁰
575 2795 589 2830 :
622 2796 640 2828 ι
670 2776 791 2830 Fiat
819 2775 917 2831 tibi
950 2775 1249 2844 secundum
1282 2772 1441 2828 ﬁdem
1473 2783 1676 2826 tuam.»

94 2873 157 2928 Et
183 2882 242 2926 tu
273 2887 404 2942 ergo
433 2870 478 2925 si
511 2869 736 2922 verbum
782 2866 903 2930 Dei,
933 2866 1077 2934 quod
1111 2865 1165 2919 in
1200 2862 1443 2917 Ecclesia
1484 2864 1683 2931 prmdi-

92 2972 279 3027 catur,
324 2970 436 3026 tota
470 2959 595 3024 ﬁde,
639 2966 750 3011 tota
797 2956 1088 3011 devotione
1117 2954 1413 3023 suscipies,
1461 2952 1553 3007 ﬁet
1585 2954 1681 3008 tibi

93 3058 275 3124 ipsum
323 3054 568 3116 verbum,
598 3048 960 3119 quodcunque
1005 3047 1306 3102 desideras.
1343 3044 1504 3099 Verbi
1555 3059 1683 3113 gra-

96 3148 187 3212 tia,
254 3145 301 3199 si
352 3142 656 3201 tribularis.
690 3138 1003 3195 consolatur
1054 3148 1105 3192 te
1154 3139 1343 3194 dicens
1389 3136 1433 3167 ³¹
1469 3151 1484 3189 :
1518 3152 1536 3187 ι
1577 3135 1683 3189 Cor

92 3237 399 3293 contritum
458 3243 512 3289 et
562 3231 900 3287 bumiliatum
947 3230 1090 3285 Deus
1138 3245 1245 3283 non
1301 3227 1531 3296 spernit.
1565 3246 1582 3276 ›
1621 3225 1677 3281 Si

94 3330 300 3384 laetaris
321 3342 425 3398 pro
441 3340 534 3397 spe
562 3326 767 3389 futura,
784 3322 1137 3377 cumulattibi
1166 3320 1358 3390 gaudia
1386 3321 1575 3374 dicens
1598 3318 1676 3370 ":

96 3442 116 3475 ι
152 3420 449 3476 Laetamini
481 3420 535 3472 in
578 3418 804 3473 Domino
849 3424 907 3470 et
940 3414 1209 3469 exsultate
1244 3413 1398 3480 justi.
1437 3431 1455 3463 ι
1491 3410 1546 3465 Si
1575 3412 1683 3464 ira-

92 3514 307 3569 eundus
353 3527 435 3578 es,
476 3511 688 3579 mitigat
737 3516 794 3563 te
836 3509 1025 3563 dicens
1051 3507 1095 3537 ³³
1130 3523 1144 3560 :
1182 3523 1201 3557 ι
1241 3505 1434 3560 Desine
1475 3505 1544 3558 ab
1578 3505 1678 3567 ira,

89 3618 144 3661 et
202 3605 528 3673 derelinque
568 3602 1018 3671 indignationem.
1057 3618 1076 3652 ι
1107 3598 1166 3652 Si
1190 3598 1244 3652 in
1271 3597 1570 3662 doloribus,
1595 3610 1684 3649 sa-

91 3704 186 3749 nat
211 3704 267 3748 te
298 3694 495 3749 dicens
524 3692 571 3723 “
603 3708 617 3744 :
658 3691 917 3746 Dominus
959 3709 977 3741 ι
1017 3697 1176 3744 Sanat
1215 3703 1407 3742 omnes
1454 3687 1683 3755 languo-

90 3802 180 3842 res
216 3796 371 3840 tuos.
408 3803 429 3836 ι
462 3782 518 3838 Si
552 3792 877 3853 paupertate
903 3780 1264 3843 consumeris,
1294 3777 1607 3832 consolatur
1634 3786 1683 3831 te

89 3878 287 3932 dicens
323 3876 375 3907 ³⁸
410 3898 420 3931 :
447 3874 707 3930 Dominus
730 3892 749 3925 ι
776 3874 973 3927 allevat
994 3872 1059 3925 de
1087 3880 1230 3925 terra
1260 3869 1420 3940 156
1446 3870 1679 3938 in0pem,

88 3979 143 4023 ιιι
159 3971 229 4024 de
250 3978 507 4023 stercore
522 3967 685 4034 erigit
702 3978 1013 4034 pauperem.
1028 3980 1046 4013 ι
1060 3962 1153 4017 Sic
1171 3976 1300 4031 ergo
1320 3976 1514 4014 manna
1536 3958 1680 4013 verbi

87 4062 185 4116 Dei
217 4061 403 4115 reddit
429 4061 483 4113 in
506 4073 601 4114 ore
627 4068 720 4112 tuo
750 4072 998 4128 saporem
1019 4067 1399 4122 quemcunque
1427 4051 1681 4105 volueris.

91 4152 210 4208 Hoc
242 4140 440 4206 tamen
473 4152 517 4205 si
545 4151 669 4220 quis
692 4149 977 4203 inﬁdeliter
1002 4149 1283 4217 suscipiat,
1309 4153 1362 4198 et
1398 4160 1501 4198 non
1540 4159 1685 4198 com-

87 4244 238 4308 edat,
276 4242 382 4298 sed
424 4242 743 4305 abscondat,
778 4255 992 4294 vermes
1038 4254 1106 4293 ex
1157 4254 1222 4294 eo
1248 4235 1531 4293 ebulliunt.
1580 4235 1688 4289 Pu-

88 4344 253 4389 tasne
320 4347 568 4403 eousque
616 4333 991 4388 deducendum
1050 4340 1136 4386 est
1185 4334 1411 4386 verbum
1464 4329 1580 4389 Dei.
1630 4337 1687 4380 ut

84 4429 256 4480 etiam
293 4424 506 4480 vermis
558 4423 673 4477 ﬁeri
716 4430 939 4492 putetur
971 4421 1133 4477 ⁸ἓΝοιι
1170 4430 1221 4476 te
1264 4421 1351 4476 hic
1383 4420 1560 4474 turbet
1588 4435 1687 4473 att-

1770 559 2123 631 Scripturas?
2155 578 2175 611 ι
2205 557 2269 611 Et
2304 556 2427 610 aliis
2452 553 2568 622 ipse
2600 552 2740 620 ignis
2783 560 2891 615 est,
2920 549 3011 619 qui
3041 547 3339 617 conﬁagrat

1766 653 1955 723 spinas
1984 652 2051 707 de
2109 659 2252 703 terra
2284 644 2451 709 mala,
2488 643 2540 697 id
2580 653 2665 697 est
2715 641 2807 711 qui
2846 641 3108 709 malignas
3138 639 3340 708 cogita-

1770 746 1944 799 tiones
1975 741 2030 797 in
2051 740 2217 796 corde
2239 735 2533 794 consumit.
2559 734 2628 789 Et
2665 734 2787 788 ideo
2816 732 3191 803 peccatoribus
3220 730 3339 798 qui-

1768 836 1913 899 dem,
1942 847 2120 903 neque
2160 829 2361 887 vermis
2399 842 2634 898 arguens
2661 840 2895 894 unquam
2944 823 3057 892 (26)
3088 823 3336 885 moritur,

1769 941 1944 996 neque
1970 926 2108 993 ignis
2147 936 2384 976 exurens
2415 918 2707 989 aliquando
2738 916 3094 984 restinguitur
3125 932 3140 980 ;
3176 912 3340 983 justis

1768 1030 1947 1074 autem
1976 1026 2030 1071 et
2060 1015 2307 1071 ﬁdelibus
2341 1020 2622 1082 permanet
2670 1008 2844 1063 dulcis
2873 1016 2923 1060 et
2952 1006 3156 1059 suavis.
3183 1023 3201 1055 ι
3231 1004 3341 1057 Gu-

1769 1120 1907 1165 state
1920 1109 2064 1162 enim
2082 1117 2139 1162 et
2156 1106 2355 1167 videte,
2374 1104 2629 1171 quoniam
2648 1099 2829 1155 suavis
2851 1107 2934 1151 est
2955 1096 3214 1150 Dominus
3232 1096 3297 1153 ³⁸,
3316 1112 3335 1145 ι

1771 1204 1884 1271 ipse
1914 1199 2175 1255 Dominus
2201 1208 2255 1252 et
2283 1197 2539 1252 Salvator
2568 1202 2755 1247 noster
2779 1189 2937 1243 .Iesus
2960 1188 3225 1249 Christus,
3250 1186 3341 1239 cui

1768 1303 1850 1351 est
1875 1292 2040 1365 gloria
2069 1300 2125 1347 et
2149 1290 2433 1359 imperium
2467 1286 2518 1340 in
2550 1283 2745 1338 saecula
2782 1277 3337 1336 saeculorum.Amen.

2334 1399 2613 1457 HOMILIA
2643 1396 2775 1454 VIII.

2264 1494 2341 1548 De
2382 1494 2534 1546 initio
2575 1488 2845 1558 Decalogi.

1843 1591 1895 1644 I.
1925 1588 2114 1646 Omnis
2155 1586 2246 1655 qui
2299 1583 2495 1637 didicit
2520 1590 2871 1635 contemnere
2906 1589 3143 1646 praesens
3168 1585 3344 1628 saecu-

1772 1682 1907 1743 lum,
1934 1680 2077 1750 quod
2129 1675 2428 1746 ﬁguraliter
2474 1671 2739 1742 [Egyptus
2782 1668 3106 1737 appellatur,
3153 1675 3208 1719 et
3238 1677 3339 1731 per

1777 1776 1999 1828 verbum
2030 1770 2151 1835 Dei,
2182 1777 2240 1823 ut
2272 1767 2564 1821 secundum
2605 1761 2918 1829 Scripturas
2947 1759 3148 1820 dicam,
3168 1763 3349 1808 trans-

1774 1868 1914 1920 latus
1935 1872 2036 1926 est,
2063 1870 2117 1916 et
2145 1875 2251 1914 non
2290 1857 2587 1919 invenitur,
2615 1853 2744 1923 quia
2776 1852 2842 1906 ad
2889 1848 3144 1905 saeculum
3200 1847 3349 1901 futu-

1778 1972 1894 2011 rum
1937 1952 2163 2007 festinat
2210 1964 2275 2004 ae
2329 1946 2523 2009 tendit,
2552 1944 2620 1997 de
2653 1942 2959 2012 huiusmodi
2994 1940 3174 1992 anima
3218 1937 3349 1990 dicit

1777 2046 2036 2102 Dominus
2068 2043 2111 2074 ³⁹
2147 2058 2161 2094 :
2214 2058 2232 2091 ι
2270 2039 2383 2107 Ego
2424 2046 2567 2091 sum‘
2592 2034 2852 2089 Dominus
2887 2032 3028 2085 Deus
3071 2020 3215 2091 tuus,
3255 2026 3347 2097 qui

1774 2140 1935 2195 eduxi
1972 2144 2024 2190 te
2047 2134 2114 2189 de
2142 2142 2283 2187 terra
2305 2129 2548 2199 Egypti,
2572 2128 2638 2181 de
2666 2132 2826 2182 demo
2854 2122 3207 2197 servitutis.)
3232 2118 3347 2171 Non

1776 2246 1907 2300 ergo
1944 2230 2058 2282 haec
2080 2226 2148 2279 ad
2178 2224 2299 2277 illos
2335 2230 2544 2274 tantum
2585 2218 2859 2281 dicuntur,
2884 2214 2975 2283 qui
3012 2213 3077 2267 de
3122 2208 3351 2279 Egypto

1777 2320 2001 2393 profecti
2034 2325 2178 2382 sunt,
2202 2315 2295 2369 sed
2320 2312 2488 2366 multo
2512 2309 2684 2379 magis
2701 2308 2768 2362 ad
2802 2318 2871 2370 te,
2901 2305 2993 2375 qui
3023 2318 3165 2357 nunc
3195 2300 3353 2355 audis

1778 2392 1904 2480 ista,
1934 2414 1977 2469 si
2027 2421 2205 2467 tamen
2230 2402 2597 2475 proﬁciscaris
2621 2416 2687 2455 ex
2716 2398 3047 2468 1Egypto,et
3080 2392 3353 2463 zEgyptiis

1779 2512 1917 2565 ultra
1950 2521 2057 2562 non
2089 2501 2312 2561 servias,
2338 2497 2473 2551 dicit
2508 2496 2621 2549 haec
2649 2493 2820 2548 Deus:
2845 2509 2863 2542 ι
2896 2492 3007 2560 Ego
3033 2504 3149 2541 sum
3169 2484 3354 2540 Domi-

1779 2619 1883 2658 nus
1904 2602 2044 2655 Deus
2074 2607 2219 2656 tuus,
2237 2594 2329 2662 qui
2346 2590 2503 2646 eduxi
2525 2596 2577 2641 te
2601 2588 2668 2640 de
2690 2596 2833 2639 terra
2855 2581 3090 2653 Egypti,
3108 2580 3172 2633 de
3196 2579 3355 2632 domo

1780 2689 2082 2749 servitutis.
2123 2706 2143 2740 ι
2188 2684 2324 2740 Vide
2366 2682 2409 2737 si
2465 2694 2570 2735 non
2620 2676 2837 2746 negotia
2886 2672 3089 2735 εωςυιί,
3118 2679 3171 2723 et
3201 2676 3356 2722 actus

2759 2769 2900 2823 sicut
2944 2777 3157 2821 rursum
3187 2774 3356 2814 econ-

1781 2784 1988 2849 carnis,
2020 2782 2214 2835 domus
2251 2785 2336 2831 est
2369 2773 2656 2829 servitutis
2705 2787 2721 2824 :

1783 2876 1950 2931 trario
1979 2874 2290 2940 relinquere
2319 2863 2627 2928 saecularia,
2664 2872 2719 2916 et
2745 2859 3043 2916 secundum
3088 2855 3255 2908 Deum
3278 2850 3359 2903 vi-

1781 2984 1932 3031 vere,
1989 2968 2182 3021 domus
2241 2969 2324 3015 est
2371 2956 2663 3018 libertatis,
2703 2955 2843 3009 sicut
2890 2960 2948 3004 et
3003 2947 3260 3002 Dominus
3304 2943 3358 2995 in

1782 3058 2074 3129 Evangelio
2098 3056 2232 3110 dicit
2254 3052 2298 3084 ιθ
2320 3071 2332 3105 :
2354 3068 2373 3102 ι
2412 3050 2470 3104 Si
2494 3045 2908 3119 permanseritis
2934 3041 2986 3095 in
3021 3039 3187 3092 verbo
3215 3044 3367 3100 meo,

1710 3172 1751 3229 α
1786 3168 1883 3207 vos
1904 3149 2209 3219 agnoscetis
2236 3146 2547 3207 veritatem,
2590 3148 2646 3193 et
2677 3137 2883 3191 veritas
2911 3130 3164 3187 liberabit
3204 3142 3355 3181 vos.»

1787 3245 1927 3313 Ergo
1958 3242 2224 3311 Egyptus
2250 3237 2441 3292 domus
2475 3242 2560 3289 est
2601 3228 2901 3291 servitutis,
2930 3224 3114 3278 Iudaea
3157 3234 3284 3274 vero
3307 3226 3364 3272 et

1787 3309 2113 3396 Jerusalem,
2145 3329 2339 3385 domus
2376 3332 2459 3379 est
2490 3321 2774 3377 libertatis.
2800 3316 2935 3371 Audi
2965 3324 3019 3368 et
3044 3309 3362 3381 Apostolum

1788 3423 1853 3476 de
1905 3417 2332 3481 hissecundum
2394 3412 2714 3481 sapientiam
2743 3423 2862 3474 quae
2886 3406 2934 3460 ei
2961 3405 3015 3458 in
3056 3399 3364 3456 ministerio

1788 3510 1911 3563 data
1946 3509 2143 3566 fuerat,
2173 3503 2615 3572 pronuntiantem
2649 3514 2663 3551 :
2700 3516 2719 3549 ι
2758 3498 2886 3561 Quae
2914 3505 3093 3547 autem
3137 3489 3375 3545 sursum?

1788 3608 1889 3660 est,
1918 3598 2090 3667 inquit
2111 3598 2179 3660 δι,
2214 3591 2576 3653 Hierusalem,
2604 3590 2772 3643 libera
2797 3596 2899 3652 est,
2929 3600 3046 3655 quae
3072 3592 3156 3636 est
3190 3590 3365 3634 mater

1789 3690 2030 3743 omnium
2058 3697 2321 3742 nostrum.
2350 3705 2368 3738 ›
2388 3686 2683 3749 Sicutergo
2702 3678 2988 3749 Egyptus,
3012 3675 3115 3729 ista
3145 3682 3361 3726 terrena

1788 3782 2090 3853 provincia,
2132 3779 2258 3833 ﬁliis
2290 3777 2457 3833 Israel
2509 3776 2701 3829 domus
2736 3772 2935 3826 dicitur
2971 3764 3267 3827 servitutis,
3297 3761 3366 3813 ad

1790 3874 2251 3942 comparationem
2276 3869 2477 3924 Iudaea:
2515 3874 2570 3920 et
2614 3861 2974 3922 Hierusalem,
3010 3871 3130 3926 quae
3159 3854 3238 3907 eis
3272 3853 3369 3905 do-

1792 3982 1911 4020 mus
1934 3964 2165 4019 efﬁcitur
2192 3961 2458 4015 libertatis
2494 3975 2507 4009 :
2539 3958 2615 4010 ita
2653 3957 2719 4010 ad
2769 3948 3225 4019 comparationem
3250 3955 3367 3997 cm-

1793 4054 1944 4108 lestis
1979 4053 2346 4115 Hierusalem,
2380 4066 2519 4121 quae,
2559 4058 2618 4101 ut
2648 4049 2721 4102 ita
2765 4044 2962 4102 dicam,
2997 4047 3171 4091 mater
3196 4042 3278 4088 est
3304 4028 3379 4085 li-‘

1792 4148 2042 4213 bertatis,
2075 4155 2218 4200 totus
2273 4145 2363 4198 hic
2410 4141 2667 4205 mundus,
2710 4146 2764 4192 et
2805 4133 2986 4190 omnia
3020 4144 3142 4200 qum
3182 4127 3233 4181 in
3266 4125 3371 4180 hoc

1797 4239 1998 4293 mundo
2036 4247 2183 4301 sunt,
2218 4236 2411 4291 domus
2457 4242 2541 4288 est
2581 4228 2885 4285 servitutis.
2922 4225 2987 4278 Et
3015 4222 3271 4292 quoniam
3303 4216 3372 4272 de

1795 4329 2047 4398 paradiso
2076 4325 2344 4381 libertatis
2370 4338 2468 4391 pro
2506 4336 2663 4391 paena
2715 4318 2925 4387 peccati
2955 4315 3022 4369 ad
3064 4307 3369 4381 huiusmodi

1796 4429 2016 4473 ventum
2054 4416 2236 4469 fuerat
2288 4405 2630 4477 servitutem,
2675 4410 2879 4463 idcirco
2931 4404 3140 4473 primus
3187 4412 3372 4454 sermo

85 4520 265 4580 ditus,
305 4516 437 4570 audi
472 4489 797 4584 Pr0phetam
847 4529 913 4568 ex
963 4527 1192 4583 persona
1244 4512 1457 4565 Domini
1505 4510 1690 4565 dicen-
1724 4529 1767 4583 ι)
1801 4510 2071 4580 Decalogi,
2114 4509 2165 4562 id
2197 4516 2281 4562 est
2308 4506 2483 4577 prima
2518 4502 2899 4557 mandatorum
2928 4497 3021 4550 Dei
3071 4508 3176 4546 vox
3209 4492 3274 4546 de
3311 4489 3385 4542 li--

87 4618 200 4661 tem
227 4608 278 4639 ³⁸
308 4623 325 4662 :
369 4625 388 4657 ‹
428 4605 539 4676 Ego
576 4615 756 4658 autem
808 4620 926 4659 sum
973 4603 1191 4657 vermis’
1212 4612 1267 4656 et
1312 4616 1416 4656 non
1447 4600 1630 4655 homo.
1662 4622 1680 4653 ι
1792 4606 1999 4659 bertate
2032 4598 2328 4670 profertur,
2357 4597 2578 4651 dicens:
2609 4612 2627 4644 ι
2649 4592 2761 4660 Ego
2794 4605 2913 4644 sum
2939 4586 3201 4641 Dominus
3232 4583 3376 4636 Deus

86 4700 250 4754 Sicut
287 4698 443 4754 enim
471 4698 583 4767 ipse
620 4696 815 4767 estqui
845 4696 902 4749 lit
931 4695 1055 4749 aliis
1095 4695 1149 4748 in
1182 4694 1417 4757 ruinam,
1449 4692 1569 4747 aliis
1595 4708 1692 4745 au-
1794 4705 1938 4759 tuus,
1976 4669 2067 4760 qui
2095 4689 2257 4744 eduxi
2292 4687 2430 4742 tede
2461 4698 2603 4741 terra
2629 4681 2871 4751 Egypti,
2903 4679 2969 4731 de
3013 4676 3174 4730 domo
3204 4669 3376 4727 servi-

86 4803 200 4845 lem
230 4792 291 4845 in
327 4791 784 4845 resurrectionem
816 4806 831 4855 ;
866 4789 941 4843 ita
968 4796 1025 4841 et
1068 4788 1181 4856 ipse
1213 4795 1296 4841 est
1324 4787 1415 4856 qui
1460 4801 1604 4840 nunc
1634 4786 1687 4838 in
1792 4785 1943 4841 tutis.
1981 4802 2000 4836 ι
2038 4781 2189 4835 llauc
2214 4792 2402 4833 vocem
2433 4778 2486 4831 in
2516 4774 2759 4843 Egypto
2808 4769 3016 4839 positus
3052 4764 3242 4818 audire
3269 4774 3377 4814 non

87 4900 305 4939 manna
341 4883 594 4939 ﬁdelibus
626 4881 844 4952 quidem
877 4855 1106 4935 dulcedo
1137 4855 1347 4943 mellis,
1375 4877 1690 4931 inﬁdelibus
1796 4888 2042 4947 poteras,
2066 4871 2279 4927 etiamsi
2328 4868 2427 4924 tibi
2480 4868 2797 4936 injuugatur
2842 4869 2900 4914 ut
2946 4856 3150 4912 Pascha
3185 4855 3379 4952 facias,

81 4986 278 5032 autem
320 4977 529 5030 vermis
574 4973 825 5028 eﬁicitur.
858 4973 977 5043 Ipse
1012 4966 1095 5028 est
1150 4972 1294 5026 enim
1346 4984 1528 5023 sermo
1568 4966 1688 5031 Dei,
1796 4966 2007 5023 etiamsi
2041 4962 2344 5031 accingaris
2374 4958 2624 5022 lumbos,
2667 4963 2721 5008 et
2764 4950 3011 5007 sandalia
3058 4946 3295 5016 accipias
3324 4942 3383 4995 in

83 5068 180 5135 qui
226 5068 552 5137 iniquorum
587 5073 797 5119 mentes
828 5063 1029 5133 arguit,
1056 5071 1111 5116 et
1149 5060 1552 5130 correptionutn
1582 5057 1693 5127 spi-
1797 5062 2041 5133 pedibus,
2075 5059 2288 5113 etiamsi
2316 5055 2526 5124 virgam
2581 5061 2769 5106 teneas
2807 5049 2860 5101 in
2894 5059 3078 5106 manu,
3114 5050 3168 5096 et
3191 5049 3387 5107 azyma

81 5159 234 5214 culis
265 5167 622 5229 peccatorum
651 5131 1018 5211 conscientias
1049 5155 1309 5209 terebrat.
1341 5153 1457 5222 Ipse
1492 5158 1576 5205 est
1597 5148 1693 5219 qui
1799 5131 1920 5209 cum
1947 5149 2311 5205 amaritudine
2341 5146 2617 5202 comedas.
2645 5142 2710 5196 Et
2738 5139 2866 5208 quid
2897 5137 3018 5191 dico
3054 5135 3108 5188 in
3145 5131 3393 5200 Aﬂgypto

81 5260 141 5303 et
194 5250 358 5320 ignis
405 5248 635 5303 eﬁicitur
685 5248 740 5302 in
795 5248 1051 5303 cordibus
1090 5247 1329 5312 illorum,
1363 5219 1565 5315 quibus
1594 5243 1691 5297 ad-
1802 5243 2006 5313 positus
2036 5240 2149 5293 haec
2186 5239 2374 5292 audire
2427 5251 2533 5289 non
2569 5229 2840 5303 poteras?
2870 5227 2976 5281 Sed
3010 5238 3079 5278 ne
3110 5223 3234 5275 inde
3262 5219 3385 5286 qui-

83 5343 281 5411 apcrit
328 5339 663 5410 Scripturas,
694 5341 788 5410 qui
835 5341 1023 5396 dicunt
1049 5340 1092 5372 ³⁷
1133 5358 1148 5395 :
1188 5357 1207 5391 ι
1253 5338 1444 5392 Nonne
1474 5350 1569 5391 cor
1600 5351 1697 5391 no-
1803 5307 1924 5390 dem
1953 5331 2226 5403 prolectus
2254 5329 2307 5384 in
2340 5328 2516 5398 prima
2540 5324 2725 5380 statim
2752 5318 3035 5375 mansione
3054 5315 3168 5368 haec
3195 5307 3395 5363 audire

162 5458 215 5489 ’ν
262 5456 539 5510 Isa.t.vn.
617 5454 661 5485 ³⁸
690 5454 878 5508 Matth.
905 5470 1023 5517 vm,
1070 5455 1158 5511 I3.
1235 5450 1446 5504 "-Psal.
1476 5469 1529 5513 ι..
1565 5452 1650 5504 I7.

1810 5447 1952 5502 Psal.
1984 5462 2138 5508 χχχι,
2185 5444 2270 5497 II.
2308 5513 2329 5517 Α
2352 5443 2397 5475 ³³
2424 5440 2569 5517 Ιξβιῃ.
2597 5453 2801 5517 xaxw,
2962 5428 3172 5517 tPsal-
3200 5423 3389 5517 οιιεὲιο

88 5528 135 5559 ³³
181 5526 346 5581 Psal.
378 5541 510 5587 ειη,
560 5526 613 5579 7.
691 5526 737 5557 ³⁸
768 5527 911 5580 Psal.
958 5500 1072 5593 xxii,
1106 5500 1158 5579 7:
1235 5522 1433 5578 “Luc.
1469 5500 1676 5587 inim":

1811 5500 1873 5550 7”
1898 5500 2049 5573 Psal.
2079 5500 2277 5581 xsxut,
2302 5513 2361 5568 8.
2435 5512 2478 5545 ³³
2509 5511 2683 5566 Exod.
2722 5500 2817 5574 xx,
2843 5504 2900 5559 2.
2976 5501 3023 5536 ⁸³
3066 5500 3221 5555 Joan.
3252 5506 3387 5560 rm,

88 5598 186 5663 5i,
247 5597 354 5651 ⁵52.
430 5596 475 5627 ⁸⁸
524 5595 701 5651 Galat.
743 5613 827 5661 tv,
880 5595 968 5649 26.

172 5692 309 5766 (25)
353 5692 490 5766 VoX.
540 5712 558 5743 ι
615 5693 758 5762 ﬁdei,
798 5713 819 5747 ›
863 5694 1017 5751 deest
1066 5694 1121 5749 in
1167 5702 1327 5749 antea
1367 5691 1572 5759 editis,
1609 5690 1701 5747 scd

395 5708 490 5774 oX,
540 5712 558 5743 ι
615 5693 758 5762 ﬁdei,
798 5713 819 5747 ι
863 5694 1017 5751 deest
1066 5694 1121 5749 in
1167 5702 1327 5749 antea
1367 5691 1526 5748 editis
1559 5731 1572 5759 ,
1609 5690 1701 5747 scd
1882 5684 1992 5774 (26)
2029 5685 2196 5753 Alias,
2237 5700 2258 5736 ι
2300 5694 2532 5753 arguens
2566 5678 2773 5748 iniqua.
2805 5688 2827 5724 ο

94 5767 361 5822 habetur
394 5767 449 5818 in
474 5779 607 5820 mss.
1936 5772 1939 5775 '
