3876 6506
623 366 722 423 δ51

2096 366 2255 424 ORIG
2264 367 2415 423 ENlS
3689 388 3751 446 δίῑῖ

623 487 867 555 potuisti.
905 500 1003 540 nec
1039 486 1091 540 in
1137 485 1374 541 secunda
1399 526 1415 551 ,
1449 501 1551 542 nec
1587 488 1639 542 in
1690 490 1871 555 tertia,
1921 503 2021 544 nec
2074 505 2198 545 cum
2230 493 2276 549 Α
2305 503 2463 557 quem
2517 488 2721 553 omnia,
2757 498 2813 546 et
2841 506 2939 547 nos
2986 507 3084 563 per
3109 492 3340 563 ipsum.)
3382 495 3477 552 Sed
3501 509 3548 554 et
3575 502 3618 557 in
3638 513 3752 567 multis
3816 550 3817 563 χ

625 580 884 631 transires
922 576 1161 631 Rubrum
1196 592 1365 645 mare,
1393 578 1608 633 etiamsi
1632 580 1698 635 ad
1736 581 2005 635 Merrbatn
2038 597 2197 637 vene-

621 669 720 735 ris,
758 677 812 721 et
855 668 1017 721 fuerit
1054 669 1125 722 ibi
1180 670 1491 725 amaritudo
1522 670 1576 723 iu
1624 671 1966 727 dulcedinem
2016 688 2197 740 versa,

620 758 833 811 etiamsi
865 758 918 812 itt
956 757 1129 812 llelim
1158 761 1377 815 veneris
1405 761 1471 814 ad
1502 762 1786 817 duodecim
1820 764 2000 819 fontes
2030 781 2198 835 aqua-

619 862 760 910 rum,
784 858 838 903 et
868 852 1213 919 septuaginta
1246 853 1469 907 arbores
1492 854 1817 922 palmarum,
1845 856 2057 910 etiamsi
2088 856 2197 910 Ra-

616 936 825 1006 phidim
881 940 1254 1008 praeterieris,
1303 952 1639 1013 czeterosque
1683 944 1956 1014 profectus
2005 961 2196 1001 ascen-

616 1026 765 1082 deris
813 1044 828 1082 :
882 1031 1243 1094 nondum.ad
1308 1034 1683 1103 hujuscemodi
1736 1037 1905 1091 verba
1967 1037 2195 1095 idoneus

610 1119 897 1189 judicaris,
946 1124 1042 1178 sed
1083 1140 1203 1179 cum
1256 1126 1577 1195 perveneris
1632 1128 1699 1183 ad
1745 1140 1980 1184 montem
2039 1130 2190 1185 Sina.

615 1212 797 1269 Multis
825 1230 955 1282 ergo
984 1226 1112 1271 ante
1153 1217 1432 1275 laboribus
1473 1221 1736 1289 peractis,
1783 1222 1965 1277 multis
1998 1238 2194 1278 aerum-

616 1305 702 1358 nis
740 1314 797 1359 et
844 1307 1237 1364 teutationibus
1283 1312 1574 1379 superatis,
1619 1312 1707 1366 vix
1762 1313 2051 1382 aliquando
2081 1329 2193 1368 me-

620 1396 831 1451 reberis
861 1409 1129 1467 praecepta
1179 1402 1455 1470 suscipere
1497 1404 1788 1471 libertatis,
1836 1415 1890 1459 et
1943 1407 2127 1460 audire
2159 1422 2188 1460 a

613 1485 882 1542 Domino:
916 1507 935 1539 ί
970 1489 1084 1557 Ego
1113 1506 1231 1545 sunt
1258 1492 1513 1548 Dominus
1536 1495 1675 1550 Deus
1711 1505 1855 1561 tuus,
1901 1496 1993 1564 qui
2027 1497 2187 1551 eduxi

617 1584 670 1629 te
698 1578 764 1631 de
790 1588 933 1632 terra
955 1578 1200 1650 Egypti,
1227 1580 1293 1636 de
1319 1582 1478 1637 domo
1501 1585 1798 1639 servitutis.
1834 1605 1852 1639 ι
1877 1584 2073 1641 Verum
2102 1588 2189 1642 hic

611 1679 792 1721 sermo
818 1669 1053 1722 nondum
1086 1684 1269 1724 sermo
1313 1673 1552 1725 mandati
1585 1684 1686 1739 est,
1718 1675 1811 1728 sed
1839 1676 1961 1741 quis
1999 1677 2071 1731 sit
2096 1677 2186 1746 qui

615 1759 856 1824 mandat,
892 1762 1154 1815 ostendit.
1186 1761 1339 1818 Nunc
1377 1778 1507 1833 ergo
1535 1764 1815 1819 videamus
1836 1767 1964 1835 quid
1989 1767 2059 1821 sit
2086 1768 2187 1822 ini-

615 1845 751 1900 tium
777 1849 964 1903 decem
995 1853 1370 1907 mandatorum
1422 1853 1555 1924 legis
1584 1871 1597 1908 :
1632 1863 1686 1908 et
1729 1856 1771 1908 si
1805 1870 1911 1908 non
1945 1858 2190 1911 occurri-

608 1952 729 1993 mus
761 1941 827 1993 ad
862 1942 1043 1996 omnia
1064 1981 1079 2008 ,
1114 1944 1268 1999 initia
1290 1944 1504 2012 saltem,
1533 1954 1692 2015 prout
1713 1946 1975 2011 Dominus
2022 1948 2189 2004 dede-

609 2030 704 2097 rit,
740 2034 1092 2101 explicemus.

672 2121 730 2177 2.
764 2121 1002 2177 Primum
1032 2141 1161 2195 ergo
1206 2127 1519 2182 mandatum
1546 2137 1635 2183 est
1681 2129 1726 2160 “
1755 2146 1771 2185 :
1802 2147 1819 2182 ι
1856 2129 1973 2185 Non
2026 2141 2188 2187 erunt

604 2210 699 2266 tibi
732 2212 804 2267 dii
835 2214 948 2277 alii,
977 2226 1170 2284 praeter
1196 2233 1301 2273 nte.
1344 2237 1363 2271 υ
1400 2219 1466 2272 Et
1496 2228 1616 2287 post
1641 2221 1744 2275 hoc
1772 2222 2017 2291 sequitur
2043 2222 2088 2254 ’⁵³
2114 2239 2131 2281 :
2161 2242 2179 2275 ι

604 2316 628 2353 c
667 2301 781 2355 Non
815 2303 986 2359 facies
1020 2304 1132 2376 ('27)
1182 2308 1291 2363 tibi.
1334 2308 1561 2373 idolum,
1593 2326 1768 2380 neque
1796 2312 1957 2367 ullam
1992 2315 2183 2377 simili-

603 2393 872 2454 tudinem.
905 2410 1244 2466 quaecunque
1281 2398 1335 2452 in
1364 2399 1503 2454 caelo
1534 2408 1753 2457 sursum
1790 2414 1936 2471 sunt,
1956 2415 2010 2461 et
2036 2425 2182 2477 quae.

599 2494 814 2549 cunque
844 2483 896 2535 iu
933 2493 1077 2539 terra
1115 2486 1366 2542 deorsum
1399 2500 1544 2557 sunt,
1573 2499 1636 2545 'et
1673 2507 2009 2564 quaecunque
2052 2509 2182 2554 sunt

598 2570 654 2623 in
683 2572 837 2640 aquis
868 2575 1057 2628 subtus
1085 2584 1306 2640 terram,
1328 2587 1383 2632 et
1424 2596 1528 2633 non
1564 2581 1818 2637 adorabis
1841 2582 1929 2637 illa
1955 2626 1971 2650 ,
2002 2601 2179 2656 neque

598 2658 743 2712 coles
778 2659 906 2721 .illa.
969 2663 1083 2733 Ego
1121 2666 1263 2719 enim
1320 2682 1439 2722 sum
1500 2670 1760 2726 Dominus
1817 2672 1962 2729 Deus
2017 2686 2173 2745 tttus,

597 2745 740 2802 Deus
761 2750 963 2819 zelans,
993 2755 1083 2822 qui
1118 2758 1283 2811 reddo
1330 2768 1551 2827 peccata
1587 2772 1800 2830 patrum
1838 2765 1889 2819 in
1923 2766 2087 2831 lilios,
2118 2768 2173 2822 in

596 2842 811 2896 tertiam
862 2854 917 2899 et
972 2858 1221 2915 quartam
1279 2854 1592 2920 progeniem
1661 2855 1726 2909 iis
1791 2855 1885 2923 qui
1945 2858 2177 2913 oderunt

595 2948 721 2997 me,
762 2945 819 2989 et
872 2936 1081 2993 faciens
1140 2940 1569 2997 misericordiam
1613 2944 1665 2998 itt
1712 2945 1919 3012 millia,
1966 2948 2032 3003 iis
2078 2950 2171 3018 qui

593 3016 821 3092 diligunt
864 3043 952 3081 me
995 3037 1047 3083 et
1078 3030 1170 3099 qui
1214 3042 1434 3085 servant
1480 3045 1746 3104 praecepta
1778 3052 1917 3094 mea.
1974 3056 1993 3091 ι
2048 3016 2171 3093 llaec

2300 579 2420 634 aliis
2454 580 2698 636 invenies
2730 582 3028 652 Scriptura:
3058 584 3191 640 locis
3228 587 3353 642 deos
3382 593 3628 659 nominari,
3667 602 3751 657 sim

2298 678 2353 724 et
2381 671 2513 726 alibi
2545 672 2678 727 dicit
2701 672 2745 705 ⁸⁷
2778 692 2791 728 :
2830 676 3133 743 «Quoniam
3166 677 3415 735 Dominus
3440 696 3654 751 summus,
3686 703 3751 745 let.

2299 764 2496 829 ribilis,
2529 774 2582 820 et
2612 780 2709 820 rex
2758 782 2990 836 magnus
3019 784 3185 839 super
3222 785 3405 826 omnes
3441 782 3585 839 deos;
3607 796 3621 829 ι
3645 784 3748 839 et“:

2302 871 2321 905 ι
2351 853 2491 910 Deus
2520 855 2743 910 deorum
2775 856 3039 912 Dominus
3070 859 3281 915 locutus
3306 870 3419 925 est;
3444 872 3543 925 net
3600 867 3634 900 "
3656 884 3667 921 έ
3692 875 3750 929 «ιι

2296 945 2476 997 medio
2532 953 2715 999 autem
2768 947 2899 1002 deos
2952 950 3275 1003 discernit.»
3334 950 3409 1003 De
3444 953 3637 1012 dominis
3666 960 3749 1017 itis:

2295 1036 2587 1105 Apostolus
2615 1037 2748 1092 dicit
2773 1037 2819 1069 ⁵ο
2850 1055 2867 1093 :
2908 1056 2926 1090 ι
2954 1037 3080 1093 Sive
3123 1038 3322 1104 throni,
3372 1042 3479 1097 sive
3522 1046 3751 1106 dominatio-

2295 1141 2413 1190 nes,
2464 1127 2580 1181 sive
2630 1136 2950 1197 potestates,
2996 1130 3177 1184 omnia
3225 1145 3322 1199 per
3358 1132 3536 1199 ipsum,
3560 1146 3603 1190 et
3625 1138 3661 1192 in
3682 1141 3749 1209 ipse

2293 1218 2477 1272 omnia
2535 1230 2720 1275 creata
2767 1230 2913 1276 sunt.
2950 1239 2971 1274 ι
3034 1221 3435 1279 Dominatioues
3481 1236 3630 1283 autem
3669 1234 3749 1289 nihil

2292 1309 2437 1362 aliud
2464 1319 2613 1375 sunt,
2662 1326 2823 1380 quam
2874 1312 3009 1367 ordo
3042 1313 3263 1381 quidam
3294 1323 3347 1368 et
3376 1314 3622 1373 multitudo
3642 1323 3749 1377 domi-

2292 1417 2507 1456 norum.
2550 1402 2604 1456 In
2637 1419 2769 1473 quo,
2821 1414 2878 1458 ut
2912 1405 3040 1459 tnihi
3076 1406 3315 1471 videtur,
3371 1423 3565 1463 sensum
3590 1412 3689 1483 legis
3705 1418 3751 1469 lu.

2290 1493 2553 1547 cidiorem
2585 1494 2711 1549 fecit
2739 1497 3016 1565 apostolus
3049 1497 3269 1553 Paulus.
3299 1500 3422 1555 Tale
3443 1509 3517 1555 est
3538 1504 3647 1556 enim
3662 1511 3748 1574 quod
3796 1502 3817 1574 ’λ

2308 1546 2311 1547 7
2358 1546 2361 1547 7
2416 1546 2419 1547 7
2742 1546 3013 1565 Tn---“
3049 1546 3268 1553 μων--
3307 1546 3422 1555 η--
3446 1546 3748 1574 --.-......,...

2292 1584 2473 1638 dicit:
2520 1583 2672 1639 Licet
2696 1586 2806 1640 sint
2850 1587 3003 1642 multi
3053 1590 3254 1645 domini
3308 1590 3396 1658 qui
3447 1593 3554 1647 aliis
3587 1596 3749 1669 gentibus
3815 1546 3817 1621 1

2289 1674 2657 1739 dominentur,
2689 1684 2745 1730 et
2778 1676 2853 1731 dii
2887 1678 3041 1732 multi
3077 1680 3167 1749 qui
3200 1682 3269 1736 ab
3304 1682 3425 1735 aliis
3461 1681 3748 1749 colantur,sal
3816 1712 3817 1743 ι

2292 1762 2449 1818 nobis
2479 1780 2615 1818 unus
2646 1766 2834 1831 Deus,’
2862 1782 2998 1822 unus
3027 1768 3313 1825 Dominus.
3355 1771 3484 1839 Quid
3508 1785 3649 1828 autem
3671 1793 3748 1830 αω-

2294 1870 2367 1909 ste
2395 1856 2468 1909 sit
2505 1858 2557 1911 in
2591 1857 2696 1912 diis
2729 1859 2931 1926 multis,
2968 1860 3051 1913 vel
3088 1862 3325 1916 dominis
3350 1863 3538 1931 multis,
3563 1865 3599 1919 si
3623 1867 3749 1921 intente

2292 1956 2346 2001 et
2378 1950 2646 2016 patienter
2678 1949 2897 2013 auditis,
2932 1951 3046 2021 ipsa
3073 1968 3171 2006 nos
3200 1951 3472 2021 Scriptura
3500 1957 3655 2024 poterit
3677 1960 3749 2013 edo-
3816 1978 3817 2007 γ

2291 2051 2438 2092 cere.
2473 2040 2565 2093 Ait
2593 2042 2737 2096 enim
2784 2042 2926 2097 idem
2959 2043 3134 2098 Moses
3185 2044 3238 2097 in
3271 2046 3635 2103 Deuteronomii
3667 2065 3748 2105 can-

2292 2130 2502 2184 tico“:
2538 2149 2557 2181 ι
2598 2132 2734 2187 Cum
2775 2133 3058 2199 divideret,
3104 2136 3303 2205 inquit,
3350 2137 3745 2212 Excelsaegentet.

2287 2230 2340 2275 et
2372 2221 2699 2292 diSpergeret
2732 2223 2871 2279 filios
2902 2225 3049 2291 Adae,
3081 2227 3273 2281 statuit
3303 2230 3547 2286 terminos
3567 2235 3743 2300 gentium,
3816 2228 3817 2275 ἰ

2286 2311 2584 2366 secundum
2640 2328 2927 2368 numerum
2975 2317 3290 2383 angelorum
3323 2320 3435 2386 Dei,
3477 2330 3528 2376 et
3562 2322 3666 2377 facta
3699 2337 3745 2377 est
3816 2334 3817 2339 ‘

2284 2401 2461 2468 portio
2488 2401 2699 2457 Domini
2731 2406 2961 2473 populus
2990 2406 3108 2475 ejus
3139 2408 3332 2473 Jacob,
3383 2411 3622 2467 funiculus
3640 2414 3745 2468 bare-

2283 2488 2466 2543 ditatis
2491 2490 2607 2560 ejus
2634 2490 2819 2547 lsrael.
2845 2512 2865 2545 ι
2908 2494 3141 2565 Angelos
3186 2497 3356 2567 igitur
3385 2500 3511 2570 (i9),
3535 2503 3679 2569 quibus
3698 2519 3745 2557 re-

2280 2581 2488 2649 gendas
2530 2592 2719 2648 gentes
2765 2587 3034 2642 commisit
3074 2588 3358 2656 Excelsus,
3392 2592 3472 2647 vel
3507 2592 3614 2649 deos
3634 2595 3747 2663 appel-

2279 2669 2400 2737 lari,
2426 2681 2481 2725 et
2512 2672 2762 2730 dominos
2812 2687 3059 2744 constat;
3093 2680 3224 2735 deos
3249 2683 3409 2751 quasi
3454 2697 3483 2736 a
3525 2683 3614 2738 Deo
3635 2688 3742 2747 datos.

2277 2770 2332 2815 et
2363 2763 2611 2819 dominos
2634 2766 2790 2834 quasi
2822 2781 2852 2820 a
2885 2767 3111 2837 Domino
3139 2773 3319 2826 sortiti
3352 2773 3459 2828 sint
3499 2783 3743 2844 potestatem.

2278 2851 2435 2909 Unde
2482 2863 2535 2909 et
2560 2854 2821 2918 Dominus
2864 2858 3083 2914 dicebat
3113 2863 3180 2916 ad
3226 2864 3447 2932 angelos
3470 2867 3551 2935 qui
3578 2881 3657 2920 non
3677 2882 3744 2920 su-

2275 2955 2543 3001 vaverunt
2589 2962 2746 3001 suum
2786 2950 3158 3018 principatum
3179 2953 3225 2984 “
3281 2970 3298 3007 :
3356 2971 3375 3005 ε
3402 2954 3506 3025 Ego
3540 2957 3625 3011 dixi
3658 2976 3668 3010 :
3697 2958 3744 3009 Di
3800 2946 3807 2963 ’

2273 3033 2427 3099 estis,
2477 3044 2532 3090 et
2562 3035 2657 3090 filii
2690 3037 2901 3095 Excelsi
2936 3054 3150 3097 omnes.
3193 3041 3307 3099 Vos
3342 3054 3514 3101 autem
3553 3055 3602 3099 ut
3642 3046 3745 3099 boui-

592 3115 775 3168 omnia
824 3116 1006 3183 simul,
1048 3121 1288 3175 nonnulli
1327 3133 1520 3191 putant
1561 3140 1682 3179 esse
1728 3141 1894 3181 unum
1947 3130 2172 3183 manda-
2198 3151 2241 3210 ρ
2276 3139 2376 3179 ﬂes
2407 3127 2736 3193 moriemini.
2788 3138 2844 3185 et
2872 3131 3016 3186 sicut
3044 3148 3185 3188 unus
3219 3134 3290 3189 de
3331 3136 3633 3206 principibus
3650 3138 3745 3193 rade-

594 3208 730 3292 t-um.
779 3203 932 3270 Quod
968 3208 1015 3262 si
1060 3210 1128 3262 ita
1165 3221 1404 3280 putetur,
1439 3229 1547 3269 non
1589 3217 1958 3286 complebitur
2010 3220 2169 3292 157

592 3288 777 3346 docent
822 3312 1080 3353 numerus
1116 3303 1514 3362 mandatorum.
1558 3306 1620 3359 Et
1664 3308 1753 3361 ubi
1775 3308 1887 3378 jam
1933 3288 2171 3368 eritDe-

589 3380 765 3451 calogi
820 3388 1055 3442 veritas?
1089 3388 1195 3445 Sed
1237 3393 1284 3447 si
1333 3408 1399 3449 eo
1434 3396 1591 3451 modo
1639 3398 1944 3467 dirimatur,
1976 3416 2085 3471 quo
2114 3414 2171 3458 et

592 3484 692 3525 nos
740 3472 793 3526 in
827 3478 1098 3546 superiori
1144 3484 1590 3550 pronuntiatione
1620 3487 1987 3556 distinximus,
2024 3492 2169 3548 inte-

589 3574 686 3628 ger
736 3563 921 3619 decem
973 3571 1349 3626 mandatorum
1400 3590 1659 3632 numerus
1710 3583 2011 3648 apparebit.
2075 3583 2167 3638 Est

587 3664 717 3720 ergo
768 3655 1000 3723 primum
1051 3663 1365 3717 mandatum
1388 3665 1480 3719 “z
1532 3666 1692 3721 «Non
1742 3680 1902 3723 erunt
1945 3671 2039 3726 tibi
2089 3674 2163 3730 dii

584 3741 676 3796 alii
725 3757 923 3813 prmter
974 3766 1095 3816 me;
1123 3772 1141 3804 ι
1184 3757 1478 3810 secundum
1509 3773 1642 3814 vero
1667 3760 1712 3791 ⁸⁸
1749 3779 1763 3815 :
1804 3781 1823 3813 ι
1849 3761 1963 3817 Νοη
1999 3764 2165 3822 facies

586 3834 683 3887 tibi
718 3837 938 3903 idolum,
991 3857 1165 3911 neque
1199 3847 1363 3899 ullam
1393 3848 1826 3920 similitudinem,
1856 3874 1901 3906 »ο
1923 3864 2030 3910 etc.
2062 3840 2163 3909 in-

583 3923 851 3991 cipiamus
903 3945 1031 4000 ergo
1070 3948 1100 3985 a
1156 3937 1332 4002 primo
1363 3940 1637 3996 mandato.
1691 3942 1796 3998 Sed
1843 3956 1898 3999 et
1932 3954 2162 4017 ego'au-

584 4015 717 4069 xilio
765 4018 982 4088 indigeo
1032 4025 1203 4092 ipsius
1236 4030 1330 4098 qui
1381 4032 1494 4087 haec
1529 4038 1788 4105 praecepit
1840 4015 2056 4103 Dei,vad
2083 4042 2165 4097 di-

584 4108 844 4175 cendum,
877 4123 932 4166 et
960 4128 1054 4168 vos
1083 4120 1487 4187 purgatioribus
1514 4127 1683 4194 egetis
1711 4129 1933 4183 auribus
1961 4132 2028 4185 ad
2065 4148 2161 4185 auo

584 4194 864 4254 diendum.
908 4200 965 4257 Si
1012 4206 1135 4273 quis
1185 4224 1315 4279 ergo
1363 4222 1603 4268 vestrum
1650 4218 1816 4272 habet
1860 4234 2018 4276 aures
2062 4237 2161 4276 au-

582 4288 789 4355 diendi,
840 4294 1026 4348 audiat
1055 4301 1324 4365 quomodo
1371 4302 1572 4358 dictum
1622 4317 1707 4362 est
1752 4326 1768 4363 :
1805 4309 1960 4365 «Non
1997 4324 2159 4369 erunt

584 4377 679 4433 tibi
722 4382 793 4435 dii
842 4384 933 4438 alii
965 4399 1162 4455 praeter
1199 4405 1345 4445 me.»
1392 4391 1451 4449 Si
1500 4396 1744 4463 dixisset,
1779 4400 1892 4454 Non
1923 4413 2049 4457 sunt
2081 4405 2154 4460 dii

2275 3216 2424 3281 tis;t
2481 3216 2761 3273 imitantes
2827 3220 3041 3277 scilicet
3088 3223 3390 3291 diabolum,
3452 3228 3534 3293 qui
3580 3228 3744 3295 princeps

2269 3307 2513 3361 omnium
2560 3308 2743 3365 factus
2784 3320 2868 3366 est
2897 3314 2963 3367 ad
3007 3314 3240 3369 ruinam.
3290 3316 3441 3373 Unde
3466 3318 3744 3385 consutun

2270 3398 2636 3455 exsecrabiles
2682 3400 2803 3456 illos
2852 3402 2983 3457 fecit
3030 3406 3429 3475 praevaricatio,
3474 3423 3567 3463 non
3603 3418 3742 3462 natura.
3816 3448 3817 3481 ι

2269 3488 2388 3543 Tibi
2420 3504 2574 3559 ergo,
2622 3505 2655 3545 ο
2682 3492 2913 3561 populus
2957 3509 3111 3549 meus
3140 3496 3335 3561 lsrael.
3365 3500 3455 3569 qui
3481 3514 3589 3570 pars
3612 3500 3743 3560 θείας.

2266 3581 2359 3649 qui
2411 3582 2679 3638 funiculus
2726 3584 3057 3641 btereditatis
3102 3586 3218 3655 ejus
3280 3588 3502 3645 effectus
3539 3606 3604 3655 es,
3648 3604 3740 3642 «non

2266 3681 2463 3739 erunt,
2522 3674 2696 3742 inquit
2738 3675 2805 3741 ⁸⁸³,
2858 3676 2951 3730 alii
2985 3678 3056 3732 dii
3110 3688 3311 3747 praeter
3344 3696 3457 3748 me;
3500 3683 3637 3751 iquia
3666 3694 3744 3732 tere

2266 3763 2407 3819 Deus
2435 3781 2573 3820 unus
2601 3777 2682 3820 est
2717 3766 2875 3831 Deus,
2909 3778 2964 3823 et
3002 3784 3126 3824 vere
3157 3772 3420 3827 Dominus
3450 3789 3573 3828 unus
3602 3782 3663 3827 est
3684 3773 3745 3825 Do-

2266 3856 2463 3911 minus.
2500 3855 2724 3912 Cteteris
2776 3873 2926 3925 vero,
2976 3862 3067 3931 qui
3100 3863 3167 3916 ab
3198 3863 3318 3932 ipso
3340 3867 3504 3919 creati
3526 3876 3743 3927 sutu,con-

2265 3945 2387 4000 tulit
2415 3963 2609 4001 nomen
2659 3949 2805 4004 istud
2836 3965 2941 4004 non
2989 3962 3203 4019 natura,
3256 3956 3355 4011 sed
3404 3960 3580 4026 gratia.
3618 3956 3743 4009 Verum

2264 4051 2333 4091 ne
2372 4038 2652 4094 existimes
2701 4041 2817 4096 haec
2855 4050 3059 4096 tantum
3092 4045 3157 4098 ad
3209 4045 3360 4100 illum
3386 4049 3487 4101 diei
3520 4046 3665 4107 Israel,
3688 4045 3741 4112 qui

2261 4130 2557 4184 Secundum
2606 4146 2825 4203 carnem
2864 4145 3023 4189 natus
3055 4145 3157 4189 est.
3202 4135 3372 4192 Multo
3420 4140 3578 4206 magis
3600 4138 3743 4192 haecad

2264 4230 2315 4275 te
2344 4224 2620 4290 dicuntur,
2660 4225 2750 4295 qui
2802 4226 2967 4280 Israel
3011 4226 3233 4284 elfectus
3259 4246 3322 4285 es
3360 4241 3529 4286 tuente
3550 4228 3745 4284 Deuntri-

2259 4315 2458 4381 dendo,
2485 4326 2540 4370 et
2561 4318 2922 4373 circumcisus
2959 4334 3017 4374 es
3046 4322 3228 4387 corde,
3254 4338 3365 4377 non
3395 4304 3743 4378 carne.'h'amet

2258 4405 2301 4458 si
2334 4406 2386 4459 in
2436 4422 2602 4462 carne
2638 4422 2828 4478 gentes
2857 4427 3065 4478 sumus,
3112 4413 3163 4466 in
3206 4416 3402 4483 spiritu
3438 4417 3741 4471 lsraelsumus

579 4479 776 4536 praeter
820 4490 927 4540 me,
963 4478 1267 4535 absolutior
1316 4497 1500 4541 sermo
1530 4488 1823 4544 videretur.
1878 4491 2029 4549 Nunc
2061 4510 2158 4549 au-
2188 4494 2233 4550 Ι)
2264 4504 2483 4563 propter
2524 4513 2645 4553 eum
2695 4502 2784 4569 qui
2828 4502 2966 4557 dixit
2989 4502 3037 4534 ”
3068 4521 3082 4556 :
3118 4478 3285 4560 «Pete
3314 4522 3345 4560 a
3378 4523 3461 4562 me
3482 4518 3530 4564 et
3553 4508 3662 4562 dabo
3686 4504 3743 4557 till

579 4566 687 4613 tem
740 4566 865 4632 quia
915 4568 1046 4622 dicit
1097 4590 1111 4625 :
1170 4572 1330 4628 «Non
1379 4586 1539 4632 erunt
1574 4579 1667 4633 tibi
1716 4581 1787 4635 dii
1832 4582 1923 4636 alii
1961 4596 2158 4652 praeter

580 4665 667 4706 me
692 4654 827 4725 ('28),
853 4677 871 4709 ι
907 4675 1012 4715 non
1046 4667 1259 4735 negavit
1285 4671 1409 4738 quia
1433 4671 1563 4736 sint,
1594 4674 1687 4727 sed
1718 4689 1786 4729 ne
1818 4674 1893 4728 illi
1923 4677 2031 4731 sint
2066 4681 2155 4734 cui

579 4741 696 4797 hzee
727 4750 905 4802 omnia
954 4766 1216 4825 przeccpta
1268 4762 1489 4828 dantur,
1536 4763 1794 4819 inhibuit.
1836 4766 1974 4822 Hinc
2022 4779 2153 4837 puto

578 4839 874 4926 apostolum
909 4840 1133 4899 Paulum
1182 4853 1481 4920 sumpsisse
1524 4855 1676 4920 illud,
1733 4860 1875 4926 quod
1927 4861 1993 4913 ad
2045 4862 2152 4917 Co-

578 4924 809 5022 rinthios
861 4934 1097 5003 scripsit,
1146 4938 1333 4996 dicens
1360 4942 1406 4975 “
1438 4961 1453 4999 :
1497 4963 1517 4997 ι
1547 4946 1602 5001 Si
1639 4924 1855 5015 quidem
1880 4962 2014 5005 sunt
2059 4956 2154 5022 qui

576 5014 833 5073 dicuntur
862 5022 956 5088 dii,
996 5026 1110 5082 sive
1162 5029 1213 5084 in
1243 5033 1404 5097 cmlo,
1434 5035 1547 5091 sive
1597 5014 1850 5094 initerra.
1875 5058 1897 5093 ι
1962 5042 2029 5096 Ει
2057 5014 2155 5098 ad-

689 5125 702 5161 :
736 5126 755 5159 t
784 5108 849 5163 Et
870 5113 1022 5193 sicut
1058 5128 1184 5171 sunt
1216 5121 1287 5175 dii
1318 5123 1493 5190 tnulti,
1521 5136 1576 5181 et
1608 5128 1811 5184 domini
1846 5132 2022 5198 multi,
2058 5149 2156 5189 no-

574 5193 658 5249 bis
706 5207 880 5255 tamen
936 5219 1078 5261 unus
1108 5208 1248 5266 Deus
1274 5212 1455 5282 Pater,
1487 5232 1555 5272 ex
1591 5234 1698 5287 quo
1736 5223 1943 5289 omnia,
1973 5233 2027 5278 et
2053 5240 2152 5280 nos

572 5298 674 5353 per
705 5287 902 5359 ipsum,
942 5304 999 5350 et
1042 5313 1185 5355 unus
1230 5303 1493 5362 Dominus
1536 5307 1697 5365 Jesus
1742 5312 2010 5380 Christus,
2058 5331 2154 5386 per

642 5404 687 5476 ξ’
719 5407 892 5464 Exod.
918 5429 1010 5476 xx,
1043 5418 1097 5472 5.

570 5471 786 5560 glria],
815 5496 961 5560 in},
990 5471 1040 5560 ξ.
1086 5471 1092 5472 7
1122 5489 1165 5519 ”

572 5556 665 5609 xx,
690 5546 741 5600 5.
818 5551 865 5582 ⁸⁸
891 5553 1033 5609 Psal.
1062 5573 1121 5624 ll,
1144 5560 1197 5614 8.
1273 5561 1319 5593 ⁸⁵
1340 5546 1655 5637 manili},
1682 5569 1764 5628 10-

794 5645 962 5717 Alias,
1004 5670 1023 5702 ε
1058 5670 1163 5709 non
1205 5656 1391 5717 facins.
1421 5678 1444 5715 ι

646 5712 758 5781 (es;
784 5712 960 5789 Alias,
987 5738 1006 5773 ι
1031 5725 1102 5781 dii
1136 5725 1318 5785 alieni.
1345 5712 1365 5784 ὲ

2259 4597 2447 4657 gentes
2500 4591 2870 4649 haereditatem
2921 4605 3088 4661 tuam,
3135 4606 3188 4652 et
3240 4601 3618 4667 possessionem
3652 4608 3743 4653 tuam
3816 4624 3817 4629 π

2260 4681 2520 4737 terminos
2569 4692 2789 4742 terrae.»
2831 4687 2898 4742 Et
2928 4700 3150 4759 propter
3196 4706 3321 4746 eum
3376 4694 3464 4762 qui
3510 4693 3669 4747 iterum
3701 4688 3747 4739 di-

2258 4772 2340 4826 xit
2361 4771 2407 4807 "
2439 4792 2453 4828 :
2489 4774 2712 4841 «Pater,
2759 4780 2941 4833 omnia
2990 4798 3105 4836 mea
3154 4793 3241 4837 tua
3295 4794 3446 4852 sunt,
3498 4794 3546 4840 et
3573 4792 3744 4836 tuamea
3816 4820 3817 4852 ἦ

2255 4872 2402 4930 sunt,
2426 4876 2477 4920 et
2503 4866 2834 4933 gloriﬁcatus
2860 4885 2978 4925 sum
3004 4873 3056 4927 in
3092 4874 3196 4939 his,
3224 4894 3243 4925 ι
3274 4875 3321 4929 si
3353 4884 3525 4930 tamen
3553 4876 3613 4927 ita
3644 4883 3745 4938 agas.

2261 4962 2319 5008 ut
2350 4956 2545 5025 dignus
2577 4959 2654 5012 sis
2684 4974 2809 5027 pars
2840 4975 2961 5017 esse
2998 4963 3113 5027 Dei,
3147 4973 3201 5019 et
3237 4965 3288 5018 in
3332 4964 3565 5020 funiculo
3587 4960 3747 5019 haeredi-

2255 5046 2381 5100 tatis
2420 5046 2538 5115 ejus
2566 5050 2765 5104 metiri.
2805 5050 3017 5122 Alioqui
3047 5053 3090 5108 si
3136 5055 3359 5125 indigne
3394 5071 3540 5126 agas,
3571 5049 3747 5118 exemplo

2254 5136 2364 5189 sint
2393 5137 2490 5191 tibi
2536 5138 2634 5206 illi,
2687 5142 2781 5210 qui
2831 5144 2897 5196 ad
2930 5145 3034 5199 hoc
3061 5148 3236 5201 vocati
3269 5147 3504 5214 fuerant,
3551 5156 3601 5200 ut
3622 5149 3747 5198 essent
3816 5200 3817 5217 η

2254 5242 2379 5295 pars
2409 5228 2524 5296 Dei,
2571 5241 2624 5286 et
2667 5236 2905 5301 peccatis
2936 5237 3051 5291 suis
3098 5241 3200 5294 hoc
3238 5248 3568 5303 meruerunt,
3596 5234 3745 5290 ut‘dis-
3816 5254 3817 5275 ι

2252 5330 2610 5390 pergerentur
2634 5338 2731 5393 per
2761 5341 2951 5384 omnes
2977 5339 3186 5399 gentes.
3239 5332 3304 5385 Et
3339 5334 3432 5401 qui
3459 5333 3594 5402 prius
3619 5326 3744 5382 educti
3816 5362 3817 5391 ι

1203 5420 1594 5512 :jjyigigéﬁ,
1615 5427 1669 5482 6.
1706 5430 1811 5512 ut:
1841 5431 2012 5512 sxoa.
2068 5435 2278 5512 sx,5.__
2312 5438 2595 5512 ﬁ'ihidJ.
2672 5442 2915 5499 “lCor.
2966 5447 3243 5512 vm,5,~6.
3320 5447 3527 5502 "Psal.
3564 5436 3744 5512 mn;

1704 5499 1750 5588 τίς
1774 5499 1983 5559 Coloss.
2013 5519 2050 5573 ι,
2078 5506 2163 5561 16.

2274 5507 2465 5565 lDeut.
2500 5526 2671 5580 xxxtt,
2698 5512 2752 5576 8,
2780 5514 2835 5568 9.
2864 5531 2880 5547 ·
2910 5515 2955 5546 ⁸³
2977 5499 3128 5571 Ρδέιξ
3148 5499 3333 5588 iis”,
3369 5499 3522 5588 6—,‘7.
3569 5499 3743 5569 “Exod-

2313 5674 2423 5744 (29)
2452 5673 2588 5735 vtae
2624 5677 2715 5735 lib.
2742 5694 2782 5736 ιι
2821 5679 3032 5754 Origen.
3060 5697 3150 5753 qu.
3176 5683 3227 5743 5.
