3876 6498
88 418 173 476 553

90 540 271 601 l'uerant
293 529 357 584 de
387 525 547 581 domo
569 514 870 580 servitutis,

91 634 268 706 peccat,
314 633 507 677 servus
553 623 635 670 est
666 606 874 681 peccati
898 603 1014 669 "i)
1061 616 1168 656 non
1213 603 1232 668 j

92 692 219 783 solis,
248 717 338 771 sed
386 708 646 767 omnibus
678 698 930 772 gentibus
962 692 1226 750 serviunt.

93 775 262 873 et‘tibi,
305 803 401 875 qui
430 816 530 872 per
559 797 745 853 Jesum
772 789 1049 846 Christum
1088 780 1247 838 existi
1279 779 1345 834 de
1374 775 1632 846 Egypto,

86 884 138 964 et
156 904 212 959 de
241 864 394 955 domo
433 864 715 948 servitutis
745 885 977 940 eductus
1006 891 1065 931 es
1093 890 1108 929 :
1155 891 1174 924 ι
1197 871 1313 927 Νοη
1354 876 1515 924 erunt
1541 864 1634 920 tibi

97 998 155 1053 dii
181 992 256 1048 alii
283 995 479 1056 praeter
512 997 595 1037 me
619 979 687 1031 ⁸⁷.
713 996 732 1029 ι

154 1088 200 1141 5.
227 1082 349 1136 Post
392 1078 510 1131 haec
556 1070 837 1125 videamus
866 1062 995 1134 quid
1026 1058 1191 1116 etiam
1236 1052 1531 1111 secundum
1560 1046 1641 1101 vi-

99 1182 229 1237 detur
270 1170 550 1228 continere
580 1162 919 1219 mandatum.
967 1154 1123 1209 «Non
1174 1150 1347 1205 facies
1397 1144 1489 1200 tibi
1535 1139 1641 1211 ipsi
1740 1153 1841 1193 sun

99 1268 293 1329 idolum,
346 1273 525 1328 neque
568 1267 786 1311 omnem
838 1245 1253 1304 similitudinem
1289 1253 1474 1295 eorum
1524 1247 1644 1303 quae
1744 1246 1854 1285 nun

101 1372 209 1426 sunt
250 1358 295 1411 in
329 1353 491 1417 ctelo,
544 1348 631 1403 vel
682 1361 804 1416 qua:
851 1344 903 1398 in
935 1351 1097 1402 terra,
1127 1338 1209 1393 vel
1237 1351 1357 1406 quae
1383 1334 1435 1387 in
1466 1332 1643 1400 aquis,

100 1422 283 1521 etquae
328 1445 519 1502 snbtus
548 1450 753 1496 terram
777 1438 844 1490 ⁸⁸.
872 1455 889 1487 ι
932 1433 1117 1501 Longe
1155 1428 1299 1483 aliud
1326 1434 1451 1480 sunt
1483 1422 1645 1486 idola,

102 1557 148 1603 et
172 1513 300 1600 aliud
339 1539 433 1602 dii,
467 1536 611 1592 sicut
658 1532 773 1601 ipse
822 1543 921 1582 nos
968 1522 1320 1580 nihilominus
1356 1513 1649 1584 Apostolus

102 1641 255 1694 docet.
288 1630 425 1686 Nam
455 1629 521 1683 de
549 1625 653 1681 diis
680 1622 821 1678 dixit
842 1620 886 1652 ’τ’
921 1636 935 1672 :
968 1637 986 1669 ‹
1012 1616 1167 1671 Sicut
1213 1620 1339 1667 sunt
1369 1610 1440 1664 dii
1474 1605 1647 1669 multi,

101 1740 149 1785 et
170 1724 362 1783 domini
410 1719 631 1777 multi.»
676 1717 750 1770 De
797 1712 959 1768 idolis
991 1720 1172 1765 autem
1220 1704 1443 1766 dicit“,
1479 1720 1496 1751 ‹
1526 1699 1651 1768 quia
1752 1694 1917 1751 cultis
1965 1696 2020 1743 et
2074 1696 2235 1738 recou

101 1820 215 1879 nihil
235 1826 314 1873 est
341 1813 539 1869 idolum
571 1810 624 1864 in
654 1806 875 1861 mundo.
903 1822 921 1856 ι
959 1801 1109 1859 Unde
1140 1797 1269 1853 mihi
1296 1793 1511 1849 videtur
1543 1804 1649 1843 non

104 1909 394 1982 trapsitorie
436 1908 553 1961 haec
600 1901 796 1971 legisse
850 1911 969 1965 quae
1014 1894 1099 1948 lex
1136 1890 1286 1946 dicit.
1328 1886 1476 1940 Vidit
1509 1882 1653 1938 enim

103 2002 441 2060 dill‘crentiarn
466 2000 717 2056 deorum,
755 2002 808 2045 ct
838 1988 1143 2046 idolorum;
1174 1992 1227 2037 et
1256 1993 1469 2034 rursum
1499 1974 1656 2030 dilic-

104 2081 311 2153 rentiam
368 2088 659 2151 idolorum,
710 2092 765 2138 et
801 2078 1237 2136 similitudinum.
1290 2071 1423 2125 Nam
1459 2067 1549 2138 qui
1594 2066 1659 2120 de

103 2184 240 2242 idolis
263 2181 408 2235 dixit
438 2177 565 2247 quia
594 2148 702 2228 non
742 2178 888 2234 sunt,
921 2182 1026 2223 non
1067 2165 1214 2219 addit
1244 2162 1369 2233 quia
1404 2157 1659 2215 similitu-
1760 2153 1893 2210 dicit
1917 2148 1961 2181 ”

106 2278 238 2331 diues
263 2286 372 2327 non
406 2275 550 2323 sunt.
587 2264 690 2318 llic
720 2270 899 2315 autem
936 2257 1112 2313 dicit:

113 2369 201 2422 (Οὐ
225 2365 471 2434 ποιήσεις
496 2359 606 2429 ('50)
632 2352 839 2422 σεαυτῷ
914 2352 954 2419 οι-
973 2367 991 2399 (
1016 2348 1129 2403 Non
1146 2345 1310 2401 facies
1327 2340 1418 2397 tibi
1434 2340 1533 2409 ipsi
1549 2337 1663 2393 ido-

432 2452 552 2505 οὐδὲ
642 2446 842 2510 παντὸς
916 2429 1664 2506 lum,nequesimilitudinem

106 2551 362 2640 ομοίωμα..
420 2566 438 2597 ι
488 2542 647 2595 Ἀλλο
686 2539 841 2592 εἴδω·
917 2533 1179 2589 omnium.
1204 2548 1223 2582 ι
1256 2527 1412 2581 Aliud
1434 2534 1667 2592 estergo

108 2459 300 2516 εἴδωλον
341 2496 356 2520 ,

104 2635 205 2709 λον,
229 2640 543 2723 ηλδέτερον
570 2635 840 2707 ὁμοίωμα.

119 2738 385 2810 Ὀμοίωμα
422 2733 519 2804 μὲν
548 2730 657 2801 γάρ
678 2730 847 2790 ἐστιν,

110 2832 192 2887 ἐὰν
212 2830 370 2899 ποιῇς
395 2824 596 2896 ἰχθύος,
614 2822 647 2892 ἢ
665 2835 853 2891 τετρα-

114 2921 276 2983 πόδου,
324 2920 360 2988 ἢ
400 2916 589 2986 Θηρίου
631 2911 718 2965 διὰ
760 2927 851 2962 τε-

114 3012 408 3086 χνουργὶας,
447 3009 479 3080 ἢ
512 3006 599 3060 διὰ
634 3005 853 3075 ζωγρα-

115 3106 225 3175 φίας
274 3101 547 3173 ὁμοίωμα.
625 3094 855 3150 Εἴδωλον

112 3198 180 3261 δὲ,
228 3199 323 3250 ὃσα
366 3189 720 3248 ἁνατυποῦσα
749 3188 853 3258 ψυ-

115 3291 176 3361 χὴ
215 3291 374 3353 ποιεῖ,
435 3288 534 3339 οὐκ
576 3284 636 3347 ἐξ
682 3284 859 3353 ύπαρ⁴

114 3383 299 3452 χόντων
324 3377 718 3451 πρωτοτύπως·
745 3355 873 3426 οἷον

116 3472 548 3545 ἀναμεμιγμένον
604 3469 665 3522 τὸ
721 3466 859 3531 ζῶον

113 3566 213 3620 ἀπὸ
235 3563 525 3636 ἀνθρώπου
555 3562 649 3615 καὶ
668 3560 859 3614 ἵππου.

119 3658 400 3728 serpentis,
452 3655 540 3711 vel
572 3653 711 3716 avis,
757 3658 814 3704 et
863 3653 1071 3703 statuat
1122 3642 1268 3697 illam
1325 3636 1684 3700 adorandam,

119 3725 216 3802 non
248 3749 480 3812 idolum,
535 3745 631 3800 sed
660 3739 1073 3797 similitudinem
1104 3733 1258 3789 fecit.
1314 3728 1411 3785 Vel
1442 3727 1606 3783 etiam
1638 3725 1683 3780 si

119 3842 380 3910 picturam
415 3840 484 3894 ad
516 3839 623 3894 hoc
666 3838 844 3905 ipsum
876 3837 1105 3897 statuat,
1138 3824 1495 3881 nihilominus
1526 3818 1687 3875 simi-

121 3932 393 3987 litudinem
446 3929 640 3984 fecisse
671 3924 931 3981 dicendus
962 3930 1068 3977 est.
1139 3917 1344 3972 Idolum
1382 3927 1513 3968 vero
1559 3910 1691 3967 facit

122 4025 221 4087 ille,
253 4024 344 4093 qui
378 4022 677 4085 secundum
704 4013 1024 4086 Apostolum
1050 4011 1341 4073 dicentem,
1376 4005 1501 4075 quia
1530 4021 1548 4055 ι
1575 4003 1690 4057 itio-

120 4116 223 4171 lum
257 4115 401 4170 nihil
432 4123 532 4177 est,
559 4131 577 4165 ι
609 4110 741 4164 facit
766 4109 911 4179 quod
940 4122 1049 4162 non
1082 4112 1185 4159 est.
1225 4101 1364 4167 Quid
1396 4108 1481 4153 est
1508 4103 1688 4149 autem

122 4209 256 4276 quod
288 4223 401 4262 non
437 4205 558 4261 est?
587 4202 809 4273 Species
836 4215 996 4269 quam
1031 4212 1135 4252 non
1170 4194 1304 4249 vidit
1347 4190 1559 4254 oculus,
1595 4185 1693 4241 sed

124 4299 233 4369 ipse
260 4300 364 4353 sibi
399 4297 617 4351 animus
647 4294 818 4364 lingit.
858 4289 1021 4345 Verbi
1055 4286 1254 4357 gratia,
1288 4292 1349 4336 ut
1375 4282 1418 4335 si
1447 4281 1568 4348 quis
1595 4278 1695 4331 liu-

124 4398 293 4447 manis
322 4388 590 4446 membris
618 4396 784 4455 caput
814 4384 986 4445 canis,
1018 4387 1112 4433 aut
1147 4376 1333 4431 arietis
1362 4373 1578 4437 formet,
1609 4368 1695 4423 vel

125 4497 334 4538 rursum
387 4482 447 4535 in
483 4493 591 4533 uno
622 4476 856 4531 hominis
887 4472 1073 4527 habitu
1104 4470 1239 4522 duas
1286 4466 1457 4522 facies
1482 4450 1693 4533 iliugat,

1241 377 1312 435 IN
1351 370 1641 433 EXODUM
1679 364 1969 426 HOMILIA
2006 361 2141 419 Vlll.

1745 1331 1833 1379 cat
1873 1321 1937 1375 de
1967 1315 2101 1379 sole,
2130 1320 2185 1366 et
2214 1308 2363 1368 luna,
2400 1309 2455 1355 et

1759 1882 2019 1949 ipsorum,

1755 1971 1983 2029 formas,
2020 1974 2138 2030 quae

1759 2246 1834 2300 ιι».
1862 2263 1880 2295 ι
1925 2240 2019 2295 llis
2067 2235 2213 2290 enim
2260 2224 2454 2283 formis

922 2626 1105 2681 facere
1150 2620 1375 2684 idolum,
1422 2617 1566 2671 aliud
1595 2615 1671 2669 si-

922 2718 1307 2774 militudinem.
1386 2710 1453 2765 Et
1503 2708 1675 2777 siqui-

924 2813 1044 2867 dem
1076 2808 1337 2881 Doitﬁnus
1382 2817 1480 2857 nos
1510 2800 1576 2853 ad
1608 2812 1674 2854 ea
1774 2798 1955 2870 aquis,
1990 2804 2047 2848 et
2076 2794 2130 2845 in
2162 2785 2321 2843 caelo.

923 2920 1041 2976 qua:
1066 2901 1294 2959 dicenda
1320 2904 1446 2953 sunt
1475 2894 1677 2949 illumi-

926 3013 1057 3054 nare
1080 2998 1354 3066 dignetur,
1378 3005 1478 3060 ego
1496 2989 1574 3044 sic
1592 3002 1677 3042 ar-

926 3094 1098 3148 bitror
1111 3087 1483 3158 accipiendum
1514 3081 1678 3152 quod,

928 3183 1079 3239 verbi
1132 3194 1317 3243 causa,
1377 3177 1424 3232 si
1465 3175 1586 3245 quis
1622 3174 1675 3227 in
1706 3184 1751 3247 ο
1786 3170 1947 3225 Ἀλλο
1971 3159 2314 3237 προσκυνεῖν,
2337 3150 2431 3207 καὶ
2453 3148 2538 3204 ἄλ-

927 3237 1169 3346 quolibet
1196 3237 1415 3327 metallo
1448 3237 1566 3323 auri
1592 3267 1680 3322 vel
1710 3237 1751 3247 '
1784 3262 1845 3314 λο
1868 3253 2173 3327 λατρεύειν.
2214 3248 2274 3300 '0
2309 3243 2404 3315 μὲν
2430 3237 2538 3307 γὰρ

929 3330 1160 3443 argenti,
1192 3368 1275 3422 vel
1305 3366 1459 3436 ligni,
1493 3364 1575 3419 vel
1604 3364 1682 3416 la-
1787 3354 1847 3417 ἐξ
1883 3350 2008 3419 ὅλης
2052 3341 2229 3415 ψυχῆς
2278 3330 2540 3389 δουλεύων

932 3432 1500 3532 ρίιῖἰεΐεεὶειιερέείειη
1523 3449 1684 3519 158
1785 3443 2016 3503 τούτοις,
2052 3437 2111 3490 ού
2164 3432 2322 3504 μόνον
2372 3440 2543 3495 προσ-

936 3514 1684 3623 quadrupedis-alicttjus,vtre1
1788 3534 1960 3595 κυνεῖ,
1988 3527 2124 3583 ἀλλὰ
2144 3523 2238 3577 καὶ
2269 3514 2539 3588 λατρεύει.

1802 3630 1861 3683 '0
1899 3626 1956 3680 δὲ
1996 3614 2543 3688 καθυποκρινόμενος,

1791 3720 1885 3775 καὶ
1932 3715 2020 3770 διὰ
2065 3712 2134 3767 τὰ
2179 3708 2305 3777 ἔθνη
2354 3700 2542 3764 ποιῶν,

1792 3817 1854 3871 οὐ
1880 3809 2131 3884 λατρεύει
2158 3805 2276 3876 μὲν,
2310 3815 2547 3873 προσκυ-

1793 3910 1875 3962 νεῖ
1891 3904 1968 3959 se.
2012 3900 2281 3971 Εὑρήσεις
2300 3894 2357 3946 δὲ
2376 3887 2550 3943 τοιού-

1793 4015 1919 4061 τους
1982 3997 2040 4048 ὲν
2096 3993 2207 4053 τοῖς
2275 3983 2552 4057 Ἀριομοῖς

1796 4090 2181 4167 χαριζομένους
2202 4081 2432 4153 γυναιξὶ,
2458 4079 2551 4133 καὶ

1798 4186 1991 4241 εἴδωλα
2024 4178 2479 4252 προσκυνοῦντας.

1784 3006 1802 3040 ι
1826 2984 1899 3039 oe
1918 2975 2311 3052 προσκυνήσεις
2327 2964 2529 3024 αὐτοῖς,

1758 2058 1987 2115 lestibus
2011 2029 2314 2105 iivocat“.
2380 2039 2456 2091 De
2502 2035 2632 2106 ipsis
2667 2029 2936 2091 fortassis,

1966 2188 1982 2213 ,
2015 2145 2143 2216 quia
2186 2135 2537 2194 «inebriatus
2584 2136 2667 2182 est
2696 2122 2908 2192 gladius
2948 2130 3101 2172 meus
3136 2112 3189 2166 in
3221 2122 3339 2165 cte-

2499 2228 2555 2275 et
2601 2208 3050 2272 similitudinibus
3084 2203 3343 2258 invocare

1763 2330 2030 2398 daemonia
2060 2323 2230 2380 moris
2280 2326 2364 2373 est
2396 2314 2483 2377 iis,
2514 2307 2711 2379 quibus
2751 2301 2878 2356 talia
2909 2311 3055 2353 cura:
3083 2300 3230 2358 sunt,
3256 2287 3347 2342 vel

1765 2385 2208 2492 adﬁirepcllenda,
2258 2409 2344 2465 vel
2396 2404 2561 2459 etiam
2608 2397 2673 2453 ad
2735 2391 2956 2448 vitanda
3006 2385 3169 2448 mala,
3221 2393 3347 2450 quae

1767 2472 1831 2482 -υ
1886 2472 2073 2492 "rm-
2192 2472 2205 2479 -

1767 2533 1911 2576 nunc
1945 2526 2127 2571 sermo
2158 2508 2250 2562 Dei
2302 2502 2554 2558 universa
2587 2486 2957 2557 complectens
3005 2474 3165 2533 simul
3196 2472 3351 2541 abju-

1769 2622 1856 2670 rat
1888 2620 1945 2667 et
1982 2606 2194 2677 abiicit,
2223 2610 2279 2656 et
2309 2611 2419 2654 non
2463 2588 2635 2647 solum
2668 2580 2869 2637 idolum
2908 2572 3025 2629 lleri
3052 2575 3225 2630 vetat,
3253 2564 3349 2619 sed

1772 2654 1856 2670 ....
1890 2654 1945 2667 ν.
1982 2654 2194 2677 _-,.---,
2233 2654 2271 2656 η

1771 2715 1825 2763 et
1876 2698 2283 2759 similitudinem
2318 2686 2561 2744 omnium
2592 2690 2711 2747 qua:
2745 2671 2800 2726 in
2834 2679 2980 2723 terra
3025 2670 3182 2727 sunt,
3206 2664 3263 2714 et
3294 2654 3351 2709 in

3198 342 3305 399 εει

902 523 1049 567 nunc
1069 519 1284 564 rursum
1313 500 1464 574 (quia
1493 516 1514 551 ι
1536 497 1627 567 qui
1656 497 1706 555 Α
1732 492 1845 547 haec
1893 488 2073 546 sciens
2107 481 2420 555 Apostolus,
2471 475 2604 532 dicit
2628 473 2697 539 “,
2731 488 2749 523 ι
2771 467 2896 541 quia
2929 462 3129 520 idolum
3170 460 3312 516 nihil

1221 559 1331 662 iani
1356 559 1630 662 .Aigyptiis
1730 593 1814 639 est
1847 582 1899 636 in
1931 578 2151 634 mundo.
2179 594 2198 626 ι
2233 572 2351 627 Non
2386 569 2531 624 enim
2565 566 2744 636 aliqua
2790 575 2857 615 ex
2894 559 3054 613 rebus
3094 563 3313 610 exstan-

1266 688 1408 756 Ergo
1432 644 1639 738 dicitur
1734 678 1878 733 tibus
1922 669 2223 729 assumitur
2271 662 2501 734 species,
2532 659 2628 713 sed
2658 655 2800 726 quod
2836 653 2949 721 ipsa
2984 648 3087 704 sibi
3137 644 3311 699 otiosa

1735 783 1894 826 mens
1933 774 1988 819 et
2032 760 2252 817 curiosa
2305 752 2596 824 repererit.
2658 743 2972 802 Similitudo
3021 752 3155 794 vero
3206 743 3311 797 est,

1736 877 1859 917 cum
1908 853 2115 924 aliquid
2170 865 2237 904 cx
2292 846 2378 902 his
2429 855 2550 913 quae
2597 846 2724 893 sunt
2757 835 2840 889 vel
2892 834 2945 887 in
2978 830 3116 884 cmlo
3145 825 3228 881 vel
3260 825 3313 878 in

1739 965 1907 1017 terra,
1946 948 2029 1001 vcl
2057 947 2109 999 iu
2143 941 2319 1012 aquis,
2371 935 2659 993 formatur,
2691 928 2834 983 sicut
2877 920 3125 992 superius
3172 916 3316 970 dixi-

1741 1036 1882 1101 mus.
1927 1042 2309 1096 Verumtamen
2347 1044 2453 1083 non
2501 1024 2645 1078 sicut
2691 1015 2877 1101 de_iis
2909 1026 3030 1082 quae
3077 1010 3132 1062 in
3174 1016 3319 1060 terra

1849 1144 1868 1188 t
1894 1133 1979 1189 vel
2007 1131 2061 1186 in
2086 1126 2221 1182 mari
2247 1114 2697 1178 similitudinibus
2719 1081 3060 1176 iu’promptu
3087 1108 3169 1153 est
3193 1110 3323 1166 pro-

1863 1227 2021 1287 tiare,
2054 1222 2127 1275 ita
2160 1218 2321 1272 etiam
2352 1211 2419 1265 de
2467 1200 2784 1262 coelestibus
2817 1210 2833 1250 :
2865 1193 2967 1250 nisi
3016 1191 3064 1246 si
3091 1189 3214 1259 quis
3241 1186 3324 1241 di—

2485 1296 2654 1353 stellis
2686 1293 2791 1348 hoc
2821 1300 2983 1358 posse
3011 1280 3219 1337 sentiri.
3258 1277 3327 1332 Et

1748 1418 1941 1471 horum
1990 1416 2225 1473 namque
2266 1400 2472 1452 formas
2503 1387 2814 1458 exprimere
2858 1376 3134 1449 gentilitas
3164 1369 3325 1425 solet.

1751 1508 1855 1564 Sed
1891 1503 2016 1574 quia
2050 1460 2269 1567 Mo'yses
2320 1486 2568 1544 eruditus
2599 1487 2719 1534 erat
2771 1475 2825 1529 in
2879 1468 3025 1527 omni
3061 1460 3330 1535 sapientia

1751 1556 2165 1671 Egyptiorum;
2183 1586 2349 1642 etiam
2376 1594 2437 1635 ca
2476 1589 2596 1645 quae
2637 1568 2777 1640 apud
2813 1566 2933 1621 illos
2961 1567 3121 1615 erant
3155 1556 3208 1611 in
3234 1567 3332 1607 oc-

2244 1674 2391 1739 ditis,
2442 1666 2739 1740 prohibere
2791 1656 3041 1727 cupiebat
3093 1668 3109 1704 :

1760 1784 1903 1842 verbi
1933 1792 2118 1842 causa,
2146 1783 2204 1828 ut
2246 1784 2341 1824 nos
2377 1775 2594 1833 quoque
2637 1749 3086 1826 appellationibus
3116 1750 3337 1797 utamur

2056 1840 2293 1923 Hecaten
2320 1870 2482 1927 quam
2515 1853 2720 1912 dicunt,
2755 1846 2998 1913 aliasque
3021 1840 3336 1893 dicmonttm

3168 1647 3331 1708 sicut,

2605 2961 2781 3017 neque
2800 2941 2946 2999 coles
2968 2953 3029 2993 ea
3046 2936 3165 2988 ⁸³⁸.»
3200 2930 3361 2987 Aliud

1780 3078 1901 3133 οὐδὲ
1932 3031 2250 3142 λατρεύσεις
2278 3060 2481 3119 αὐτοῖς.
2510 3072 2528 3104 ι
2607 3053 2692 3102 est
2711 3040 2910 3104 colere,
2936 3031 3085 3089 aliud
3110 3031 3358 3091 adorare.

2610 3136 2642 3142 _
2781 3138 2789 3142 ,
2920 3126 2960 3142 ,ζ
3009 3119 3278 3142 ,μμ-’,Μ
3308 3121 3358 3142 Δ.

2610 3136 2798 3191 Potest
2842 3126 2966 3197 quis
3009 3119 3281 3183 interdum
3306 3121 3365 3171 et

2611 3228 2817 3285 invitus
2881 3221 3138 3280 adorare,
3217 3211 3366 3266 sicut

2612 3317 2857 3378 nonnulli
2888 3312 3104 3385 regibus
3141 3304 3368 3363 adulan-

2613 3427 2715 3483 tes,
2747 3428 2872 3469 cum
2898 3423 2993 3465 eos
3021 3406 3086 3460 ad
3118 3401 3371 3469 hujusce-

2614 3510 2757 3568 modi
2782 3505 2961 3563 studia
2987 3500 3198 3557 deditos
3220 3494 3372 3550 vide-

2616 3609 2749 3671 rint,
2802 3601 3032 3657 adorare
3088 3610 3148 3650 se
3198 3592 3371 3648 simu-

2617 3700 2730 3755 lant
2758 3696 2923 3759 idola,
2966 3706 3090 3747 cum
3125 3689 3179 3743 in
3210 3683 3374 3740 corde

2621 3794 2861 3866 ipsorum
2885 3797 3092 3845 certum
3126 3782 3219 3846 sit,
3246 3778 3373 3849 quia

2621 3890 2755 3945 nihil
2786 3895 2870 3942 est
2896 3881 3124 3940 idolum.
3182 3874 3378 3932 Colere

2621 4000 2777 4049 vero,
2804 3991 2886 4037 est
2921 3970 3037 4034 toto
3062 3974 3147 4030 his
3177 3969 3377 4027 all‘ectu

2623 4091 2678 4135 et
2725 4077 2905 4135 studio
2952 4066 3273 4139 mancipari.
3303 4062 3381 4120 Il-

2627 4181 2879 4239 trutnque
2895 4178 3027 4235 ergo
3044 4166 3256 4217 resecat
3273 4170 3385 4211 ser-

1800 4294 1889 4334 mo
1920 4275 2154 4333 divinus,
2212 4279 2271 4323 ut
2298 4280 2471 4336 neque
2519 4263 2716 4318 all'ectu
2751 4263 2921 4325 colas,
2978 4266 3159 4324 neque
3195 4246 3383 4319 specie

1801 4371 2018 4425 adores.
2090 4361 2386 4418 Sciendum
2438 4367 2641 4420 tamen,
2695 4353 2837 4426 quod
2900 4363 3025 4404 cum
3076 4339 3385 4399 decreveris

1804 4460 2058 4536 prmcepti
2111 4456 2228 4527 ejus
2256 4466 2477 4510 servare
2526 4449 2861 4507 Mandatum,
2919 4450 2973 4496 et
3009 4451 3197 4494 omnes
3221 4442 3386 4489 αξιο-

124 4585 215 4630 aut
240 4576 488 4630 humano
521 4570 730 4642 pectori
784 4578 1090 4637 postremas
1123 4542 1311 4633 partes
1336 4562 1457 4629 equi
1490 4568 1584 4613 aut
1620 4558 1703 4626 pi-
1736 4539 1780 4594 Ῑ)
1810 4573 1900 4613 ros
1936 4556 2065 4610 deos
2109 4559 2164 4606 et
2212 4549 2462 4604 dominos
2514 4540 2818 4611 repudiare,
2872 4543 2928 4589 et
2976 4540 3175 4603 praeter
3219 4538 3384 4579 unum

2572 4636 2583 4642 .
2751 4631 2763 4642 .
2825 4629 2835 4642 ι
2933 4640 2942 4642 -
2994 4623 3074 4642 ---ι
3105 4621 3269 4642 n--.....
3302 4613 3384 4642 ..ΔΙ

126 4668 235 4723 scis
263 4666 550 4736 adiungat.
610 4662 736 4717 Huic
765 4670 816 4715 et
851 4659 915 4712 iis
945 4656 1142 4712 similia
1171 4655 1261 4722 qui
1296 4653 1447 4716 facit,
1483 4666 1588 4706 non
1629 4651 1704 4705 si-

126 4760 511 4821 militudinem,
569 4754 662 4810 sed
714 4752 919 4809 idolum
968 4749 1118 4804 facit.
1181 4746 1333 4800 Facit
1375 4744 1519 4797 enim
1559 4741 1703 4810 quod

129 4864 233 4904 non
268 4859 383 4916 est,
437 4862 540 4902 nec
586 4846 751 4900 habet
784 4841 989 4911 aliquid
1023 4838 1199 4894 simile
1248 4836 1352 4892 sui.
1396 4834 1464 4888 Et
1504 4833 1707 4887 idcirco

736 4949 925 4989 VERSIO
960 4948 1120 4989 ΝονΑ.

1814 4653 1980 4707 Deum
2023 4654 2076 4700 et
2105 4643 2394 4698 Dominum
2444 4636 2711 4691 neminem
2751 4629 2952 4683 habere
2994 4623 3074 4676 vel
3105 4621 3271 4674 Deum
3302 4613 3389 4675 vel
3490 4629 3492 4631 ν

1813 4737 2122 4799 Dominum,
2155 4734 2255 4785 hoc
2299 4740 2382 4783 est
2415 4725 2613 4782 bellum
2664 4722 2783 4776 sine
2811 4717 3016 4771 foedere
3046 4710 3393 4767 denuntiasse

1812 4830 2064 4889 omnibus
2111 4808 2372 4881 caeteris.‘
2403 4820 2539 4875 Cum
2573 4829 2705 4885 ergo
2748 4812 2996 4867 venimus
3045 4806 3112 4861 ad
3161 4801 3391 4875 gratiam

2404 4923 2597 4966 νειιειο
2628 4920 2788 4961 NOVA.

196 5036 237 5105 σι-
261 5054 281 5086 (
309 5034 443 5088 Non
472 5033 631 5102 facies
655 5031 748 5105 tibi
772 5030 990 5105 idolum,
1016 5023 1366 5105 nequeullius
1407 5019 1716 5074 similitudi—
1889 5018 1967 5086 ἦ(
1997 5011 2118 5066 Νοη
2153 5007 2401 5062 adorabis
2427 5021 2510 5069 ea,
2546 5016 2709 5068 neque
2754 4995 2892 5050 coles
2939 5008 3021 5046 ea.
3048 5008 3068 5043 ›
3127 4985 3286 5040 Aliud
3318 4989 3398 5036 est

1448 5089 1501 5105 η.
1568 5089 1640 5105 .,.,
1876 5089 1887 5105 .
1948 5100 2043 5105 ,,_._
2094 5090 2135 5105 -.
2182 5079 2324 5105 ηιε...ι
2363 5069 2549 5105 -..κη’
2605 5072 2734 5105 Nam
2771 5067 2859 5105 nm“
2896 5075 3003 5105 mm
3047 5061 3220 5105 animo
3255 5053 3398 5105 hisce

129 5089 315 5187 item!
360 5089 526 5187 Aliud
565 5103 767 5186 idolum
796 5111 842 5153 et
889 5099 1038 5187 aliud
1081 5089 1395 5187 iimililiido.
1441 5089 1714 5187 summa-

130 5174 196 5253 do
228 5176 377 5253 euim
419 5184 494 5227 est
532 5176 578 5227 si
622 5173 799 5240 piscis,
823 5177 928 5250 .aut
976 5164 1493 5253 qttatlrupedisnau't
1538 5160 1716 5211 bestia

129 5244 482 5325 simulacrum
502 5230 1043 5325 'arte'aut'pingendo
1091 5230 1308 5313 feceris;
1360 5230 1560 5284 idolum
1596 5244 1713 5281 vero

128 5314 392 5393 quidquid
424 5314 629 5393 animus
655 5326 719 5364 ea:
746 5300 825 5362 liis
860 5300 977 5378 qua:
1011 5300 1263 5373 primario
1296 5320 1397 5355 non
1428 5300 1712 5359 exsistunt,

726 5381 738 5392 ο
898 5379 910 5389 ι
1085 5376 1097 5393 ι
1145 5375 1298 5393 r,,_._.°.
1336 5373 1467 5393 -“1..-
1485 5370 1529 5393 ul
1580 5369 1712 5393 -..ΑΛ

130 5369 311 5435 securi:
338 5384 453 5450 ipse
470 5381 760 5450 eﬂormarit
780 5395 798 5431 :
823 5369 1117 5447 cujusniodt
1141 5375 1299 5443 fuerit
1329 5370 1551 5435 animal,
1575 5369 1715 5439 quod

136 5452 338 5505 mistim
365 5454 574 5505 homine
604 5461 651 5505 et
690 5466 820 5519 equo
850 5456 1064 5501 constet.

143 5574 586 5670 .":Joan.vm,
621 5570 709 5625 '54.
785 5570 829 5600 ⁸⁷
850 5568 1017 5622 Exod.
1068 5581 1163 5625 xx,
1209 5564 1263 5617 '5.
1343 5560 1387 5593 ⁸⁸
1412 5557 1583 5614 Exod.
1638 5569 1792 5619 XXVI,

254 5646 391 5670 ..ιιηη
441 5658 489 5670 η..
545 5644 605 5670 la
705 5640 750 5670 σι
772 5639 848 5670 Ιιιη
906 5652 1070 5670 ντνιν
1120 5636 1151 5670 ἒξ
1249 5634 1315 5664 6³⁵
1344 5630 1515 5670 Fxnil,
1548 5643 1637 5670 ῐῖ-
1673 5625 1725 5670 εἰ-

202 5642 417 5712 Ephes.
441 5658 516 5708 vi,
545 5644 629 5697 l2.
705 5640 750 5671 ⁸³
772 5639 874 5694 lsa.
906 5655 936 5692 χ

211 5737 332 5810 ('50)
370 5739 459 5818 Οοὐ
494 5736 800 5819 ποιήσειςᾷ
831 5744 936 5817 etc.
989 5732 1176 5789 Graeca
1236 5728 1395 5800 hujus
1453 5739 1551 5782 nec
1593 5737 1699 5781 non

1786 5719 2031 5792 equentis
2077 5717 2342 5785 fragment

144 5806 537 5872 manuscriptis
566 5806 896 5864 Couibelisii.

946 5652 1092 5702 xxrv,
1118 5636 1172 5691 5.
1249 5634 1315 5664 ⁸³·
1344 5630 1520 5685 Exod.
1548 5643 1641 5691 xx,
1673 5625 1725 5679 5.

1817 5053 2046 5145 adtirare
2084 5090 2135 5136 et
2176 5079 2324 5132 aliud
2360 5053 2550 5130 colere:
2595 5053 2737 5126 Nam
2771 5067 2859 5136 qui
2895 5075 3003 5144 toto
3047 5061 3220 5145 animo
3255 5053 3398 5145 luga.

1822 5120 2045 5145 uuuruvv
2084 5120 2134 5136 νυ
2176 5120 2321 5132 νισι-ηπ
2360 5120 2550 5130 ,νην-ν,
2595 5120 2731 5126 -.τμη

1822 5159 2002 5219 servit,
2041 5168 2143 5206 non
2188 5149 2344 5219 modo
2378 5148 2586 5205 adorat,
2642 5120 2818 5195 verum
2873 5135 3032 5219 etiam
3085 5127 3231 5209 colit.
3293 5120 3401 5188 Qui

1822 5200 2002 5283 autem,
2028 5239 2134 5275 rem
2174 5218 2416 5272 simulate
2455 5230 2515 5267 ac
2542 5200 2750 5283 propter
2785 5215 2960 5283 genus
3003 5200 3402 5283 [acia-nonch-

1824 5261 1995 5283 "uicus
2030 5261 2134 5275 ,νυνι
2174 5261 2413 5272 -.Ι-’κυνισυν
2457 5261 2510 5267 .-ν
2581 5261 2586 5263 .
2610 5261 2625 5263 -
2677 5261 2709 5263 νὴ

1824 5301 1884 5352 lit
1925 5296 2156 5367 quidem,
2199 5291 2288 5342 sed
2325 5261 3115 5367 adoruthjrusmoniJrqperies
3140 5261 3217 5319 lin
3276 5261 3403 5314 Nu—

2108 5365 2115 5367 Α
2336 5357 2365 5367 ⁵.
2438 5356 2469 5367 ’³
2612 5353 2621 5367 ⁸
2678 5365 2712 5367 νλ
2763 5357 2808 5367 νν¹
2842 5346 2856 5367 -.
2910 5360 2927 5367 Α
2962 5359 2984 5367 -ι
3017 5358 3062 5367 ιιι
3087 5343 3235 5367 nun”,

1825 5343 2205 5433 quiut
2237 5356 2548 5413 mulieribus
2571 5343 2808 5423 placeant
2841 5345 2985 5398 idola
3012 5343 3236 5393 adorant

1835 5551 1889 5607 ll.
1965 5547 2058 5603 ⁸⁵1
2099 5548 2226 5604 Cor.
2284 5558 2405 5609 vtn,
2451 5539 2506 5595 5.
2582 5530 2861 5591 “ibid.4.
2935 5512 3401 5584 “lCor.vm,4.

2348 5709 2363 5765 i
2407 5707 2570 5764 verba
2623 5676 2906 5766 desumpta
2954 5698 3079 5749 sunt
3118 5703 3149 5744 e
3189 5681 3405 5743 schedia
