3876 6568
481 416 591 476 555

1952 408 2277 467 ORIGEMS

3657 419 3760 473 5.56

480 533 759 606 baptismi,
790 531 1062 590 universis
1090 529 1209 585 aliis
1234 531 1338 585 diis
1380 540 1435 586 et
1469 532 1707 589 dominis
1739 534 2061 588 renuntian-
2091 537 2135 594 Α
2168 547 2288 586 mus
2312 532 2378 585 ad
2412 528 2715 595 Christum,
2760 544 2885 586 cum
2940 529 3143 594 adhuc,
3199 538 3261 585 ιιι
3314 533 3573 601 superius
3626 536 3755 597 dixi,

483 638 589 690 tes,
617 625 787 680 solum
818 624 1147 680 conﬁtemur
1183 624 1351 678 Deum
1382 623 1621 691 Patrem,
1668 636 1722 681 et
1760 625 1975 692 Filium,
2004 636 2064 681 et

482 722 745 792 Spiritum
796 731 1070 776 sanctum.
1134 721 1240 776 Sed
1293 722 1396 776 hoc
1431 723 1770 783 conﬁtentes,
1808 723 1909 778 nisi
1950 732 2063 777 toto

480 814 645 869 corde
678 812 965 883 diligamus
1010 813 1298 868 Dominum
1335 814 1503 869 Deum
1552 824 1817 880 nostrum,
1849 826 1902 870 et
1949 825 2061 870 tota

478 906 679 968 anima,
712 914 765 960 et
799 914 908 959 tota
939 906 1139 960 virtute
1168 906 1547 961 adhmreamus
1581 908 1704 977 ipsi,
1737 923 1843 963 non
1872 924 2061 963 smnus

478 994 656 1052 effecti
687 1010 816 1066 pars
851 995 1101 1063 Domini;
1133 997 1228 1051 sed
1265 996 1408 1050 velut
1451 999 1502 1050 in
1540 998 1780 1052 conﬁnio
1824 999 2058 1067 quodam

476 1089 662 1159 positi,
694 1098 750 1142 et
778 1086 900 1142 illos
928 1086 1163 1143 offensos
1190 1089 1452 1156 patimur,
1480 1105 1616 1158 quos
1651 1091 1972 1160 refugimus,
2008 1101 2061 1145 et

477 1180 764 1233 Dominum
793 1180 859 1233 ad
900 1193 1061 1247 quem
1088 1179 1433 1250 confugimus
1483 1182 1779 1251 propitium
1817 1198 1922 1237 non
1947 1182 2062 1237 elli-

474 1270 671 1335 cimus,
702 1285 865 1341 quem
916 1287 1021 1325 non
1060 1286 1125 1326 ex
1166 1280 1278 1327 toto
1328 1280 1382 1326 et
1417 1273 1631 1345 integro
1676 1276 1841 1330 corde
1884 1276 2061 1345 diligi-

476 1378 619 1417 mus.
664 1363 729 1416 Et
757 1363 877 1416 ideo
898 1362 1046 1433 luget
1079 1378 1180 1419 nos
1223 1367 1487 1436 propheta
1522 1382 1658 1436 quos
1688 1367 1834 1423 videt
1871 1368 2055 1435 hujus-

475 1453 689 1506 cemodi
739 1453 1107 1508 inconstantia
1164 1453 1454 1521 fluctuare,
1505 1467 1561 1512 et
1600 1459 1849 1514 dicit“:
1899 1458 2056 1523 «Var,

476 1543 719 1613 duplices
749 1546 912 1599 corde
960 1555 1015 1599 et
1061 1549 1266 1602 animo.
1290 1566 1308 1599 ι
1352 1548 1423 1602 Ει
1452 1549 1648 1604 iterum
1672 1550 1715 1582 ⁸⁸
1751 1567 1764 1604 :
1805 1569 1825 1602 ι
1851 1549 2059 1620 Usque-

472 1652 583 1707 quo
612 1637 934 1692 claudicatis
979 1638 1226 1709 utrisque
1260 1640 1490 1709 genibus
1522 1642 1795 1697 vestris?»
1861 1644 1965 1699 Sed
2004 1654 2060 1700 et

473 1732 751 1797 apostolus
772 1728 1009 1784 Jacobus
1045 1732 1175 1785 dicit
1199 1732 1243 1763 °°
1282 1747 1297 1785 :
1335 1750 1353 1783 ι
1385 1733 1475 1786 Vir
1507 1734 1705 1802 duplex
1761 1737 1944 1793 animo
1976 1737 2059 1791 iu-

469 1830 734 1876 constans
766 1830 849 1875 est
896 1822 948 1876 in
985 1823 1237 1879 omnibus
1281 1824 1447 1882 viis.»
1514 1825 1712 1881 Smnus
1758 1842 1889 1897 ergo
1932 1845 2052 1895 nos,

471 1911 565 1980 qui
598 1926 703 1965 non
742 1911 953 1981 integra
1003 1926 1104 1967 nec
1141 1912 1383 1982 perfecta
1437 1916 1541 1972 ﬁde
1576 1889 1857 1987 sequimur
1887 1889 2053 1975 Deum
2090 1889 2129 1943 Β

470 2013 743 2067 nostrum,
789 2014 844 2059 et
892 2005 964 2059 ab
1014 2006 1208 2061 alienis
1253 2009 1582 2065 recessimus
1624 2012 1754 2076 diis,
1803 2014 1949 2068 velut
2002 2015 2053 2068 in

473 2096 651 2150 medio
684 2098 918 2165 quodam
972 2098 1213 2153 conﬁnio
1264 2100 1422 2167 positi
1455 2119 1468 2154 :
1503 2111 1556 2156 et
1587 2103 1655 2157 ab
1682 2103 1872 2160 alienis
1900 2108 2053 2175 quasi

426 2184 427 2187 “
466 2186 691 2258 fugaces
717 2190 994 2255 caedimur,
1020 2200 1072 2245 et
1095 2206 1124 2245 a
1148 2203 1334 2247 nostro
1358 2193 1587 2249 Domino
1609 2207 1861 2267 tanquam
1883 2200 2055 2255 insta-

466 2279 605 2335 biles
630 2290 685 2335 et
715 2281 860 2335 dubii
887 2298 992 2337 non
1020 2282 1387 2341 defendimur.
1420 2286 1614 2341 Annon
1646 2288 1747 2342 hoc
1768 2298 1872 2354 est,
1910 2292 2052 2360 quod

465 2379 521 2425 et
553 2372 830 2441 propheta!
863 2372 1187 2441 spiritaliter
1220 2373 1589 2444 imaginantur
1629 2378 1693 2431 de
1722 2380 2053 2435 amatoribus

466 2461 829 2528 Hierusalem,
859 2480 981 2518 cum
1010 2465 1220 2530 dicunt,
1255 2467 1381 2536 quia
1419 2478 1685 2525 amatores
1715 2473 1787 2525 tui
1815 2474 1912 2541 ipsi
1944 2474 2051 2527 ini-

465 2552 591 2607 mici
616 2552 743 2607 facti
769 2565 895 2608 sunt
922 2554 1020 2610 tibi
1040 2555 1119 2608 “7?
1142 2556 1215 2609 Ita
1238 2571 1370 2626 ergo
1398 2558 1638 2629 intellige
1662 2570 1713 2616 et
1731 2566 1923 2617 animae
1948 2573 2052 2618 tuze

468 2642 667 2698 multos
700 2644 865 2699 fuisse
898 2654 1189 2711 amatores,
1238 2648 1330 2717 qui
1368 2648 1621 2705 deleCtati
1674 2662 1801 2707 sunt
1849 2653 2049 2709 decore

465 2735 609 2803 ejus,
647 2751 769 2791 cum
800 2738 998 2806 quibus
1030 2739 1376 2793 meretricata
1410 2751 1514 2795 est.
1559 2742 1634 2797 De
1663 2744 1858 2812 quibus
1887 2756 1942 2801 et
1968 2747 2051 2801 di-

464 2828 690 2882 cebat“
736 2846 749 2882 :
792 2828 957 2883 tl’ost
999 2842 1274 2886 amatores
1317 2847 1468 2888 meos
1501 2833 1610 2898 ibo,
1639 2836 1730 2903 qui
1757 2836 1887 2890 dant
1916 2838 2047 2892 mihi

467 2917 629 2988 159
648 2918 829 2973 vinum
863 2935 1063 2986 meum,
1094 2930 1147 2977 et
1167 2922 1346 2978 oleum
1379 2939 1579 2988 meum,
1623 2943 1642 2977 ι
1700 2934 1756 2981 et
1815 2937 2042 2983 czetera.

466 3010 572 3065 Sed
608 3010 887 3081 venitjam
912 3011 1043 3066 illud
1079 3021 1314 3082 tempus,
1352 3025 1411 3069 ut
1436 3015 1645 3070 diceret
1677 3033 1690 3070 :
1726 3035 1745 3068 ι
1782 3016 2049 3072 Revertar

462 3102 531 3156 ad
561 3102 736 3156 virum
788 3118 967 3159 meum
1007 3105 1288 3173 priorem,
1318 3107 1469 3176 .quia
1506 3106 1701 3164 melius
1744 3109 1877 3164 tnilii
1927 3120 2048 3166 erat

466 3202 616 3258 tunc,
654 3210 815 3264 quam
869 3196 1051 3251 modo.
1099 3214 1120 3249 ι
1164 3196 1432 3268 Regressa
1487 3213 1547 3254 es
1580 3215 1710 3269 ergo
1757 3201 1826 3255 ad
1868 3202 2043 3257 virum

464 3295 615 3339 tuum
649 3287 912 3356 priorem,
956 3287 1229 3343 offendisti
1260 3290 1380 3343 sine
1404 3291 1570 3358 dubio
1612 3302 1886 3349 amatores
1925 3305 2047 3351 tuos

465 3393 587 3432 cum
617 3379 816 3447 quibus
845 3378 1114 3433 adulteria
1142 3383 1547 3437 eommittebas.
1582 3382 1697 3437 Nisi
1746 3400 1874 3455 ergo
1905 3402 2047 3442 nunc

467 3478 581 3524 tota
612 3468 717 3524 ﬁde
742 3485 1066 3540 permaneas
1095 3487 1217 3526 cum
1257 3474 1375 3527 viro
1412 3482 1527 3540 tuo,
1562 3486 1617 3530 et
1677 3484 1789 3531 toto
1848 3477 1896 3531 ei
1952 3492 2049 3533 ore

464 3562 770 3633 glutiueris,
806 3578 870 3619 ex
929 3565 1116 3619 multis
1163 3565 1468 3621 sceleribus
1524 3582 1646 3636 quae
1701 3569 2049 3637 commisisti,

463 3666 717 3728 suspecta
752 3673 812 3713 es
847 3658 921 3723 ei,
945 3659 1125 3714 omnis
1156 3669 1335 3715 motus
1362 3670 1502 3725 tuus,
1539 3671 1595 3716 et
1619 3672 1871 3731 aspectus
1903 3671 2047 3728 tuus,

463 3750 582 3820 ipse
614 3751 780 3805 etiam
812 3750 1083 3818 incessus,
1123 3750 1169 3805 si
1226 3750 1391 3806 fuerit
1444 3752 1824 3822 negligentior,
1859 3752 2050 3822 displi-

467 3844 639 3898 cebit.
673 3840 819 3896 Nihil
856 3843 999 3897 ultra
1032 3843 1087 3896 in
1126 3851 1178 3897 te
1212 3841 1476 3898 lascivum
1509 3844 1714 3908 videre,
1755 3844 1889 3898 nihil
1935 3844 2049 3897 dis-

462 3934 703 3988 solutum
736 3943 794 3988 et
818 3934 1106 4004 prodigum
1138 3945 1341 4005 potest.
1376 3935 1448 3989 At
1489 3934 1578 3987 ubi
1607 3950 1796 4004 parum
1831 3936 2048 4004 quidem

461 4042 495 4082 a
525 4028 643 4083 viro
689 4037 781 4083 tuo
827 4028 1149 4095 diverteris}
1172 4042 1382 4091 ocmos,
1446 4027 1630 4080 statim
1690 4041 1914 4081 necesse
1966 4038 2052 4081 est

466 4119 783 4175 memoriam
833 4120 948 4175 fieri
981 4120 1250 4189 priorum.
1313 4117 1380 4173 Ut
1415 4134 1545 4187 ergo
1608 4118 1787 4187 priora
1842 4119 2046 4182 deleas,

468 4222 524 4267 et
550 4211 685 4265 ﬁdes
712 4211 809 4267 tibi
844 4212 1020 4280 possit
1073 4211 1262 4265 haberi
1308 4212 1362 4266 in
1419 4210 1665 4278 reliquis,
1722 4226 1829 4265 non
1889 4212 2049 4266 modo

465 4303 736 4374 agendum
785 4303 877 4357 tibi
905 4303 1037 4357 nihil
1076 4312 1161 4357 est
1187 4303 1541 4373 impudicum,
1571 4305 1666 4359 sed
1694 4319 1763 4357 ne
1812 4304 2052 4374 cogitan-

466 4395 595 4450 dam
622 4394 863 4462 quidem.
892 4392 1029 4448 Vide
1057 4393 1201 4448 enim
1236 4394 1377 4463 quod
1411 4394 1672 4464 scriptum
1700 4404 1781 4449 est
1804 4412 1818 4449 :
1843 4414 1861 4448 ι
1890 4396 2047 4460 Cum,

468 4486 648 4553 inquit
697 4485 764 4551 ⁸³,
802 4485 1119 4540 immundus
1169 4486 1399 4555 spiritus
1446 4485 1644 4540 exierit
1693 4485 1761 4540 ab
1809 4487 2049 4561 homine,

472 4578 624 4631 vadit
651 4592 749 4646 per
778 4576 898 4634 loca
936 4578 1114 4643 arida,
1149 4578 1349 4647 quaerit
1379 4578 1646 4645 requiem,
1671 4588 1725 4633 et
1749 4594 1856 4633 non
1892 4578 2050 4634 inve-

2168 624 2542 680 fornicaretur
2576 624 2755 677 anima
2821 632 3009 679 nostra
3074 639 3103 676 a
3142 622 3276 690 Deo,
3309 632 3365 678 et
3412 636 3565 680 esset
3634 642 3754 681 cum

2165 717 2503 773 amatoribus
2530 716 2645 773 suis
2668 715 3030 773 dazmonibus.
3055 717 3162 772 Sed
3181 726 3540 787 posteaquam
3573 722 3719 775 dixit
3743 742 3755 777 :

2168 827 2189 861 ι
2221 809 2482 864 Revertar
2512 810 2577 864 ad
2602 810 2781 865 virum
2809 825 2990 865 meum
3021 811 3299 879 priorem;
3337 830 3357 865 ι
3391 822 3447 867 et
3484 813 3647 867 venit
3700 818 3755 867 ad

2162 900 2465 967 Christum,
2504 900 2595 971 qui
2640 916 2758 955 eam
2805 915 2871 956 ex
2923 901 3080 956 initio
3127 903 3195 957 ad
3248 904 3548 974 imaginem
3608 920 3755 958 suam

2163 997 2389 1058 creavit,
2432 996 2744 1050 necessario
2804 996 2983 1051 locum
3045 995 3195 1051 dedit
3252 998 3470 1054 adulter
3506 998 3753 1067 spiritus.

2162 1088 2252 1141 ubi
2283 1087 2417 1141 vidit
2452 1087 2752 1158 legitiunnn
2788 1087 2988 1141 virum.
3028 1086 3277 1158 Suscepti
3323 1104 3459 1161 ergo
3505 1106 3707 1147 sumus
3730 1110 3755 1145 ε

2162 1180 2410 1245 Christo,
2448 1190 2503 1234 et
2552 1180 2808 1233 mundata
2839 1181 3144 1235 estdomus
3190 1193 3375 1236 nostra
3428 1197 3460 1236 a
3516 1186 3755 1252 peccatis

2161 1273 2455 1342 prioribus,
2487 1279 2541 1327 et
2562 1278 2755 1326 ornata
2785 1279 2871 1326 est
2893 1274 3239 1327 ornamentis
3273 1286 3753 1329 sacramentorum

2164 1365 2428 1429 ﬁdelium,
2461 1380 2582 1434 qua:
2625 1372 2822 1418 norunt
2856 1362 2951 1433 qui
3006 1364 3207 1419 initiati
3267 1377 3414 1421 sunt.
3462 1366 3577 1421 Sed
3655 1383 3751 1421 non

2161 1458 2345 1511 statim
2389 1459 2580 1512 domus
2621 1457 2737 1511 haec
2802 1456 3168 1511 habitatorem
3208 1458 3410 1512 habere
3470 1458 3751 1513 Christum

2162 1560 2420 1618 meretur,
2439 1551 2538 1605 nisi
2571 1551 2643 1605 sit
2667 1550 2775 1604 vita
2800 1551 2920 1621 ejus
2958 1561 3013 1605 et
3039 1553 3390 1607 conversatio
3427 1553 3505 1607 ita
3536 1563 3752 1619 sancta,

2164 1645 2236 1698 ita
2277 1658 2419 1721 pura
2451 1652 2507 1698 et
2542 1642 3067 1706 incontaminabilis,
3109 1652 3167 1696 ut
3206 1644 3473 1713 templum
3508 1643 3605 1699 Dei
3637 1660 3753 1700 esse

2161 1743 2457 1786 mereatur.
2501 1731 2617 1784 Non
2657 1730 2801 1784 enim
2834 1731 3028 1785 domus
3056 1730 3168 1801 (55)
3209 1732 3412 1796 adhuc,
3454 1734 3557 1787 sed
3626 1744 3753 1786 tem-

2160 1827 2306 1895 plum
2347 1824 2654 1880 essedebet
2684 1824 2737 1877 in
2777 1838 2885 1891 quo
2911 1822 3120 1878 habitet
3163 1826 3326 1880 Deus.
3368 1824 3425 1878 Si
3469 1840 3609 1893 ergo
3664 1840 3749 1879 ae-

2164 1927 2376 1986 ceptam
2419 1919 2651 1987 gratiam
2687 1916 2950 1986 negligat,
2978 1926 3033 1969 et
3072 1915 3313 1984 implicet
3384 1931 3446 1970 sc
3519 1917 3751 1985 negetiis

2159 2006 2529 2074 saecularibus,
2568 2007 2829 2062 continuo
2874 2006 3103 2076 spiritus
3140 2005 3230 2060 ille
3269 2005 3595 2059 immundus
3638 2008 3749 2057 red-

2160 2101 2219 2167 il,
2260 2108 2314 2154 et
2372 2100 2615 2153 vindieat
2662 2098 2765 2153 sibi
2809 2099 3027 2152 domum
3069 2106 3378 2153 vacantem.
3422 2099 3495 2152 Et
3535 2114 3608 2153 ne
3657 2100 3748 2152 itc-

2160 2208 2276 2245 rmn
2327 2192 2501 2261 possit
2552 2191 2774 2260 expelli,
2833 2189 2974 2244 alios
3026 2204 3211 2244 secum
3269 2200 3486 2259 septem
3525 2190 3748 2259 Spiritus

2158 2286 2387 2340 adhibet
2455 2285 2772 2353 nequiores,
2808 2296 2862 2339 et
2900 2285 3036 2338 ﬁunt
3098 2284 3392 2338 novissima
3435 2283 3743 2351 hujusmndi

2158 2379 2398 2434 hominis
2431 2377 2614 2448 pejora
2651 2379 2932 2447 prioribus
2959 2394 2973 2442 ;
3000 2378 3124 2446 quia
3171 2376 3519 2432 tolerabilius
3574 2376 3747 2431 fuerat

2157 2484 2261 2523 non
2306 2470 2509 2524 redisse
2544 2469 2610 2522 ad
2650 2469 2824 2522 virum
2866 2470 3103 2538 priorem
3150 2470 3389 2522 animam
3422 2470 3600 2523 semel
3643 2484 3747 2523 me.

2156 2560 2534 2625 retricantem,
2575 2575 2738 2629 quam
2795 2574 3073 2629 egressam
3136 2569 3261 2628 post
3328 2559 3741 2614 confessionem

2153 2651 2277 2715 viri,
2301 2666 2521 2705 rursum
2556 2650 2858 2705 adulteram
2889 2651 3026 2704 ﬁeri.
3053 2650 3208 2704 Nulla
3231 2664 3362 2720 ergo
3388 2668 3408 2701 ι
3432 2650 3694 2714 societas,
3720 2668 3740 2700 ι

2152 2743 2294 2797 sicut
2334 2742 2783 2813 dicitApostolus
2816 2743 2884 2808 ⁷ο,
2943 2761 2964 2794 ι
3000 2742 3195 2813 templo
3239 2743 3331 2797 Dei
3375 2758 3507 2797 cum
3561 2743 3736 2805 idolis,

2153 2837 2299 2890 nulla
2335 2838 2693 2891 consonantia
2734 2837 2955 2892 Christo
2995 2846 3050 2892 et
3108 2837 3301 2893 Belial.
3338 2856 3358 2889 ι
3402 2837 3461 2892 Si
3506 2838 3604 2891 Dei
3648 2852 3736 2890 su-

2153 2945 2295 2997 mus,
2340 2929 2474 2984 tales
2513 2944 2632 2984 esse
2666 2929 2928 2984 debemus
2969 2938 3027 2984 ut
3062 2928 3404 3000 compleatur
3440 2929 3576 2984 illud
3600 2930 3741 2999 quod

2149 3020 2285 3074 dicit
2324 3020 2389 3074 de
2422 3021 2578 3074 nobis
2611 3020 2755 3073 Deus
2782 3021 2828 3051 '”
2866 3038 2882 3074 :
2920 3038 2940 3071 ι
2985 3021 3126 3088 Quia
3168 3021 3428 3075 habitabo
3470 3022 3524 3075 in
3552 3021 3659 3086 eis,
3688 3031 3741 3073 ct

2152 3110 2205 3164 in
2235 3111 2316 3165 eis
2342 3111 2653 3177 ambulabo,
2676 3120 2731 3166 et
2771 3113 2872 3183 ipsi
2914 3122 3078 3168 erunt
3118 3113 3250 3166 mihi
3295 3113 3349 3167 in
3404 3113 3691 3182 populum.
3716 3131 3735 3163 ι

2151 3200 2221 3254 Ει
2262 3202 2402 3256 sicut
2443 3202 2551 3257 alio
2590 3203 2710 3259 loco
2748 3206 3011 3275 propheta
3040 3204 3173 3259 dicit
3197 3205 3243 3237 ⁷³
3285 3222 3299 3258 :
3374 3222 3394 3257 ι
3435 3205 3602 3259 Exite
3676 3205 3740 3257 de

2074 3278 2117 3335 δ
2151 3296 2333 3350 medio
2363 3311 2549 3351 eormn
2578 3337 2595 3360 ,
2634 3307 2689 3351 et
2732 3297 3082 3368 separamini,
3143 3298 3276 3352 dicit
3319 3298 3606 3359 Dominus,
3645 3299 3737 3366 qui

2154 3388 2387 3457 portatis
2412 3402 2541 3442 vasa
2580 3387 2816 3444 Domini.
2852 3388 3030 3454 Exite,
3070 3397 3124 3442 et
3165 3388 3507 3442 immundum
3562 3389 3733 3443 nolite

2154 3482 2489 3552 contingere,
2528 3491 2584 3537 et
2620 3497 2723 3553 ego
2760 3484 3023 3552 recipiam
3059 3499 3186 3546 vos,
3245 3494 3302 3537 et
3339 3498 3436 3537 ero
3470 3483 3636 3536 vobis
3686 3484 3735 3535 in

2154 3582 2386 3641 patrem,
2427 3583 2482 3626 et
2514 3588 2611 3628 vos
2642 3574 2799 3629 eritis
2839 3574 2971 3628 mihi
3017 3574 3068 3627 in
3114 3575 3251 3628 filios
3300 3582 3355 3627 et
3409 3572 3571 3635 ﬁlias,
3608 3572 3739 3623 dicit

2156 3662 2414 3716 Dominus
2450 3662 2817 3731 omnipotens.
2866 3680 2884 3714 ι
2950 3660 3246 3731 Propterea
3286 3674 3422 3727 ergo
3482 3658 3685 3711 dicit"
3722 3674 3737 3707 :

2159 3771 2177 3805 ι
2214 3752 2328 3808 Non
2369 3764 2531 3809 erunt
2571 3754 2663 3809 tibi
2705 3754 2778 3810 dii
2826 3754 2916 3808 alii
2945 3764 3143 3823 praater
3175 3767 3278 3816 me,
3310 3767 3411 3806 nec
3436 3743 3612 3804 facies
3647 3748 3739 3801 tibi

2155 3847 2254 3916 ipsi
2296 3846 2521 3911 idolum,
2553 3861 2728 3916 neque
2759 3846 3170 3902 similitudinem
3198 3844 3362 3897 ullam
3398 3855 3741 3911 quzeeunque

2154 3940 2207 3993 in
2250 3941 2390 3995 C(BIO
2422 3948 2572 4006 sunt,
2614 3949 2669 3993 et
2718 3953 3064 4009 quazcunque
3104 3938 3154 3991 in
3211 3946 3378 3997 terra,
3416 3944 3475 3988 et
3511 3949 3641 4003 qua:
3690 3934 3742 3985 in

2154 4032 2331 4101 aquis,
2368 4046 2476 4084 non
2517 4029 2772 4085 adorabis
2810 4043 2896 4093 ea,
2941 4042 3118 4097 neque
3151 4027 3300 4080 coles
3335 4040 3421 4079 ea.
3457 4043 3479 4075 ι

2225 4122 2282 4177 5.
2308 4140 2327 4173 ι
2364 4122 2473 4191 Ego
2512 4123 2658 4176 enim
2724 4137 2843 4177 sum
2892 4121 3150 4175 Dominus
3183 4120 3326 4173 Deus
3386 4129 3533 4180 tuus,
3596 4118 3745 4172 Deus

2155 4216 2342 4272 zelans
2378 4214 2443 4266 7‘.
2490 4232 2510 4266 ι
2565 4213 2701 4268 Vide
2773 4213 3158 4282 benignitatem
3203 4210 3319 4277 Dei,
3363 4210 3642 4278 quomodo
3688 4219 3745 4259 tat

2154 4317 2252 4357 nos
2291 4302 2502 4365 doceat,
2542 4308 2597 4355 et
2636 4298 2910 4370 perfectos
2952 4300 3157 4363 faciat,
3219 4301 3335 4369 ipse
3375 4298 3741 4367 fragilitatem

2155 4393 2514 4448 humanorum
2565 4408 2671 4447 non
2742 4401 2961 4448 recusat
3016 4390 3329 4446 affectuum.
3389 4390 3527 4461 Quis
3583 4390 3741 4442 enim

2154 4487 2383 4542 audiens
2422 4485 2589 4541 Deum
2631 4485 2901 4539 zelantem
2943 4500 3051 4538 non
3086 4483 3347 4537 continuo
3388 4483 3649 4542 miretur,
3686 4489 3743 4536 et

2158 4580 2408 4634 humanae
2468 4578 2791 4648 fragilitatis
2861 4576 3053 4630 vitium
3115 4574 3309 4644 putet?
3382 4572 3491 4628 Sed
3547 4573 3739 4627 omnia

465 4668 568 4721 nit.
604 4666 757 4723 Tunc
789 4670 923 4723 dicit
957 4685 972 4723 :
1002 4669 1269 4723 Revertar
1316 4669 1368 4722 in
1402 4669 1625 4723 domum
1672 4684 1847 4724 meam
1902 4670 2045 4724 unde
2075 4657 2122 4715 Ι)
2150 4681 2372 4741 pr0pter
2411 4687 2509 4726 nos
2539 4672 2652 4741 agit
2688 4681 2740 4725 et
2801 4672 3009 4739 patitur
3062 4668 3229 4733 Deus,
3268 4678 3324 4722 et
3363 4676 3422 4721 ut
3456 4666 3739 4734 possimus

467 4759 725 4816 exivi.Et
753 4762 799 4815 si
825 4761 1053 4817 veniens
1078 4762 1350 4817 invenerit
1378 4777 1497 4816 eam
1531 4771 1843 4825 vacantem,
1890 4777 2047 4815 mun-

468 4856 648 4910 datam
673 4866 729 4911 et
758 4866 1031 4922 ornatam,
1082 4858 1249 4920 vadit,
1284 4865 1341 4910 et
1399 4856 1623 4911 adducit
1669 4846 1854 4911 secum
1910 4854 2048 4910 alios

468 4957 674 5015 septem
703 4946 924 5015 spiritus
950 4948 1239 5018 nequiores
1265 4962 1347 5013 se,
1377 4956 1434 5001 et
1456 4948 1726 5002 intrantes
1754 4947 1805 5001 in
1830 4947 2045 5000 domum

467 5037 615 5091 illam
641 5038 888 5091 habitant
919 5037 976 5091 in
1010 5052 1071 5091 ea
1106 5038 1239 5109 (5|).
1269 5038 1339 5092 Et
1367 5046 1530 5091 erunt
1588 5037 1887 5093 novissima
1953 5039 2051 5092 ho-

466 5129 633 5184 minis
659 5129 803 5183 illius
833 5128 1018 5198 pejora
1048 5116 1342 5199 prioribus:
1380 5148 1399 5181 ι
1445 5129 1570 5184 ιιιυο
1603 5130 1650 5184 si
1676 5129 2048 5195 advertamus,

465 5222 737 5289 quomodo
764 5236 1056 5290 possumus
1084 5221 1165 5275 vel
1196 5222 1248 5274 itt
1275 5236 1445 5290 parvo
1497 5220 1838 5292 negligentia:
1869 5222 2045 5277 locum

465 5310 639 5365 dare?
698 5310 974 5365 llahitavit
1023 5309 1137 5382 (52)
1205 5313 1349 5365 enim
1407 5312 1458 5365 in
1522 5312 1679 5366 nobis
1735 5313 2049 5369 immundus

463 5402 709 5474 Spiritus,
740 5414 1035 5471 antequam
1084 5405 1452 5466 crederemus,
1490 5410 1782 5472 antequam
1836 5405 2050 5458 venire-

535 5523 580 5554 ⁸⁵
609 5522 774 5577 Eccli.
802 5540 854 5586 n,
884 5521 972 5576 14.
1050 5521 1093 5553 ⁸³
1119 5519 1185 5575 lll
1213 5520 1324 5591 Reg
1370 5536 1526 5577 xvnt.
1550 5520 1645 5591 2i.

463 5592 552 5647 26.
629 5592 740 5646 "ll
760 5592 887 5647 Cor.
930 5608 1004 5656 vr,
1049 5592 1135 5647 l5.
1260 5592 1302 5622 ⁷³
1337 5593 1466 5645 ibid.
1504 5590 1588 5647 16.

470 5784 480 5795 ⁸
537 5714 649 5786 (3|)
682 5716 849 5785 Alias,
896 5733 914 5767 t
958 5725 1014 5770 ct
1054 5715 1262 5775 intrans
1304 5712 1356 5767 in
1386 5713 1605 5769 domum
1644 5712 1786 5768 illam
1829 5712 2039 5768 habitat

558 5801 616 5834 Eii
627 5825 638 5837 ι

558 5801 638 5837 ιθιι.

468 5801 650 5923 Iulii“);
673 5804 969 5926 ’flafn'lavil,
1009 5866 1115 5913 etc.
1150 5856 1339 5911 Exstat
1366 5855 1451 5910 hic
1483 5854 1635 5911 locus
1676 5854 1815 5926 apud
1842 5853 2035 5910 Juuam

1723 5520 1767 5551 “
1788 5519 1976 5575 Jacoh.
2001 5538 2040 5588 ι,
2065 5522 2117 5578 8.

1668 5591 1713 5622 ⁷¹
1756 5592 1884 5645 ibid.
1930 5592 2011 5656 l7,
2058 5606 2111 5647 et
2156 5592 2388 5657 lsa.t.u,
2430 5597 2517 5647 11.

2153 4760 2391 4824 edoceri,
2428 4761 2568 4815 notis
2602 4768 2657 4813 et
2691 4758 2907 4812 usitatis
2948 4755 3236 4812 affectibus
3266 4755 3424 4809 nobis
3464 4753 3737 4820 loquitur.

2155 4854 2456 4909 Videamus
2496 4868 2627 4921 ergo
2680 4853 2809 4919 quid
2857 4863 2940 4905 est
3016 4850 3119 4904 boe
3189 4849 3332 4918 quod
3407 4847 3557 4909 dicit,
3604 4847 3738 4914 quia

2155 4945 2300 5001 Deus
2338 4945 2519 5001 zelans
2554 4961 2655 5015 ego
2685 4960 2827 4999 sum.
2874 4942 2982 4998 Sed
3023 4952 3083 4997 ut
3119 4940 3473 5008 contemplari
3517 4938 3739 4992 facilius

2154 5038 2366 5108 possint
2407 5038 2610 5102 divina,
2681 5038 2747 5091 de
2792 5035 3079 5100 humanis,
3135 5034 3430 5088 secundum
3492 5045 3554 5085 ea
3614 5045 3741 5098 qua:

2156 5128 2409 5198 superius
2448 5127 2830 5189 disseruimus,
2869 5127 3167 5181 doceamur
3201 5122 3480 5191 exemplis.
3539 5117 3739 5173 Omnis

2154 5221 2348 5275 mulier
2387 5227 2479 5273 aut
2516 5219 2619 5275 sub
2656 5218 2772 5272 viro
2794 5228 2879 5272 est
2917 5226 2972 5271 et
3003 5215 3246 5283 subjecta
3308 5214 3517 5284 legibus
3577 5211 3734 5273 viri;

2154 5322 2249 5376 aut
2279 5311 2539 5366 meretrix
2574 5318 2676 5375 est,
2719 5319 2773 5364 et
2805 5309 2977 5362 utitur
3018 5308 3270 5362 libertate
3304 5305 3589 5377 peccandi.
3627 5304 3737 5370 Qui

2153 5417 2282 5474 ergo
2324 5402 2632 5473 ingreditur
2681 5402 2749 5456 ad
2794 5402 3136 5456 meretricem
3172 5440 3187 5465 ,
3243 5400 3344 5454 scit
3386 5413 3445 5452 se
3499 5413 3565 5450 aa
3606 5411 3734 5450 eam

2198 5523 2241 5556 ατ
2269 5522 2472 5576 ΤΙη-θη,
2502 5539 2540 5587 ι,
2563 5521 2618 5574 2.
2695 5522 2739 5553 ⁸⁸
2763 5520 2923 5576 Osee.
2947 5537 3002 5584 tt,
3041 5518 3093 5573 5.
3173 5519 3217 5551 "
3245 5518 3374 5572 Luc.
3402 5532 3479 5579 ιι,
3513 5514 3605 5578 24,
3626 5514 3735 5587 35,

2594 5593 2639 5623 ⁷³
2673 5593 2846 5647 Exod.
2879 5607 2969 5658 xx,
3002 5592 3055 5657 5,
3096 5590 3153 5656 4,
3194 5589 3248 5644 5.
3341 5590 3389 5621 τ’
3428 5588 3558 5643 ibid.
3599 5586 3661 5640 5.

2145 5714 2426 5769 Aurelian.
2463 5730 2477 5768 ι
2507 5712 2580 5767 De
2607 5713 2776 5766 instil.
2803 5709 2953 5775 (air...
2985 5724 3107 5778 cap.
3146 5708 3233 5765 19.
3266 5698 3275 5701 ’

2216 5786 2330 5854 (55)
2361 5784 2479 5837 Non
2504 5786 2640 5854 enini
2674 5785 2886 5843 domus,
2906 5790 3012 5854 etc.
3044 5776 3237 5836 Exstat
3259 5779 3423 5835 etiam
3448 5776 3536 5833 hic
3566 5776 3728 5831 locus

2149 5850 2286 5925 apud
2314 5850 2575 5909 eumdem
2616 5851 2829 5917 Jonam,
2873 5850 3094 5910 ibidem.
