3876 6538
126 364 226 417 557

1323 360 1393 416 ΙΝ
1431 361 1718 418 EXODUM
1755 362 2034 420 HOMiLlA
2067 365 2205 421 Vili.

3259 376 3383 434 358‘

126 483 421 552 ingressum
482 494 605 535 esse
672 478 953 535 mulierem
991 494 1113 549 qua:
1151 481 1439 550 prostituta
1488 493 1594 548 est,
1634 489 1687 536 et
1717 484 1765 541 Α
1793 484 2075 539 munditiis
2100 481 2353 537 volutari.
2402 484 2554 551 Quod
2583 495 2640 541 et
2667 486 2712 541 si
2740 486 2885 542 forte
2914 487 3205 557 aliquando
3235 506 3366 547 eve-

124 574 331 628 cunctis
368 571 675 625 volentibus
716 580 895 640 patet;
933 582 987 626 et
1033 571 1298 642 indignari
1342 590 1447 628 non
1489 583 1687 642 potest,

123 665 166 719 si
192 656 313 717 cum
351 676 412 716 ea
460 662 625 716 etiam
668 662 803 716 alios
865 664 1009 716 videt
1055 673 1350 719 amatores.
1388 664 1490 732 Qui
1562 682 1690 723 vero

124 754 359 822 legitimo
385 751 558 805 utitur
590 752 959 818 matrimonio,
996 768 1106 806 non
1159 755 1362 823 patitur
1428 757 1506 811 uti
1549 772 1688 811 uxo-

124 858 233 898 rem
262 840 515 911 peccandi
555 851 825 911 potestate
855 842 1002 911 (54),
1041 843 1133 897 sed
1184 846 1499 900 accenditur
1571 847 1695 903 zelo

122 936 184 989 ad
223 934 529 989 castitatem
559 936 888 989 matrimonii
940 939 1392 1002 conservandam,
1421 955 1528 1009 quo
1566 955 1689 1009 pos-

123 1027 190 1080 sit
222 1040 287 1080 ex
326 1039 387 1079 ea
429 1025 546 1079 fieri
584 1025 859 1095 legitimus
895 1036 1070 1095 pater.
1108 1028 1225 1084 Hoc
1266 1044 1396 1099 ergo
1436 1032 1684 1101 exemplo

120 1116 478 1186 intelligamus
516 1130 732 1170 omnem
772 1118 1031 1181 animam,
1062 1126 1155 1172 aut
1180 1120 1525 1188 prostitutam
1565 1137 1684 1177 esse

122 1207 467 1271 daemonibus,
511 1218 565 1260 et
595 1207 800 1262 habere
840 1207 1106 1275 plurimos
1165 1222 1459 1277 amatores,
1502 1212 1576 1266 ita
1625 1222 1684 1267 ut

118 1300 275 1352 intret
316 1298 381 1351 ad
416 1313 535 1352 eam
564 1300 723 1354 modo
766 1299 985 1367 quidem
1016 1302 1243 1369 spiritus
1286 1303 1679 1371 fornicationis,

117 1391 205 1444 illo
229 1390 538 1445 discedente
584 1390 750 1445 intret
788 1392 1013 1461 spiritus
1049 1394 1330 1461 avaritiae,
1381 1407 1501 1465 post
1540 1397 1682 1453 hunc

114 1484 292 1538 veniat
327 1484 599 1553 superbiae
651 1485 897 1554 spiritus,
928 1487 1053 1541 inde
1088 1488 1201 1549 irae,
1265 1488 1390 1543 inde
1440 1489 1677 1555 invidia),

118 1585 233 1645 post
269 1577 432 1630 etiam
464 1591 614 1631 vanae
652 1577 860 1647 gloriae,
903 1577 1102 1648 aliique
1162 1595 1282 1634 cum
1337 1583 1417 1636 eis
1462 1582 1678 1651 plurimi

113 1667 335 1736 spiritus
383 1668 663 1722 immundi.
696 1666 791 1722 Isti
829 1678 1009 1724 autem
1041 1686 1265 1737 omnes,
1327 1673 1400 1727 ita
1441 1689 1564 1729 cum
1603 1674 1680 1728 iu-

113 1758 249 1811 lideli
290 1759 475 1813 anima
513 1760 952 1825 meretricantur,
976 1772 1034 1815 ut
1069 1760 1209 1817 alter
1244 1763 1400 1819 alteri
1443 1782 1549 1820 non
1594 1769 1679 1839 ine

110 1847 304 1912 videat,
370 1863 469 1902 nec
508 1849 775 1919 zelotypia
817 1862 1138 1907 moveantur
1176 1856 1241 1908 ad
1300 1857 1552 1913 invicem.
1609 1860 1676 1914 Et

108 1939 229 2004 quid
266 1939 392 1994 dico
431 1942 573 2010 quod
620 1942 759 1996 alter
797 1944 1028 2000 alterum
1062 1962 1168 2002 non
1207 1947 1500 2005 excludat?
1564 1952 1677 2009 ltuo

108 2033 157 2079 et
191 2027 424 2084 invitant
467 2045 525 2085 se
564 2030 834 2098 invicem,
895 2044 950 2090 et
990 2046 1180 2106 sponte
1233 2054 1295 2094 se
1347 2052 1671 2106 convocant,

108 2119 239 2172 sicut
279 2122 446 2188 paulo
497 2134 625 2177 ante
663 2125 774 2194 jam
812 2128 1049 2183 diximus
1097 2132 1241 2200 quod
1290 2132 1344 2187 in
1386 2133 1675 2208 Evangelia

110 2212 367 2280 scriptum
404 2225 486 2269 est
525 2217 593 2272 de
634 2218 725 2272 illo
759 2219 953 2289 Spiritu
991 2223 1081 2291 qui
1134 2223 1269 2278 exiit
1318 2225 1387 2279 ab
1430 2226 1672 2295 homine,

107 2314 157 2359 et
192 2321 474 2375 regressus
514 2310 741 2365 adduxit
774 2328 963 2368 secum
1001 2326 1207 2384 septem
1248 2318 1383 2373 alias
1444 2322 1674 2389 nequio-

108 2412 187 2451 res
222 2412 279 2453 se
317 2399 569 2468 Spiritus,
637 2411 692 2456 ut
756 2403 809 2456 in
873 2420 981 2459 una
1020 2407 1203 2461 anima
1240 2408 1403 2462 simul
1464 2410 1674 2464 habita-

109 2497 238 2545 rent.
267 2488 367 2545 Sic
402 2505 529 2562 ergo
591 2493 790 2549 nullam
832 2497 1154 2568 zelotypiam
1194 2510 1502 2556 amatorum
1544 2518 1673 2558 suo-

108 2596 215 2635 rum
252 2584 472 2650 patitur
494 2585 694 2651 anima,
720 2605 841 2658 qua:
867 2591 1202 2647 dazmonibus
1242 2595 1535 2662 prostituta
1564 2605 1669 2650 est.

106 2672 156 2724 Si
179 2688 304 2728 vero
330 2674 578 2745 legitimo
600 2679 893 2748 conjuncta
936 2684 1007 2736 sit
1041 2683 1178 2747 viro,
1216 2685 1291 2738 illi
1348 2686 1466 2740 viro
1514 2687 1671 2757 cujus

104 2765 453 2822 matrimonio
498 2769 702 2824 Paulus
768 2772 980 2827 animas
1029 2774 1318 2846 conjungit
1368 2786 1422 2831 et
1474 2780 1668 2843 sociat,

106 2856 233 2909 sicut
259 2867 310 2911 et
348 2859 466 2928 ipse
496 2861 627 2915 dicit
653 2864 696 2894 ⁷⁵
728 2882 742 2917 :
781 2883 798 2915 ι
831 2861 1006 2917 Statui
1058 2867 1201 2920 enim
1255 2881 1354 2921 vos
1404 2869 1493 2921 nni
1553 2869 1671 2923 viro

105 2948 353 3019 virginem
383 2962 594 3007 castam
628 2957 891 3014 exhibere
919 2959 1137 3014 Christo
1167 2977 1181 3026 ;
1216 2978 1235 3012 ι
1278 2960 1437 3030 160
1493 2968 1548 3015 et
1602 2961 1669 3016 de

107 3054 203 3108 quo
227 3042 276 3094 in
310 3041 621 3113 Evangeliis
643 3050 905 3120 scriptum
937 3052 1005 3117 ⁷⁸,
1031 3053 1157 3122 quia
1192 3067 1283 3107 rex
1309 3054 1525 3122 quidam
1587 3052 1671 3109 fe-

106 3133 171 3185 cit
196 3136 414 3204 nuptias
443 3136 552 3193 filio
593 3154 727 3203 suo;
781 3142 835 3197 in
890 3143 1050 3211 hujus
1101 3159 1234 3215 ergo
1292 3146 1395 3200 viri
1450 3147 1741 3233 nuptiasc

106 3238 216 3278 eum
250 3240 306 3281 se
332 3228 518 3282 anima
544 3230 773 3298 dederit,
794 3242 848 3287 et
888 3233 1188 3304 legitimqu
1220 3250 1342 3290 cum
1377 3251 1444 3290 eo
1472 3236 1666 3291 sortita

106 3314 257 3370 fuerit
302 3321 718 3377 matrimonium
752 3324 900 3393 (55),
962 3327 1177 3381 etiamsi
1226 3327 1329 3382 fuit
1376 3328 1669 3397 aliquando

108 3415 392 3477 peccatrix,
421 3414 638 3469 etiamsi
672 3419 1015 3474 meretricata
1049 3428 1151 3486 est,
1172 3429 1348 3476 tamen
1376 3421 1420 3476 si
1443 3436 1503 3476 se
1544 3421 1670 3477 huic

103 3501 208 3555 viro
235 3506 483 3573 tradidit,
518 3508 659 3561 ultra
686 3523 804 3563 eam
835 3525 1065 3579 peccare
1106 3526 1214 3566 non
1270 3512 1499 3581 patitur.
1547 3510 1666 3567 Non

104 3603 266 3660 potest
288 3595 444 3652 ferre
482 3606 538 3651 ut
573 3614 785 3654 rursum
816 3604 992 3657 anima
1045 3619 1167 3668 qum
1218 3619 1277 3658 se
1329 3604 1523 3660 sortita
1583 3612 1668 3659 est

106 3686 289 3751 virum,
321 3688 532 3745 alludat
559 3705 682 3745 cum
708 3692 989 3758 adulteris,
1020 3695 1147 3763 quia
1194 3695 1467 3749 excitatur
1496 3712 1665 3766 super

101 3793 207 3833 eam
237 3779 388 3836 zelus
423 3780 538 3850 ejus
568 3783 692 3851 viri,
729 3794 781 3839 et
802 3784 1043 3841 defendit
1070 3787 1661 3858 eonjugiicastitatem.

102 3870 161 3923 Et
183 3872 296 3928 ideo
323 3873 515 3930 zelans
538 3876 739 3931 dicitur
770 3877 1052 3942 Dominus,
1078 3880 1206 3949 quia
1262 3881 1504 3935 animam
1560 3883 1663 3938 sibi

103 3964 457 4034 mancipatam
517 3984 623 4022 non
694 3970 900 4039 patitur
966 3969 1302 4024 dmtnonibus
1351 3971 1663 4029 admisceri.

101 4058 334 4127 Alioquin
361 4062 407 4114 si
444 4075 565 4115 eam
597 4060 793 4115 viderit
829 4068 1187 4117 temerantem
1228 4061 1353 4131 jura
1405 4064 1662 4137 conjugii,

99 4149 514 4205 etoccasiouem
560 4165 809 4218 quaerere
866 4152 932 4205 ad
982 4151 1342 4220 peccandum,
1395 4164 1554 4218 tunc,
1606 4165 1666 4211 ut

98 4239 346 4309 scriptum
383 4250 495 4308 est,
532 4244 627 4297 dat
657 4244 706 4297 ei
749 4242 991 4296 libellum
1048 4244 1280 4313 repudii,
1333 4253 1389 4299 et
1443 4246 1667 4301 dimittit

97 4344 200 4385 eam
230 4332 420 4388 dicens
451 4334 496 4366 "
535 4352 549 4388 :
584 4350 607 4387 ι
667 4332 767 4390 Ubi
815 4344 900 4389 est
948 4333 1168 4390 libellus
1200 4337 1407 4405 repudii
1473 4339 1664 4393 matris

98 4432 275 4478 vestra:
297 4441 413 4493 quo
440 4426 598 4481 divisi
633 4427 800 4481 eam?
842 4447 860 4481 ι
889 4427 1095 4495 Quibus
1121 4430 1287 4485 etiam
1325 4429 1473 4484 addit
1501 4438 1555 4485 et
1585 4430 1664 4484 tli-

1792 575 1910 629 niat
1942 576 2256 642 infeliciter,
2289 576 2484 632 saltem
2527 586 2584 632 ut
2609 588 2982 643 convertatur,
3009 590 3062 634 et
3109 584 3294 637 redeat
3315 594 3370 638 et

1791 667 2071 735 paeniteat,
2110 670 2397 723 miseratus
2449 679 2749 737 exspectat.
2806 670 3013 725 Novum
3063 675 3207 729 enim
3262 675 3368 729 hoc

1789 757 2049 815 bonitatis
2081 771 2165 815 est
2192 776 2386 831 genus,
2424 768 2483 814 ut
2532 760 2697 815 etiam
2747 772 2868 831 post
2896 764 3224 821 adulterium
3286 779 3371 821 re-

1788 858 2092 904 vertentem
2147 859 2324 905 tamen
2384 859 2439 903 et
2490 865 2555 905 ex
2617 859 2729 904 toto
2780 853 2941 906 corde
3005 855 3363 921 pmuiteutem

1788 942 2050 1010 suscipiat
2075 942 2335 997 animam.
2365 943 2517 997 Sicut
2549 952 2604 997 et
2635 943 2750 1009 ipse
2770 937 2878 1011 .pcr
2914 948 3230 1013 pmphetam
3275 945 3360 999 di-

1787 1034 1859 1088 cit
1883 1034 1930 1065 ⁷⁸
1964 1051 1977 1088 :
2017 1052 2034 1085 ι
2074 1032 2330 1103 Nunquid
2358 1035 2556 1089 mulier
2588 1034 2633 1088 si
2661 1034 2853 1089 exierit
2882 1050 2911 1088 a
2943 1037 3082 1111 viro,
3127 1047 3182 1092 et
3233 1038 3365 1092 dor-

1786 1124 2114 1179 mieritcum
2139 1125 2247 1180 alio
2276 1126 2415 1189 viro,
2470 1135 2775 1181 revertetur
2815 1128 2882 1180 ad
2929 1127 3109 1179 virum
3163 1143 3318 1183 suum
3340 1130 3375 1191 ?,

1784 1213 1975 1271 Nonne
1993 1215 2457 1271 contaminatione
2486 1216 2989 1271 contamiuabitur?
3046 1215 3125 1271 Tu
3178 1229 3358 1274 autem

1786 1306 2045 1362 fornicata
2075 1322 2134 1361 es
2164 1322 2285 1361 cum
2316 1307 2653 1363 amator-ibus
2686 1307 2870 1362 multis
2895 1348 2910 1372 ,
2955 1318 3010 1362 et
3042 1313 3361 1366 reverteba-

1786 1400 1861 1452 ris
1890 1399 1957 1452 ad
1989 1412 2096 1453 me.
2133 1417 2151 1451 ι
2180 1398 2311 1453 Item
2337 1397 2464 1452 alibi
2495 1398 2627 1452 dicit
2666 1399 2711 1431 79
2750 1416 2763 1453 :
2804 1416 2822 1449 ι
2892 1398 2960 1452 Et
3005 1410 3358 1470 posteaquam

1784 1489 2048 1544 fornicata
2095 1504 2154 1544 es
2188 1490 2241 1543 in
2276 1489 2531 1544 omnibus
2567 1489 2673 1554 bis,
2728 1489 2837 1544 dixi
2881 1508 2895 1545 :
2944 1490 3239 1546 Revertere
3294 1493 3362 1546 ad

1788 1590 1912 1640 me;
1948 1585 2127 1630 etnec
2162 1576 2242 1629 sic
2277 1592 2497 1631 reversa
2555 1591 2636 1639 es,
2688 1577 2819 1632 dicit
2867 1579 3151 1635 Dominus.
3188 1599 3206 1632 ι
3261 1580 3361 1636 llic

1780 1679 1912 1733 ergo
1960 1665 2100 1719 Deus
2128 1667 2309 1719 zclaus
2339 1667 2383 1720 si
2440 1666 2669 1735 requirit
2697 1676 2752 1721 et
2797 1666 3076 1723 desiderat
3119 1670 3357 1725 animam

1786 1766 1927 1810 tuam
1963 1759 2242 1813 adhaerere
2278 1759 2404 1824 sibi,
2442 1759 2485 1812 si
2521 1768 2570 1812 te
2602 1767 2840 1813 servata
2865 1770 3088 1829 peccato
3116 1801 3134 1827 ,
3161 1763 3205 1818 si
3237 1778 3360 1818 eor-

1709 1832 1753 1889 Β
1783 1850 1928 1918 ripit,
1951 1849 1995 1903 si
2024 1850 2273 1920 castigat,
2300 1851 2344 1905 si
2379 1851 2718 1920 indignatur,
2743 1854 2788 1907 si
2828 1853 3110 1918 irascitur,
3141 1863 3196 1909 et
3240 1856 3358 1910 vel--

1778 1953 1836 1996 ut
1870 1943 2138 2012 zelotypia
2183 1944 2418 2013 quadam
2451 1960 2580 2015 erga
2613 1953 2667 2001 te
2690 1947 2881 2013 utitur,
2926 1963 3076 2016 spem
3110 1948 3203 2003 tibi
3236 1963 3371 2019 esse

1777 2034 1969 2089 salutis
1998 2051 2255 2107 agnosce.
2293 2036 2350 2091 Si
2378 2052 2507 2093 vero
2537 2039 2839 2107 castigatus
2894 2056 3000 2095 non
3053 2041 3353 2111 resipiscis,

1776 2135 2056 2195 correptus
2108 2142 2212 2181 non
2262 2129 2574 2184 emendaris
2630 2129 2741 2200 (56)
2776 2170 2792 2197 ,
2851 2130 3172 2185 verberatus
3226 2145 3356 2186 con—

1778 2218 2001 2285 temnis;
2033 2220 2172 2273 scito
2195 2221 2336 2289 quod
2367 2221 2411 2275 si
2444 2236 2687 2292 eousque
2718 2223 2991 2292 peccando
3032 2224 3353 2292 profeceris,

1776 2309 2007 2363 discedit
2034 2324 2061 2363 a
2102 2320 2153 2365 te
2186 2311 2334 2365 zelus
2362 2310 2500 2379 ejus,
2531 2322 2587 2365 et
2622 2313 2842 2366 dicetur
2875 2313 2971 2367 tibi
3008 2314 3163 2375 illud,
3210 2314 3354 2382 quod

1775 2416 1873 2470 per
1891 2400 2226 2456 Ezechielem
2247 2405 2563 2472 prophetam
2583 2405 2649 2458 ad
2680 2403 3019 2459 Hierusalem
3039 2405 3237 2459 dicitur
3259 2405 3304 2437 ⁸ο
3334 2422 3350 2460 :

1780 2511 1798 2545 ι
1843 2494 2133 2563 Pr0pterea
2169 2494 2410 2548 discedet
2445 2495 2591 2549 zelus
2620 2510 2771 2549 meus
2804 2511 2834 2549 a
2874 2505 2960 2560 te,
2997 2503 3053 2549 et
3087 2511 3190 2551 non
3240 2497 3352 2549 ira-

1775 2598 1898 2637 scar
1927 2584 2066 2637 ultra
2098 2598 2261 2652 super
2296 2593 2369 2639 te.
2404 2603 2423 2635 )
2455 2582 2589 2639 Vide
2621 2585 3052 2640 misericordiam
3090 2594 3146 2642 et
3184 2587 3354 2656 pietac

1772 2688 1881 2735 tem
1918 2681 2043 2735 boni
2074 2680 2193 2734 Dei.
2229 2678 2455 2746 Quando
2484 2681 2599 2734 vult
2659 2681 2935 2745 misereri,
2967 2682 3239 2752 indignari
3292 2696 3353 2735 se

1774 2775 1928 2837 dicit,
1959 2784 2013 2828 et
2042 2773 2233 2838 irasci,
2263 2774 2410 2827 sicut
2441 2787 2538 2841 per
2565 2772 2858 2828 Jeremiam
2897 2775 3025 2829 dicit
3055 2775 3099 2806 δι
3134 2748 3172 2830 ;ι
3196 2792 3215 2828 ι
3253 2774 3355 2828 Do-

1772 2864 1887 2919 lore
1930 2873 1985 2918 et
2032 2862 2245 2932 ﬂagello
2298 2863 2673 2932 castigaberis,
2737 2863 3100 2931 Hierusalem,
3153 2865 3232 2918 uti
3280 2879 3352 2918 ne

1772 2956 2027 3012 abscedat
2050 2956 2233 3009 anima
2264 2971 2380 3011 mea
2414 2957 2513 3009 abs
2545 2964 2617 3009 te.
2650 2974 2668 3007 ι
2698 2954 2823 3010 11ωο
2849 2958 2893 3011 si
2923 2956 3203 3025 intelligis,
3242 2957 3351 3010 nti--

1773 3050 2011 3103 serantis
2038 3050 2133 3103 Dei
2162 3064 2263 3104 vox
2290 3059 2410 3115 est;
2441 3048 2529 3104 ubi
2585 3049 2839 3103 irascitur
2892 3058 2946 3103 et
2990 3048 3222 3113 zelatur,
3272 3049 3345 3107 ibi

1772 3141 1998 3195 adhibet
2041 3140 2255 3198 dolores
2298 3148 2352 3196 et
2389 3139 2641 3197 verbera.
2686 3157 2706 3191 ς
2745 3139 3010 3211 Flagellat
3044 3140 3186 3194 enim
3228 3153 3350 3194 om-

1771 3248 1891 3287 nem
1919 3233 2089 3286 filium
2114 3247 2277 3302 quem
2307 3232 2499 3302 recipit
2519 3231 2587 3287 ”.
2615 3250 2635 3283 ›
2661 3230 2751 3287 Vis
2778 3240 2958 3287 autem
2990 3231 3179 3287 audire
3204 3231 3350 3286 indi-

1767 3325 1984 3397 gnantis
2020 3325 2113 3380 Dei
2157 3323 2457 3380 terribilem
2480 3328 2707 3381 vocem?
2748 3324 2884 3379 Audi
2917 3324 3060 3393 quod
3089 3323 3220 3378 dicit
3248 3338 3348 3393 per

1769 3419 2092 3487 prophetam
2121 3434 2135 3483 ;
2172 3431 2291 3470 cum
2315 3427 2691 3472 enumerasset
2738 3415 2907 3470 multa
2937 3414 3169 3469 nefanda
3223 3430 3347 3485 quae

1771 3508 2120 3563 commiserat
2148 3506 2399 3577 pepulus,
2432 3507 2583 3561 addit
2613 3507 2777 3560 etiam
2805 3505 2919 3561 brec
2946 3505 2991 3537 ⁸³
3019 3522 3032 3559 :
3072 3524 3089 3556 ι
3120 3506 3185 3560 Ει
3222 3521 3350 3575 pro-

1767 3608 1888 3670 pter
1930 3600 2053 3660 hoc,
2092 3599 2287 3667 inquit,
2331 3614 2437 3653 non
2475 3596 2707 3652 visitabo
2748 3612 2914 3665 super
2954 3596 3093 3651 filias
3132 3607 3358 3657 vestras,

1768 3703 1891 3745 cum
1918 3689 2276 3753 foruicautur,
2313 3703 2489 3758 neque
2534 3702 2698 3754 super
2734 3702 2901 3741 nurus
2950 3695 3161 3742 vestras
3221 3702 3344 3755 cum

1768 3784 2132 3837 mmchantur.
2168 3799 2188 3833 ›
2230 3781 2343 3837 Hoc
2387 3789 2470 3836 est
2527 3779 2805 3843 terribile,
2850 3781 2951 3834 hoc
3011 3786 3343 3842 extremum,

1766 3890 1889 3930 cum
1923 3873 2035 3943 jam
2060 3889 2166 3927 non
2193 3872 2520 3941 corripimur
2542 3884 2640 3940 pro
2664 3870 2925 3939 peccatis,
2944 3884 3065 3924 cum
3100 3868 3212 3937 jam
3236 3883 3343 3923 nou

1767 3966 2092 4036 eorrigimur
2115 3965 2513 4033 delinquentes.
2560 3961 2710 4017 Tunc
2737 3961 2881 4016 enim
2914 3976 3040 4015 cum
3084 3974 3344 4015 excesse-

1766 4062 1939 4116 rimus
1976 4058 2236 4129 peccandi
2283 4056 2525 4121 modum,
2555 4054 2700 4109 Deus
2723 4054 2906 4109 zelans
2935 4053 3148 4127 avertit,
3179 4067 3209 4106 a
3249 4068 3343 4106 no-

1766 4155 1849 4210 bis
1884 4154 2057 4208 zelum
2087 4165 2267 4214 suum,
2322 4148 2467 4202 sicut
2502 4148 2759 4217 superius
2786 4146 2924 4200 dixit
2955 4145 3001 4177 ¹¹“⁶
3041 4162 3055 4198 ;
3120 4162 3139 4195 ι
3171 4142 3343 4196 Aufe-

1766 4249 1915 4295 retur
1941 4239 2085 4295 enim
2119 4238 2267 4292 zelus
2290 4251 2449 4291 meus
2476 4252 2506 4292 a
2543 4247 2613 4300 te,
2649 4246 2703 4290 et
2767 4250 2871 4289 non
2915 4234 3124 4288 irascar
3163 4248 3347 4301 super

1769 4337 1818 4382 te
1846 4329 2010 4385 ultra.
2058 4348 2076 4382 ι
2118 4328 2246 4384 Haec
2269 4327 2337 4381 de
2365 4340 2431 4382 eo
2461 4325 2602 4395 quod
2635 4323 2839 4379 dictum
2872 4332 2957 4380 est
2988 4336 3005 4378 :
3038 4340 3056 4375 ι
3092 4322 3234 4377 Deus
3257 4336 3343 4376 ze-

1767 4417 1909 4476 laus.
1942 4438 1960 4471 ι

100 4515 202 4569 cit:
234 4535 253 4569 ι
302 4518 446 4573 Ecce
496 4521 739 4588 peccatis
794 4523 994 4576 vestris
1038 4520 1331 4575 venundati
1386 4522 1555 4587 estis,
1608 4531 1663 4578 et

1842 4508 1895 4562 6.
1925 4507 2217 4563 Videamus
2259 4520 2406 4561 nunc
2436 4512 2491 4560 et
2537 4504 2682 4574 quod
2746 4504 3014 4573 sequitur,
3070 4502 3342 4572 quomodo

96 4617 301 4675 propter
330 4610 647 4679 iniquitates
667 4622 875 4667 vestras
900 4613 1076 4667 dimisi
1106 4621 1333 4666 matrem
1364 4621 1655 4667 vestram.»

100 4696 209 4754 llzrc
239 4701 326 4768 qui
366 4701 609 4771 loquitur
667 4703 853 4759 zelans
907 4714 1011 4765 est,
1069 4713 1119 4759 et
1185 4703 1303 4758 zelo
1352 4714 1660 4760 commotus

98 4790 199 4845 luce
224 4794 383 4858 dicit;
422 4804 544 4863 post
575 4796 909 4866 agnitionem
939 4798 1081 4852 enim
1109 4798 1191 4852 sui
1217 4838 1232 4864 ,
1278 4806 1399 4867 post
1456 4797 1657 4852 illumi-

100 4881 361 4938 nationem
405 4886 557 4941 verbi
617 4887 810 4951 divini,
869 4897 992 4957 post
1059 4889 1292 4958 gratiam
1357 4889 1655 4958 baptismi,

97 4986 202 5040 post
224 4978 624 5034 confessionem
651 4981 799 5047 ﬁdei,
827 4992 884 5038 et
914 4991 993 5037 tot
1037 4982 1314 5050 tantisque
1346 4995 1657 5035 sacramen-

97 5067 156 5120 tis
183 5071 588 5127 matrimonium
631 5075 1041 5139 conlirmatum,
1094 5088 1203 5128 non
1240 5070 1350 5126 vult
1382 5086 1479 5125 nos
1516 5071 1653 5125 ultra

93 5171 331 5226 peccare,
367 5179 473 5218 non
508 5166 715 5233 patitur
736 5166 975 5219 animam
1004 5163 1159 5233 cujus
1189 5163 1303 5232 ipse
1357 5162 1444 5215 vel
1495 5176 1656 5232 spon-

97 5266 198 5318 δυε,
233 5255 313 5309 vel
370 5256 457 5310 vir
495 5260 840 5328 appellatur,
894 5272 1017 5312 cum
1064 5255 1399 5309 dzemonibus
1446 5253 1654 5318 ludere,

96 5347 310 5401 scortari
333 5362 455 5402 cum
478 5348 770 5405 immundis
799 5348 1104 5419 Spiritibus,
1134 5361 1255 5400 cum
1282 5344 1428 5398 vitiis
1452 5352 1507 5398 et
1551 5344 1656 5397 im-

154 5486 198 5518 "
225 5486 265 5541 ll
300 5486 430 5542 Cor.
465 5504 540 5553 xt,
576 5492 632 5546 2.
708 5491 756 5523 ’⁸
796 5489 984 5545 Matth.
1018 5505 1156 5553 xxn,
1186 5489 1243 5542 2.
1318 5489 1363 5520 ⁷⁷
1395 5486 1495 5541 lsa.
1520 5504 1575 5552 ι..
1608 5488 1659 5541 Ι.

93 5568 157 5620 Vl,
178 5558 230 5613 8.
304 5561 351 5591 ⁸³
374 5560 503 5617 lleb.
530 5577 628 5627 xu,
670 5560 726 5616 6.
798 5562 844 5593 ⁸³
875 5560 1033 5617 Osee.
1071 5576 1145 5626 iv,
1180 5560 1263 5613 l4.

153 5680 259 5804 (δέ)
299 5682 471 5747 Alias.
500 5702 518 5737 ι
546 5685 601 5740 in
631 5697 802 5739 uxore
829 5690 1150 5752 potestatem
1189 5680 1471 5749 peccamli.
1506 5698 1525 5731 ι

156 5752 207 5804 l5
248 5756 264 5804 l
305 5755 475 5804 Alias-
522 5775 541 5804 ι
581 5765 635 5804 et
662 5756 901 5804 legitimo
934 5768 1057 5804 eum
1099 5752 1293 5804 sortita
1334 5751 1495 5804 fuerit

94 5828 109 5872 ι
142 5751 475 5832 _(55)_Alias,
522 5775 541 5809 ι
581 5765 635 5812 et
662 5751 901 5827 legitimo
934 5768 1057 5809 eum
1099 5752 1293 5807 sortita
1334 5751 1495 5805 fuerit
1538 5763 1651 5803 ma.

116 5837 354 5879 fllllOlllO.
404 5843 424 5877 ι
1300 5876 1303 5877 γ

1770 4601 1919 4656 reddi
1959 4600 2219 4655 dicuntur
2246 4608 2471 4669 peccata
2499 4606 2714 4666 patrum
2742 4595 2793 4649 iu
2820 4596 2978 4658 lilios,
3018 4595 3069 4649 in
3124 4593 3338 4649 tertiam

1765 4702 1819 4748 et
1844 4702 2090 4763 quartam
2118 4691 2460 4761 progeniem.
2504 4688 2559 4740 lu
2597 4688 2696 4740 hoc
2750 4686 2893 4740 enim
2944 4698 3200 4739 sermone
3258 4699 3343 4737 so-

1765 4784 1880 4839 lent
1906 4798 2006 4838 nos
2030 4781 2273 4837 bmretici
2299 4778 2620 4849 suggillare,
2662 4778 2802 4846 quod
2826 4791 2933 4831 non
2959 4778 3029 4832 sit
3068 4775 3193 4831 boni
3238 4774 3335 4829 Dei

1762 4890 1967 4940 sermo,
2004 4875 2095 4945 qui
2126 4888 2224 4943 pro
2244 4872 2481 4941 peccatis
2515 4869 2743 4924 alterius
2775 4868 2939 4923 alium
2976 4867 3140 4939 plecti
3171 4866 3336 4921 dicat.

1766 4969 1871 5025 Sed
1902 4966 2200 5023 secundum
2243 4966 2482 5035 ipsorum
2523 4962 2813 5029 rationem,
2852 4961 2941 5029 qui
2993 4959 3161 5013 Deum
3205 4958 3339 5028 legis

1762 5062 2108 5117 mandantem
2134 5060 2248 5114 brae
2282 5058 2408 5113 licet
2442 5073 2547 5113 non
2590 5057 2790 5110 bonum
2823 5054 2961 5125 (57),
3003 5052 3209 5121 justum
3256 5059 3337 5103 ta-

1765 5169 1885 5208 men
1921 5152 2146 5215 dicunt,
2185 5164 2251 5204 ne
2297 5149 2399 5219 ipsi
2454 5149 2671 5218 quidem
2734 5153 2959 5215 possunt
3020 5142 3334 5202 ostendere,

1765 5244 2036 5316 quomodo
2062 5243 2353 5298 secundum
2393 5256 2614 5296 sensum
2642 5255 2797 5295 suum
2818 5236 3044 5308 justitia:
3070 5249 3180 5290 sua:
3204 5246 3339 5287 con-

1766 5338 1956 5392 venire
1987 5334 2267 5397 videatur,
2318 5333 2363 5388 si
2415 5333 2557 5387 alius
2606 5330 2712 5385 alio
2763 5338 3019 5399 peccante
3060 5325 3333 5397 puniatur.

1732 5485 1778 5517 ⁷⁸
1809 5482 1920 5539 Jer.
1946 5497 2029 5545 ιιι,
2059 5481 2111 5536 1.
2186 5480 2231 5514 ⁷⁹
2265 5478 2397 5534 ibid.
2422 5478 2476 5532 7.
2551 5477 2597 5509 ⁸ο
2628 5476 2824 5531 Ezecb.
2850 5490 2961 5541 xvr,
2992 5471 3082 5525 45.
3148 5468 3191 5499 ⁸¹
3220 5465 3334 5525 Jcr.

1336 5560 1383 5591 ⁸⁸
1415 5559 1612 5613 Ezech.
1656 5572 1769 5621 xw,
1811 5555 1900 5608 45.

1829 5672 1943 5744 (3.6)
1986 5671 2154 5737 Alias,
2200 5689 2220 5722 ι
2264 5677 2550 5744 correctus
2591 5680 2693 5721 non
2718 5652 3101 5744 emendatis.)

1829 5727 1944 5812 (5'7)
1985 5727 2156 5812 Alias,
2199 5760 2217 5795 ι
2245 5742 2373 5798 dum
2404 5740 2536 5810 legis
2575 5737 2887 5793 mandatum
2929 5732 3060 5787 licet
3101 5742 3206 5784 non
3233 5727 3333 5783 bo-

1759 5830 1908 5870 lllllll.
1956 5834 1974 5866 ι
