3876 6538
452 388 561 444 359

1927 368 2244 432 ORIGENIS

3635 368 3742 424 SOI)

461 510 723 578 Superest
744 503 910 575 igitur
940 510 998 556 ut
1030 497 1320 555 Dominum
1360 496 1741 568 deprecemur,
1772 504 1832 551 ut
1859 506 2037 551 osten-
2063 502 2109 557 Α
2139 492 2374 548 mundus
2408 492 2461 546 in
2507 492 2611 548 hoc
2650 490 2880 556 saeculo,
2934 504 3112 560 neque
3151 490 3447 561 corripitur
3480 505 3583 559 pro
3611 506 3739 558 pec-

460 603 550 655 dat
575 599 729 653 nobis
760 594 1031 667 quomodo
1062 601 1335 663 praecepta
1368 608 1383 615 ε
1406 590 1519 644 haec
1578 590 1726 660 justo
1783 590 2034 656 bonoque

458 685 788 742 conveniant
817 682 945 737 Deo.
984 680 1139 749 Stepe
1171 679 1284 747 jam
1321 679 1581 743 diximus,
1605 680 1747 749 quod
1788 678 2035 748 Scriptu-

460 793 534 832 ra:
572 776 765 829 divinae
806 790 910 828 non
936 773 1117 828 omnia
1154 774 1220 825 ad
1243 770 1577 827 exteriorem
1613 770 1910 835 hominem,
1941 770 2035 824 sed

456 869 708 939 perplura
746 867 812 921 ad
847 866 1164 921 interiorem
1208 864 1523 932 loquuntur.
1596 862 1831 917 Interior
1873 861 2038 931 igitur

460 960 624 1015 homo
655 968 844 1013 noster
867 967 961 1011 aut
987 958 1153 1010 Deum
1198 955 1395 1008 dicitur
1423 953 1626 1008 habere
1687 963 1897 1023 patrem
1919 993 1935 1020 ,
1990 953 2035 1007 si

460 1051 759 1107 secundum
786 1049 952 1103 Deum
984 1047 1135 1110 vivit,
1168 1053 1222 1099 et
1245 1059 1365 1113 «tua:
1397 1044 1490 1098 Dei
1559 1053 1685 1098 sunt
1739 1045 1848 1115 agit
1880 1062 1895 1111 ;
1944 1051 2037 1096 aut

458 1142 761 1203 diabolum,
789 1141 832 1195 si
864 1141 915 1194 in
947 1137 1188 1208 peccatis
1228 1135 1319 1200 sit,
1353 1146 1408 1189 et
1432 1134 1740 1190 voluntates
1772 1135 1916 1190 illius
1945 1151 2039 1205 ge-

460 1242 547 1287 rat
577 1253 592 1289 :
630 1234 773 1286 sicut
811 1231 1093 1284 evidenter
1122 1228 1175 1280 in
1238 1226 1546 1294 Evangeliis
1580 1225 1831 1281 Salvator
1854 1238 2039 1282 osten-

461 1326 564 1389 dit,
588 1339 709 1377 cum
730 1322 863 1377 dicit
886 1322 931 1354 ⁸⁸
966 1339 978 1376 z
1014 1340 1031 1372 ι
1073 1318 1183 1373 Vos
1212 1317 1279 1371 de
1336 1328 1492 1385 patre
1537 1318 1752 1373 diabolo
1805 1320 1957 1383 estis,
1984 1328 2039 1372 et

463 1416 729 1471 desideria
771 1412 943 1483 patris
976 1413 1140 1466 vestri
1172 1413 1356 1467 facere
1379 1412 1565 1467 vultis.
1616 1410 1710 1465 Ille
1763 1410 2036 1464 homicida

464 1504 569 1562 fuit
596 1510 665 1562 ab
690 1505 866 1568 initio,
892 1513 943 1558 et
970 1504 1021 1557 in
1052 1503 1282 1558 veritate
1316 1520 1420 1558 non
1466 1503 1639 1557 stetit.
1673 1521 1691 1553 ‹
1719 1501 1872 1555 Sicut
1910 1516 2037 1568 ergo

465 1614 652 1654 semen
682 1596 775 1652 Dei
804 1598 855 1649 in
892 1596 1044 1649 nobis
1059 1596 1257 1649 dicitur
1282 1608 1522 1659 manere,
1550 1609 1673 1649 cum
1697 1593 1921 1646 verbum
1944 1592 2035 1646 Dei

465 1701 748 1747 servantes
790 1689 841 1742 in
872 1688 1025 1742 nobis
1063 1703 1168 1741 non
1200 1702 1513 1756 peccamus,
1560 1695 1618 1740 ttt
1668 1685 1907 1740 Joannes
1959 1684 2038 1739 di-

465 1784 540 1837 cit
577 1782 623 1813 "
656 1800 668 1835 :
707 1799 724 1831 ι
760 1781 859 1847 Qui
894 1788 1074 1833 autem
1124 1793 1189 1832 ex
1226 1778 1334 1833 Deo
1361 1788 1443 1832 est
1468 1819 1484 1845 ,
1518 1794 1623 1832 non
1656 1784 1867 1847 peccat,
1910 1776 2033 1845 quia

2136 595 2279 650 cato,
2304 600 2477 655 neque
2500 585 2805 657 ﬂagellatur
2843 604 2857 639 :
2909 586 3093 640 omnia
3146 599 3382 651 namque
3418 584 3468 639 ei
3514 596 3737 637 servata

2136 687 2266 733 sunt
2296 678 2347 732 in
2373 678 2615 732 futurum
2646 677 2781 747 (40).
2816 676 2971 731 Unde
2998 686 3053 730 et
3081 676 3198 745 ipse
3231 676 3411 730 sciens
3439 676 3546 729 sibi
3588 675 3737 727 istud

2138 777 2399 823 statutum
2440 779 2652 837 tempus
2676 782 2790 823 esse
2816 780 3130 837 pinnarum,
3166 767 3383 822 dicebat
3420 766 3490 819 ad
3539 766 3741 819 Salva-

2141 872 2309 916 torem
2350 861 2396 895 ’°
2436 880 2449 917 :
2500 880 2520 913 ι
2565 861 2708 929 Quid
2762 861 2958 916 venisti
3019 870 3149 914 ante
3212 869 3423 930 tempus
3473 869 3741 926 torquere

2141 954 2275 1009 nos?
2312 973 2330 1007 ι
2378 953 2513 1007 Dum
2542 969 2672 1024 ergo
2695 963 2803 1010 stat
2836 955 2926 1008 hic
2954 954 3211 1018 mundus,
3238 963 3460 1021 peccata
3488 966 3593 1004 sua
3632 966 3737 1003 non

2140 1044 2332 1112 recipit
2378 1044 2646 1108 diabolus,
2688 1046 2780 1113 qui
2820 1053 2904 1099 est
2954 1045 3298 1111 peccantiqu
3344 1051 3528 1111 pater.
3588 1042 3738 1095 Red-

2139 1136 2341 1190 duntur
2369 1144 2547 1189 autem
2578 1135 2633 1189 in
2680 1134 2817 1189 ﬁlios
2846 1175 2862 1200 ,
2911 1136 2962 1190 id
3012 1145 3095 1189 est
3132 1136 3184 1189 in
3231 1149 3326 1189 eos
3358 1150 3498 1203 quos
3545 1135 3739 1204 genuit

2140 1242 2237 1295 per
2296 1235 2602 1295 peccatum.
2659 1226 2871 1280 Etenim
2924 1225 3172 1280 homines
3221 1225 3275 1280 in
3342 1240 3512 1279 carne
3574 1224 3736 1293 positi

2140 1320 2508 1388 corripiuntur
2546 1334 2574 1371 a
2612 1318 2865 1383 Domino,
2922 1320 3306 1383 verberantur,
3349 1318 3729 1387 ﬂagellantur.

2139 1408 2255 1465 Non
2280 1411 2422 1465 enim
2452 1410 2563 1463 vult
2586 1409 2846 1464 Dominus
2891 1420 3120 1464 mortem
3156 1409 3467 1480 peccatoris
3490 1449 3507 1473 ,
3546 1410 3651 1463 sed
3682 1418 3739 1460 ut

2142 1510 2465 1567 revertatur,
2516 1510 2569 1556 et
2609 1502 2758 1557 vivat
2802 1501 2871 1554 ".
2918 1501 2983 1554 Et
3025 1509 3312 1570 propterea
3359 1499 3639 1570 benignus
3684 1510 3738 1553 et

2141 1596 2452 1651 misericors
2476 1594 2735 1649 Dominus
2763 1592 2937 1649 reddit
2969 1600 3191 1662 peccata
3223 1601 3439 1665 patrum
3472 1593 3525 1645 in
3562 1593 3735 1653 ﬁlios,

2142 1696 2199 1740 ιιι
2228 1687 2482 1755 quoniam
2508 1697 2709 1755 patres,
2745 1686 2797 1739 id
2849 1694 2933 1738 est
2964 1685 3210 1740 diabolus
3247 1692 3301 1739 et
3350 1684 3531 1754 angeli
3592 1684 3734 1750 ejus,

2142 1780 2430 1848 casterique
2464 1778 2735 1846 principes
2788 1778 2973 1832 mundi
3003 1776 3164 1844 hujus
3193 1786 3248 1831 et
3292 1786 3548 1830 rectores
3590 1785 3739 1829 tene-

465 1888 649 1929 semen
678 1872 766 1927 Dei
798 1881 985 1925 manet
1020 1870 1071 1923 in
1108 1885 1208 1933 eo;
1242 1887 1260 1921 ι
1310 1868 1385 1923 ita
1417 1869 1578 1924 etiam
1611 1884 1735 1923 cum
1769 1884 1799 1922 a
1825 1867 2039 1922 diabolo
2072 1843 2113 1897 Β
2144 1868 2366 1922 brarum
2394 1870 2581 1922 harum
2620 1868 2697 1938 (et
2728 1867 2827 1937 ipsi
2855 1868 3000 1922 enim
3034 1866 3345 1921 eﬂiciuntur
3386 1876 3578 1937 patres
3614 1881 3736 1934 pec-

465 1971 532 2023 ad
599 1968 938 2039 peccandum
993 1966 1332 2030 suademur,
1389 1982 1575 2021 semen
1638 1965 2041 2035 ejus,suscipi-

468 2059 741 2130 mus(38).
771 2060 904 2114 Cum
934 2074 1063 2114 vero
1106 2058 1271 2113 etiam
1317 2058 1607 2128 implemus
1657 2058 1798 2128 quod
1855 2073 2043 2113 suase-

467 2153 558 2215 rit,
584 2162 709 2204 tunc
732 2150 843 2219 jam
879 2158 934 2204 et
962 2151 1150 2221 genuit
1196 2164 1316 2205 nos.
1355 2149 1642 2203 Nascimnr
1669 2149 1810 2204 enim
1847 2150 1896 2203 ei
1948 2149 2040 2203 lilii

466 2258 562 2313 per
585 2250 884 2312 peccatum.
916 2239 1117 2298 Verum
1141 2241 1401 2312 quoniam
1446 2250 1740 2309 peccantes
1782 2241 1868 2294 vix
1929 2238 2043 2296 fere

463 2334 686 2394 accidit,
727 2342 787 2387 ut
838 2332 956 2387 sine
993 2333 1242 2402 adiutore
1288 2345 1602 2400 peccemus,
1645 2331 1739 2384 sed
1765 2338 1855 2383 aut
1882 2329 2039 2382 mini-

465 2433 612 2479 stros
638 2423 874 2493 peccati,
895 2433 988 2476 aut
1014 2423 1292 2492 adjutores
1322 2436 1536 2489 semper
1558 2420 1904 2489 requirimus;
1929 2434 2046 2473 ver-

468 2516 524 2571 bi
551 2531 747 2582 causa,
779 2516 823 2569 si
881 2514 1207 2569 adulterium
1247 2512 1371 2582 quis
1430 2511 1675 2576 molitur,
1721 2528 1828 2566 non
1867 2520 2045 2582 potest

469 2608 574 2663 hoc
599 2608 745 2663 solus
778 2603 1093 2669 admittere,
1126 2606 1221 2661 sed
1252 2620 1474 2661 necesse
1536 2613 1619 2660 est
1675 2605 1839 2658 etiam
1891 2604 2045 2657 adul-

472 2709 646 2754 teram
697 2708 1013 2755 consortem
1058 2698 1176 2754 ﬂeri
1244 2701 1553 2769 sociamque
1606 2697 1847 2768 peccati;
1916 2706 2045 2753 tunc

470 2801 733 2860 praeterea
819 2791 920 2846 etsi
1003 2806 1109 2846 non
1197 2790 1423 2862 plures,
1495 2804 1615 2846 esse
1686 2799 1865 2843 tamen
1949 2806 2046 2845 nc—

472 2895 629 2936 cesse
697 2890 783 2935 est
838 2881 1075 2952 aliquem
1135 2882 1221 2937 vel
1279 2881 1515 2949 aliquam
1581 2881 1635 2934 in
1724 2880 2043 2935 ministeriis

471 2974 541 3027 ad
581 2972 900 3028 societatem
943 2974 1148 3042 peccati
1178 2974 1312 3043 (39);
1331 2973 1420 3042 qui
1443 2985 1633 3027 omnes
1654 2971 1956 3026 velutunus
1977 2988 2045 3027 ex

471 3063 645 3120 altero
665 3065 961 3119 secundum
1000 3064 1370 3133 persuasionis
1405 3065 1650 3119 ordinem
1680 3064 1948 3133 generati,
1977 3077 2045 3117 ex

2141 1963 2269 2028 cati,
2310 1963 2450 2017 sicut
2486 1971 2541 2015 et
2575 1960 2875 2030 diabolus),
2922 1962 3199 2030 quoniam,
3243 1961 3507 2029 inquam,
3546 1970 3739 2028 patres

2144 2055 2231 2109 isti
2262 2055 2466 2123 indigni
2495 2063 2617 2109 sunt
2644 2055 2734 2123 qui
2768 2055 2817 2108 iu
2862 2056 3113 2124 prtesenti
3163 2055 3365 2109 steculo
3420 2056 3739 2122 corripian-

2145 2157 2254 2214 tur,
2295 2148 2388 2202 se'd
2436 2148 2489 2201 iu
2536 2145 2720 2202 futuro
2769 2148 3036 2216 recipient
3080 2161 3202 2216 quae
3259 2156 3587 2208 merentur,
3645 2145 3739 2198 ﬁlii

2143 2252 2354 2303 eorum,
2392 2238 2443 2292 id
2469 2245 2575 2299 est.
2612 2252 2751 2307 quos
2799 2246 3031 2307 peccare
3080 2237 3486 2307 persuaserint,
3538 2246 3605 2289 et
3649 2237 3738 2305 qui

2146 2323 2500 2381 nihilominus
2534 2342 2629 2398 per
2656 2327 2802 2397 ipsos
2835 2328 2991 2383 asciti
3033 2327 3234 2381 fuerint
3271 2327 3339 2381 ad
3389 2326 3736 2381 consortium

2145 2422 2573 2490 societatemque
2618 2420 2853 2490 peccati,
2905 2421 2997 2475 hic
3052 2420 3327 2489 recipiant
3380 2434 3506 2489 qua:
3553 2432 3740 2487 gesse-

2147 2523 2311 2566 runt:
2344 2521 2403 2565 ut
2428 2513 2772 2582 purgatiores
2799 2512 2865 2566 ad
2895 2512 3136 2566 futurum
3192 2512 3453 2565 sarculum
3485 2519 3741 2580 pergant,

2144 2613 2200 2657 et
2252 2603 2389 2658 ultra
2446 2604 2663 2658 diabolo
2716 2604 2853 2659 socii
2906 2619 3013 2659 non
3068 2602 3374 2660 eﬂiciautur
3426 2605 3483 2658 in
3547 2620 3738 2674 prmia.

2146 2700 2282 2767 Quia
2313 2716 2441 2772 ergo
2470 2701 2781 2756 misericors
2805 2711 2889 2755 est
2920 2700 3201 2766 Dominus,
3244 2712 3299 2756 et
3348 2718 3368 2753 ‹
3401 2716 3604 2755 omnes
3656 2701 3741 2753 ho-

2148 2796 2323 2848 mines
2373 2794 2487 2849 vult
2529 2794 2715 2849 salvos
2781 2792 2897 2847 ﬂeri
2940 2794 3011 2860 ",
3067 2812 3087 2846 ι
3133 2803 3417 2863 propterea
3468 2794 3604 2847 dicit
3645 2794 3692 2823 ”
3729 2812 3739 2844 :

2154 2903 2172 2935 ι
2212 2868 2452 2938 Visitabo
2488 2884 2539 2937 in
2569 2883 2722 2953 virga
2776 2883 2956 2938 ferrea
3014 2882 3262 2940 facinora
3310 2899 3527 2950 eorum,
3591 2894 3650 2937 et
3688 2885 3737 2936 in

2148 2976 2371 3044 ﬂagellis
2394 2985 2611 3044 peccata
2642 2990 2852 3029 eorum.
2892 2974 3318 3030 Misericordiam
3343 2987 3523 3031 autem
3560 2992 3738 3029 meam

2149 3072 2256 3123 non
2281 3068 2523 3122 auferam
2549 3066 2616 3122 ab
2638 3066 2740 3121 eis.
2772 3086 2791 3120 ι
2827 3066 3019 3120 Visitat
3057 3082 3187 3136 ergo
3211 3067 3475 3121 Dominus
3496 3067 3741 3125 animas,

471 3166 626 3225 patre
650 3155 865 3211 diabolo
904 3156 1086 3211 noxia:
1126 3155 1428 3209 nativitatis
1468 3155 1782 3225 progeniem
1816 3155 2040 3210 ducunt.
2072 3193 2115 3252 α
2151 3160 2472 3228 etrequirit.
2498 3173 2633 3228 quas
2666 3158 2772 3214 iste
2797 3160 3071 3228 pessimus
3112 3159 3474 3228 persuasione
3525 3158 3742 3227 peccati

477 3247 633 3319 161
662 3247 727 3302 Et
754 3257 810 3301 ut
833 3248 899 3301 ad
916 3263 976 3301 ea
997 3263 1118 3317 qua:
1148 3246 1349 3316 scripta
1370 3253 1498 3302 sunt
1517 3246 1816 3310 veniamus,
1859 3244 2043 3299 Domi—

472 3354 577 3394 nus
607 3340 905 3409 maiestatis
945 3338 1103 3394 Jesus
1129 3339 1381 3395 Christus
1417 3338 1671 3394 Salvator
1714 3348 1899 3394 noster
1926 3353 2049 3393 cru-

473 3431 667 3493 ciﬁxus
697 3443 803 3488 εει.
835 3432 1004 3502 llujus
1052 3433 1247 3503 piaculi
1298 3440 1491 3487 auctor
1530 3441 1584 3487 et
1623 3440 1779 3501 pater
1826 3430 2050 3487 sceleris

473 3525 593 3579 sine
626 3524 789 3579 dubio
835 3524 1078 3579 diabolus
1121 3534 1223 3579 est.
1256 3523 1348 3579 Sic
1375 3525 1520 3578 enim
1556 3523 1819 3593 scriptum
1846 3532 1930 3578 est
1954 3523 1999 3555 ⁸⁷
2032 3542 2046 3578 :

477 3632 501 3669 ι
527 3614 661 3671 Cum
691 3624 869 3670 autem
905 3616 1183 3671 introisset
1213 3615 1463 3671 diabolus
1492 3614 1545 3668 in
1580 3630 1674 3669 cor
1710 3612 1861 3668 Juda:
1899 3615 2048 3669 lsca-

470 3707 647 3772 riotis,
670 3716 728 3761 ut
750 3707 983 3763 traderet
1002 3721 1147 3763 eum.
1181 3725 1199 3759 ι
1228 3708 1386 3763 Pater
1406 3721 1537 3777 ergo
1559 3706 1767 3776 peccati
1797 3706 2049 3762 diabolus

470 3806 575 3853 est.
609 3797 715 3853 lste
748 3798 801 3852 in
842 3798 943 3852 hoc
965 3799 1172 3855 scelere
1200 3799 1434 3868 primum
1474 3799 1642 3852 tilium
1683 3808 1909 3869 generat
1952 3798 2049 3853 Ju-

472 3888 621 3953 dam,
648 3889 741 3942 sed
767 3888 913 3942 solus
942 3889 1043 3942 hoc
1072 3872 1241 3941 ludas
1266 3886 1491 3955 implere
1521 3902 1627 3942 non
1652 3895 1880 3956 poterat.
1911 3885 2050 3953 Quid

475 3994 606 4048 ergo
638 3979 897 4048 scriptum
946 3981 1068 4034 est?
1121 3997 1141 4032 ι
1178 3980 1357 4044 Abiit,
1407 3979 1583 4047 inquit
1623 3979 1711 4045 ⁸⁸,
1769 3980 1935 4034 Judas
1984 3979 2051 4033 ad

477 4071 701 4125 Scribas
725 4081 779 4124 et
805 4070 1132 4137 Pharisaaos,
1161 4080 1216 4126 et
1261 4071 1327 4124 ad
1379 4068 1690 4135 Pontiﬁces,
1722 4071 1908 4125 dicens
1930 4071 2009 4124 eis
2034 4089 2048 4124 :

476 4160 617 4226 Quid
650 4160 779 4214 mihi
809 4160 970 4225 datis,
1003 4170 1056 4216 et
1081 4176 1182 4230 ego
1206 4161 1358 4215 vobis
1384 4174 1505 4215 eum
1540 4161 1794 4215 tradam?
1827 4180 1845 4212 ι
1872 4161 2053 4217 Nasci-

479 4262 568 4305 tur
593 4265 722 4321 ergo
753 4267 817 4306 ex
856 4250 993 4307 Juda
1028 4254 1305 4325 generatio
1329 4254 1483 4308 tertia
1513 4264 1566 4308 et
1592 4265 1781 4324 quarta
1807 4255 2048 4324 peccati.

477 4340 546 4395 Et
590 4342 735 4397 hunc
776 4343 1023 4397 ordinem
1079 4342 1492 4413 deprehendere
1545 4345 1749 4414 poteris
1787 4347 1947 4400 etiam
1996 4346 2048 4400 in

476 4433 703 4503 singulis
752 4436 1054 4504 quibusque
1111 4436 1372 4505 peccatis.
1424 4434 1577 4491 Nunc
1609 4450 1738 4507 ergo
1771 4438 2050 4493 videamus

2152 3251 2400 3322 genuerit
2427 3260 2601 3320 pater,
2630 3258 2681 3304 et
2713 3250 2847 3304 dicit
2868 3250 2935 3304 ad
2968 3264 3406 3320 unamquamque
3431 3245 3735 3302 earum“:

2159 3363 2178 3397 ι
2218 3345 2379 3409 Audi,
2415 3343 2549 3409 ﬁlia,
2593 3352 2650 3396 et
2694 3342 2821 3396 vide
2866 3350 2925 3396 et
2974 3342 3178 3396 inclina
3229 3356 3415 3395 aurem
3471 3352 3656 3403 tuam,
3696 3349 3747 3393 et

2151 3437 2473 3493 obliviscere
2505 3434 2759 3507 populum
2800 3445 2972 3500 tuum,
3006 3436 3300 3490 etdonmm
3350 3433 3527 3503 patris
3572 3434 3680 3486 tui.
3721 3451 3740 3483 ι

2157 3528 2360 3605 Visitat
2387 3544 2515 3598 ergo
2545 3537 2595 3584 te
2626 3537 2753 3597 post
2792 3539 3095 3596 peccatum,
3142 3536 3197 3582 et
3221 3534 3535 3580 commonet
3573 3535 3656 3589 te,
3698 3534 3751 3577 et

2153 3622 2205 3676 in
2236 3622 2453 3692 ﬂagello
2476 3630 2532 3675 et
2560 3622 2713 3691 virga
2741 3630 2792 3674 te
2824 3620 3012 3673 visitat
3040 3635 3138 3689 pro
3174 3628 3398 3689 peccato
3446 3620 3603 3686 quod
3653 3617 3745 3669 tibi

2155 3724 2310 3784 pater
2334 3714 2586 3769 diabolus
2611 3714 2879 3783 suggessit
2901 3711 3038 3782 (41),
3069 3721 3128 3766 ιιι
3157 3712 3346 3765 reddat
3385 3710 3485 3763 tibi
3525 3709 3667 3761 illud
3696 3710 3749 3761 in

2153 3808 2355 3873 sinum,
2388 3807 2440 3862 id
2495 3815 2580 3861 est
2613 3807 2739 3860 dum
2778 3808 2832 3861 in
2875 3820 3107 3876 corpore
3151 3804 3324 3873 degis.
3362 3803 3428 3857 Et
3470 3802 3552 3856 sic
3602 3816 3753 3855 com-

2154 3892 2350 3962 pletur,
2373 3892 2525 3948 reddi
2550 3903 2769 3959 peccata
2817 3905 3029 3963 patrum
3080 3893 3132 3945 in
3176 3893 3352 3946 sinmn
3406 3891 3664 3945 ﬁliorum
3698 3892 3749 3941 in

2155 3985 2370 4038 tertiam
2403 3993 2457 4038 et
2494 3995 2746 4053 quartam
2799 3985 3132 4053 progeniem.
3169 3984 3309 4037 Deus
3354 3983 3504 4036 enim
3542 3983 3745 4035 zelans

2153 4083 2258 4136 est,
2304 4081 2358 4127 et
2386 4074 2622 4125 animam
2659 4088 2822 4142 quam
2867 4073 2972 4127 sibi
3016 4073 3304 4140 despondit
3344 4073 3395 4125 in
3448 4072 3582 4133 ﬁde,
3640 4087 3745 4124 non

2156 4165 2267 4217 vult
2317 4164 2464 4217 illam
2509 4177 2829 4233 permanere
2879 4164 2931 4218 in
2976 4163 3441 4219 contautinatione
3496 4168 3749 4233 peccati;

2156 4257 2249 4312 sed
2274 4258 2388 4309 vult
2414 4270 2533 4309 eam
2562 4255 2670 4308 cito
2696 4256 2938 4326 purgari,
2969 4256 3084 4310 vult
3124 4270 3244 4309 eam
3293 4255 3561 4311 velociter
3610 4257 3754 4323 abii.

2155 4363 2279 4404 cere
2308 4363 2498 4404 omnes
2528 4349 2895 4403 immunditias
2920 4364 3069 4414 suas,
3100 4347 3147 4402 si
3182 4349 3266 4402 cui
3297 4348 3439 4403 forte
3492 4350 3749 4419 subjecta

2155 4437 2394 4507 est(42).
2426 4437 2482 4490 Si
2506 4452 2633 4491 vero
2654 4447 2937 4507 permanet
2972 4439 3024 4492 in
3044 4439 3306 4507 peccatis,
3328 4438 3534 4492 etdicit
3579 4456 3597 4492 :
3634 4439 3749 4491 Non

477 4528 769 4581 secundum
801 4529 941 4583 hanc
967 4545 1128 4599 quam
1156 4530 1389 4585 diximus
1415 4534 1747 4602 progeniem,
1774 4534 2046 4600 quomodo
2080 4558 2123 4612 η
2157 4528 2439 4583 audiemus
2483 4542 2670 4582 vocem
2721 4527 2969 4592 Domini,
3008 4527 3103 4582 sed
3146 4526 3408 4583 facientes
3462 4527 3749 4583 faciemus

479 4617 621 4671 Deus
652 4629 869 4687 peccata
902 4630 1120 4690 patrum
1146 4620 1334 4674 reddat
1370 4621 1425 4675 in
1454 4622 1613 4685 ﬁlios,
1661 4622 1712 4675 in
1746 4624 1961 4677 tertiam
1991 4632 2079 4677 et-

479 4719 726 4778 quartam
762 4713 1095 4781 progeniem,
1132 4720 1188 4765 et
1224 4712 1275 4766 in
1307 4713 1451 4782 ipsos
1488 4728 1594 4767 non
1629 4713 1817 4767 reddat
1844 4724 2045 4782 patres.

478 4799 625 4853 Nihil
667 4802 810 4856 enim
856 4806 921 4857 de
950 4805 1194 4873 patribus
1235 4804 1373 4859 dixit
1412 4804 1574 4861 Deus.
1626 4806 1880 4860 Diabolus
1922 4822 2051 4878 ergo

479 4893 570 4960 qui
600 4894 854 4960 peccandi
879 4893 990 4964 jam
1040 4898 1259 4950 modum
1308 4898 1561 4961 excessit,
1607 4896 1749 4950 sicut
1788 4900 2048 4965 propheta

479 4985 613 5038 dicit
651 4986 720 5050 ⁸⁸,
766 4987 1220 5054 quemadmodum
1266 4988 1647 5042 vestimentum
1694 4988 1745 5041 iu
1789 4990 2050 5058 sanguine

478 5085 817 5141 concretum,
851 5092 955 5130 non
981 5076 1087 5131 erit
1118 5078 1400 5142 mundum,
1438 5080 1512 5133 ita
1545 5089 1601 5133 et
1646 5079 1761 5148 ipse
1806 5094 1911 5133 non
1947 5080 2052 5134 erit

550 5217 596 5249 ⁸⁸
636 5217 793 5273 Joan.
824 5234 910 5280 ιιι,
944 5218 1034 5271 Η.
1134 5219 1179 5251 ⁸⁸
1218 5220 1234 5274 1
1265 5217 1425 5275 Joan.
1467 5235 1550 5282 ιιι,
1573 5222 1628 5275 9.

478 5304 596 5351 vm,
620 5289 711 5342 29.
788 5289 831 5320 ἰ
859 5288 1050 5343 Ezech.
1083 5306 1277 5357 xxxttt,
1310 5291 1395 5344 11.
1498 5291 1585 5343 "1
1620 5291 1761 5345 Tim.
1796 5307 1855 5357 tt,
1883 5293 1936 5346 4.

479 5360 526 5391 ⁹⁸
562 5359 725 5413 Prov.
767 5374 807 5421 ι,
838 5359 929 5413 24.

552 5524 664 5667 (58;
708 5524 1059 5593 Suscipimus.
1102 5526 1271 5589 Alias,
1318 5546 1338 5580 ‹
1375 5526 1657 5582 eﬂicimur.
1710 5549 1728 5580 ι

552 5595 641 5664 (59
682 5595 833 5667 illiss.
876 5596 1241 5664 Turonenses,
1282 5616 1300 5650 ι
1349 5601 1415 5654 de
1449 5600 1714 5655 ministris

551 5595 833 5676 (59)“5155.
876 5596 1241 5677 Turpneuses,
1282 5616 1300 5650 ι
1349 5601 1415 5654 de
1449 5600 1714 5655 ministris
1752 5608 1806 5655 et
1846 5601 2050 5655 nuntiis

483 5680 545 5718 ac
584 5680 745 5718 ευριιὸ
786 5677 1011 5733 peccatt.
1060 5686 1079 5719 ι

554 5733 815 5814 lit‘LQuo
852 5751 1092 5814 tempore
1134 5748 1374 5814 extrema
1406 5738 2051 5814 supplicia__d;emonilms

485 5806 569 5856 vel
604 5803 824 5875 inﬂicta,
851 5810 934 5864 vel
963 5803 1250 5880 inﬂigenda
1281 5803 1543 5882 Origenes
1572 5811 1890 5883 crediderit,
1927 5827 2052 5868 cou-

1721 5221 1765 5252 ⁸⁷
1796 5219 1953 5275 Joan.
1980 5235 2103 5275 xm.
2131 5220 2186 5274 9.

2035 5262 2254 5347 ⁹³Ῥελ1.
2290 5309 2513 5360 ιιιςχιιί,
2538 5294 2626 5348 52.
2699 5263 2749 5326 ”'*
2773 5265 2918 5353 Ρέςιι,
2946 5310 3068 5359 va,
3096 5298 3182 5348 ιο.

2155 4620 2457 4674 voluntates
2521 4633 2767 4684 nostras,
2829 4629 2881 4674 et
2947 4621 3301 4676 incemlemus
3362 4620 3547 4690 ignem
3610 4626 3753 4693 regi-

2153 4728 2236 4769 n:e
2284 4712 2428 4777 cteli,
2484 4712 2624 4766 sicut
2684 4714 3045 4782 exprobratur
3097 4729 3193 4783 per
3262 4717 3591 4783 prophetam
3642 4717 3693 4748 ⁸⁸
3735 4733 3753 4770 :

2155 4812 2283 4857 tunc
2343 4814 2629 4858 servantur
2692 4806 2853 4859 etiam
2938 4806 3040 4874 ipsi
3099 4806 3165 4859 ad
3241 4805 3387 4860 illam
3444 4806 3755 4875 Sapientiae

2156 4899 2521 4964 sententiam,
2569 4914 2690 4967 quae
2745 4900 2876 4954 dicit
2936 4901 2982 4932 ³⁸
3047 4914 3062 4952 :
3125 4918 3143 4951 ι
3198 4898 3461 4966 Quoniam
3517 4904 3752 4969 quidem

2156 4990 2451 5052 vocabam,
2528 4998 2583 5043 et
2650 5007 2755 5044 non
2816 4991 3230 5056 obaudiebatis,
3312 4990 3404 5045 sed
3475 4992 3759 5051 irrideba-

2161 5081 2231 5133 tis
2276 5095 2553 5136 sermones
2599 5097 2780 5148 meos;
2819 5083 3001 5153 itaque
3050 5093 3106 5138 et
3148 5098 3247 5154 ego
3306 5095 3501 5139 vestra:
3553 5086 3753 5152 perdi-

2264 5219 2312 5253 “
2344 5220 2533 5276 Matth.
2565 5238 2716 5288 χχιιι,
2758 5223 2845 5284 14,
2875 5224 2961 5278 15.
3038 5225 3082 5257 ⁸⁸
3114 5224 3215 5278 Isa.
3240 5240 3314 5284 ις.
3339 5225 3392 5279 5.
3470 5228 3514 5259 '°
3548 5226 3755 5281 Matth.

3296 5296 3341 5327 ’⁵
3372 5295 3482 5350 Jer.
3520 5313 3629 5361 tu,
3666 5302 3753 5354 l8.

2160 5531 2275 5585 sule
2298 5531 2662 5604 clarissimum
2694 5532 2945 5587 liuetittm
2990 5532 3207 5604 Origen.
3247 5533 3339 5588 lib.
3372 5550 3430 5601 tt,
3458 5546 3670 5604 qumSL.
3694 5536 3753 5603 5,

2160 5618 2311 5673 Itum.
2334 5602 2404 5655 ‘22
2426 5614 2490 5673 rei
2516 5618 2637 5673 seq.

2161 5671 2343 5795 malit)
2374 5672 2542 5741 Alias,
2588 5671 2613 5725 «⁷
2644 5689 2741 5744 pro
2788 5673 3021 5744 peccatis
3061 5689 3183 5744 qua:
3236 5674 3329 5730 tibi
3369 5683 3525 5745 pater
3549 5676 3755 5733 diabo-

2233 5783 2345 5884 ζῖιὲ)
2369 5812 2541 5884 Alias,
2569 5832 2586 5867 ι
2621 5814 2666 5871 si
2700 5813 2783 5871 cui
2809 5813 2948 5872 forte
2983 5814 3298 5883 subreptum
3330 5826 3432 5872 est.
3464 5833 3487 5868 ι
