3876 6506
190 416 270 473 361

1357 390 1421 446 lN
1458 385 1746 471 axonun
1780 382 2062 441 HOMILIA
2095 378 2185 437 rx.

3294 370 3402 428 562

188 529 298 591 tioni
326 520 702 593 superridebo;
728 516 765 571 ἰ
797 516 881 571 vel
915 513 1062 570 illam
1112 525 1230 582 qure
1268 509 1446 579 posita
1482 517 1569 563 est
1619 506 1727 560 illis
1756 510 1800 567 Α
1832 507 2030 561 Sancta
2072 509 2403 556 sanctorum.
2441 496 2568 551 Post
2590 492 2888 551 secundum
2920 499 3100 548 autem
3125 492 3392 560 velamen,

189 628 233 680 in
254 614 530 686 Evangelio
562 612 775 666 dicente
804 608 1031 662 Domino
1063 606 1106 636 ³⁷
1139 622 1153 659 :
1199 622 1217 655 ι
1258 601 1528 656 Discedite
1574 614 1603 653 a
1643 612 1729 653 me

184 718 232 771 in
251 714 411 782 ignem
436 717 719 769 aeternum,
752 714 911 770 quem
954 696 1282 767 praeparavit
1327 695 1469 748 Deus
1513 689 1732 745 diabolo

183 818 228 863 et
252 778 443 869 angelis
472 794 614 864 ejus.
653 809 670 843 ι
709 791 821 859 Ego
863 798 990 857 opto
1035 795 1113 849 ut,
1143 787 1266 839 dum
1307 782 1361 837 in
1402 784 1505 835 hoc
1532 778 1731 835 saeculo

182 868 526 957 sum,ivisitet
573 883 830 938 Dominus
888 890 1112 949 peccata
1167 890 1310 939 mea,
1352 884 1409 928 et
1460 873 1549 927 hic
1599 868 1729 925 mihi

185 984 427 1045 restituat,
455 986 512 1031 ut
536 976 604 1030 ibi
646 974 791 1027 dicat
823 970 991 1025 etiam
1022 968 1087 1023 de
1127 982 1210 1021 me
1244 964 1539 1024 Abraham,
1589 961 1734 1013 sicut

181 1073 381 1130 dixitde
404 1082 636 1140 paupere
664 1065 871 1118 Lazaro
897 1064 965 1115 ad
996 1060 1220 1114 divitem
1252 1056 1298 1088 ⁸⁸
1325 1072 1338 1109 :
1374 1072 1392 1105 ι
1438 1052 1728 1116 Memento,

184 1168 265 1231 :ili,
292 1163 425 1233 quod
454 1159 699 1229 recepisti
726 1158 866 1210 bona
900 1154 953 1209 in
984 1152 1095 1207 vita
1135 1160 1245 1211 tua,
1277 1156 1331 1202 ct
1366 1145 1611 1199 Lazarus
1658 1143 1732 1197 si-

180 1258 358 1314 militer
380 1255 541 1308 mala.
574 1252 724 1307 Nunc
777 1258 955 1302 autem
1008 1244 1098 1299 hic
1142 1240 1457 1311 requiescit,
1507 1247 1560 1290 tu
1602 1249 1733 1289 vero

180 1351 441 1410 cruciaris.
484 1368 503 1399 ι
538 1347 828 1415 Propterea
869 1355 1000 1411 ergo
1034 1353 1157 1392 cum
1222 1333 1568 1402 corripimur,
1612 1344 1733 1382 cum

178 1442 488 1510 castigamur
512 1452 543 1490 a
572 1434 823 1497 Domino,
862 1444 982 1486 esse
1024 1441 1129 1482 non
1181 1424 1443 1478 debemus
1499 1415 1730 1488 ingrati,

179 1536 260 1591 sed
289 1526 652 1597 intelligamus
680 1533 969 1592 propterea
1003 1531 1099 1571 nos
1128 1514 1180 1569 in
1223 1508 1477 1581 praesenti
1536 1503 1735 1560 saeculo

179 1624 380 1692 corripi,
414 1596 562 1674 utin
606 1617 789 1669 futuro
825 1610 1066 1679 requiem
1122 1613 1545 1670 consequamur,
1591 1596 1737 1650 sicut

178 1732 225 1776 et
250 1690 536 1784 Apostolus
583 1709 712 1765 dicit
744 1707 832 1759 πε
873 1721 891 1753 ι
927 1702 1059 1757 Cum
1107 1706 1284 1751 autem
1332 1690 1662 1761 castigamur
1705 1700 1735 1739 a

177 1809 408 1871 Domino,
435 1800 782 1870 corripimur,
830 1808 898 1847 ne
943 1806 1066 1847 cum
1099 1789 1201 1843 hoc
1252 1781 1450 1839 mundo
1505 1783 1733 1834 damne-

1834 593 2241 652 tabernaculum
2293 590 2437 660 quod
2488 590 2689 646 dicitur
2730 599 3005 651 sanctum,
3046 583 3249 642 habens
3297 598 3393 638 au—

1832 703 1983 744 reum
2020 687 2190 742 altare
2215 683 2517 747 incensi,et
2548 697 2731 738 aream
2779 677 3121 743 testamenti,
3156 684 3211 732 et
3252 676 3393 730 intra

1831 795 1949 836 eam
2001 779 2134 833 duas
2194 774 2427 837 tabulas,
2473 783 2529 830 et
2589 788 2812 838 manna,
2867 780 2922 827 et
2972 770 3179 840 virgam
3216 767 3395 821 Aaron

1832 885 1950 939 qua:
1989 867 2326 924 frondnerat.
2367 886 2386 919 ι
2440 864 2546 919 Sed
2596 865 2665 919 iis
2727 862 2936 917 addidit
2974 880 2986 915 :
3028 880 3047 913 ι
3084 860 3160 914 De
3196 859 3396 929 quibus

1832 973 1939 1013 non
1974 968 2058 1013 est
2092 961 2248 1013 modo
2280 958 2571 1032 dicendum
2610 969 2712 1023 per
2739 952 2973 1023 singula.
3021 970 3041 1005 ›
3080 951 3237 1019 Quod
3267 964 3399 1020 ergo

1833 1051 1927 1114 ait,
1957 1067 1975 1101 ι
2007 1051 2072 1104 de
2104 1050 2299 1117 quibus
2325 1063 2429 1102 non
2461 1055 2543 1101 est
2572 1045 2731 1101 modo
2756 1044 3064 1109 dicendurm,
3114 1060 3133 1095 ι
3173 1042 3396 1113 quidam

1833 1140 1897 1194 ad
1950 1140 2078 1194 illud
2131 1148 2342 1206 tempus
2386 1136 2630 1193 referunt
2674 1150 2781 1206 quo
2838 1133 3081 1189 Hebraeis
3127 1133 3406 1187 scribebat

1834 1232 2149 1302 Epistolam.
2187 1230 2323 1283 Aliis
2357 1244 2482 1284 vero
2530 1229 2764 1294 videtur,
2812 1227 2953 1295 quod
2990 1241 3085 1295 pro
3118 1224 3406 1295 mysterio-

1834 1340 1953 1378 rum
1989 1321 2362 1393 magnitudine
2409 1335 2571 1376 omne
2606 1330 2814 1390 tempus
2853 1318 3137 1388 praesentis
3182 1317 3302 1370 vita:
3337 1317 3403 1369 ad

1798 1460 1805 1466 .
1834 1415 1951 1471 haec
1982 1413 2318 1484 explananda
2346 1414 2598 1469 idoneum
2635 1420 2812 1480 neget.
2844 1410 3038 1464 Verum
3065 1423 3169 1464 non
3207 1423 3405 1478 usque-

1834 1510 2255 1583 quaque'tristes
2295 1526 2394 1567 nos
2420 1510 2680 1578 relinquit
2707 1508 3017 1578 Apostolus,
3056 1508 3175 1573 sed,
3210 1513 3267 1559 nt
3296 1505 3401 1559 sibi

1836 1606 2003 1659 moris
2030 1614 2134 1670 est,
2164 1606 2342 1673 aperit
2373 1620 2542 1672 pauca
2570 1606 2635 1656 de
2674 1602 2857 1655 multis
2886 1617 2899 1653 :
2937 1611 2994 1654 ιιι
3042 1600 3286 1653 clausum
3333 1599 3406 1652 sit

1836 1699 2053 1769 quidem
2096 1697 2511 1769 negligentibus,
2544 1694 2855 1748 inveniatur
2886 1703 3067 1747 autem
3115 1708 3143 1745 a
3187 1691 3407 1760 pulsan-

1841 1793 2004 1854 tibus,
2061 1801 2118 1846 et
2172 1790 2540 1861 quaerentibus
2612 1788 2916 1857 aperiatur.
2996 1785 3213 1855 Repetit
3275 1798 3407 1853 ergo

178 1915 303 1958 mur.
339 1915 357 1947 ι
395 1894 687 1961 Propterea
736 1886 969 1953 denique
1008 1892 1064 1936 et
1102 1880 1299 1934 beatus
1340 1873 1442 1928 Job
1496 1870 1732 1961 libenter
1764 1855 1807 1910 Β
1841 1901 2053 1940 rursum
2080 1886 2145 1939 de
2182 1855 2553 1944 [abemaculo’
2597 1855 2658 1936 εί
2689 1880 2820 1933 dicit
2847 1879 2867 1910 ε
2901 1897 2913 1932 ε
2952 1896 2969 1929 ε
3009 1876 3124 1933 Non
3163 1879 3307 1933 enim
3351 1877 3404 1933 iu

177 1958 711 2057 suscipiebat—cuncta
739 1974 1026 2045 supplicia,
1051 1979 1103 2025 et
1131 1967 1348 2022 dicebat
1382 1964 1399 1994 ⁸
1437 1961 1595 2032 quia,
1630 1978 1647 2010 ι
1689 1958 1732 2013 si

177 2049 644 2145 bona-accepimus
674 2070 740 2124 de
777 2081 937 2121 manu
980 2060 1216 2124 Domini,
1261 2068 1437 2111 nonne
1483 2062 1539 2108 et
1595 2049 1735 2105 mala

178 2144 547 2231 tolerabimus?
596 2162 857 2218 Dominus
925 2156 1095 2219 dedit,
1163 2151 1429 2207 Dominus
1474 2144 1729 2207 abstulit;

176 2269 305 2323 sicut
332 2259 562 2315 Domino
608 2251 829 2324 placuit,
881 2248 954 2302 ita
1006 2245 1205 2300 factum
1253 2251 1370 2305 eat;
1424 2238 1494 2292 sit
1543 2249 1737 2288 nomen

178 2353 371 2413 Domini
406 2349 769 2405 benedictum.
804 2358 822 2393 ι
874 2338 1069 2394 Reddit
1114 2344 1292 2389 autem
1332 2339 1388 2385 et
1426 2328 1738 2383 misericor-

177 2452 302 2506 diam
334 2446 388 2500 in
425 2442 589 2497 millia
615 2440 681 2493 iis
704 2437 796 2507 qui
829 2434 1059 2503 diligunt
1097 2444 1220 2485 eum
1249 2430 1293 2480 ².
1337 2425 1438 2493 Qui
1474 2423 1621 2479 enim
1663 2418 1740 2473 di-

175 2545 352 2615 ligunt,
383 2534 732 2601 correptione
764 2543 867 2581 non
899 2523 1167 2590 indigent,
1200 2531 1374 2588 neque
1416 2516 1560 2570 enim
1607 2524 1737 2581 pec-

174 2606 310 2699 cant,
340 2606 501 2685 vsicut
527 2634 583 2681 et
615 2619 876 2677 Dominus
926 2615 1058 2671 dicit
1082 2613 1102 2643 ³
1141 2630 1156 2667 :
1192 2629 1212 2662 α
1248 2609 1349 2677 Qui
1404 2606 1582 2676 diligit
1629 2616 1735 2666 tne,

182 2696 421 2781 mndata
450 2733 567 2774 mea
596 2712 856 2772 custodit.
894 2727 914 2760 ι
952 2707 1019 2762 Ει
1042 2706 1162 2761 ideo
1199 2722 1217 2755 ι
1254 2700 1494 2772 perfecta
1519 2696 1739 2752 dilectio

177 2823 306 2876 foras
331 2816 507 2872 mittit
528 2815 777 2868 timorem
802 2804 845 2858 δ.
879 2820 897 2855 ι
934 2800 1015 2858 0b
1064 2800 1169 2855 hoc
1209 2811 1336 2867 ergo
1385 2787 1740 2863 diligentibus

176 2914 275 2967 sola
298 2905 679 2966 misericordia
705 2899 882 2973 posita
907 2905 1011 2959 est.
1039 2892 1179 2949 beati
1223 2890 1369 2946 enim
1420 2882 1739 2940 misericor-

176 3010 258 3063 des
288 3008 330 3073 ⁸,
363 3005 497 3076 quia
527 3001 658 3072 ipsis
697 2993 1048 3051 miserebitur
1090 2989 1234 3043 Deus
1275 2986 1326 3039 in
1359 2981 1579 3038 Christo
1604 2976 1735 3033 Jesu

178 3100 392 3155 Domino
439 3108 641 3161 nostro,
676 3091 762 3148 cui
788 3097 870 3145 est
897 3086 1066 3158 gloria
1128 3093 1180 3137 et
1215 3077 1499 3149 imperium
1551 3073 1604 3126 in
1641 3084 1741 3124 sa}—

173 3192 285 3247 eula
323 3189 674 3246 sarculorum.
707 3184 901 3237 Amen.

750 3268 1045 3328 llOMlLlA-
1067 3264 1160 3321 lX.

697 3366 777 3419 De
833 3357 1200 3416 tabernaculo.

232 3470 282 3524 ί.
312 3466 369 3523 Si
392 3464 523 3535 quis
544 3463 703 3531 digne
736 3450 1116 3523 intelligat,vel
1140 3464 1203 3502 ex
1237 3445 1470 3518 Egyplo
1489 3441 1746 3497 llebrago-

177 3579 284 3617 rum
308 3557 726 3633 profeuionem,
753 3550 833 3605 vel
862 3546 1147 3602 transitum
1172 3541 1329 3612 162
1352 3538 1520 3594 maris
1545 3534 1740 3601 Rubri,

174 3660 259 3711 sed
288 3631 340 3710 et
367 3665 589 3708 onmem
619 3649 757 3701 hanc
779 3642 942 3707 viam,
978 3654 1101 3709 quae
1132 3637 1309 3706 agitur
1334 3648 1431 3702 per
1462 3631 1738 3686 desertum

175 3756 224 3801 et
254 3744 585 3799 metationes
635 3733 875 3804 singulas
925 3741 1168 3799 quasque
1202 3730 1541 3787 castrorum;
1573 3719 1619 3774 si
1647 3719 1749 3772 hoc

176 3853 285 3893 rum
318 3838 389 3890 ita
433 3814 704 3887 exstiterit
725 3836 919 3892 capax,
952 3830 1009 3874 ut
1041 3819 1204 3873 etiam
1232 3818 1404 3886 legem
1435 3814 1527 3868 Dei
1574 3810 1749 3865 susci-

175 3934 279 4002 piat
332 3929 601 3997 scriptam
656 3936 759 3975 non
824 3923 1167 3979 atramento,
1238 3912 1333 3966 sed
1383 3907 1587 3978 Spiritu
1646 3903 1741 3960 Dei

178 4030 279 4085 vivi
318 4030 380 4093 ‘;
422 4027 469 4080 si
493 4024 635 4093 quis,
672 4024 914 4090 inquam,
952 4017 1019 4071 ad
1055 4014 1166 4067 haec
1226 4007 1297 4062 ita
1343 4019 1439 4076 per
1498 4001 1744 4055 ordinem

176 4124 514 4196 profectuum
544 4112 1009 4189 perfecteveniat,
1043 4117 1101 4161 ut
1136 4101 1350 4173 singula
1382 4111 1612 4168 qttteqne
1638 4095 1751 4148 im-

177 4220 322 4287 plens
359 4218 418 4271 in
443 4215 639 4285 spiritu
661 4216 947 4264 assecutus
974 4202 1067 4268 sit,
1106 4206 1160 4253 et
1189 4211 1251 4250 ea
1280 4208 1402 4263 qua:
1431 4191 1486 4244 in
1538 4188 1621 4242 his
1665 4187 1749 4239 in-

176 4315 421 4369 dicantur
466 4284 755 4379 augmenta
807 4299 1091 4359 virtutum,
1160 4289 1247 4345 ille
1293 4284 1493 4356 poterit
1550 4295 1747 4337 conse-

178 4418 403 4477 quenter
434 4376 598 4458 etiain
631 4399 698 4452 ad
726 4394 990 4450 visionem
1020 4398 1075 4442 et
1110 4378 1533 4448 intelligentiam
1569 4376 1749 4427 taber-

178 4464 350 4556 naculi
388 4493 700 4567 pervenire.
752 4490 825 4543 De
851 4498 959 4554 quo
1016 4472 1366 4533 tabernaculo
1414 4467 1597 4523 multis
1630 4464 1751 4535 qui-

178 4595 295 4648 dem
329 4550 546 4647 in.locis
575 4591 886 4641 memorant
916 4577 1214 4645 Scriptura:
1268 4570 1488 4637 divinae,
1515 4578 1571 4622 et
1608 4564 1748 4619 indi-
1786 4550 1832 4605 Β
1862 4560 1978 4623 Dei,

178 4703 299 4743 care
337 4684 589 4756 quaedam
646 4664 919 4737 videntur,
980 4680 1212 4739 quorum
1267 4664 1356 4717 vix
1409 4675 1581 4730 capax
1632 4670 1754 4711 esse

182 4749 652 4852 possit-humanus
687 4768 945 4830 auditus;
974 4760 1245 4833 praecipue
1276 4766 1458 4810 tamen
1478 4749 1754 4822 apostolus

179 4841 377 4927 l’aulus
410 4869 477 4922 de
514 4862 866 4932 intelligentia
914 4850 1243 4909 tabernaculi
1294 4847 1539 4917 quaedam
1597 4841 1754 4897 nobis

180 4966 358 5034 prodit
381 4962 627 5017 scientiae
665 4950 982 5012 excelsioris
1017 4945 1245 5008 indicia,
1301 4939 1395 4994 sed
1433 4937 1616 4991 nescio
1648 4948 1755 5003 quo

179 5028 341 5130 pacto
395 5052 748 5123 fragilitatem
805 5041 1056 5100 fortassis
1130 5038 1347 5091 intuens
1413 5028 1753 5089 auditorum,

180 5121 386 5204 claudit
420 5121 819 5215 quodammodo
849 5138 965 5204 ipsa
1010 5145 1132 5201 quae
1176 5124 1385 5196 pandit.
1435 5121 1575 5175 Dicit
1610 5132 1760 5171 nam-

178 5256 284 5313 que
314 5241 384 5294 ad
421 5237 678 5292 Hebrreos
708 5230 955 5286 scribens
983 5225 1002 5256 ’⁷
1045 5241 1057 5276 :
1092 5241 1109 5272 ι
1148 5213 1583 5273 Tabernaculum
1612 5209 1756 5265 enim

180 5303 389 5391 factum
441 5335 523 5382 est
551 5325 808 5396 primum,
846 5321 899 5373 in
932 5330 1041 5386 quo
1075 5319 1194 5367 erat
1243 5303 1656 5368 candelabrum,
1702 5306 1759 5353 et

180 5438 373 5478 mensa
412 5395 610 5491 (45)et
649 5411 949 5485 propositio
999 5420 1222 5476 panum,
1272 5400 1414 5470 quod
1466 5395 1758 5450 dicebatur

250 5517 295 5548 "
334 5514 536 5570 Matth.
573 5527 698 5578 xxv,
724 5509 814 5578 ΔΙ,

185 5656 229 5689 ⁸⁸
259 5657 411 5713 Psal.
448 5654 633 5720 x1v,l,
658 5652 714 5703 ‘2.

254 5749 379 5821 (L3)
402 5746 552 5821 Alias
583 5744 785 5821 deerat,
819 5758 838 5821 ε
866 5746 920 5793 et
940 5749 1209 5821 incusari

260 5793 381 5888 >113
402 5793 1024 5874 iliasﬂ'elfunderetur
1080 5804 1263 5858 animo
1310 5812 1375 5853 ac
1424 5803 1537 5851 tota
1578 5800 1756 5847 mente
1781 5793 2086 5845 corrueret.
2133 5804 2152 5836 ι

520 5910 794 5970 Parnm.
834 5904 952 5965 Gn.
987 5900 1131 5961 XII.

890 5503 1082 5558 “Luc.
1110 5515 1219 5561 xvi,
1241 5497 1331 5550 95.
1406 5494 1452 5525 "
1492 5491 1509 5545 l
1540 5488 1664 5561 Ger.
1690 5484 1898 5561 ειη-52.

183 5587 206 5618 ⁸
229 5547 553 5647 Ηυῒιίμίιιῖ,
724 5547 1454 5638 τ’ᾮίθῑῑίιῗῖιΐήϊἾδῇδον.
1482 5578 1558 5626 ιιι,
1588 5559 1641 5615 ὅ.
1704 5558 1723 5589 ⁷

1848 5558 1927 5612 br.
1971 5550 2206 5619 1x,2,5.
2270 5548 2447 5605 8ibid.
2488 5547 2582 5601 24.

1837 1985 2026 2030 sancta
2066 1988 2226 2027 manu
2256 1971 2398 2027 facta
2439 1972 2720 2041 ingressus
2766 1978 2849 2023 est
2884 1966 3041 2024 Jesus
3077 1966 3407 2038 exemplaria

1837 2080 2109 2133 verorum,
2153 2063 2244 2119 sed
2275 2065 2326 2117 in
2350 2052 2535 2133 ipsum
2584 2062 2804 2127 emtum,
2842 2070 2902 2115 ut
2951 2070 3212 2131 appareat
3265 2072 3410 2112 nune

1840 2156 2004 2211 vultui
2040 2156 2128 2211 Dei
2166 2170 2260 2226 per
2293 2153 2562 2217 velamen,
2590 2153 2640 2207 id
2669 2160 2751 2207 est
2776 2166 2872 2221 per
2911 2166 3133 2206 carnem
3165 2165 3341 2206 suam.
3384 2167 3403 2200 ›

1838 2250 1939 2315 Qui
1968 2264 2097 2317 ergo
2136 2247 2385 2303 velamen
2444 2246 2723 2301 interioris
2785 2243 3145 2309 tabernaculi,
3189 2255 3407 2297 carnem

1837 2344 2038 2399 Christi
2076 2343 2468 2410 interpretatus
2503 2348 2605 2403 est,
2640 2346 2827 2392 sancta
2866 2346 3046 2391 autem
3081 2336 3255 2406 ipsum
3296 2347 3411 2389 cte-

1838 2434 1970 2499 lum,
2005 2433 2090 2487 vel
2123 2432 2309 2498 caelos,
2367 2431 2654 2486 Dominum
2696 2442 2826 2483 vero
2881 2426 3157 2481 Christum
3191 2424 3413 2495 pontifi-

1840 2539 1957 2580 cem
2004 2537 2237 2595 eumque
2275 2522 2409 2577 dicit
2454 2520 2731 2575 introiisse
2784 2535 2805 2570 ι
2859 2515 3029 2572 semel
3084 2517 3139 2571 in
3186 2523 3409 2580 sancta,

1839 2628 2040 2676 aeterna
2079 2617 2450 2688 redemptione
2474 2616 2694 2669 inventa
2726 2616 2769 2675 ³,
2819 2629 2838 2663 ι
2874 2627 2940 2666 ex
2973 2611 3058 2665 his
3083 2610 3271 2680 paucis
3297 2623 3415 2664 ser-

1839 2714 2112 2777 monibus,
2172 2712 2217 2766 si
2261 2710 2380 2781 quis
2430 2707 2726 2778 intelligere
2775 2705 2923 2761 novit
2964 2703 3119 2758 Pauli
3173 2717 3412 2766 sensum,

1840 2815 2016 2878 potest
2044 2805 2328 2860 advertere
2367 2811 2626 2872 quantum
2668 2799 2821 2855 nobis
2857 2795 3226 2864 intelligentia:
3268 2793 3416 2865 pela-

1840 2917 1939 2974 gus
1962 2899 2298 2973 patefecerit.
2335 2898 2439 2954 Sed
2469 2896 2558 2966 qui
2595 2895 2729 2950 satis
2766 2902 2951 2947 amant
3000 2892 3236 2946 litteram
3285 2889 3418 2959 legis

1840 2996 2033 3067 Moysi,
2058 2996 2305 3070 spiritum
2335 3006 2462 3046 vero
2481 2990 2598 3060 ejus
2628 2986 2924 3058 refugiunt,
2967 2994 3280 3054 suspectum
3316 2984 3413 3037 ha-

1840 3089 1972 3147 bent
2014 3087 2316 3159 apostolum
2347 3073 2593 3139 'Paulum
2642 3079 3116 3149 interpretationes
3159 3074 3420 3145 hujusce-

1769 3201 1817 3264 ο
1847 3180 1989 3233 modi
2021 3177 2407 3248 proferentem.

1914 3270 1971 3325 ‘2.
1994 3270 2285 3325 Videamus
2310 3280 2435 3336 ergo
2464 3264 2510 3326 si
2539 3278 2641 3317 non
2658 3261 2820 3316 etiam
2842 3268 3083 3316 veterum
3105 3267 3418 3315 sanctorum

1848 3361 2010 3430 aliqui
2034 3359 2342 3430 opinionem
2379 3353 2711 3410 tabernaculi
2747 3351 2903 3421 longe
2930 3350 3117 3416 aliam,
3143 3366 3303 3420 quam
3332 3350 3419 3405 isti

1850 3469 1992 3509 nunc
2034 3452 2369 3515 existimant,
2400 3447 2659 3502 habuere.
2702 3444 2870 3499 David
2908 3458 3140 3512 namque
3187 3443 3421 3496 eximius

1848 3544 2252 3615 prophetarum,
2289 3553 2453 3608 quam
2480 3533 2768 3607 magniﬁce
2804 3535 2871 3588 de
2914 3533 3263 3588 tabernaculo
3297 3547 3425 3586 sen-

1852 3638 1934 3702 tit,
1968 3633 2217 3689 ausculta
2257 3646 2271 3684 :
2309 3648 2327 3681 ι
2377 3631 2508 3684 Dum
2558 3616 2776 3691 dicitur,
2831 3623 3007 3692 inquit
3052 3621 3118 3689 ¹⁰,
3165 3623 3293 3678 mihi
3327 3637 3425 3691 per

1849 3727 2088 3797 singulos
2117 3726 2253 3787 dies,
2288 3722 2376 3776 ubi
2418 3730 2499 3776 est
2544 3719 2682 3772 Deus
2724 3715 2887 3770 tuus?
2921 3716 3037 3771 haec
3087 3723 3423 3769 memoratus

1850 3834 1992 3883 sum,
2022 3825 2075 3869 et
2102 3812 2266 3869 effudi
2298 3814 2350 3865 in
2391 3826 2474 3865 me
2501 3809 2736 3862 animum
2784 3821 2978 3870 meam,
3032 3805 3291 3874 quoniam
3339 3805 3423 3858 in-

1850 3909 2066 3981 grediar
2091 3908 2143 3961 in
2177 3905 2352 3959 locum
2388 3897 2721 3955 tabernaculi
2767 3894 3127 3962 admirabilis,
3156 3910 3327 3965 usque
3356 3897 3428 3950 ad

1852 4003 2071 4076 domum
2122 3996 2237 4051 Dei.
2294 4013 2313 4046 ι
2356 3991 2423 4046 Ει
2470 3991 2663 4044 iterum
2711 3994 2907 4057 quarto
2962 3985 3174 4040 decimo
3221 3986 3429 4055 psalmo

1852 4075 1982 4146 dicit
2008 4089 2089 4141 ηε
2128 4106 2147 4140 ι
2190 4085 2435 4147 Domine,
2488 4080 2613 4149 quis
2664 4076 2934 4134 habitabit
2982 4075 3035 4130 in
3083 4076 3430 4131 tabernaculo

1852 4184 1985 4239 tuo?
2040 4190 2132 4236 aut
2177 4178 2298 4249 quis
2354 4176 2657 4244 requiescet
2706 4175 2757 4228 in
2808 4183 2991 4228 monte
3042 4180 3234 4227 sancto
3298 4167 3429 4223 tuo?

1853 4278 1954 4345 Qui
2007 4274 2311 4346 ingreditur
2360 4271 2478 4327 sine
2536 4269 2788 4330 macula,
2843 4276 2897 4320 et
2953 4275 3211 4334 operatur
3263 4262 3428 4331 justi-

1857 4372 2011 4436 tiam,
2043 4388 2061 4420 ι
2095 4376 2205 4424 etc.
2249 4363 2389 4431 Quid
2431 4377 2563 4432 ergo
2595 4370 2675 4416 est
2736 4358 2839 4413 iste
2897 4358 3046 4413 locus
3094 4356 3431 4411 tabernaculi

1855 4460 2207 4526 admirabilis,
2258 4473 2321 4511 ex
2353 4469 2461 4525 quo
2510 4452 2830 4523 pervenitur
2881 4464 3054 4519 usque
3108 4450 3176 4503 ad
3213 4449 3432 4503 domum

2003 4557 2157 4626 cujus
2186 4553 2311 4624 quia
2341 4564 2549 4604 memor
2576 4547 2749 4601 factus
2777 4546 3071 4611 est,elfusa
3101 4553 3183 4599 est
3214 4544 3264 4597 in
3319 4546 3435 4610 ipso

1861 4652 2037 4704 anima
2064 4645 2201 4715 ejus,
2229 4653 2284 4697 et
2313 4641 2459 4695 velut
2502 4639 2738 4709 quodam
2788 4635 3120 4691 intolerabili
3164 4636 3436 4691 desiderio

1863 4741 2134 4797 resolutus
2165 4735 2280 4790 est?
2328 4733 2473 4786 Itane
2514 4729 2729 4784 tandem
2784 4728 3116 4783 credendum
3162 4736 3266 4792 est,
3310 4726 3433 4795 quia

1861 4832 2005 4888 istud
2039 4824 2447 4885 tabernaculum
2490 4822 2632 4891 quod
2687 4835 2754 4875 ex
2809 4819 3039 4888 pellibus
3084 4830 3139 4873 et
3185 4817 3433 4880 cortinis,

1864 4939 2028 4998 atque
2086 4917 2441 4994 operimentis
2492 4914 2723 4981 ciliciis,
2773 4912 3005 4981 aliisque
3073 4910 3243 4965 nostri
3308 4925 3435 4966 usus

1865 5018 2107 5078 materiis
2155 5011 2463 5073 constabat,
2502 5006 2771 5076 Propheta
2821 5004 3135 5059 desiderans
3193 4999 3438 5056 effunde-

1866 5123 1952 5169 ret
1980 5113 2239 5174 animam,
2271 5120 2336 5159 ac
2369 5110 2478 5158 tota
2512 5108 2693 5156 mente
2714 5105 3120 5153 converteretur
3145 5092 3298 5164 (44)?
3345 5089 3440 5145 Vel

1869 5216 2015 5263 certe
2052 5200 2321 5274 quomodo
2338 5208 2527 5251 verum
2563 5191 2667 5247 erit
2695 5192 2761 5247 de
2788 5189 2893 5244 isto
2940 5187 3046 5242 dici
3092 5178 3440 5238 tabernaculo

1868 5296 2013 5368 quod
2046 5272 2151 5349 non
2180 5291 2389 5349 habitet
2422 5289 2475 5344 in
2520 5298 2588 5339 eo
2625 5281 2730 5337 nisi
2778 5299 2797 5333 ι
2848 5280 3112 5335 innocens
3160 5272 3436 5336 manibus,

1869 5398 1924 5444 et
1952 5385 2154 5441 mundo
2190 5384 2375 5449 corde,
2410 5382 2501 5452 qui
2529 5394 2635 5435 non
2660 5371 2940 5445 accepitin
2972 5380 3173 5424 vanum
3202 5362 3439 5418 animam

1978 5484 1995 5514 ¹
2025 5480 2124 5536 Job
2178 5496 2219 5536 ι.
2243 5479 2333 5534 21.
2410 5478 2431 5508 ¹
2461 5475 2632 5532 Exod.
2679 5488 2772 5532 xx.
2819 5469 2871 5522 6.
2974 5466 2995 5497 ³
3025 5455 3439 5536 Joan._xw,2l.

2204 5520 2219 5598 .’
2248 5520 2632 5598 'e'ii.iu."a"i'."'
2658 5545 2679 5576 ο
2698 5520 2839 5598 illia.
2856 5537 2943 5593 t2.
3006 5534 3048 5568 ιο
3070 5530 3214 5587 Psal.
3244 5520 3359 5595 xm,
3379 5525 3439 5583 4.

3095 5862 3243 5945 12,
