3876 6502
461 381 571 442 563

1904 381 2225 440 ORIGENIS

3603 382 3684 438 εει

459 518 616 558 suam
652 504 696 536 η
729 521 742 558 :
787 521 806 554 ι
845 515 964 556 cum
994 498 1306 571 Regnorum
1335 503 1527 573 prodat
1553 502 1779 559 historia
1808 503 1850 535 ”
1875 500 2032 559 habi-
2064 506 2110 562 A
2137 503 2429 574 pretiosos,
2457 518 2553 571 tes,
2587 511 2698 560 tum
2723 519 2986 574 prmerea
3019 505 3263 576 byssnm,
3301 517 3548 567 coccum,
3576 503 3689 574 hya-

461 606 608 649 tasse
631 596 684 650 in
717 595 1067 650 tabernaculo
1101 596 1195 651 Dei
1226 598 1540 652 sacerdotes
1581 596 1848 666 pessimos
1894 596 2034 653 ﬁlios

459 685 802 756 pestilentize.
841 696 893 740 et
931 686 1100 757 ipsam
1134 703 1350 758 quoque
1389 703 1573 742 arcam
1623 688 1932 744 testamenti
1965 689 2034 742 ab

458 778 757 849 Allophylis
793 787 1032 847 captam,
1061 780 1202 851 apud
1233 779 1428 850 impios
1475 789 1530 834 et
1572 778 1826 849 profanos
1863 777 2036 833 fuisse

455 877 731 928 detentam
768 873 849 926 l‘?
868 871 946 928 Ex
969 874 1164 944 quibus
1190 873 1446 928 omnibus
1479 881 1693 928 constat
1733 871 1895 943 longe
1925 872 2034 926 alio

453 980 616 1021 sensu
666 965 994 1035 Prophetam
1038 967 1242 1021 sentire
1290 965 1356 1020 de
1415 965 1768 1022 tabernaculo
1820 964 1943 1029 hoc,
1975 962 2029 1018 in

452 1070 561 1124 quo
602 1055 735 1112 dicit
761 1056 904 1126 quod
955 1071 1060 1110 non
1097 1055 1301 1110 habitet
1345 1055 1398 1108 in
1458 1067 1523 1109 eo
1565 1055 1668 1110 nisi
1718 1071 1738 1106 ι
1772 1053 2032 1108 innorens

453 1147 703 1200 manibus
723 1156 777 1201 et
799 1145 1001 1200 mundo
1031 1144 1214 1209 corde,
1251 1143 1340 1212 qui
1366 1159 1469 1198 non
1512 1141 1722 1212 accepit
1758 1141 1809 1196 in
1834 1157 2030 1195 vanum

451 1238 688 1294 animam
719 1254 870 1294 suam
898 1239 963 1303 ",
995 1252 1093 1292 nec
1133 1235 1262 1292 fecit
1293 1237 1540 1307 proximo
1584 1251 1681 1292 suo
1731 1235 1951 1302 malum,
1979 1245 2035 1290 et

452 1331 801 1400 opprobrium
880 1344 985 1386 non
1071 1329 1286 1399 accepit
1370 1329 1637 1384 adversus
1723 1328 2029 1398 proximum

453 1435 613 1476 suum
645 1419 711 1472 “.
738 1437 757 1470 ι
793 1417 975 1473 Talem
1013 1433 1141 1487 ergo
1168 1429 1390 1489 oportet
1426 1434 1546 1473 esse
1577 1418 1736 1488 hujus
1759 1418 2034 1473 habitato-

453 1529 569 1570 rem
599 1511 956 1576 tabernaculi,
977 1513 1120 1580 quod
1140 1511 1297 1565 ﬁnxit
1318 1512 1606 1579 Dominus,
1633 1522 1688 1566 et
1717 1528 1820 1567 non
1845 1514 2028 1568 homo.

452 1606 561 1664 Sed
589 1605 869 1660 veniamus
897 1604 1060 1659 etiam
1116 1605 1183 1658 ad
1214 1604 1538 1676 Evangelia,
1577 1605 1622 1658 si
1658 1605 1785 1674 quid
1818 1605 1871 1659 in
1900 1605 2030 1675 ipsis

451 1698 557 1754 dici
591 1698 658 1753 de
705 1695 1066 1752 tabernaculis
1111 1697 1439 1761 invenimus,
1488 1707 1544 1751 ut
1571 1711 1668 1767 per
1702 1697 2029 1752 sententiam

451 1790 662 1844 Domini
708 1788 1067 1844 indubitatum
1116 1790 1286 1859 possit
1346 1802 1467 1844 esse
1520 1789 1665 1858 quod
1712 1789 2026 1858 qumrimus.

2137 595 2403 661 cintlmm,
2431 605 2486 651 ct
2513 611 2830 666 purpuram,
2861 597 3030 668 pelles
3061 599 3228 653 etiam
3246 598 3480 654 arietum
3509 596 3690 664 rubra,

2139 693 2194 741 et
2222 686 2388 756 pelles
2444 688 2849 759 hyacinthinas,
2884 691 2981 744 scd
3033 701 3088 745 et
3137 690 3283 762 ligna
3345 689 3691 761 imputribilia,

2136 778 2274 850 pilos
2301 793 2517 850 quoque
2547 795 2836 850 caprarum
2866 782 2932 836 ad
2969 783 3435 838 constructionem
3464 782 3691 838 taberna-

2137 872 2240 928 culi
2269 873 2482 928 offerat.
2523 871 2779 928 Mulieres
2802 888 3019 944 quoque
3041 875 3318 943 sapientes
3355 875 3413 927 in
3456 883 3572 928 arte
3596 885 3693 928 tex-

2135 964 2278 1018 trina
2305 965 2691 1034 requiruntur,‘
2709 974 2764 1020 et
2789 964 2928 1019 fabri
2960 966 3051 1034 qui
3079 981 3268 1019 aurum
3295 966 3375 1019 vel
3411 972 3694 1035 argentum,

2135 1056 2220 1111 vel
2267 1071 2364 1122 tes,
2411 1055 2618 1127 lapides
2657 1057 2823 1112 etiam
2875 1068 3062 1127 aptare
3124 1057 3398 1121 noverint,
3445 1071 3628 1110 aurum
3652 1064 3697 1110 et

2135 1147 2278 1218 ligna
2325 1149 2582 1205 formare.
2635 1148 2772 1203 Tum
2835 1149 3029 1204 deinde
3093 1164 3364 1204 mensurae
3428 1150 3694 1203 traduntur

2137 1241 2420 1296 atriorum.
2451 1240 2579 1307 Qua!
2603 1240 2744 1295 atria
2767 1249 2984 1297 extenta
3013 1242 3284 1306 tentoriis,
3309 1241 3580 1296 columnis
3602 1255 3698 1297 ere-

2135 1342 2243 1397 cta,
2277 1333 2417 1387 seris
2462 1331 2722 1399 stabilita,
2769 1341 2824 1387 et
2878 1332 3099 1388 funibus
3135 1333 3368 1388 distenta
3413 1332 3696 1388 firmantur.

2134 1422 2296 1477 Fiunt
2323 1431 2584 1493 praeterea
2629 1423 2877 1492 quaedam
2903 1423 3261 1479 velaminibus
3288 1424 3577 1488 distincta,
3599 1440 3698 1493 qua:

2135 1515 2478 1586 appellantur
2505 1524 2712 1579 sancta,
2743 1523 2798 1571 et
2829 1515 2934 1569 alia
2969 1515 3326 1570 nihilominus
3369 1515 3606 1570 secundo
3630 1516 3699 1569 di-

2135 1615 2340 1675 rempta
2374 1605 2660 1671 velamine,
2687 1620 2808 1675 quae
2845 1607 3097 1660 dicuntur
3143 1606 3341 1660 Sancta
3378 1613 3695 1661 sanctorum.

2133 1695 2440 1753 Collocatur
2470 1697 2802 1752 intrinsecus
2829 1711 2957 1752 arca
2988 1698 3322 1762 testamenti,
3356 1711 3525 1766 supra
3555 1693 3698 1767 quam

2135 1789 2419 1844 cherubim
2444 1789 2685 1844 extensis
2718 1788 2842 1854 alis,
2869 1804 3036 1859 seque
3073 1788 3312 1844 invicem
3355 1788 3700 1858 contingenti-

451 1884 756 1939 Invenimus
780 1899 913 1954 ergo
942 1885 1116 1953 ipsum
1148 1883 1489 1937 Salvatorem
1539 1878 1722 1936 Jesum
1751 1881 2026 1936 Christum
2067 1862 2107 1915 Β
2138 1881 2236 1936 bus
2285 1888 2619 1949 statuuntur,
2657 1881 2839 1950 ibique
2879 1897 2948 1936 ex
2991 1895 3127 1935 auro
3174 1879 3324 1935 velut
3354 1879 3507 1934 basis
3538 1878 3698 1933 tabula

450 1976 858 2030 tabernaculum
895 1992 1000 2030 non
1033 1990 1222 2038 unum,
1270 1974 1363 2029 sed
1412 1973 1566 2044 plura
1611 1984 2024 2036 memorantem,

451 2073 506 2116 et
537 2078 641 2118 non
669 2063 1007 2132 temporalia,
1039 2063 1133 2117 sed
1167 2070 1397 2126 aeterna,
1427 2077 1550 2116 cum
1578 2061 1710 2118 dicit
1745 2062 1786 2103 ετ
1823 2081 1835 2116 :
1876 2081 1893 2113 ι
1929 2061 2029 2116 Fa-

451 2158 561 2212 cite
587 2155 738 2211 vobis
761 2156 966 2210 amicos
993 2155 1060 2209 de
1088 2154 1276 2224 iniquo
1300 2153 1627 2218 Mammona,
1655 2162 1734 2218 ιιι,
1773 2168 1895 2208 cum
1936 2153 2031 2208 ded

452 2251 711 2316 feceritis,
745 2248 1013 2318 recipiant
1064 2262 1162 2302 vos
1211 2248 1264 2301 in
1323 2257 1528 2302 aeterna
1588 2246 1962 2303 tabernacula.
2003 2265 2022 2299 ι

450 2343 661 2399 Audisti
716 2342 1159 2413 pronuntiantem
1210 2340 1497 2395 Dominum
1537 2350 1738 2396 :cterna
1779 2357 1898 2397 esse
1948 2349 2029 2395 ta-

452 2435 768 2500 bernacula,
814 2435 938 2490 andi
984 2449 1130 2490 nunc
1178 2442 1232 2489 et
1274 2433 1590 2502 Apostolum
1635 2434 1902 2488 dicentem
1935 2434 2025 2488 ‘9:

455 2547 474 2577 c
507 2524 938 2580 Tabernaculum
964 2532 1210 2579 nostrum
1249 2524 1394 2593 quod
1429 2525 1495 2578 de
1518 2522 1657 2578 caelo
1694 2533 1798 2591 est,
1839 2539 2029 2594 super-

450 2619 601 2673 indui
635 2618 936 2689 cupientes.
983 2634 1002 2668 ι
1042 2613 1287 2670 Nondum
1319 2614 1412 2669 tibi
1437 2630 1502 2668 ex
1526 2614 1615 2670 his
1641 2616 1900 2671 omnibus
1924 2618 2029 2672 iter

448 2711 711 2781 aperitur,
741 2724 850 2780 quo
875 2707 1130 2763 derelicta
1167 2715 1308 2763 terra
1355 2721 1590 2775 sequens
1644 2707 2023 2776 propheticum

447 2810 502 2855 et
525 2799 881 2872 apostolicum
913 2813 1154 2864 sensum,
1189 2807 1242 2853 et
1267 2795 1431 2868 (quod
1461 2797 1707 2853 omnium
1732 2799 2027 2854 maximum

447 2891 554 2960 est)
589 2906 831 2961 sequens
869 2890 1096 2947 verbum
1139 2888 1343 2945 Christi
1394 2897 1505 2945 tota
1565 2899 1748 2945 mente
1805 2901 1862 2946 et
1916 2899 2029 2946 toto

448 2997 609 3037 sensu
643 2981 905 3037 ascendas
943 2980 995 3034 in
1024 2979 1248 3044 coelum,
1293 2988 1458 3050 atque
1509 2979 1580 3034 ibi
1617 2981 1812 3036 aeterni
1847 2981 2031 3036 taber-

451 3072 624 3128 naculi
672 3071 1137 3141 magniﬁcentiam
1190 3085 1428 3140 qua-ras,
1487 3068 1646 3141 cujus
1706 3072 1876 3142 ﬁgura
1933 3087 2030 3142 per

451 3164 668 3236 Moysen
691 3162 1048 3218 adumbratur
1082 3162 1135 3216 in
1170 3162 1369 3217 terris?
1397 3163 1640 3232 Denique
1685 3164 1768 3218 sic
1799 3165 1864 3218 ad
1899 3179 2024 3218 eum

449 3259 614 3310 etiam
660 3255 920 3311 Dominus
965 3253 1100 3308 dicit
1151 3267 1168 3307 :
1217 3271 1236 3304 ι
1285 3252 1442 3317 Vide,
1498 3255 1672 3325 inquit
1722 3255 1787 3323 η,
1843 3254 2026 3310 omnia

450 3351 616 3407 facito
641 3350 938 3408 secundum
979 3329 1226 3421 ﬁguram,
1279 3363 1403 3420 qua:
1437 3349 1532 3404 tibi
1568 3362 1789 3405 ostensa
1841 3359 1927 3405 est
1971 3349 2026 3404 in

450 3451 656 3501 monte.
702 3462 724 3497 ι
762 3443 958 3500 Verum
1002 3443 1239 3498 humana
1283 3458 1458 3507 mens,
1496 3450 1552 3498 et
1602 3449 1786 3496 nostra
1835 3441 2028 3512 praeci-

448 3552 572 3607 pue,
600 3537 693 3609 qui
723 3552 820 3594 nos
848 3535 1125 3602 minimos,
1171 3543 1260 3588 aut
1297 3536 1466 3590 etiam
1513 3534 1690 3590 nullos
1737 3534 1790 3589 in
1840 3533 2027 3588 divina

447 3628 713 3700 sapientia
736 3628 1010 3691 novimus,
1046 3626 1204 3698 163
1246 3641 1493 3695 eousque
1545 3623 1795 3681 fortassis
1848 3623 2028 3693 possit

447 3723 726 3790 accedere,
756 3731 816 3776 ut
844 3723 1047 3778 sentiat
1080 3722 1300 3790 quidem
1344 3719 1483 3783 hmo,
1531 3733 1654 3787 quae
1698 3717 1902 3773 divinis
1932 3729 2028 3770 vo—

446 3813 740 3869 luminibus
789 3813 1140 3877 inseruntur,
1187 3826 1296 3866 non
1355 3812 1423 3866 de
1479 3809 1749 3874 terrenis,
1815 3811 1908 3864 sed
1961 3809 2028 3865 de

445 3903 765 3958 caelestibus
807 3903 940 3968 dici,
988 3911 1044 3957 et
1076 3902 1278 3958 formas
1311 3917 1436 3957 esse
1486 3916 1596 3955 non
1653 3899 2024 3970 praesentium,

447 3994 543 4049 sed
601 3993 910 4049 futurorum
959 3995 1250 4059 bonorum,
1311 4009 1419 4047 non
1475 3992 1883 4062 corporalium,
1930 3993 2026 4046 sed

446 4087 808 4157 spiritualium
843 4101 1022 4142 rerum
1049 4105 1064 4143 :
1091 4085 1366 4157 quomodo
1394 4093 1573 4140 autem
1615 4086 1806 4140 horum
1834 4100 2029 4141 narra-

446 4181 522 4235 tio
554 4181 730 4249 aptarl
759 4180 930 4250 possit
961 4179 1276 4235 cmlestibus
1312 4189 1367 4233 et
1392 4177 1631 4240 aeternis,
1673 4191 1779 4232 nec
1827 4186 2028 4240 nostra!

448 4287 716 4327 mensura:
749 4281 832 4328 est
861 4273 1064 4338 dicere,
1094 4287 1195 4326 nec
1220 4281 1435 4336 vestrae,
1459 4278 1520 4324 ut
1556 4269 1768 4340 opinor,
1813 4269 2030 4338 capaci-

448 4366 574 4420 tatis
603 4365 809 4420 audire.
838 4362 1019 4419 Pauca
1064 4373 1265 4428 tamen,
1305 4363 1350 4417 si
1394 4376 1492 4417 nos
1537 4360 1822 4416 orantibus
1873 4359 2028 4414 vobis

450 4457 706 4513 Dominus
762 4457 1074 4512 illuminare
1119 4456 1408 4526 dignetur,
1465 4468 1586 4523 quae
1641 4454 1705 4508 ad
1771 4451 2027 4508 Ecclesize

443 4549 857 4606 aediﬁcationem
897 4548 1228 4619 pertineant,
1257 4546 1471 4618 aperire
1496 4544 1844 4601 tentabimus.

515 4642 569 4698 3.
603 4641 832 4698 .lubetur
875 4657 1004 4712 ergo
1033 4641 1318 4699 universus
1352 4639 1611 4712 populus,
1645 4639 2023 4709 unusquisque

441 4747 544 4805 pro
575 4734 780 4789 viribus
805 4734 1116 4794 conferens.
1151 4733 1330 4788 facere
1353 4731 1784 4793 tabernaculum.
1804 4741 1863 4786 ut
1884 4747 2021 4800 qun-

445 4827 734 4882 dammodo
765 4842 957 4882 omnes
1001 4827 1161 4880 simul
1222 4841 1388 4881 unum
1438 4827 1550 4881 sint
1585 4826 2022 4882 tabernaculum.

446 4917 676 4974 Gollatio
720 4933 848 4975 vero
875 4920 990 4990 ipsa
1045 4933 1150 4973 non
1199 4919 1258 4972 fit
1296 4919 1644 4983 necessitate,
1684 4919 1776 4974 sed
1811 4931 2022 4988 sponte.

449 5007 538 5063 Ait
568 4993 711 5062 enim
745 5007 1003 5063 Dominus
1029 5010 1095 5064 ad
1126 5006 1444 5079 Moyseu,ut
1467 5008 1859 5079 unusquisque,
1884 5010 2028 5064 sicut

437 5099 622 5154 visum
657 5100 821 5155 fuerit
859 5100 1013 5156 cordi
1054 5099 1194 5169 ejus,
1231 5115 1448 5166 aurum,
1479 5110 1785 5171 argentum,
1821 5101 2028 5171 lapides

517 5215 563 5285 ξ’
596 5211 740 5268 Psal.
776 5229 936 5281 xxnt,
960 5214 1015 5268 4.
1129 5213 1172 5246 ⁸⁸
1218 5213 1234 5268 I
1268 5214 1402 5284 Reg.
1432 5231 1489 5268 ll.
1595 5215 1640 5246 “
1673 5215 1847 5285 Illeg.
1899 5231 1971 5270 tv.

442 5284 493 5372 ξς
521 5282 714 5372 ligor.
741 5299 796 5372 v,
961 5285 1006 5318 ⁸³
1032 5285 1198 5372 Exod.
1244 5282 1483 5353 xxvﬂtl.
1561 5286 1606 5318 ⁸⁸
1635 5282 1821 5342 Exod.—
1839 5301 1965 5355 xxv,
1983 5285 2040 5343 8.

440 5354 494 5392 ³⁸
516 5355 701 5412 Galat.
725 5371 785 5420 ιι,
824 5356 878 5410 9.

515 5445 630 5518 (45)
657 5445 829 5514 Alias,
867 5464 886 5498 ι
922 5445 1069 5502 velut
1106 5445 1261 5518 basis
1307 5447 1387 5518 eis
1420 5449 1678 5518 quredam
1728 5449 2030 5508 collocatur

442 5516 716 5585 ac'sedes,
766 5518 911 5589 quod
940 5517 1290 5590 appellatur.»
1327 5516 1598 5576 Sed’mss.
1622 5530 1684 5576 ut
1732 5522 1787 5577 in
1839 5534 2028 5580 nostro

447 5598 618 5643 textu.

516 5658 635 5729 (46)
658 5657 838 5713 Altare
867 5673 1088 5729 aureum
1107 5657 1324 5712 incensi.
1358 5656 1543 5712 Altare
1568 5657 1776 5714 incensi
1825 5671 1942 5716 crat
1972 5662 2026 5717 in

453 5727 664 5802 sancto,
689 5737 748 5782 ut
769 5739 1011 5802 patetcx
1041 5727 1214 5802 Exod.
1248 5743 1534 5802 cap._xxx.
1564 5729 1875 5802 Verisimile
1898 5747 2029 5802 ergo

456 5807 538 5874 est
562 5798 844 5874 deceptum
868 5799 1037 5874 fuisse
1064 5799 1356 5874 Origenetn
1383 5799 1503 5856 loco
1538 5801 1679 5855 male
1709 5798 1830 5874 a;se
1868 5798 2030 5859 intel-

456 5867 598 5926 tecto
613 5870 705 5940 qui
733 5879 912 5928 exstat
936 5870 1098 5927 Hebr.
1134 5867 1213 5939 ιιῐ,
1241 5871 1296 5926 4.

2131 1973 2376 2042 quaedam
2410 1971 2726 2039 collocatur,
2755 1987 2875 2042 quae
2902 1971 3206 2042 appellatur
3237 1970 3349 2042 (45)
3392 1969 3700 2040 propitiato-

2132 2065 2291 2130 rium,
2315 2065 2407 2120 sed
2441 2073 2493 2119 et
2525 2065 2698 2119 altare
2727 2079 2954 2119 aureum
2986 2064 3192 2119 incensi
3227 2063 3370 2133 (46).
3407 2063 3548 2118 Τιιιιι
3585 2077 3700 2132 pra-

2133 2165 2278 2208 terea
2309 2154 2570 2210 exteriori
2606 2154 2724 2210 loco
2747 2153 3134 2210 candelabrum
3158 2155 3380 2225 ponitur
3413 2167 3634 2209 aureum
3655 2154 3699 2208 in

2130 2254 2286 2315 parte
2339 2244 2533 2310 austri,
2567 2254 2626 2300 ut
2675 2244 2932 2315 respiciat
2978 2245 3044 2299 ad
3090 2244 3426 2314 aquilonem.
3475 2243 3532 2298 In
3573 2255 3706 2314 parte

2131 2353 2260 2394 vero
2297 2337 2572 2408 aquilonis
2603 2352 2789 2394 mensa
2823 2337 3146 2404 collocatur,
3186 2346 3240 2392 et
3282 2336 3590 2406 pr0positio
3623 2351 3703 2404 pa-

2131 2447 2257 2485 num
2280 2446 2443 2502 super
2459 2446 2600 2486 eam.
2618 2429 2839 2486 Necnon
2867 2441 2919 2486 et
2938 2430 3110 2484 altare
3134 2429 3582 2485 holocaustorum
3599 2429 3701 2498 (67)

2123 2523 2278 2593 juxta
2309 2524 2552 2581 velamen
2612 2524 2845 2580 interius
2897 2523 3138 2594 ponitur.
3191 2523 3297 2577 Sed
3333 2522 3467 2592 quid
3512 2535 3613 2588 ego
3647 2523 3702 2576 de

2131 2618 2213 2674 his
2244 2617 2462 2673 revolvo
2495 2631 2592 2688 per
2625 2616 2872 2687 singula?
2905 2615 3005 2672 Vix
3046 2616 3113 2669 ad
3145 2616 3259 2670 haec
3301 2624 3516 2668 tantum
3559 2628 3702 2668 enar-

2131 2712 2294 2766 randa
2321 2709 2636 2778 sufﬁcimus,
2675 2711 2764 2765 vix
2802 2709 2959 2766 nobis
2984 2709 3104 2780 ipsa
3132 2723 3310 2764 rerum
3345 2707 3697 2764 materialium

2131 2805 2302 2861 forma
2335 2805 2527 2860 adduci
2565 2815 2690 2859 ante
2717 2803 2904 2860 oculos
2932 2813 3137 2873 potest,
3174 2811 3227 2859 et
3270 2804 3557 2873 ιιιιοιιιοιιο
3589 2802 3697 2870 quis

2130 2893 2348 2951 latentia
2387 2895 2440 2951 in
2482 2897 2567 2950 his
2603 2897 2854 2968 mysteria
2896 2895 3152 2966 expedire
3191 2894 3458 2950 suﬁiciet?
3492 2894 3700 2950 Verum-

2133 2995 2312 3043 tamen
2367 3003 2529 3044 eausa
2561 3002 2661 3058 pro
2689 3002 2795 3058 qua
2839 2986 2957 3042 ﬁeri
3013 2985 3233 3042 deberet
3277 2987 3699 3053 tabernaculum,

2131 3082 2184 3137 in
2214 3084 2586 3153 superioribus
2622 3084 2896 3140 invenitur
2924 3085 3182 3157 pradicta
3225 3085 3447 3141 dicente
3486 3084 3701 3142 Domino

2133 3174 2200 3230 ad
2229 3172 2446 3244 Moysen
2483 3189 2498 3227 :
2527 3191 2546 3226 ι
2583 3172 2776 3229 Facies
2806 3172 2940 3246 (48),
2984 3174 3162 3242 inquit
3196 3174 3266 3240 '°,
3297 3176 3432 3230 mihi
3472 3175 3702 3231 sanctiﬁ-

2132 3266 2422 3332 catiouem,
2455 3274 2508 3321 et
2535 3265 2660 3326 inde
2688 3265 2914 3320 videbor
2947 3266 3121 3320 vobis.
3159 3285 3178 3318 ι
3214 3267 3340 3322 Vult
3371 3282 3508 3338 ergo
3554 3267 3701 3327 Deus.

2131 3368 2191 3414 ut
2250 3358 2514 3414 faciamus
2562 3358 2611 3412 ei
2675 3355 3194 3414 sanctificationem.
3241 3359 3526 3414 Promittit
3576 3361 3704 3415 enim

2132 3451 2284 3522 quia,
2318 3451 2364 3506 si
2402 3449 2693 3505 fecerimus
2721 3450 2768 3503 ei
2811 3450 3323 3517 sanctificationem,
3352 3450 3531 3521 possit
3564 3467 3593 3505 a
3622 3467 3706 3506 uo-

2129 3545 2214 3600 bis
2236 3543 2428 3600 videri.
2478 3542 2632 3599 Unde
2675 3554 2728 3600 et
2759 3546 3049 3616 Apostolus
3079 3547 3146 3602 ad
3182 3543 3446 3600 Hebraeos
3469 3545 3604 3600 dicit
3626 3546 3665 3578 ¹¹
3690 3561 3702 3594 :

2136 3655 2156 3689 ι
2203 3636 2397 3692 Pacem
2442 3637 2732 3707 sequimini
2781 3647 2836 3693 et
2877 3638 3397 3704 sanctiﬁcationem,
3445 3638 3570 3694 sine
3611 3652 3705 3707 qua

2131 3743 2291 3784 nemo
2341 3727 2547 3785 videbit
2587 3730 2776 3786 Deum.
2815 3749 2834 3782 ι
2873 3730 2998 3786 ιιωο
3030 3745 3163 3798 ergo
3191 3740 3276 3786 est
3320 3731 3702 3794 sanctiﬁcatio,

2130 3835 2291 3892 quam
2321 3820 2475 3891 jubet
2523 3820 2785 3877 Dominus
2838 3821 2980 3889 ﬁeri,
3022 3839 3187 3891 quam
3227 3832 3286 3879 et
3315 3823 3619 3894 Apostolus
3660 3823 3704 3877 ia

2129 3914 2435 3980 virginibus
2467 3929 2590 3970 esse
2637 3914 2750 3969 vult
2780 3919 2850 3982 ³³,
2886 3925 2947 3971 ιιι
2987 3916 3098 3972 sint
3130 3926 3335 3972 sancta:
3375 3930 3612 3987 corpore
3659 3925 3708 3970 et

2130 4005 2323 4076 spiritu
2353 4024 2366 4060 :
2402 4007 2581 4062 sciens
2617 4006 2734 4062 sine
2761 4007 2926 4063 dubio
2958 4008 3100 4078 quod
3125 4009 3218 4078 qui
3249 4007 3446 4063 fecerit
3495 4008 3709 4064 Domine

2129 4097 2612 4153 sanctiﬁcationem
2635 4115 2733 4170 per
2748 4102 2929 4156 cordis
2949 4100 3101 4156 suiet
3124 4100 3376 4169 corporis
3399 4101 3705 4171 puritatem.

2129 4189 2245 4258 ipse
2273 4190 2474 4245 videbit
2511 4191 2699 4247 Deum.
2729 4191 3017 4248 Faciamus
3044 4208 3174 4264 ergo
3191 4202 3245 4248 et
3285 4209 3388 4249 nos
3408 4194 3709 4249 sanctiﬁca-

2131 4283 2329 4337 tionem
2376 4283 2627 4351 Domino,
2677 4293 2732 4341 et
2780 4300 2970 4341 omnes
3012 4301 3200 4350 unam,
3240 4296 3295 4340 et
3340 4286 3708 4356 unusquisque

2127 4389 2227 4445 per
2255 4376 2498 4448 singulos
2517 4391 2701 4432 unam.
2727 4379 2927 4435 Omnes
2952 4379 3186 4434 fortasse
3215 4379 3705 4434 sanctiﬁcationem

2130 4466 2430 4522 Ecclesiam
2468 4467 2704 4523 facimus
2743 4467 2852 4541 (49)
2906 4485 3026 4540 quae
3065 4479 3148 4525 est
3198 4479 3412 4537 sancta,
3461 4486 3569 4524 non
3618 4470 3707 4521 ha-

2057 4586 2102 4641 ι)
2130 4558 2263 4615 bens
2287 4561 2552 4616 maculam
2586 4571 2680 4615 aut
2715 4575 2904 4633 rugam
2923 4561 2992 4626 ”,
3019 4563 3123 4618 hoc
3153 4562 3334 4627 modo,
3367 4563 3413 4617 si
3433 4563 3712 4640 columnas

2131 4651 2330 4707 habeat
2364 4652 2616 4708 doctores
2649 4664 2705 4708 et
2731 4655 3014 4710 ministros
3043 4668 3198 4722 suos,
3229 4655 3297 4709 de
3340 4655 3542 4724 quibus
3584 4652 3710 4708 dicit

2132 4744 2421 4813 Apostolus
2447 4747 2538 4802 ἐξ
2586 4764 2606 4798 ι
2643 4746 2856 4811 Petrus,
2913 4746 3152 4804 Jacobus
3194 4757 3251 4802 et
3292 4746 3566 4811 Joannes,
3627 4745 3712 4816 qui

2134 4835 2461 4890 videbantur
2485 4837 2753 4893 columnae
2782 4852 2927 4905 esse,
2958 4838 3180 4894 dextras
3210 4838 3480 4894 dederunt
3509 4835 3642 4893 mihi
3665 4846 3713 4890 et

2135 4927 2396 4984 Barnabas
2438 4932 2740 4987 societatis.
2765 4950 2783 4984 ι
2821 4933 2876 4987 In
2924 4933 3276 4988 tabernaculo
3309 4948 3443 5002 ergo
3469 4936 3598 4996 hoc.
3631 4944 3711 4984 co-

2133 5017 2333 5074 lumna:
2364 5022 2503 5075 seris
2540 5022 3192 5094 interjectisjunguntur,
3223 5027 3352 5080 dum
3393 5026 3445 5079 in
3473 5022 3710 5080 Ecclesia

2131 5107 2383 5165 doctores
2417 5110 2558 5168 datis
2584 5113 2688 5168 sibi
2725 5113 2934 5168 dextris
2979 5115 3282 5169 sociantur.
3313 5112 3420 5168 Sed
3451 5113 3712 5168 columna

2098 5221 2139 5253 ⁸³
2165 5221 2308 5290 Psal.
2364 5239 2522 5289 xxm,
2568 5225 2625 5284 4.
2728 5227 2771 5258 ³⁸
2800 5226 2944 5281 Psal.
2981 5242 3097 5290 xlv,
3131 5228 3185 5284 5.
3264 5226 3306 5258 ³⁷
3337 5226 3472 5281 Luc.
3500 5239 3618 5285 va,
3659 5222 3706 5275 9.

2115 5293 2159 5326 ²¹
2190 5292 2358 5352 Hebr.
2383 5310 2482 5361 xu,
2517 5296 2604 5351 14.
2683 5298 2726 5329 ¹¹
2747 5298 2766 5352 l
2789 5298 2914 5354 Cor.
2944 5298 3150 5363 “1,34.
3229 5298 3275 5330 ³³
3305 5297 3505 5368 Ephes.
3539 5311 3595 5358 ν.
3620 5292 3684 5345 Ξῖ

2199 5457 2312 5529 (47)
2346 5458 2534 5514 Altare
2571 5458 3014 5514 holocaustorum
3058 5472 3126 5513 eo
3157 5457 3277 5514 loco
3309 5458 3480 5528 ponit,
3518 5457 3618 5512 ubi
3640 5454 3710 5529 al-

2130 5527 2245 5582 tare
2271 5527 2389 5583 erat
2412 5531 2641 5592 incensi,
2659 5531 2808 5599 atqui
2833 5540 2954 5584 erat
2981 5531 3033 5583 in
3065 5533 3206 5585 atrio
3233 5532 3574 5584 sacerdotum
3607 5527 3704 5580 sub

2128 5599 2236 5654 dio.
2266 5599 2430 5656 llebr.
2457 5615 2578 5666 xm,
2611 5601 2695 5653 ll.

2221 5668 2314 5735 48)
2338 5670 2505 5735 Alias,
2544 5689 2563 5722 ι
2605 5668 2836 5724 facietis.
2868 5687 2888 5722 ι

2224 5738 2510 5812 l9)7Alias_,
2554 5758 2574 5812 ι
2619 5754 2803 5804 unam,
2842 5748 2911 5812 ιιι
2968 5753 3159 5812 omnes
3214 5736 3694 5794 sanctiﬁcatione!!!

2128 5808 2429 5868 Ecclesiant
2473 5809 2760 5870 faciamus.
2796 5828 2817 5864 ι
2842 5808 2969 5868 Mss.
3005 5818 3064 5865 ut
3094 5808 3148 5864 in
3173 5819 3364 5865 nostro
3400 5817 3565 5863 textu.
