3876 6494
181 419 285 481 365

1372 413 1439 470 IN
1481 409 1767 469 EXODUM
1800 407 2087 467 HOMlLlA
2123 409 2216 465 IX.

3316 407 3425 462 366

184 540 297 593 istae
331 537 683 607 inargentatae
714 532 842 601 sint,
876 541 930 589 et
960 532 1119 589 bases
1144 546 1333 589 earum
1370 534 1739 604 inargentatae.
1770 529 1819 590 Α
1845 527 2113 587 ricordiae.
2147 527 2254 585 Sed
2305 533 2361 584 et
2392 525 2495 582 alia
2535 524 2891 583 nihilominus
2936 498 3231 597 Apostolus
3264 521 3425 581 indu-

184 630 325 685 Binm
343 637 523 682 autem
543 626 698 681 bases
715 625 977 681 columnis
1015 625 1238 695 singulis
1263 625 1604 694 deputentur.
1626 622 1744 680 Una

179 735 299 791 qua:
330 726 491 788 caput
532 716 755 783 dicitur,
788 724 843 771 et
871 718 1290 787 superponitur;
1327 716 1431 771 alia
1463 731 1583 785 qua:
1615 727 1746 770 vere

176 813 321 872 basis
353 812 672 883 appellatur,
701 821 755 869 et
808 811 1075 868 columna:
1120 810 1265 865 velut
1330 808 1743 864 fundamentum

178 906 479 975 subjicitur.
513 903 873 976 lnargentatte
912 918 1040 973 ergo
1062 911 1188 959 sunt
1220 901 1485 957 columnae
1517 899 1747 964 idcirco,

176 1002 300 1070 quia
333 1000 557 1054 verbum
590 998 681 1053 Dei
709 997 1023 1068 praedicant,
1056 993 1331 1063 accipiunt
1365 1008 1461 1062 per
1495 991 1746 1061 spiritum

181 1113 202 1148 ι
228 1094 437 1163 eloquia
458 1092 687 1153 Domini,
718 1104 836 1159 quae
857 1097 983 1144 sunt
1005 1087 1220 1158 eloquia
1249 1095 1422 1151 casta,
1458 1093 1748 1154 argentum

179 1188 301 1257 igne
337 1186 630 1255 probatum
679 1186 746 1237 ’⁸.
785 1181 924 1238 »15ιί
962 1190 1140 1237 autem
1186 1178 1592 1249 praedicationis
1639 1191 1751 1231 suae

176 1287 335 1342 bases
364 1285 568 1340 habent
595 1282 907 1353 prophetas.
938 1279 1114 1348 Super
1142 1278 1552 1331 fundamentum
1604 1273 1748 1327 enim

98 1426 101 1429 .
174 1378 538 1450 apostolorum
556 1386 608 1430 et
626 1375 1008 1444 prophetarum
1028 1369 1319 1426 Ecclesiam
1336 1367 1598 1422 collocant
1611 1364 1744 1437 (50),

174 1490 403 1545 quorum
465 1469 789 1525 testimoniis
837 1473 1074 1531 utentes,
1110 1463 1268 1517 ﬁdem
1312 1459 1512 1515 Christi
1552 1456 1750 1512 contir-

173 1576 347 1621 mant.
379 1566 551 1634 Caput
582 1570 759 1616 autem
788 1558 1166 1614 columnarum
1204 1562 1287 1610 est
1314 1552 1423 1615 ille,
1455 1559 1512 1604 ut
1535 1549 1749 1619 opinor,

173 1662 239 1716 de
267 1675 379 1731 quo
405 1659 534 1713 dicit
573 1655 884 1728 Apostolus,
931 1652 1054 1722 quia
1102 1668 1120 1701 ι
1157 1658 1320 1718 caput
1357 1646 1462 1700 viri
1503 1644 1753 1714 Christus

168 1764 252 1807 est
277 1753 351 1805 “.
390 1770 409 1804 ι
445 1751 606 1806 Seras
627 1762 757 1804 vero
791 1745 1185 1803 columnarum,
1213 1738 1495 1796 societatis
1528 1744 1750 1804 aposto-

169 1843 288 1899 licae
320 1843 476 1898 datas
505 1840 609 1898 sibi
653 1837 884 1894 invicem
918 1836 1140 1891 dextras
1164 1832 1273 1903 jam
1306 1830 1563 1886 diximus.
1605 1824 1750 1881 Ten-

173 1936 313 1992 toria
360 1951 483 2007 qua:
527 1932 729 1989 ansulis
764 1938 968 1997 assuta,
1007 1936 1062 1984 et
1108 1925 1330 1983 circulis
1360 1934 1646 1992 suspensa,
1672 1928 1754 1972 at-

168 2044 275 2098 que
303 2028 499 2082 innexa
536 2024 773 2088 funibus,
802 2021 869 2076 ad
906 2019 1122 2075 modum
1168 2015 1507 2073 cortinarum
1560 2008 1753 2077 viginti

169 2131 225 2177 et
250 2130 381 2175 octo
413 2120 464 2173 in
508 2117 748 2188 longum,
790 2104 951 2184 atque
978 2110 1031 2166 in
1065 2109 1233 2163 latum
1289 2114 1526 2177 quatuor
1553 2100 1757 2158 cubitis

170 2212 575 2271 distenduntur,
628 2207 895 2262 habeatur
941 2203 1150 2271 reliqua
1199 2197 1539 2254 credentium
1577 2193 1753 2265 plebs,

168 2319 289 2373 quae
320 2304 492 2357 haeret
528 2308 581 2356 et
611 2298 805 2368 pendet
851 2298 905 2352 in
950 2294 1168 2350 funibus
1219 2290 1367 2346 ﬁdei.
1400 2288 1572 2344 Furtis
1609 2286 1755 2343 enim

170 2392 372 2463 triplex
416 2407 523 2446 non
558 2389 849 2458 rumpitur,
878 2399 999 2457 qua!
1045 2393 1128 2439 est
1155 2378 1439 2437 Trinitatis
1475 2377 1630 2443 ﬁdes,
1686 2391 1754 2432 ex

166 2499 271 2553 qua
309 2481 598 2553 dependet,
653 2488 706 2535 et
756 2492 853 2549 per
899 2490 1061 2547 quam
1094 2473 1396 2530 sustinetur
1437 2468 1616 2526 omnis
1652 2467 1757 2523 Ec—

167 2575 365 2631 clesia.
400 2574 599 2647 Viginti
635 2580 819 2627 autem
865 2578 921 2625 et
977 2577 1102 2623 octo
1144 2565 1473 2624 cubitorum,
1518 2568 1651 2629 quot
1701 2559 1754 2614 iu

165 2666 391 2735 longum
420 2664 762 2728 distenditur,
794 2671 849 2717 et
871 2661 925 2714 in
959 2660 1126 2714 latum
1155 2665 1415 2727 quatuor,
1441 2653 1567 2709 atrii
1596 2653 1758 2708 unius

168 2774 459 2822 mensura,
484 2768 616 2827 puto
647 2755 791 2827 quod
823 2754 1025 2809 inserta
1058 2751 1144 2805 lex
1175 2747 1485 2821 Evangeliis
1507 2745 1756 2816 designe-

168 2862 277 2905 tur.
311 2849 666 2918 Septenarius
688 2861 923 2916 namque
945 2857 1204 2899 numerus
1232 2840 1405 2911 legem
1447 2836 1758 2909 signiﬁcare

167 2941 339 3007 solet,
369 2956 468 3013 pro
493 2939 677 2995 multis
713 2935 1009 3008 septenarii
1043 2934 1254 2989 numeri
1289 2931 1401 3003 (5|)
1445 2943 1759 2985 sacramen-

169 3035 258 3089 tis.
287 3032 355 3088 Si
385 3032 735 3088 consociatur
755 3031 820 3083 ad
856 3034 1115 3097 quatuor,
1147 3031 1342 3095 quater
1376 3030 1585 3091 septem
1624 3033 1758 3075 con-

168 3134 471 3197 sequenter
497 3122 685 3194 viginti
714 3131 770 3177 et
814 3128 937 3178 octo
987 3130 1270 3173 numerum
1296 3114 1525 3170 faciunt.
1558 3109 1757 3167 Decem

167 3230 302 3271 vero
333 3215 451 3271 haec
488 3215 626 3268 atria
673 3213 832 3278 ﬁunt,
868 3220 927 3266 ut
952 3211 1221 3279 integrum
1262 3202 1611 3275 perfectionis
1658 3216 1757 3257 nu-
1784 3241 1825 3299 Ο

168 3323 391 3363 merum
423 3315 661 3371 teneant,
696 3315 749 3360 et
775 3305 907 3376 legis
933 3301 1257 3372 Decalogum
1307 3296 1470 3370 164
1512 3297 1753 3369 signent.

166 3398 288 3456 Jam
336 3415 468 3456 vero
515 3398 686 3464 cocci,
719 3406 775 3452 et
812 3392 1111 3466 hyacinthi,
1168 3390 1344 3461 byssi,
1392 3404 1456 3444 ac
1501 3399 1757 3457 purpura;

166 3494 380 3563 specie,
433 3491 600 3546 multa
660 3505 725 3545 ac
778 3489 990 3544 diversa
1017 3499 1185 3557 opera
1226 3481 1589 3553 eXplicantur.
1624 3478 1755 3534 lude

166 3586 434 3649 tentoria,
470 3585 595 3640 inde
617 3583 795 3639 velum
826 3581 1071 3637 exterius
1096 3586 1151 3634 et
1192 3577 1443 3653 interius,
1486 3573 1609 3629 inde
1645 3582 1754 3628 tota

165 3677 531 3733 sacerdotalis
559 3687 613 3731 et
643 3674 973 3745 pontiﬁcalis
1017 3671 1210 3734 vestis,
1254 3681 1391 3722 auro
1440 3673 1496 3723 et
1530 3665 1759 3736 gemmis

164 3769 469 3839 expeditur
501 3767 788 3837 adjunctis.
832 3765 937 3821 Sed
960 3779 1029 3819 ne
1049 3763 1251 3819 diutius
1283 3774 1380 3832 per
1414 3758 1757 3829 singularum

166 3866 529 3919 demoremur
564 3863 773 3934 species
820 3861 1106 3923 virtutum,
1171 3870 1460 3927 possumus
1515 3852 1758 3908 breviter

167 3959 392 4019 dicere,
452 3954 539 4009 illa
588 3952 885 4025 signiﬁcari
930 3965 1029 4021 per
1081 3950 1196 4004 haec
1240 3947 1438 4017 quibus
1469 3953 1758 4000 ornaretur

166 4048 423 4104 Ecclesia
454 4047 587 4119 (52).
613 4046 776 4102 Fides
796 4044 913 4113 ejus
939 4057 1073 4098 auro
1094 4038 1326 4096 conferri
1351 4045 1551 4110 potest,
1578 4049 1759 4091 sermo

165 4140 582 4213 praedicationis
612 4139 729 4209 ejus
758 4145 1019 4208 argento;
1053 4133 1324 4204 lapidibus
1354 4130 1629 4203 pretiosis,
1684 4143 1765 4184 aes

166 4233 491 4304 patientiae,
546 4231 704 4304 lignis
742 4227 1170 4301 imputribilibus
1215 4224 1467 4288 scientia,
1507 4236 1626 4292 quae
1663 4235 1761 4291 per

164 4325 391 4398 lignum
417 4325 585 4393 venit,
633 4333 727 4380 aut
757 4319 1093 4391 incorruptio
1137 4316 1429 4383 castitatis,
1469 4330 1590 4387 qua:
1621 4329 1760 4368 nun-

165 4434 345 4489 quam
373 4417 701 4484 veterascit;
728 4417 890 4485 bysso
920 4412 1244 4483 virginitas;
1277 4422 1441 4466 cocco
1468 4406 1762 4463 confessio-

165 4512 256 4567 nis
297 4511 510 4583 gloria;
564 4522 815 4581 purpurte
863 4505 1150 4563 charitatis
1198 4502 1406 4573 fulgor;
1458 4498 1759 4573 hyacintho

1848 627 2026 674 menta
2082 617 2344 674 nobiliora
2400 618 2664 689 designat,
2704 632 2826 673 cum
2852 615 2983 673 dicit
3014 614 3059 649 "
3092 633 3106 669 :
3159 632 3179 667 ι
3209 613 3425 669 induite

1847 726 1945 767 vos
1975 710 2258 765 Dominum
2287 707 2469 765 Iesum
2501 708 2803 773 Christum,
2836 719 2889 762 et
2919 707 3098 763 carnis
3139 720 3325 763 curam
3358 719 3425 761 ne

1850 802 2093 859 feceritis
2132 804 2198 856 ad
2228 803 2716 873 concupiscentias.
2751 821 2769 854 ι
2807 801 2908 857 Ista
2945 810 3073 858 sunt
3111 815 3241 872 ergo
3263 799 3427 855 indu-

1850 905 2051 963 menta,
2075 896 2271 966 quibus
2299 905 2524 952 ornatur
2560 893 2827 950 Ecclesia.

1920 989 1972 1043 4.
2014 988 2199 1043 Potest
2244 998 2423 1043 autem
2454 996 2510 1042 et
2553 986 2931 1057 unusquisque
2980 996 3222 1041 nostrum
3260 985 3426 1042 etiam

1852 1081 1904 1134 iu
1962 1079 2256 1150 semetipso
2319 1074 2652 1134 cons'lituere
2705 1077 3116 1131 tabernaculum
3174 1077 3310 1132 Deo.
3367 1076 3428 1132 Si

1850 1171 2016 1236 enim,
2044 1180 2106 1226 ut
2138 1170 2355 1240 quidam
2408 1177 2538 1225 ante
2594 1185 2690 1224 nos
2740 1184 2957 1239 quoque
3008 1168 3262 1223 dixerunt
3293 1167 3429 1239 (53),

1854 1262 2266 1318 tabernaculum
2285 1263 2389 1318 hoc
2418 1260 2583 1315 totius
2611 1261 2795 1315 mundi
2822 1269 2966 1316 tenet
2988 1259 3237 1330 ﬁguram,
3276 1276 3432 1314 mun-

1853 1353 1903 1409 di
1940 1363 2121 1409 autem
2170 1353 2332 1409 etiam
2382 1353 2579 1424 singuli
2621 1353 2821 1423 quique
2873 1353 3078 1407 habere
3133 1351 3423 1422 imaginem

1853 1456 2097 1517 possunt,
2125 1461 2225 1501 cur
2257 1461 2363 1500 non
2397 1455 2451 1501 et
2488 1445 2817 1501 tabernaculi
2847 1445 3221 1514 unusquisque
3252 1444 3304 1498 in
3342 1458 3430 1500 se-
3521 1455 3530 1464 '

1854 1535 2081 1604 metipso
2114 1533 2342 1591 formam
2369 1535 2537 1604 possit
2558 1534 2823 1605 explere?
2852 1534 2957 1589 llas
2987 1547 3116 1604 ergo
3148 1532 3308 1588 debet
3335 1547 3434 1588 co.-

1855 1625 2073 1680 lumnas
2098 1625 2201 1680 sibi
2244 1635 2433 1694 aptare
2461 1626 2743 1692 virtutum,
2794 1623 3076 1679 columnas
3117 1632 3432 1694 argenteas,

1857 1718 1909 1771 id
1951 1726 2035 1773 est
2068 1716 2384 1787 patientiam
2434 1716 2837 1773 rationabilem.
2892 1716 3078 1772 Potest
3128 1716 3272 1771 enim
3312 1730 3436 1772 esse

1857 1810 2075 1878 quidem
2098 1811 2151 1864 in
2178 1810 2414 1876 homine,
2451 1826 2573 1880 qua:
2594 1810 2843 1865 videatur
2873 1809 3154 1880 patientia,
3184 1810 3279 1865 sed
3314 1824 3436 1881 qua:

1785 1883 1834 1944 β
1862 1902 2204 1959 rationabilis
2251 1919 2355 1959 non
2386 1904 2478 1958 sit.
2536 1903 2669 1958 Nam
2702 1912 2758 1958 et
2805 1903 2896 1974 qui
2940 1919 3046 1959 non
3077 1904 3243 1959 sentit
3288 1903 3425 1976 inju-

1859 1998 2094 2064 riam,et
2122 2008 2408 2066 propterea
2441 2011 2546 2052 non
2588 1996 2782 2063 reddit,
2823 1995 3037 2066 patiens
3070 1995 3306 2060 videtur,
3341 1994 3435 2050 sed

1860 2103 1966 2143 non
2002 2097 2087 2144 est
2118 2087 2459 2143 rationabilis
2505 2087 2607 2143 ista
2660 2087 2945 2158 patientia.
2975 2085 3081 2143 lste
3110 2101 3239 2157 ergo
3272 2086 3437 2142 habet

1858 2180 2076 2250 quidem
2107 2179 2411 2245 columnas,
2449 2178 2541 2235 sed
2575 2195 2682 2235 non
2708 2187 2833 2234 sunt
2864 2186 3136 2249 argenteae
3164 2178 3298 2249 (54).
3332 2178 3433 2245 Qui

1859 2287 1989 2328 vero
2020 2281 2244 2342 propter
2294 2271 2518 2326 verbum
2572 2269 2662 2324 Dei
2697 2269 2925 2339 patitur,
2958 2278 3011 2325 et
3050 2267 3267 2324 fortiter
3308 2268 3433 2335 fert,

1861 2362 1963 2417 iste
1991 2361 2257 2417 columnis
2307 2360 2579 2432 argenteis
2634 2360 2921 2415 decoratus
2971 2367 3055 2414 est
3087 2367 3141 2413 et
3173 2358 3434 2414 munitus.

1860 2459 2043 2514 Potest
2072 2457 2125 2511 in
2157 2471 2215 2511 se
2238 2464 2292 2511 et
2319 2455 2453 2510 atria
2477 2452 2806 2517 distendere,
2846 2466 2968 2507 cum
3008 2451 3319 2507 dilataverit
3343 2466 3438 2506 cor

1860 2563 2019 2603 suum
2055 2546 2350 2602 secundum
2392 2542 2635 2613 Apostoli
2677 2557 2865 2598 vocem
2897 2541 3126 2596 dicentis
3158 2543 3223 2596 ad
3252 2541 3439 2595 Corin-

1863 2639 2005 2697 thios
2031 2639 2077 2670 ³⁸
2109 2654 2125 2693 :
2160 2656 2179 2690 ι
2215 2634 2523 2691 Dilatamiui
2569 2644 2623 2688 et
2668 2648 2787 2689 vos.
2838 2652 2856 2686 ι
2893 2632 3078 2688 Potest
3124 2647 3183 2688 se
3219 2642 3272 2687 et
3301 2632 3457 2687 seris

1861 2733 2096 2798 munire,
2122 2745 2242 2787 cum
2283 2743 2343 2785 se
2372 2726 2732 2782 unanimitate
2763 2724 3071 2781 dilectionis
3098 2723 3436 2781 astrinxerit.

1859 2829 2044 2887 Potest
2073 2839 2234 2896 super
2263 2833 2552 2895 argenteas
2586 2823 2750 2877 bases
2785 2829 2954 2886 stare,
2988 2836 3111 2876 cum
3141 2835 3306 2891 super
3332 2830 3441 2876 sta-

1859 2920 2124 2977 bilitatem
2172 2916 2323 2972 verbi
2357 2916 2475 2981 Dei,
2509 2915 2661 2969 verbi
2710 2913 3010 2983 prophetici
3055 2920 3108 2970 et
3151 2912 3441 2985 apostolici

1860 3011 2179 3068 collocatur.
2240 3007 2425 3064 Potest
2452 3007 2655 3062 habere
2717 3005 2770 3059 in
2825 3004 3071 3060 columna
3122 3003 3441 3059 deauratum

1860 3115 2046 3175 caput,
2073 3103 2120 3159 si
2158 3110 2320 3173 caput
2346 3115 2571 3157 aureum
2597 3100 2668 3153 sit
2699 3098 2747 3153 ei
2773 3098 2904 3153 ﬁdes
2934 3097 3156 3154 Christi.
3189 3115 3209 3150 ι
3251 3096 3442 3154 Omnis

1859 3210 2092 3268 namque
2120 3197 2220 3252 viri
2250 3204 2431 3265 caput,
2482 3194 2731 3250 Christus
2776 3203 2860 3249 est
2903 3193 2970 3250 ⁹¹.
3006 3211 3024 3245 ι
3060 3190 3255 3247 Decem
3306 3204 3441 3247 vero

1861 3290 2001 3345 atria
2050 3296 2227 3359 potest
2265 3287 2321 3342 in
2364 3284 2655 3355 semetipso
2686 3284 3019 3349 distendere,
3055 3298 3177 3339 cum
3220 3298 3328 3337 non
3384 3281 3437 3338 in

1862 3397 1971 3438 uno
2018 3390 2226 3436 tantum
2275 3376 2444 3435 verbo
2488 3378 2620 3447 legis
2660 3376 2940 3442 dilatatur,
2978 3364 3158 3446 neque
3204 3375 3439 3441 duobus,

1865 3483 1961 3529 aut
1995 3472 2193 3539 tribus,
2224 3469 2320 3526 sed
2358 3470 2412 3525 in
2442 3478 2554 3526 toto
2586 3467 2851 3537 Decalogo
2889 3468 3021 3539 legis
3063 3468 3326 3538 spiritalis
3353 3468 3438 3523 in-

1867 3565 2185 3637 telligentite
2236 3564 2468 3619 dilatare
2505 3562 2912 3632 amplitudinem
2953 3570 3149 3631 potest,
3178 3569 3271 3616 aut
3318 3576 3442 3617 cum

1869 3656 2103 3713 fructum
2135 3656 2383 3727 spiritus,
2411 3656 2690 3726 gaudium,
2721 3667 2933 3724 pacem,
2965 3653 3317 3722 patientiam,
3349 3654 3446 3708 ben

1865 3748 2207 3820 nignitatem,
2240 3745 2585 3813 modestiam,
2618 3746 2803 3812 fidem,
2846 3746 3269 3809 continentiam,
3294 3745 3443 3813 adje-

1865 3849 1975 3906 cta,
2009 3853 2128 3907 quae
2152 3846 2236 3892 est
2256 3846 2430 3892 mater
2456 3835 2721 3901 omnium,
2753 3835 3042 3901 charitate,
3075 3834 3443 3906 protulerit".

1866 3932 2075 3987 llabeat
2126 3929 2301 3984 adhuc
2344 3928 2398 3981 in
2445 3942 2504 3983 se
2557 3926 2736 3981 anima
2783 3926 2907 3992 ista,
2946 3940 3065 3995 qua:
3105 3939 3210 3980 non
3238 3924 3449 3981 dederit

1866 4038 2122 4080 somnum
2158 4020 2332 4078 oculis
2357 4020 2492 4086 suis,
2525 4034 2627 4075 nec
2655 4018 2929 4089 palpebris
2954 4017 3067 4072 suis
3094 4016 3446 4073 dormitatio-

1866 4133 2015 4181 nem,
2044 4131 2145 4171 nec
2174 4116 2417 4186 requiem
2453 4113 2783 4182 temporibus
2812 4112 2949 4175 suis,
2985 4117 3159 4166 donec
3204 4110 3446 4164 inveniat

1865 4208 2045 4266 locum
2079 4206 2326 4273 Domino,
2385 4203 2791 4261 tabernaculum
2849 4202 2958 4258 Deo
3002 4200 3172 4258 Jacob
3215 4201 3298 4271 ³⁸;
3340 4202 3440 4256 ha-

1864 4300 2012 4363 beat.
2050 4299 2294 4369 inquam,
2337 4298 2391 4352 in
2423 4310 2482 4352 se
2511 4294 2745 4351 deﬁxum
2775 4304 2829 4350 et
2863 4294 3057 4361 altare,
3097 4295 3148 4348 in
3178 4308 3285 4364 quo
3312 4308 3441 4348 ora-

1869 4391 2077 4447 tionum
2135 4389 2343 4447 hostias
2391 4396 2449 4444 et
2502 4385 2892 4442 misericordiae
2946 4386 3193 4441 victimas
3250 4382 3447 4439 offerat

1868 4486 2013 4553 Deo;
2062 4485 2115 4541 in
2164 4499 2273 4555 quo
2323 4480 2673 4539 continentia:
2705 4480 2881 4535 cultro
2928 4476 3235 4548 superbiam
3283 4476 3442 4547 quasi

164 4619 303 4673 spes
336 4603 493 4674 regni
520 4601 808 4658 caelorum.
842 4598 963 4654 lstae
986 4597 1095 4652 sint
1132 4595 1353 4651 interim
1392 4593 1656 4655 materiae,
1691 4607 1755 4648 ex

1871 4587 2080 4634 taurum
2111 4576 2375 4640 immolet,
2405 4573 2743 4630 iracundiam
2768 4572 2921 4641 quasi
2948 4570 3173 4625 arietem
3200 4567 3439 4641 jugulet,

162 4697 383 4768 quibus
414 4709 576 4750 omne
613 4690 1022 4748 tabernaculum
1057 4695 1427 4753 construatur,
1461 4684 1759 4739 induantur

162 4787 515 4850 sacerdotes,
539 4793 761 4842 ornetur
795 4792 849 4841 et
878 4780 1143 4853 pontifex.
1174 4776 1415 4845 Quorum
1443 4774 1757 4830 indumenta

165 4896 299 4953 qua:
340 4880 472 4945 sint,
498 4879 582 4933 vel
614 4876 817 4948 qualia,
876 4875 931 4930 in
967 4872 1073 4929 alio
1112 4870 1234 4927 loco
1278 4868 1593 4938 pronuntiat
1618 4866 1757 4921 Pro-

168 4977 376 5046 pheta,
413 4983 468 5028 et
488 4971 622 5027 dicit
646 4971 734 5026 ’τε
769 4986 787 5021 ι
826 4966 1149 5024 Sacerdotes
1177 4962 1253 5017 tui
1281 4960 1577 5016 induantur
1600 4957 1760 5028 justi-

166 5069 338 5124 tiam.
371 5085 391 5120 ι
448 5064 585 5121 Sunt
624 5076 754 5134 ergo
783 5059 963 5115 omnia
1000 5058 1102 5112 ista
1156 5054 1469 5109 indumenta
1512 5049 1757 5121 iustitiae.

164 5160 239 5216 Et
268 5159 477 5214 iterum
514 5153 716 5210 Paulus
756 5150 1030 5223 aposmlus
1066 5146 1198 5203 dicit
1220 5144 1268 5177 "
1305 5162 1318 5199 :
1370 5160 1389 5194 ι
1427 5142 1639 5197 lnduite
1666 5154 1761 5196 vos

167 5255 397 5309 viscera
422 5246 829 5305 misericordiae.
866 5262 886 5296 ι
921 5242 1060 5299 Sunt
1091 5252 1222 5311 ergo
1245 5235 1563 5293 indumenta
1598 5233 1762 5290 mise-

1868 4671 2142 4727 luxuriam
2183 4679 2513 4737 omnemque
2568 4662 2849 4718 libidinem
2878 4670 3134 4730 tanquam
3182 4658 3363 4713 hircos
3388 4665 3445 4712 et

1870 4763 2055 4822 haedos
2087 4761 2227 4816 litet.
2260 4757 2411 4813 Sciat
2450 4765 2630 4811 tamen
2660 4770 2728 4810 ex
2764 4754 2850 4808 his
2872 4752 3036 4807 etiam
3066 4747 3444 4805 sacerdotibus

1868 4870 2124 4930 separare
2175 4854 2425 4910 dextrum
2481 4847 2793 4910 brachium,
2848 4856 2903 4900 et
2960 4841 3356 4914 peclusculum,
3388 4846 3444 4895 ct

1869 4928 2139 5013 maxillas,
2182 4946 2234 5001 id
2260 4952 2343 4999 est
2374 4954 2542 5012 opera
2574 4939 2715 4995 bona
2751 4946 2802 4995 et
2844 4948 3010 5004 opera
3039 4933 3250 4988 dextra.
3305 4928 3441 4983 Nam

1867 5044 2151 5101 sinistrum
2180 5038 2315 5094 nihil
2338 5043 2599 5091 reservet.
2625 5028 3005 5087 Pectusculum
3042 5039 3259 5095 quoque
3303 5022 3446 5077 inte-

1867 5150 2043 5207 grum,
2069 5133 2212 5204 quod
2237 5139 2323 5186 est
2353 5132 2684 5190 correctum,
2710 5133 2766 5178 et
2792 5135 2945 5178 mens
2976 5119 3082 5172 Deo
3112 5125 3324 5172 sacrata
3348 5130 3363 5180 ;
3391 5124 3448 5167 ct

1868 5228 2120 5285 maxillas
2174 5224 2241 5278 ad
2287 5221 2514 5276 verbum
2546 5217 2638 5272 Dei
2672 5214 3023 5285 loquendum.
3055 5210 3207 5269 Sciat
3228 5210 3328 5265 sibi
3389 5209 3441 5261 in

244 5401 300 5435 ’⁸
339 5395 487 5453 Psal.
524 5409 599 5459 ιι,
623 5394 675 5450 7.
752 5389 800 5424 "
830 5387 875 5444 ll
910 5387 1039 5459 Cor.
1067 5401 1155 5459 xu,
1188 5383 1246 5437 5.
1296 5380 1367 5459 _'_‘
1399 5377 1797 5459 Psal.‘cx.xxn,
1831 5377 1887 5432 9.
1942 5369 2257 5459 _“_’Coloss.
2285 5382 2369 5434 ιιι,
2400 5362 2488 5418 l2.
2565 5363 2611 5395 ”
2654 5360 2815 5418 Rom.
2852 5371 2971 5422 xm,
3012 5354 3099 5409 14.
3174 5353 3279 5407 “ll
3315 5349 3443 5407 Cor.

174 5488 259 5538 vx,
295 5444 505 5524 13..Ἦῦ
525 5444 710 5520 ita}.
736 5477 813 5529 vt,
846 5461 901 5515 5.
979 5458 1023 5490 ⁸¹
1053 5444 1173 5513 Cal.
1206 5468 1259 5518 v,
1294 5451 1385 5505 22.
1434 5448 1508 5481 ‘”
1544 5448 1687 5504 Psal.
1723 5463 1754 5503 c

1869 5463 1907 5513 ι,
1932 5445 1986 5511 4,
2018 5444 2073 5499 5.
3052 5517 3057 5523 Ι
3297 5472 3305 5484 ,

248 5587 376 5661 (50)
403 5584 693 5661 Ecclesium
715 5582 994 5637 collocant.
1021 5578 1115 5633 Sic
1135 5590 1271 5631 mss.
1300 5571 1451 5629 Alias
1481 5584 1612 5626 vero
1640 5569 1770 5625 sitn-

174 5656 505 5732 pliciter,__s
546 5656 900 5732 collocantur:
943 5668 962 5702 ι

253 5728 381 5796 (5i)
414 5716 583 5793 Alias,
621 5743 640 5777 ι
684 5721 898 5796 septimi
928 5716 1162 5796 numeri.
1203 5724 1223 5769 ι

175 5870 383 5926 clesia.
424 5886 445 5920 ι

253 5730 354 5796 (51
414 5728 583 5793 Alias,
621 5743 640 5777 ι
684 5728 898 5792 septimi
928 5728 1162 5776 numeri.
1203 5734 1223 5769 ι

252 5728 382 5870 (ὃὲζ
411 5796 705 5855 Ornaretur
740 5791 997 5849 Ecclesia.
1020 5788 1194 5856 -Mss.,
1225 5804 1244 5839 ι
1276 5784 1617 5858 signiﬁcatur
1663 5779 1765 5836 Ec-

1946 5563 2069 5690 ξὲἓλ

2116 5562 2186 5618 Ut
2216 5560 2432 5622 quidam
2459 5564 2580 5612 ante
2608 5569 2701 5609 nos
2741 5546 3255 5622 quoqueudixerunt.
3309 5540 3446 5622 Vide

1871 5610 2185 5717 1935;3qu
2217 5610 2684 5694 Ῑιᾘ.””ι“ιίίἈηιεᾳ.
2744 5610 2798 5677 et
2856 5610 3139 5674 Philonem
3201 5611 3278 5670 De
3334 5610 3444 5667 vim

1871 5709 1926 5764 Μ
1933 5709 2093 5777 oysis.

1942 5774 2055 5850 ('54)
2091 5774 2259 5843 Alias,
2291 5790 2309 5825 ι
2349 5778 2662 5841 argentata}.
2706 5783 2724 5818 ι
