3876 6540
531 401 640 493 367

1973 436 2292 494 ORIGENIS
3607 452 3673 510 56!

531 554 740 608 sanctis
789 554 952 607 ctiam
1013 549 1394 606 candelabrum
1433 549 1655 606 luminis
1703 550 2100 616 collocandum,
2131 555 2178 614 Α
2208 552 2312 608 Sed
2347 563 2400 608 et
2451 566 2614 607 aurea
2651 551 2849 606 lamina
2901 552 2954 606 in
3007 551 3184 607 fronte
3237 551 3551 625 resplendeat,
3578 573 3677 634 quod

533 656 594 699 ut
624 646 730 698 sint
766 645 813 698 ci
849 644 1080 697 lucerna:
1122 657 1337 712 semper
1387 642 1660 707 ardentes,
1701 651 1753 696 et
1781 642 1947 697 lumbi
1982 658 2103 698 suc-

534 737 693 791 cincti
724 735 788 800 ⁸⁸,
815 743 867 789 et
899 735 1014 804 ipse
1039 745 1294 805 tanquam
1329 749 1540 800 servus,
1581 735 1671 804 qui
1695 743 1973 804 exspectat
2006 734 2103 788 do-

533 827 736 882 minum
766 841 922 882 suum
956 828 1132 882 redire
1159 828 1226 883 de
1257 827 1477 895 nuptiis.
1513 827 1587 882 De
1629 827 1712 881 his
1740 827 1880 880 enim
1921 827 2099 882 lucer-

533 919 618 974 nis
645 928 700 974 et
732 918 990 973 Dominus
1033 920 1251 974 dicebat
1288 921 1374 974 πε
1413 938 1431 970 ‹
1469 917 1712 974 Lucerna
1745 919 1988 984 corporis
2025 919 2098 973 lui

531 1020 612 1067 est
641 1009 830 1066 oculus
861 1020 1002 1065 tuus.
1043 1029 1062 1062 ι
1101 1010 1206 1066 Sed
1235 1010 1376 1065 istud
1422 1009 1806 1064 candelabrum
1846 1009 2097 1064 lucerna-

530 1117 648 1158 rum
673 1102 728 1157 in
751 1110 937 1157 austro
959 1101 1208 1166 collocet,
1248 1111 1306 1156 ιιι
1341 1101 1406 1154 ad
1456 1102 1764 1167 aquilonem
1816 1101 2096 1168 respiciat.

527 1191 774 1248 Accenso
806 1192 1002 1247 ctenim
1031 1191 1252 1259 lumine,
1285 1191 1338 1246 id
1368 1199 1452 1247 est
1475 1191 1716 1261 vigilanti
1744 1193 1907 1246 corde
1935 1191 2101 1260 respi-

527 1299 652 1339 cere
682 1298 894 1350 setnpc-r
925 1284 1088 1338 debet
1113 1285 1177 1336 ad
1209 1281 1540 1352 aquilonem,
1581 1290 1632 1336 et
1656 1282 1944 1337 observare
1975 1298 2095 1336 eum

527 1374 619 1443 qtti
669 1374 734 1429 ab
767 1373 1017 1442 aquilone
1051 1384 1157 1428 est.
1219 1373 1367 1427 Sicut
1417 1383 1471 1428 et
1518 1375 1776 1443 propheta
1813 1374 1996 1428 videre
2041 1389 2099 1429 se

527 1464 660 1518 dicit
685 1479 1006 1519 succensum
1044 1463 1295 1529 lebetem,
1326 1462 1410 1517 vel
1438 1462 1626 1531 ollam,
1656 1473 1710 1517 et
1744 1462 1939 1518 faciem
1981 1461 2099 1531 ejus

521 1570 556 1608 a
587 1556 723 1610 facie
773 1555 1046 1624 aquilonis
1079 1547 1143 1609 ".
1170 1553 1253 1608 Ab
1279 1554 1529 1623 aquilone
1552 1553 1695 1609 enim
1728 1554 2098 1608 accenduntur

518 1649 665 1705 mala
695 1647 964 1703 universa:
993 1657 1170 1702 teme.
1213 1646 1454 1716 Vigilans
1485 1661 1614 1715 ergo
1640 1654 1694 1700 et
1745 1645 2006 1700 sollicitus
2043 1654 2098 1700 et

525 1741 720 1796 ardens
749 1740 1022 1795 intueatur
1053 1754 1266 1809 semper
1294 1738 1523 1793 astutias
1551 1737 1780 1801 diaboli,
1807 1746 1856 1791 et
1884 1752 2097 1807 semper

527 1833 756 1904 aspiciat
773 1835 912 1888 unde
937 1833 1246 1887 sitventura
1273 1831 1519 1895 tentatio,
1547 1831 1687 1882 unde
1711 1830 1882 1883 hostis
1899 1828 2092 1894 irruat,

2202 646 2435 716 pctalum
2481 645 2802 713 appellatur,
2851 644 2904 698 in
2951 644 3151 714 quibus
3186 645 3422 715 utrisque
3461 653 3616 709 veritas
3638 671 3678 715 et

2202 734 2564 788 manifestatio
2592 733 2796 788 dicitur
2827 732 3248 805 collocata-(57).
3289 734 3394 804 Ego
3428 737 3472 793 in
3513 741 3680 814 hisque

2202 825 2255 880 in
2287 835 2503 894 pectore
2537 825 2701 880 locari
2745 825 3032 892 dicuntur,
3055 841 3361 881 sermonem
3391 837 3678 902 evangelicum

2202 919 2396 982 sentio,
2455 917 2548 986 qui
2607 917 3023 986 quadruplicato
3074 917 3267 973 ordine
3313 921 3557 978 veritatem
3599 929 3680 985 litlei

2200 1008 2355 1061 nobis
2386 1015 2440 1060 et
2471 1008 2959 1062 manifestalionem
2985 1006 3272 1062 Trinitatis
3303 1011 3521 1077 exponit,
3543 1029 3680 1073 cuncta

2201 1097 2441 1153 referens
2470 1099 2535 1152 ad
2568 1107 2753 1168 caput,
2805 1098 2870 1150 ad
2924 1099 3081 1152 unius
3114 1099 3324 1153 scilicet
3357 1098 3439 1154 Dei
3479 1113 3681 1165 naturam.

2200 1187 2254 1243 ltt
2284 1191 2367 1244 his
2397 1200 2479 1244 est
2509 1205 2636 1260 ergo
2664 1189 2843 1243 omnis
2874 1189 3097 1254 veritas,
3121 1200 3176 1244 et
3202 1190 3376 1243 omnis
3406 1193 3683 1253 tnanifestatio

2199 1281 2464 1335 veritatis.
2518 1279 2689 1350 lgitur
2738 1280 2784 1334 si
2836 1289 2986 1335 recte
3032 1281 3112 1334 vis
3158 1281 3510 1350 pontificatum
3550 1302 3683 1354 gerere

2199 1372 2332 1435 Deo,
2367 1371 2709 1442 evangelicus
2739 1386 2939 1433 sermo,
2973 1381 3028 1424 ct
3063 1371 3352 1426 Trinitatis
3386 1374 3500 1428 lides
3531 1391 3684 1445 setnper

2202 1463 2292 1518 tibi
2328 1463 2594 1519 habeatur
2619 1464 2669 1518 in
2700 1474 2934 1534 pectore.
2955 1464 3051 1520 Cui
3079 1465 3331 1520 convenit
3360 1465 3503 1518 etiam
3530 1480 3686 1536 aposto-

2201 1554 2336 1609 licus
2366 1570 2544 1610 sermo
2593 1564 2698 1610 tam
2735 1557 2956 1622 virtute,
2987 1570 3148 1624 quam
3186 1570 3430 1617 numero,
3462 1566 3623 1612 tantum
3647 1569 3684 1614 ut

2199 1661 2389 1701 nomen
2419 1647 2510 1701 Dei
2543 1661 2759 1717 semper
2791 1649 3054 1701 habeatur
3102 1648 3154 1699 in
3193 1647 3388 1714 capite,
3417 1657 3467 1700 et
3497 1647 3552 1700 ad
3571 1665 3686 1703 uuunt

2198 1739 2363 1794 Deum
2397 1749 2591 1794 cuncta
2624 1740 2947 1794 referantur.
2975 1739 3186 1794 llabcat
3215 1739 3377 1792 etiam
3403 1738 3449 1792 in
3473 1739 3680 1794 interiori-

2201 1831 2298 1884 bus
2329 1829 2578 1900 pontifex
2628 1831 2873 1900 partibus
2905 1831 3238 1898 operimenta
3273 1844 3396 1888 sua,
3431 1829 3596 1882 habeat
3619 1845 3687 1898 pu-

526 1925 670 1980 unde
701 1925 952 1979 inimicus
991 1924 1236 1993 obrepat.
1289 1922 1427 1974 Dicit
1455 1921 1600 1976 enim
1631 1929 1684 1974 et
1717 1919 1910 1974 Petrus
1961 1935 2094 1988 apo-
2125 1909 2165 1964 Β
2195 1921 2364 1975 denda
2400 1930 2681 1987 contecta;
2718 1930 2774 1974 ttt
2813 1936 3043 1990 corpore
3075 1929 3126 1976 et
3174 1917 3367 1988 spiritu
3405 1929 3594 1973 sanctus
3622 1922 3683 1981 sit,

525 2018 692 2074 stolus
721 2018 762 2048 ³⁷
791 2038 804 2072 :
832 2036 850 2068 ι
889 2016 1022 2082 Quia
1054 2016 1398 2070 adversarius
1429 2024 1609 2069 vester
1649 2013 1917 2078 diabolus,
1947 2015 2090 2068 siettt

525 2108 608 2160 lco
635 2105 874 2176 rugiens,
928 2105 1124 2160 circuit
1176 2119 1427 2172 quzcrens
1490 2119 1653 2174 quem
1688 2113 2020 2159 transvorct.
2061 2124 2080 2157 ι

522 2197 702 2252 Mensa
744 2211 957 2266 quoque
1008 2195 1398 2266 propositionis
1430 2195 1638 2249 habens
1668 2194 1949 2251 duodecim
1993 2210 2089 2264 pa-

521 2305 637 2355 nes,
688 2289 739 2343 in
781 2299 935 2358 parte
991 2287 1286 2343 collocetur
1344 2286 1618 2356 aquilonis
1679 2285 1977 2354 reSpiciens
2023 2285 2089 2338 ad

520 2387 788 2435 austrum.
844 2377 1020 2432 Panes
1066 2377 1179 2442 isti,
1239 2377 1573 2446 apostolicus
1619 2375 1665 2429 ei
1707 2383 1814 2428 tam
1869 2389 2091 2429 numero

521 2486 684 2540 quam
721 2470 920 2525 virtute
951 2469 1024 2524 sit
1047 2483 1250 2534 sermo,
1270 2483 1376 2538 quo
1405 2467 1778 2521 indesinenter
1803 2475 1959 2520 utens
1979 2465 2088 2536 (55)

520 2563 786 2635 (quotidie
838 2575 1068 2630 namque
1092 2559 1197 2614 hos
1245 2571 1369 2615 ante
1403 2558 1688 2614 Dominum
1739 2557 1962 2627 jubelur
1993 2575 2090 2628 ap-

521 2657 766 2726 ponere),
811 2668 1026 2707 rnrsum
1070 2653 1325 2722 respiciat
1372 2653 1438 2705 ad
1484 2660 1753 2714 austrum,
1800 2650 1942 2704 unde
1989 2649 2092 2705 Do-

523 2747 702 2800 minus
751 2746 898 2800 venit
941 2761 955 2797 :
1008 2763 1027 2796 ι
1065 2745 1325 2799 Dominus
1371 2745 1512 2798 enim
1567 2759 1632 2797 ex
1691 2742 1952 2797 Thomam
2003 2757 2094 2796 vc-

513 2839 657 2904 ‘uiet,
691 2855 707 2888 ι
740 2837 878 2892 sicut
927 2835 1185 2904 scriptum
1227 2845 1311 2892 est
1346 2835 1410 2904 ⁸⁸,
1471 2835 1611 2904 quod
1641 2845 1725 2890 est
1785 2836 1849 2890 de
1879 2845 2088 2890 austro.

525 2925 732 2981 Habeat
775 2926 828 2980 in
862 2924 1224 2996 penetralibus
1288 2927 1520 2995 pectoris
1576 2925 1657 2979 sui
1706 2925 1870 2979 etiam
1903 2923 2089 2978 'altare

522 3019 752 3084 incensi,
813 3031 868 3073 ut
919 3021 1033 3089 ipse
1086 3019 1230 3074 dicat
1268 3019 1362 3072 “z
1417 3037 1435 3069 ε
1477 3018 1610 3084 Quia
1659 3016 1866 3072 Christi
1917 3017 2090 3073 bonus

520 3107 656 3161 odor
708 3121 916 3161 sumus.
968 3125 985 3157 ι
1046 3105 1252 3160 llabcat
1309 3114 1362 3160 et
1413 3121 1594 3160 arcam
1647 3107 1974 3172 testamenti,
2035 3107 2085 3160 in

521 3213 625 3269 qua
677 3199 785 3253 sint
835 3198 1029 3253 tabulae
1080 3198 1231 3269 lrgis,
1291 3209 1347 3252 ut
1401 3199 1453 3252 itt
1513 3198 1628 3268 lege
1659 3196 1751 3253 Dei
1795 3199 2088 3254 meditetur

520 3293 607 3346 die
665 3305 729 3346 ac
794 3305 968 3357 nocte,
1015 3301 1070 3346 et
1119 3290 1380 3345 memoria
1433 3290 1552 3360 ejus
1606 3304 1732 3344 arca
1791 3299 1846 3344 et
1888 3291 2084 3346 biblio-

521 3385 676 3439 theca
723 3383 987 3440 eiliciatur
1039 3383 1300 3438 librorum
1357 3382 1474 3447 Dei,
1535 3383 1661 3451 quia
1718 3391 1770 3437 et
1823 3385 2088 3452 prepbeta

524 3475 680 3549 165
703 3475 888 3530 beatos
921 3475 1053 3530 dicit
1087 3489 1180 3530 eos
1213 3474 1304 3543 qui
1335 3474 1594 3529 memoria
1629 3483 1812 3528 tenent
1837 3475 2090 3530 mandata

503 3569 656 3636 ejus,
683 3579 739 3622 ut
771 3567 1076 3622 faciantea.
1104 3566 1186 3622 Sit
1220 3567 1360 3621 intra
1391 3567 1562 3636 ipsum
1590 3581 1727 3620 urna
1758 3581 1971 3620 manna:
1999 3581 2083 3621 re-

494 3662 716 3729 ‘posita,
755 3659 1064 3714 inte-flectus
1092 3659 1238 3714 verbi
1275 3658 1364 3712 Dei
1388 3658 1601 3713 subtilis
1629 3669 1684 3713 et
1711 3658 1900 3714 dulcis.
1925 3658 2007 3713 Sit
2035 3667 2091 3714 et

494 3754 666 3823 ‘virga
706 3753 883 3806 Aaron
937 3752 1076 3805 intra
1130 3765 1277 3815 eum,
1323 3752 1567 3805 doctrina
1620 3751 2000 3817 sacerdotalis,
2033 3761 2090 3806 et

519 3843 705 3897 florida
738 3843 1001 3897 severitas
1032 3841 1350 3911 disciplima,
1379 3857 1542 3910 supra
1569 3856 1783 3896 omnem
1816 3858 1947 3897 vero
1972 3843 2087 3912 glo-

521 3934 653 3986 riam
699 3933 768 3986 sit
808 3934 854 3986 ei
891 3932 1218 4001 pontificalis
1245 3940 1492 3986 ornatus.
1540 3932 1726 3988 Potest
1757 3933 1904 3988 enim
1947 3935 2087 3988 intra

519 4039 578 4078 se
607 4038 768 4093 agere
796 4026 1164 4090 pontificatum
1215 4037 1340 4090 pars
1384 4022 1468 4074 illa
1499 4039 1617 4093 quae
1663 4023 1714 4076 in
1747 4038 1813 4076 eo
1847 4033 1928 4077 est
1959 4038 2088 4092 pre-

521 4113 811 4169 tiosissima
844 4113 1106 4176 omnium,
1146 4111 1288 4180 quod
1321 4113 1539 4181 quidam
1576 4115 1872 4184 principale
1903 4116 2085 4172 cordis

519 4205 812 4276 appellant,
851 4204 942 4258 alii
977 4204 1294 4258 rationalem
1351 4220 1592 4271 sensum,
1627 4216 1718 4260 aut
1758 4207 2089 4262 intellectua-

491 4304 620 4353 "lam
657 4297 1040 4363 substantiam,
1093 4298 1177 4352 vel
1232 4314 1562 4368 quocunque
1614 4303 1771 4355 modo
1821 4303 2087 4371 appellari

518 4404 691 4460 potest
720 4392 771 4446 in
807 4392 962 4446 nobis
991 4391 1165 4460 portio
1193 4393 1361 4446 nostri
1399 4392 1511 4458 illa,
1539 4406 1634 4462 per
1663 4409 1823 4464 quam
1857 4408 2086 4465 capaces

515 4499 635 4538 esse
667 4497 952 4555 possumus
988 4483 1102 4538 Dei.
1137 4481 1240 4538 Ista
1290 4499 1422 4551 ergo
1467 4499 1592 4552 pars
1647 4485 1698 4539 in
1750 4486 1906 4541 nobis
1941 4487 2087 4541 velut

2195 2024 2249 2068 et
2273 2013 2688 2081 cogitationibus
2711 2023 2763 2067 et
2786 2013 3039 2082 operibus
3065 2027 3232 2080 purus
3255 2011 3346 2064 sit.
3371 2008 3553 2064 Habeat
3573 2013 3688 2065 etiam

2196 2119 2288 2172 per
2341 2105 2636 2158 indumenti
2684 2105 2975 2178 circuitum
3031 2101 3417 2168 tintinnabula,
3467 2113 3518 2156 ut
3559 2105 3688 2174 ingrc-

2195 2196 2368 2260 dieus,
2397 2197 2572 2264 inquit
2596 2196 2664 2259 ⁸⁸,
2701 2205 2910 2257 sancta,
2944 2195 3037 2249 det
3065 2195 3332 2258 sonitum,
3362 2204 3413 2248 et
3454 2211 3543 2249 non
3573 2197 3688 2250 intret

2196 2304 2319 2344 cum
2344 2289 2583 2345 silentio.
2615 2289 2682 2344 Et
2723 2290 2839 2344 haec
2872 2287 3259 2355 tintinnabula,
3288 2303 3407 2357 qua:
3435 2304 3615 2358 semper
3632 2303 3692 2343 so-

2196 2396 2325 2436 narc
2357 2381 2575 2446 debent,
2610 2380 2666 2434 in
2714 2390 2963 2436 extremo
3010 2379 3328 2434 vestimenti
3383 2387 3500 2433 sunt
3550 2380 3692 2448 posita,

2195 2472 2418 2540 idcirco,
2446 2472 2632 2538 credo,
2671 2481 2730 2527 ut
2771 2472 2840 2527 de
2870 2472 3134 2526 extremis
3171 2471 3500 2540 temporibus
3541 2483 3585 2525 et
3626 2470 3696 2524 line

2193 2562 2375 2616 mundi
2405 2575 2678 2631 nunquam
2704 2560 2890 2624 sileas,
2918 2560 3011 2616 sed
3039 2561 3163 2614 inde
3189 2575 3405 2629 semper
3430 2574 3590 2626 sones,
3612 2561 3694 2612 inde

2193 2652 2434 2720 disputes
2475 2661 2530 2707 et
2581 2651 2846 2722 loquaris,
2879 2652 3176 2707 secundum
3212 2668 3337 2708 eum
3385 2652 3472 2722 qui
3518 2651 3695 2705 dixit":

2199 2760 2217 2794 ι
2246 2742 2450 2798 Memor
2477 2754 2597 2797 esto
2627 2743 3048 2798 novissimorum
3078 2752 3317 2810 tuorum,
3347 2752 3403 2797 et
3435 2757 3530 2796 non
3555 2756 3696 2811 pecca-

2192 2837 2295 2891 bis.
2322 2854 2341 2888 ι
2373 2836 2456 2891 Ad
2502 2835 2647 2891 hunc
2679 2851 2810 2905 ergo
2844 2835 3059 2890 modum
3111 2834 3272 2890 homo
3314 2844 3496 2890 noster
3533 2835 3700 2887 interior

2195 2931 2303 2988 Deo
2333 2929 2575 3001 pontifex
2612 2930 2930 2993 adornetur,
2972 2938 3030 2983 ut
3068 2929 3303 2984 introire
3347 2928 3509 2997 possit
3533 2941 3621 2980 non
3641 2940 3700 2978 so-

2193 3024 2303 3079 lum
2349 3025 2403 3079 in
2458 3030 2674 3087 sancta,
2731 3021 2824 3076 sed
2859 3031 2915 3075 et
2964 3022 3016 3075 itt
3066 3021 3267 3076 Sancta
3317 3033 3632 3083 sanctorum;
3665 3027 3701 3069 ct

2193 3117 2365 3186 possit
2415 3114 2566 3170 adire
2601 3114 3036 3184 pr0pitiatorium
3087 3114 3175 3168 ubi
3210 3122 3343 3168 sunt
3375 3109 3641 3168 cherubim.
3663 3119 3698 3160 et

2193 3211 2316 3265 inde
2350 3219 2610 3279 appareat
2635 3209 2683 3264 ei
2711 3209 2871 3263 Deus.
2905 3207 3107 3262 Sancta
3137 3214 3372 3276 possunt
3399 3217 3513 3259 esse
3533 3215 3703 3269 emrtua:

2190 3302 2245 3356 in
2289 3301 2539 3372 praesenti
2587 3299 2787 3356 saeculo
2818 3299 3023 3353 habere
3061 3305 3253 3354 sancta
3303 3293 3621 3352 conversatio
3641 3305 3703 3359 po-

2193 3402 2318 3449 test.
2341 3393 2541 3448 Sancta
2572 3407 2698 3448 vero
2729 3400 3064 3458 sanctorum,
3095 3389 3148 3443 in
3184 3402 3306 3458 quae
3332 3386 3500 3442 semel
3526 3395 3705 3439 tantum-

2189 3487 2352 3540 modo
2384 3484 2643 3548 intratur,
2679 3484 2743 3537 ad
2775 3483 2975 3537 ctelum
3013 3497 3135 3536 esse
3167 3480 3458 3534 transitum
3491 3487 3620 3549 puto,
3643 3475 3702 3528 ubi

2188 3589 2273 3634 est
2323 3577 2782 3648 propitiatoriutn,
2829 3584 2885 3630 et
2941 3574 3252 3638 cherubim,
3299 3574 3392 3627 ubi
3446 3581 3497 3625 et
3546 3567 3706 3624 mundis

2189 3675 2355 3729 corde
2383 3685 2648 3740 apparere
2673 3669 2871 3740 poterit
2907 3670 3068 3734 Deus,
3100 3667 3184 3722 vel
3214 3666 3348 3736 quia
3385 3663 3619 3719 Dominus
3647 3659 3702 3712 di-

2185 3763 2265 3818 cit
2293 3781 2306 3818 :
2338 3762 2382 3794 ”
2415 3779 2434 3812 ι
2456 3762 2595 3816 Ecce
2627 3775 2850 3829 regnum
2882 3759 2972 3811 Dei
3002 3759 3143 3812 intra
3175 3771 3272 3811 vos
3293 3766 3404 3810 est.
3428 3773 3447 3806 ι
3479 3749 3706 3806 Ηςὲαἰιιὶθο

2189 3855 2290 3910 rim
2319 3865 2578 3925 quantunt
2609 3851 2675 3905 ad
2710 3863 2949 3920 praesens
2997 3849 3050 3902 in
3102 3858 3428 3902 transcursu
3475 3851 3704 3898 occurrere

2188 3947 2436 4003 sensibus
2483 3944 2686 4000 nostris
2717 3944 2912 4014 potuit,
2945 3952 3322 4010 quantumque
3363 3931 3614 3992 moderari
3639 3944 3703 3982 auo

2191 4038 2341 4094 ribus
2391 4038 2666 4108 potuimus
2714 4036 3044 4098 auditorum,
3092 4034 3157 4086 de
3214 4027 3564 4085 tabernaculo
3605 4022 3705 4076 dict:

2189 4133 2320 4194 sint,
2358 4142 2416 4185 ut
2451 4124 3096 4198 unusquisque'nostrum
3136 4123 3358 4179 studeat
3406 4121 3578 4174 facere
3610 4116 3707 4166 intra

2187 4238 2248 4278 se
2280 4220 2684 4278 tabernaculum
2715 4220 2845 4274 Deo.
2871 4216 2987 4270 Non
3013 4216 3159 4269 enim
3195 4213 3405 4268 frustra
3434 4213 3498 4264 de
3525 4207 3713 4277 patribus

2191 4315 2509 4378 refertur“,
2539 4312 2662 4380 quia
2709 4311 2759 4363 itt
2803 4307 3174 4363 tabcrnacalis
3204 4307 3604 4360 habitaverunt.
3632 4295 3710 4360 Ego

2168 4407 2268 4460 .sic
2299 4403 2539 4470 intelligo
2568 4403 2842 4456 Abraham
2882 4401 3167 4453 habitasse
3199 4397 3252 4451 itt
3287 4389 3657 4450 tabernaculis,
3679 4393 3716 4436 et

2189 4496 2358 4558 Isaac,
2403 4503 2458 4548 et
2505 4491 2691 4546 Jacob.
2730 4491 3164 4545 Construxerunt
3197 4499 3442 4555 namque
3496 4481 3574 4536 isti
3612 4477 3714 4530 intra

518 4577 740 4645 quidam
773 4575 1010 4644 pontifex
1045 4585 1338 4631 exornetur
1385 4576 1737 4639 indumentis,
1779 4586 1833 4631 et
1863 4578 2085 4632 monili-

2195 4603 2252 4642 se
2285 4582 2690 4640 tabernaculum
2741 4582 2870 4646 Deo,
2904 4581 2993 4651 qui
3029 4596 3086 4634 se
3121 4579 3292 4633 tantis
3324 4592 3392 4631 ac
3429 4573 3612 4629 talibus
3644 4567 3717 4618 Wir-

521 4670 616 4722 bus
651 4669 921 4738 pretiosis,
975 4682 1038 4721 ac
1086 4668 1288 4736 podere
1335 4667 1571 4738 byssino.
1617 4665 1922 4722 lndumcttti
1985 4671 2088 4724 hoc

518 4774 686 4828 genus
736 4769 839 4826 est,
875 4761 1016 4829 quod
1069 4775 1242 4831 usque
1274 4761 1340 4813 ad
1387 4760 1554 4829 pedes
1601 4759 1886 4815 deducitur
1913 4770 2084 4816 totum

515 4861 811 4922 contegens
863 4866 1078 4919 corpus.
1133 4851 1196 4905 ln'
1249 4867 1358 4920 quo
1407 4852 1750 4920 designatur,
1801 4861 1858 4905 ut
1911 4853 2088 4922 primo

517 4945 761 4998 omnium
795 4953 941 4998 totus
975 4947 1046 4997 sit
1086 4943 1335 4999 castitate
1368 4942 1616 5000 vestitus.
1653 4943 1900 5010 Accipiat
1935 4954 2084 5012 post.

519 5040 734 5093 modum
793 5048 848 5092 et
898 5037 1176 5092 humerale
1221 5046 1594 5107 gemmatum,
1639 5036 1690 5089 in
1748 5053 1858 5104 quo
1911 5034 2089 5107 fulgor

514 5145 737 5202 Operum
779 5131 1101 5194 collocatur,
1133 5139 1192 5183 ttt
1221 5112 1466 5183 videntes
1502 5128 1751 5182 homines
1799 5144 1961 5198 opera
1991 5145 2088 5184 sua

517 5224 866 5295 ntagniftcent
896 5225 1108 5278 Patrem
1144 5222 1234 5290 qtti
1285 5222 1338 5275 in
1372 5221 1522 5276 ctnlis
1572 5231 1655 5275 est
1675 5220 1716 5250 ⁸ο
1756 5219 1888 5292 (56).
1931 5223 2091 5276 Acci-

515 5319 708 5387 piatet
746 5317 971 5388 legium,
1000 5315 1140 5384 quod
1195 5313 1458 5368 rationale
1486 5312 1592 5367 dici
1632 5322 1833 5380 potest,
1883 5314 2086 5381 pectori

514 5410 938 5480 superpositum,
967 5418 1231 5476 quaterno
1265 5405 1499 5473 lapidum
1527 5403 1716 5458 ordine
1741 5404 2081 5461 distinctum.

619 5503 664 5534 3‘
692 5503 824 5557 Luc.
855 5517 953 5564 xu,
977 5499 1066 5553 55.
1143 5499 1187 5530 ³⁸
1226 5496 1414 5550 Matth.
1456 5512 1530 5557 Vl,
1560 5496 1652 5548 ‘22.

514 5573 557 5606 ⁵⁸
584 5574 770 5632 Matth.
818 5589 865 5636 ν,
920 5570 1006 5625 16.
1085 5569 1124 5600 δ’
1145 5567 1312 5623 Exod.
1364 5566 1669 5633 xxvttt,35.

514 5646 567 5701 6.
641 5647 684 5675 ⁸⁸⁸
708 5646 842 5699 Gen.
879 5658 1015 5696 nn.

586 5733 699 5804 (35)
725 5735 893 5799 Alias,
925 5754 942 5787 α
975 5733 1197 5788 utinmr.
1231 5752 1250 5784 ι
1272 5730 1376 5785 Sed
1400 5743 1592 5784 omnes
1624 5743 1776 5793 mss.,
1813 5749 1830 5779 ε
1858 5739 2030 5804 utens.
2060 5750 2076 5782 ι

588 5801 702 5877 (56)
743 5807 839 5859 Sic
878 5823 1006 5877 mss.
1066 5807 1213 5858 Alias
1247 5817 1394 5866 vero,
1456 5814 1659 5877 topcra
1715 5811 1891 5877 vestra
1944 5801 2082 5856 bona

519 5869 865 5943 magniﬁcent
891 5874 1108 5931 Patrem
1140 5884 1376 5930 vestrum
1413 5870 1507 5942 qui
1547 5870 1600 5924 iu
1635 5869 1791 5926 etelis
1821 5881 1923 5926 est.
1952 5889 1971 5922 ι

1728 5496 1772 5526 ³⁸
1796 5495 1906 5549 Jcr.
1939 5512 1976 5562 l,
2019 5500 2106 5553 15.

1743 5565 1788 5598 ⁸¹
1822 5565 1985 5622 Eccli.
2011 5586 2102 5636 vtt,
2135 5570 2222 5629 40.

2198 4687 2366 4732 tntum
2401 4675 2786 4747 Splcttdoribus
2818 4675 3234 4726 adornaverant.
3271 4655 3717 4736 Refulgebatuam-

2194 4785 2300 4838 que
2347 4769 2400 4823 itt
2446 4770 2525 4823 eis
2577 4767 2788 4838 insigne
2825 4766 3029 4836 regium
3065 4779 3330 4834 purpura,
3368 4766 3582 4830 propter
3617 4750 3718 4820 quod

2195 4861 2477 4916 dicebatur
2507 4861 2572 4915 ad
2618 4861 2890 4915 Abraham
2925 4873 2954 4911 a
3005 4857 3129 4910 ﬁliis
3163 4854 3301 4909 llelh
3327 4854 3372 4884 ⁸⁵
3403 4869 3416 4904 :
3446 4851 3490 4902 A
3529 4848 3623 4901 Deo
3656 4854 3719 4892 ηδ

2192 4955 2249 5006 in
2290 4954 2435 5007 nobis
2496 4963 2552 5006 tu
2590 4969 2664 5006 es.
2715 4951 3044 5021 Splendebat
3091 4959 3144 5001 et
3188 4960 3392 5001 coccus
3430 4961 3444 4998 :
3487 4947 3720 5011 propterea

2192 5046 2336 5100 enim
2388 5046 2453 5098 ad
2495 5045 2849 5114 jugulandntn
2895 5041 3047 5094 duxit
3098 5040 3208 5092 Deo
3250 5037 3504 5097 unicum,
3537 5040 3586 5083 et
3629 5037 3721 5093 pro-

2192 5150 2376 5207 pterea
2408 5139 2651 5192 dextram
2687 5136 2828 5190 illius
2873 5133 3099 5205 angelus
3136 5130 3404 5185 tenuit“.
3444 5121 3725 5196 Splendebat

2192 5230 2539 5301 hyacinthus,
2565 5245 2685 5283 cum
2713 5230 2912 5282 coelum
2943 5240 3156 5296 semper
3188 5223 3418 5278 intuens
3445 5217 3560 5272 cmli
3587 5208 3725 5264 Domi-

2191 5337 2319 5376 nutn
2363 5322 2714 5391 sequebatur.
2769 5317 2873 5371 Sed
2917 5327 2971 5370 et
3010 5315 3062 5369 in
3085 5311 3299 5368 caeteris
3321 5309 3578 5365 similiter
3602 5310 3728 5355 orna-

2193 5409 2377 5463 batur.
2412 5409 2522 5478 Ego
2554 5408 2633 5462 sic
2671 5406 2912 5476 intelligo
2941 5413 2997 5458 et
3035 5403 3180 5457 diem
3207 5400 3410 5454 festum
3447 5397 3726 5451 tabernaru-

2184 5501 2268 5555 ⁸⁷1
2307 5503 2450 5556 l'etr.
2495 5517 2546 5564 v,
2579 5500 2632 5555 8.
2711 5498 2756 5530 ³⁸
2782 5497 2983 5551 Habac.
3032 5510 3109 5557 ιιι,
3141 5493 3195 5548 3.
3243 5491 3323 5564 7”
3353 5490 3543 5564 ll‘lipr.
3585 5478 3635 5541 it.
3661 5482 3726 5538 l5.

2302 5574 2346 5604 ”
2370 5574 2502 5626 Luc.
2534 5559 2676 5635 'xvtt,
2705 5568 2794 5622 21.
2873 5568 2918 5598 “
2939 5565 3106 5621 Hebr.
3129 5580 3202 5627 XI,
3230 5563 3284 5618 9.
3374 5562 3424 5592 “
3449 5559 3583 5614 Gen.
3608 5567 3727 5617 um,

2262 5730 2374 5802 (57)
2426 5726 2915 5802 lllanifestationcpt
2951 5735 3010 5802 et
3052 5723 3343 5778 veritatem
3393 5708 3730 5802 δήλμυξξνιξξ

2188 5787 2696 5872 ἀλῆοεὶανωνοςειμι
2755 5797 2898 5852 LXX
2947 5798 3297 5866 Interpretes,
3352 5787 3504 5863 quod
3559 5787 3728 5841 llebmt

2193 5873 2232 5926 U
2245 5867 2341 5925 rint
2375 5883 2419 5924 et
2455 5867 2740 5922 'I'ttmmim.
