3876 6498
146 339 237 396 369

1314 338 1377 394 IN
1418 333 1707 394 EXODUM
1743 330 2025 388 HOMILIA
2059 333 2126 389 Χ.

3265 341 3369 396 570

147 462 302 515 lorum
328 457 420 528 qui
456 458 743 514 mandatur
778 463 829 515 in
858 460 994 531 tege,
1032 469 1088 513 ut
1116 467 1272 515 exeat
1299 461 1525 530 populus
1550 470 1695 513 certa
1729 460 1772 515 Λ
1805 455 2005 524 scripta
2060 452 2371 509 referuntur
2406 472 2418 510 :
2451 473 2471 507 ι
2499 454 2650 523 Quod
2706 455 2748 510 si
2805 457 3037 523 steterit,
3091 458 3265 530 inquit
3298 464 3370 525 ",

147 552 223 607 die
257 550 404 614 anni,
434 558 489 605 et
535 552 587 604 in
627 552 989 606 tabernaculis
1019 552 1246 615 habitet,
1284 552 1490 606 habens
1520 566 1698 604 ramos

145 639 457 713 palmarum,
497 650 550 695 et
591 640 815 695 frondes
841 642 1027 697 salicis
1073 659 1135 696 ac
1180 642 1383 711 populi,
1420 652 1473 695 et
1517 658 1697 695 ramos

146 730 340 787 arboris
364 730 633 786 frondosa:
651 732 715 784 ⁸⁷.
738 732 915 786 Palma
937 735 1171 788 victoriae
1203 735 1415 804 signum
1445 745 1526 787 est
1552 731 1695 787 illius

144 823 275 887 belli,
302 824 444 892 quod
498 825 635 877 inter
668 839 725 879 se
756 840 883 879 caro
924 837 978 880 et
1013 826 1236 894 spiritus
1280 832 1472 896 gerunt
1522 827 1697 878 Arbor

143 922 309 968 autem
342 914 589 981 populus,
622 926 675 969 et
716 916 875 981 salix,
911 926 1018 970 tam
1050 918 1248 971 virtute
1281 932 1439 985 quam
1476 917 1694 970 nomine

144 1003 359 1071 virgulta
408 1014 535 1058 sunt
565 1007 854 1062 castitatis.
895 1007 1024 1073 Quae
1064 1009 1107 1062 si
1144 1008 1354 1077 integre
1381 1023 1691 1075 conserves,

142 1098 329 1151 habere
376 1107 529 1165 potes
562 1106 617 1151 et
665 1113 969 1153 nemorosae
1019 1115 1083 1155 ac
1132 1099 1436 1154 frondentis
1483 1101 1696 1155 arboris

143 1201 332 1252 ramos,
361 1201 480 1254 qua:
520 1196 605 1242 est
640 1199 837 1243 :eterna
882 1199 935 1244 et
968 1191 1122 1244 beata
1168 1191 1301 1255 vita,
1345 1206 1466 1244 cum
1506 1200 1557 1246 te
1589 1192 1693 1247 Do-

138 1279 304 1332 minus
332 1279 385 1332 in
414 1280 529 1333 loco
562 1281 718 1335 viridi
764 1281 1112 1336 collocaverit
1158 1299 1323 1352 super
1368 1300 1561 1353 aquam
1604 1300 1691 1340 re-

139 1370 401 1438 fectionis,
437 1386 534 1441 per
563 1372 834 1427 Christum
863 1371 1046 1427 Jesum
1102 1374 1387 1428 Dominum
1426 1386 1688 1438 nostrum,

136 1462 211 1514 cui
253 1472 335 1516 est
371 1463 540 1533 gloria
586 1471 640 1519 et
688 1464 975 1534 imperium
1018 1464 1072 1520 in
1121 1465 1318 1521 saecula
1345 1466 1687 1525 saeculorum.

134 1553 316 1607 Arnen.

702 1645 985 1703 HOMILIA
1024 1647 1093 1702 X.

130 1735 199 1789 De
224 1736 441 1793 muliere
465 1750 786 1809 pra’gnante,
813 1758 933 1809 quin
960 1743 1162 1796 duobus
1196 1742 1321 1797 uiris
1350 1742 1684 1813 litigantibus

743 1812 1069 1867 abortiverit.

193 1920 238 1973 l.
279 1938 300 1971 ι
326 1920 477 1992 Quod
511 1923 555 1977 si
609 1922 899 1993 litigabunt
926 1926 1029 1981 duo
1068 1926 1193 1993 viri,
1225 1936 1278 1981 et
1318 1929 1688 1997 percusserint

126 2012 397 2067 mulierem
435 2023 823 2083 prmgrrantem,
865 2026 919 2072 et
949 2019 1145 2072 exierit
1175 2018 1353 2074 infans
1397 2019 1512 2087 ejus
1549 2036 1687 2074 non-

123 2106 236 2158 dum
271 2105 560 2171 formatus,
600 2109 988 2164 detrimentum
1025 2112 1259 2180 patietur
1286 2123 1551 2180 quantum
1598 2114 1685 2167 in-

123 2196 313 2251 dixerit
354 2198 438 2251 vir
484 2199 749 2265 mulieris,
787 2209 842 2256 et
869 2202 1017 2257 dabit
1049 2218 1171 2257 cum
1204 2204 1429 2259 honore.
1464 2204 1614 2271 Quod
1639 2207 1683 2259 si

122 2285 378 2341 formatus
407 2283 589 2355 fuerit,
635 2290 788 2345 dabit
830 2293 1067 2348 animam
1100 2309 1198 2364 pro
1236 2296 1439 2362 anima,
1468 2296 1681 2351 oculum

119 2389 208 2442 pro
243 2376 425 2445 oculo,
469 2379 681 2435 dentem
735 2398 833 2451 pro
882 2385 1065 2450 dente,
1104 2402 1320 2441 manum
1368 2402 1467 2458 pro
1499 2404 1681 2452 manu,

119 2466 297 2533 pedem
348 2484 445 2539 pro
491 2471 647 2539 pede.
692 2473 1098 2530 combusturam
1149 2493 1246 2546 pro
1295 2481 1679 2546 combustum,

119 2555 300 2612 vulnus
336 2574 434 2628 pro
465 2562 704 2629 vulnere,
751 2564 977 2620 livorem
1011 2580 1110 2635 pro
1152 2568 1403 2623 livore“.
1434 2589 1451 2621 ι
1499 2569 1681 2624 Primo

116 2649 351 2704 omnium
407 2651 461 2706 in
514 2653 599 2709 his
639 2657 1023 2725 requirendum
1060 2674 1179 2715 esse
1224 2672 1371 2729 puto,
1419 2663 1519 2717 sub
1572 2678 1681 2732 quo

115 2739 237 2808 legis
267 2741 432 2798 titulo
460 2744 763 2811 huiusmodi
800 2758 1003 2804 statuta
1036 2762 1348 2807 censentur.
1384 2753 1542 2824 196
1566 2753 1679 2808 Non

114 2834 267 2899 enim,
315 2844 374 2888 ut
419 2834 846 2906 simplicioribus
897 2842 1130 2909 videtur,
1175 2855 1370 2899 cuncta
1408 2862 1529 2915 qua:
1569 2858 1682 2901 sta-

118 2930 331 2979 tuuntur
356 2924 448 2980 lex
480 2928 695 2993 dicitur,
732 2932 827 2984 sed
876 2932 1123 3000 quaedam
1150 2935 1369 3003 quidem
1402 2937 1508 3003 lex,
1534 2954 1681 3007 qna:-

115 3012 225 3065 dam
254 3015 598 3082 testimonia,
628 3019 752 3092 alia.
773 3023 1027 3077 mandata
1058 3034 1114 3079 et
1150 3024 1395 3093 justitiaa,
1428 3028 1678 3096 quasdam

109 3098 297 3166 judicia
325 3108 696 3214 appellantur.
727 3112 880 3177 Quod
906 3114 1209 3169 evidentius
1238 3117 1289 3171 in
1326 3134 1489 3173 unum
1516 3119 1679 3175 colle-
1705 3150 1752 3214 ο

110 3202 270 3259 ctum,
288 3205 517 3254 octavus
538 3198 785 3257 decimus
800 3203 993 3259 edocet
1013 3204 1270 3275 psalmus,
1297 3222 1418 3263 cum
1446 3208 1670 3264 dicit“:

113 3300 130 3333 ι
160 3283 266 3339 Lex
292 3285 513 3342 Domini
537 3290 1050 3361 irreprebensibilis,
1078 3306 1405 3353 convertens
1426 3299 1670 3355 animas:

107 3379 478 3436 testimonium
532 3382 747 3439 Domini
801 3388 979 3453 fidele,
1036 3390 1354 3459 sapientiam
1407 3403 1675 3462 prmstans

105 3470 361 3534 parvulis.
400 3470 633 3529 Justitia:
684 3477 896 3532 Domini
930 3489 1090 3534 rectas
1118 3481 1461 3537 lzetificantes
1487 3485 1670 3547 corda,

102 3572 432 3632 praeceptum
465 3565 676 3621 Domini
720 3568 956 3625 Incidunt
997 3572 1307 3629 illuminans
1340 3576 1547 3630 oculos.
1580 3576 1673 3631 Ti-

104 3666 215 3705 utor
238 3652 459 3709 Domini
490 3666 711 3713 sanctus
741 3676 1064 3729 permanens
1094 3665 1146 3717 in
1184 3665 1442 3719 saeculum
1467 3666 1673 3733 saeculi,

96 3744 291 3811 judicia
329 3748 545 3804 Domini
572 3765 720 3820 vera,
750 3753 1047 3823 justiticata
1074 3759 1127 3812 in
1153 3761 1464 3830 semetipsa.
1491 3779 1509 3813 ι
1540 3762 1672 3817 Cum

102 3850 226 3906 ergo
260 3840 386 3896 ista:
432 3841 772 3901 diversitates
820 3862 1006 3903 eorum
1060 3865 1176 3919 qure
1215 3852 1265 3904 in
1299 3852 1416 3921 lege
1467 3862 1673 3909 statuta

100 3938 240 3997 sunt,
277 3931 612 4001 habeantur,
661 3954 805 3995 nunc
841 3954 1021 3996 sermo
1064 3943 1155 4010 qui
1204 3944 1433 3998 habetur
1472 3945 1525 3998 in
1562 3962 1673 3999 nta-

100 4020 278 4087 tribus,
327 4026 439 4080 sub
494 4028 649 4082 titulo
702 4029 1038 4097 justitiarum
1092 4034 1176 4087 vel
1221 4034 1669 4103 justiticationum

98 4112 334 4181 scriptus
386 4126 493 4171 est.
546 4119 636 4173 Sic
683 4121 827 4174 enim
865 4122 995 4176 dicit
1042 4125 1350 4192 superius"
1378 4144 1392 4181 :
1422 4144 1442 4177 ι
1476 4126 1542 4180 Ει
1591 4128 1675 4180 hat

92 4201 336 4273 iustitiae,
368 4224 508 4278 quas
532 4225 798 4281 propones
824 4213 999 4282 palam
1040 4215 1139 4269 eis.
1168 4235 1186 4265 ι
1225 4216 1338 4269 Non
1373 4227 1459 4271 est
1489 4229 1668 4274 autem

96 4300 378 4362 pra-sentis
410 4304 668 4370 tetttporis
704 4304 1124 4374 uniuscujusque
1172 4308 1361 4363 horum
1398 4326 1673 4380 exponere

94 4388 459 4455 differentias,
500 4395 771 4463 exigitnur
802 4398 945 4450 enim
998 4400 1064 4451 ad
1095 4401 1536 4469 explanationem
1573 4406 1672 4459 lto-

1804 547 1954 601 testis
1994 547 2231 612 iniquus,
2268 547 2629 602 testimonium
2665 548 2844 606 ferens
2877 551 3167 609 adversum
3194 552 3368 617 homi-

1801 655 1921 692 nem
1974 640 2041 694 de
2092 640 2410 709 impietate,
2467 650 2771 695 statuentur
2826 645 3040 714 utrique
3092 646 3363 710 homines,

1798 730 1991 797 quibus
2038 739 2123 783 est
2170 730 2569 794 controversia,
2623 742 2746 784 ante
2782 731 3089 800 Dominum,
3134 744 3190 789 et
3241 746 3367 790 ante

1798 820 2130 884 sacerdotes,
2176 829 2231 874 et
2263 832 2392 875 ante
2437 820 2669 889 judices,
2701 824 3010 895 quicunque
3056 826 3127 881 illi
3164 827 3364 883 fuerint

1798 910 1852 963 in
1880 910 2070 965 diebus
2122 911 2249 975 illis,
2286 920 2341 966 et
2392 912 2681 967 discutient
2718 914 2926 981 iudices
2963 918 3278 987 diligenter,
3308 930 3365 974 et

1796 1002 2211 1056 examinabunt.
2244 1002 2309 1057 Et
2346 1005 2390 1059 si
2438 1006 2746 1062 invenerint
2777 1009 2903 1076 quia
2947 1009 3098 1063 testis
3148 1010 3365 1080 iniquus

1798 1101 2028 1146 testatus
2057 1102 2140 1147 est
2174 1092 2390 1161 injuste,
2432 1105 2487 1149 et
2526 1097 2766 1150 surrexit
2814 1098 3101 1152 adversum
3136 1098 3357 1153 fratrem

1795 1198 1975 1249 suum,
2014 1182 2228 1240 facietis
2272 1186 2321 1240 ei
2364 1188 2819 1255 quemadmodum
2865 1188 2977 1257 ipse
3020 1202 3245 1245 conatus
3278 1202 3358 1245 est

1795 1273 1976 1330 facere
2015 1274 2167 1331 fratri
2197 1291 2317 1341 suo,
2362 1277 2702 1334 etvaul‘eretis
2750 1280 3043 1351 malignum
3086 1284 3150 1338 de
3186 1286 3359 1338 medio

1794 1377 2057 1432 vestrum,
2108 1376 2161 1423 ut
2219 1370 2399 1424 caeteri
2452 1371 2736 1425 audientes
2789 1382 2987 1427 metum
3024 1374 3279 1440 habeant,
3306 1388 3363 1428 et

1794 1473 1900 1513 non
1934 1459 2193 1529 adjiciunt
2246 1461 2383 1514 ultra
2437 1458 2619 1516 facere
2670 1465 2966 1517 secundum
2996 1465 3218 1520 verbum
3259 1466 3358 1519 hoc

1793 1551 1990 1602 malum
2041 1550 2180 1604 inter
2224 1565 2339 1605 vos.
2392 1550 2508 1608 Non
2563 1565 2752 1621 parcet
2788 1554 2975 1610 oculus
3025 1564 3150 1610 tuus
3197 1571 3358 1625 super

1790 1655 1936 1705 eum,
1966 1642 2200 1695 animam
2224 1657 2320 1712 pro
2343 1643 2550 1707 anima,
2576 1645 2787 1698 dentem
2814 1660 2911 1713 pro
2934 1647 3111 1710 dente,
3142 1662 3359 1701 manum

1791 1747 1893 1801 pro
1924 1749 2106 1800 manu,
2142 1736 2331 1803 pedem
2374 1751 2471 1806 pro
2525 1736 2681 1804 pede.
2709 1755 2729 1789 ι
2766 1736 3025 1791 Videntur
3054 1737 3270 1807 quidem
3307 1739 3355 1791 in

1722 1821 1761 1875 Β
1793 1834 2024 1894 utroque
2081 1825 2201 1880 loco
2256 1828 2455 1881 similia
2511 1828 2640 1893 dici,
2694 1844 2797 1882 non
2852 1840 3029 1883 tamen
3078 1830 3358 1884 evidenter

1790 1919 2095 1973 ostenditur
2133 1934 2197 1973 ex
2247 1936 2354 1988 quo
2408 1920 2748 1990 potissimum
2799 1920 2916 1976 loco
2958 1937 3138 1977 sermo
3170 1923 3262 1992 qui
3303 1924 3354 1976 in

1788 2010 2081 2080 Evangelia
2106 2013 2315 2081 positus
2345 2023 2451 2078 est,
2478 2016 2726 2069 videatur
2754 2025 3084 2086 assumptus,
3118 2030 3241 2070 cum
3273 2015 3356 2071 di-

1788 2103 1924 2156 cit”
1955 2121 1967 2159 :
2000 2122 2019 2154 ι
2049 2104 2183 2171 Quia
2210 2108 2441 2161 audistis
2464 2108 2612 2177 quod
2646 2108 2845 2164 dictum
2870 2118 2950 2163 est
2978 2127 2988 2161 :
3016 2106 3240 2163 Oculum
3261 2124 3357 2180 pro

1788 2194 1964 2257 oculo,
1997 2196 2210 2251 dentem
2247 2214 2341 2267 pro
2369 2200 2546 2256 dente.
2573 2219 2591 2252 ι

1856 2287 1908 2339 2.
1940 2286 2324 2343 Verumtamen
2352 2307 2492 2345 mute
2523 2290 2590 2345 ad
2638 2306 2701 2346 ea
2734 2307 2853 2362 qum
2886 2293 3042 2348 nobis
3076 2296 3125 2347 in
3170 2293 3355 2347 Exodo

1787 2381 1987 2446 scripta
2018 2388 2163 2443 sunt,
2198 2396 2378 2435 sermo
2411 2383 2699 2437 vertendus
2724 2394 2827 2451 est,
2862 2386 2950 2439 ubi
2981 2386 3085 2439 duo
3112 2385 3211 2438 viri
3239 2384 3353 2447 liti-

1787 2479 1936 2538 gant,
1983 2479 2038 2524 et
2089 2471 2397 2539 percutiunt
2428 2473 2708 2528 mulierem
2748 2484 3137 2545 praegnantem,
3179 2484 3232 2531 et
3279 2475 3351 2528 ite
3425 2466 3429 2470 ’

1787 2562 2113 2629 percutiunt,
2146 2572 2203 2615 ut
2232 2572 2390 2616 exeat
2415 2562 2591 2619 infans
2615 2580 2679 2620 ex
2706 2580 2792 2630 ea,
2820 2566 2901 2620 vel
2934 2566 3196 2620 formatus
3222 2567 3351 2637 jam,

1787 2650 1869 2707 vel
1914 2654 2150 2708 nondum
2186 2653 2471 2711 formatus.
2519 2656 2761 2711 Primum
2811 2658 3027 2727 quidem
3070 2659 3354 2712 videamus

1784 2743 1849 2796 de
1872 2759 1938 2797 eo
1968 2745 2059 2813 qni
2107 2747 2345 2800 nondum
2399 2748 2659 2803 formatus
2706 2749 2923 2814 exierit,
2964 2750 3232 2819 quomodo
3268 2749 3355 2816 ju-

1782 2833 1937 2888 betur
1971 2836 2169 2890 damno
2206 2839 2446 2906 pecuniae
2486 2840 2697 2907 percuti
2745 2857 2885 2895 unus
2918 2856 2981 2895 ex
3016 2842 3099 2897 his
3129 2842 3219 2910 qui
3246 2842 3355 2895 liti-

1782 2937 1929 2997 gant,
1979 2943 2102 2983 cum
2152 2945 2183 2985 a
2232 2930 2518 3007 Scriptura
2564 2931 2721 3001 culpa
2757 2932 2885 2997 litis,
2919 2948 3025 2988 non
3062 2934 3131 2989 ad
3164 2949 3350 2998 unum,

1781 3023 1874 3075 sed
1926 3021 1995 3077 ad
2047 3031 2335 3094 utrumque
2383 3023 2695 3080 referatur?
2730 3026 2868 3093 Quid
2900 3028 3062 3083 etiam
3096 3028 3240 3095 quod
3269 3029 3350 3083 vir

1784 3114 2030 3170 mulieris
2058 3116 2269 3181 indicit,
2307 3118 2391 3172 vel
2422 3118 2653 3182 imponit
2686 3118 2756 3182 ei,
2794 3129 2848 3173 et
2886 3135 2992 3172 non
3025 3119 3139 3174 eis?
3169 3128 3221 3174 et
3254 3121 3354 3173 da-

1782 3205 1882 3271 bit,
1915 3214 1969 3262 et
1998 3222 2103 3262 non
2130 3208 2307 3277 potius
2342 3210 2549 3264 dabunt
2578 3224 2698 3264 cum
2732 3211 2972 3265 honore?
3004 3211 3073 3266 Et
3103 3212 3225 3279 quis
3253 3212 3352 3265 i‘ste

1782 3307 1868 3353 est
1914 3298 2121 3353 honor?
2170 3300 2322 3367 Quod
2376 3301 2419 3357 si
2455 3302 2629 3357 infans
2672 3303 2784 3373 jam
2837 3304 3099 3358 formatus
3132 3303 3349 3369 exierit,

1783 3405 2041 3459 percussa
2086 3407 2115 3445 a
2172 3392 2508 3462 litigantibus
2549 3393 2680 3447 viris
2733 3404 3047 3467 praegnante
3103 3394 3347 3459 muliere,

1783 3482 2018 3535 animam
2048 3483 2160 3537 dari
2193 3499 2290 3553 pro
2314 3485 2491 3538 anima
2536 3485 2693 3541 facile
2726 3487 3097 3555 intelligimus,
3134 3487 3235 3541 hoc
3267 3495 3351 3540 est

1784 3578 1842 3624 ut
1890 3582 2064 3626 morte
2125 3573 2429 3628 vindicetur
2480 3576 2801 3629 admissum.
2858 3576 2989 3641 Qua:
3046 3587 3352 3645 sequuntur

1782 3672 1985 3729 autem,
2020 3678 2193 3733 operte
2219 3664 2448 3734 pretium
2478 3674 2559 3720 est
2587 3667 2869 3735 explicare
2905 3685 2917 3721 :
2956 3686 2973 3718 ι
2996 3667 3219 3721 Oculum
3253 3682 3353 3735 pro

1783 3753 1962 3820 oculo,
2006 3754 2220 3809 dentem
2275 3771 2372 3825 pro
2422 3756 2648 3810 dente.t
2710 3754 2894 3824 Neque
2950 3757 3093 3811 enim
3134 3756 3353 3809 videtur

1782 3858 1898 3899 esse
1951 3842 2227 3913 possibile,
2286 3857 2345 3899 ut
2400 3846 2576 3900 infans
2626 3862 2785 3917 quem
2845 3863 3100 3917 percussa
3156 3848 3353 3902 mulier

1783 3938 2083 4004 abortierit,
2120 3939 2372 4007 quamvis
2422 3940 2685 3993 formatus
2733 3939 2949 4006 exierit,
2986 3938 3351 4009 intelligamus

1781 4032 1923 4100 quod
1944 4030 2042 4083 viri
2071 4029 2331 4099 litigantis
2354 4031 2505 4085 calce
2532 4046 2824 4101 percussus
2846 4029 3060 4084 oculum
3087 4028 3138 4083 in
3165 4038 3352 4082 ventre

1782 4123 2095 4191 perdiderit,
2129 4138 2228 4191 pro
2270 4136 2379 4191 quo
2425 4137 2713 4189 percussor
2736 4120 2851 4193 (58)
2892 4120 3072 4176 orbari
3110 4120 3270 4176 oculo
3321 4136 3350 4174 a

1777 4211 2049 4280 iudicibus
2087 4215 2301 4270 debeat.
2351 4213 2454 4267 Sed
2512 4227 2670 4282 pone,
2727 4213 2799 4267 sit
2828 4223 2882 4266 et
2930 4214 3055 4274 hoc.
3087 4213 3210 4281 quia
3242 4213 3351 4281 jam

1782 4306 2045 4359 formatus
2083 4304 2339 4370 refertur,
2376 4306 2506 4373 quid
2534 4312 2585 4358 et
2610 4305 2675 4358 de
2708 4305 2867 4358 dente
2894 4305 3172 4358 dicemus?
3198 4303 3351 4357 Nun-

1782 4397 1911 4467 quid
1948 4398 1998 4451 in
2030 4407 2218 4453 ventre
2264 4399 2458 4452 matris
2490 4397 2681 4452 dentes
2727 4398 2937 4463 habuit,
2985 4414 3121 4466 quos
3154 4413 3350 4466 pereu-

95 4494 207 4531 runt
237 4497 366 4551 quae
396 4484 535 4539 lecta
564 4497 707 4541 sunt.
743 4488 1039 4544 Sciendum
1074 4506 1203 4548 sane
1230 4503 1306 4547 est
1345 4496 1491 4562 quod
1542 4508 1747 4564 parsD
1787 4492 1969 4547 tientis
2000 4493 2135 4547 ictus
2161 4492 2477 4547 excuteret?
2520 4491 2577 4545 Si
2628 4505 2753 4545 vero
2808 4493 2909 4546 hoc
2942 4492 3249 4545 referamus
3283 4492 3350 4543 ad

90 4574 267 4640 aliqua
305 4592 378 4631 ex
430 4576 514 4631 bis
558 4578 625 4632 de
662 4580 855 4648 quibus
884 4582 1255 4637 disserendum
1292 4586 1448 4641 nobis
1477 4597 1581 4654 est,
1614 4588 1669 4641 in

94 4665 392 4735 Evangelio
423 4675 722 4723 secundum
761 4671 1071 4727 Matthteunt
1115 4676 1285 4743 posita
1326 4685 1427 4741 est,
1459 4678 1673 4734 dicente

94 4757 324 4814 Domino
358 4761 487 4828 .hoc
542 4762 1115 4818 ntodn“:tAudistis
1166 4766 1290 4833 quia
1341 4768 1545 4821 dictum
1588 4777 1673 4824 est

92 4850 632 4919 antiquis:0culum
685 4871 782 4924 pro
832 4856 1010 4921 oculo,
1065 4858 1280 4911 dentem
1338 4874 1435 4927 pro
1485 4861 1667 4917 dente.

89 4939 199 5009 Ego
231 4952 431 4997 autem
461 4944 584 4999 dico
612 4946 782 5013 vobis,
817 4962 922 5002 non
977 4950 1235 5003 resistere
1267 4951 1429 5004 malo.
1476 4951 1581 5008 Sed
1626 4956 1672 5008 si

88 5032 209 5098 quis
245 5044 300 5087 te
332 5038 670 5103 percusserit
719 5037 771 5092 in
805 5039 1050 5093 dextram
1083 5041 1380 5108 maxillam,
1416 5056 1677 5102 converte

86 5123 132 5177 cf
162 5135 220 5179 et
249 5127 517 5181 alteram.
538 5147 556 5180 t
591 5128 697 5184 Sed
745 5132 996 5186 fortassis
1025 5134 1115 5201 qui
1150 5133 1465 5203 Seripturas
1494 5148 1675 5195 atten-

90 5216 192 5270 tius
218 5217 385 5288 legit,
414 5221 560 5275 dicat
587 5236 649 5276 ea
681 5238 801 5291 qua:
825 5224 892 5277 de
919 5224 1213 5296 Evangelio
1243 5229 1446 5299 scripta
1474 5246 1680 5287 memo-

88 5312 364 5374 ravimus,
394 5326 501 5366 non
529 5314 594 5369 de
625 5314 729 5370 hoc
758 5315 930 5369 Exodi
963 5326 1177 5388 sumpta
1214 5318 1353 5388 loco,
1380 5322 1473 5377 sed
1506 5327 1680 5395 magis

88 5399 528 5469 Deuteronomii,
564 5405 655 5461 ubi
706 5407 1057 5464 nihilominus
1103 5411 1205 5467 hoc
1235 5414 1391 5467 modo
1429 5420 1676 5485 quaedam

154 5560 200 5633 ξ’
225 5559 397 5614 Dent.
429 5576 539 5616 xvi.
580 5563 657 5633 7“
681 5563 850 5618 Exod.
914 5582 1001 5621 xxr
1060 5568 1160 5630 25,
1222 5569 1322 5633 '21,
1366 5572 1457 5626 25.

86 5627 128 5659 ι’
158 5631 323 5698 Deut.
358 5646 481 5696 ιιι,
535 5632 617 5699 t6,
660 5634 746 5700 ιτ,
791 5635 875 5701 18,
912 5636 997 5702 ιδ,
1026 5637 1116 5703 eo,
1144 5627 1234 5695 et.

1312 5576 1578 5677 ἱδὲιίξληιξθ
1602 5577 1872 5677 DsExovm,
1898 5584 1948 5652 8,
1970 5585 2023 5651 9,
2057 5583 2141 5641 lO.

1385 5642 1573 5701 Matth.
1594 5665 1660 5715 Av,
1689 5652 1777 5707 58.

1782 4599 1901 4639 eam
1930 4601 2049 4655 qua:
2083 4587 2385 4653 abortierit,
2412 4586 2681 4655 quomodo
2720 4599 2908 4638 rursus
2951 4585 3259 4649 conveniet,
3294 4596 3353 4637 ut

1781 4680 2058 4733 abortiens
2089 4680 2279 4734 mulier
2301 4680 2515 4735 oculum
2549 4679 2761 4748 perdat,
2787 4687 2879 4732 aut
2912 4678 3102 4732 dentes
3131 4678 3352 4733 doleat?

1783 4770 1885 4824 Sed
1920 4785 2057 4839 pone
2106 4772 2231 4840 quia
2268 4786 2525 4839 percussa
2575 4774 2790 4827 dicatur
2841 4773 2892 4826 in
2926 4771 3108 4837 oculo,
3157 4782 3251 4823 aut
3294 4772 3347 4824 in

1782 4863 1964 4927 dente,
1992 4875 2045 4917 et
2077 4863 2201 4919 inde
2226 4878 2393 4918 causa
2429 4866 2654 4918 aliorsus
2686 4877 2872 4920 exorta
2909 4864 3003 4929 sit,
3038 4879 3175 4934 pone
3210 4864 3349 4917 livo-

1785 4971 1917 5019 rem,
1955 4970 2092 5026 pone
2141 4958 2334 5012 vulnus
2388 4960 2680 5027 acceperit,
2713 4958 2844 5028 quid
2898 4959 3061 5012 etiam
3110 4959 3352 5012 dicemus

1786 5050 2187 5104 combusturam
2226 5065 2322 5120 pro
2370 5051 2760 5104 combustura?
2793 5050 3046 5120 Nunquid
3094 5049 3352 5119 litiganti-

1785 5140 1884 5196 bus
1916 5141 2044 5196 viris
2073 5141 2335 5197 assistens
2369 5142 2564 5196 mulier
2594 5143 2838 5197 comburi
2871 5143 3064 5211 potuit,
3104 5152 3160 5195 ut
3205 5156 3354 5196 com-

1786 5232 2006 5287 bustura
2037 5247 2134 5301 pro
2176 5232 2527 5288 eombustura
2559 5234 2836 5288 solvatur?
2870 5235 2999 5301 Quae
3034 5243 3213 5288 tamen
3240 5234 3354 5288 sin-

1785 5327 1907 5394 gula
1939 5325 2194 5381 videntur
2241 5328 2371 5382 mihi
2424 5341 2523 5381 nec
2572 5327 2625 5380 in
2678 5327 3080 5383 Uenteronomii
3135 5326 3353 5383 outieut

1782 5419 1935 5485 locis,
1976 5418 2066 5491 ubi
2093 5420 2344 5476 similiter
2376 5422 2580 5492 scripta
2626 5422 2955 5489 referuntur,
2998 5418 3213 5478 faciem
3258 5416 3352 5477 lxi-

2222 5586 2265 5617 ⁸ο
2295 5583 2463 5641 Exod.
2490 5601 2601 5653 xxi,
2635 5586 2681 5639 l.
2764 5585 2805 5615 “
2837 5582 3023 5638 Matth.
3056 5597 3103 5638 τ.
3152 5581 3227 5643 δὲ,
3269 5580 3353 5638 ii.

153 5749 275 5818 (58)
306 5748 369 5804 ln
399 5750 563 5807 editis
588 5751 735 5809 deest
758 5769 858 5807 vox
889 5769 1183 5823 parettssor,
1214 5773 1331 5827 quae
1382 5765 1647 5832 reperitur
1680 5767 1733 5824 in
1766 5786 1893 5825 mss.
