3876 6548
458 366 561 425 871

1907 367 2227 429 ORIGENIS

3609 366 3704 424 δη

461 487 593 545 bore
612 485 814 543 exitum
838 482 1301 555 posse.Ponamus
1321 484 1467 540 enim
1489 492 1544 539 et
1564 484 1637 541 ibi
1654 488 2028 544 exsurrexisse
2057 494 2102 550 Α
2131 487 2346 551 deatur,
2397 482 2543 552 quod
2592 482 2741 539 viros
2779 495 2976 554 parere
3031 482 3297 551 diximus,
3349 482 3465 549 jam
3513 484 3703 540 dudum

459 584 655 633 testem
679 576 945 645 iniquum,
984 575 1351 647 testimonium
1388 574 1582 631 falsum
1629 578 1897 632 dicentem
1929 581 2029 635 ad-

460 681 677 722 versum
709 664 976 720 hominem
1008 666 1073 720 de
1099 665 1397 736 impietate.
1431 667 1773 722 Adhibeatur
1801 677 2029 737 uterque

453 757 679 827 judicio,
707 756 984 826 inquirant
1008 755 1223 826 judices
1251 756 1561 827 diligenter,
1612 757 2029 827 deprehendant

455 860 829 904 accusatorem
878 849 960 903 vel
1010 856 1200 903 testem
1248 848 1399 903 illum
1448 848 1581 904 falsa
1623 849 2030 920 dixissezquo-

456 941 619 995 modo
652 939 823 1008 judex
866 940 959 1009 qui
1003 953 1225 1009 parcere
1258 953 1364 994 non
1413 939 1573 995 debet
1606 940 1745 994 falso
1793 941 1943 1006 testi,
1973 949 2029 994 et

454 1032 692 1086 animam
734 1031 811 1085 rei
855 1047 954 1101 pro
1004 1030 1307 1085 innocentis
1352 1030 1529 1085 anima
1558 1031 1850 1099 damnare;
1895 1045 2030 1102 quo-

454 1124 641 1191 modo,
677 1124 931 1194 inquam,
984 1124 1183 1194 poterit
1231 1124 1396 1179 etiam
1448 1124 1667 1179 oculum
1717 1140 1819 1194 pro
1868 1126 2029 1180 oculo

453 1214 742 1270 eximere?
769 1216 937 1282 Quasi
969 1230 1101 1270 vero
1116 1214 1176 1270 ’is
1212 1216 1304 1285 qui
1342 1214 1538 1283 injuste
1560 1217 1940 1281 accusabatur,
1972 1218 2023 1270 in

459 1306 621 1377 oculo
651 1306 929 1362 laedendus
958 1306 1124 1363 fuerit
1145 1308 1215 1363 ab
1252 1317 1593 1375 accusatore,
1628 1318 1723 1364 aut
1759 1310 1810 1363 in
1843 1310 2026 1374 dente,

452 1399 539 1454 vel
568 1414 751 1466 manu,
777 1399 864 1456 vel
896 1400 1053 1470 pede.
1084 1400 1213 1456 Haec
1241 1408 1422 1456 autem
1464 1416 1492 1454 a
1522 1400 1677 1457 nobis
1704 1402 1844 1456 dicta
1876 1413 2024 1467 sunt,

451 1491 748 1546 ostendere
792 1491 1118 1558 volentibus,
1162 1492 1310 1563 quod
1365 1492 1418 1547 in
1465 1501 1697 1562 utroque
1742 1492 1859 1548 loco
1904 1508 2025 1563 quae

454 1582 657 1651 scripta
686 1591 835 1649 sunt,
863 1583 1089 1639 edisseri
1136 1601 1241 1640 non
1287 1584 1442 1640 facile
1469 1592 1693 1654 queant.
1725 1582 2025 1652 Oportebat

457 1674 602 1728 enim
643 1674 794 1745 prius
828 1678 1124 1731 secundum
1173 1676 1453 1732 historiam
1486 1675 1757 1730 discutere
1793 1688 1913 1744 quae
1938 1674 2023 1729 le-

452 1774 678 1834 guntur,
706 1775 766 1822 et
795 1766 894 1834 sic,
944 1768 1198 1837 quoniam
1231 1768 1316 1822 lex
1363 1766 1621 1838 spiritalis
1666 1773 1769 1832 est,
1802 1766 2024 1836 spirita-

453 1856 561 1911 lem
598 1858 651 1913 in
687 1859 774 1914 his
802 1858 1210 1930 intelligentiam
1241 1874 1505 1929 quaerere.

522 1951 575 2005 5.
609 1948 829 2016 Verum,
882 1960 1143 2021 quantum
1200 1953 1266 2005 ad
1313 1966 1553 2022 praesens
1586 1958 1823 2020 spectat,
1857 1950 2022 2004 etiam

434 2046 568 2117 ipsa
605 2043 760 2100 nobis
808 2044 1081 2114 allegoria;
1127 2059 1274 2113 pars,
1310 2059 1432 2115 qua:
1476 2059 1691 2114 semper
1725 2056 1913 2115 patere
1940 2044 2022 2099 la-

451 2138 557 2190 tins
595 2135 752 2199 solet,
778 2134 831 2189 in
863 2145 1152 2203 angustum
1186 2136 1420 2203 cogitur.
1446 2135 1673 2203 Tamen,
1705 2146 1866 2206 prout
1900 2151 2027 2206 pos-

445 2242 654 2292 sumus,
686 2226 814 2297 quid
848 2228 1006 2283 nobis
1032 2227 1086 2281 in
1120 2227 1223 2281 hoc
1273 2227 1393 2281 loco
1424 2227 1699 2291 videatur,
1730 2225 2026 2291 explanare

448 2317 798 2375 tentabimus.
856 2317 1196 2389 Frequenter
1246 2318 1507 2384 diximus,
1556 2318 1700 2389 quod
1762 2318 1815 2372 in
1871 2315 2027 2372 Scri-

444 2404 620 2471 pturis
658 2407 863 2461 eisdem
909 2406 1209 2474 vocabulis,
1240 2407 1553 2478 eisdemque
1593 2406 1808 2473 olIieiis,
1844 2422 2021 2463 mem-

439 2496 543 2551 bra
607 2496 806 2552 animae
872 2499 1261 2563 nominentur,
1340 2499 1538 2569 quibus
1610 2508 1875 2566 utuntur,
1936 2497 2025 2554 vel

446 2586 790 2657 appellantur
851 2592 1097 2659 corporis
1155 2590 1419 2657 membra,
1493 2591 1639 2647 verbi
1702 2607 1890 2658 causa,
1965 2601 2027 2648 ut

447 2679 606 2750 167
659 2696 782 2736 cum
837 2682 1039 2738 dicitur
1068 2683 1158 2737 ’δε
1195 2700 1213 2736 ι
1257 2681 1418 2740 Vides
1467 2684 1732 2739 festucam
1762 2687 1815 2739 in
1856 2685 2016 2739 oculo

443 2770 635 2826 fratris
670 2773 769 2839 tui,
799 2782 854 2828 et
898 2788 1027 2828 ecce
1055 2775 1107 2827 iu
1164 2776 1323 2830 oculo
1350 2782 1442 2829 tuo
1489 2775 1678 2829 trabes
1704 2773 1966 2845 subjacet.
1999 2794 2017 2827 ι

444 2859 671 2917 Certum
695 2872 778 2919 est
810 2865 953 2919 enim
979 2866 1121 2934 quod
1155 2882 1261 2921 non
1297 2867 1363 2921 de
1389 2865 1549 2920 oculo
1580 2867 1828 2937 corporis
1854 2866 2021 2934 dicat,

443 2952 499 3007 in
528 2968 639 3024 quo
671 2958 851 3012 trabes
872 2957 1078 3027 jaceat,
1110 2960 1205 3015 sed
1238 2959 1304 3013 de
1331 2958 1491 3014 oculo
1525 2959 1741 3016 animm.
1791 2958 1858 3013 Et
1894 2974 2018 3014 cum

438 3044 574 3101 dicit
606 3047 693 3101 ἐς
725 3066 743 3100 ι
777 3047 877 3115 Qui
903 3050 1064 3106 habet
1098 3065 1259 3106 aures
1277 3051 1550 3117 audiendi,
1573 3054 1833 3121 audiatp
1856 3062 1913 3107 et
1935 3052 2015 3107 “:

443 3128 670 3207 (Quam
711 3142 945 3211 speciosi
982 3144 1147 3211 pedes
1176 3144 1673 3215 evangelizantium
1716 3146 1938 3217 paccml
1992 3164 2011 3200 ι

439 3242 497 3288 et
522 3233 687 3289 multa
751 3235 837 3290 his
874 3235 1095 3291 similia.
1130 3234 1257 3293 Haec
1295 3246 1482 3293 autem
1522 3238 1728 3294 idcirco
1750 3239 2018 3310 praemisi-

443 3340 587 3389 mus.
626 3327 704 3382 uti
735 3342 802 3383 ne
832 3343 998 3399 super
1026 3331 1393 3386 membrorum
1426 3345 1526 3386 nos
1555 3331 1834 3387 vocabulis
1861 3331 2016 3387 simi-

441 3416 616 3474 litudo
668 3422 983 3478 conturbet.
1027 3422 1151 3478 Sint
1194 3438 1323 3495 ergo
1370 3427 1478 3481 duo
1524 3425 1626 3480 viri
1658 3425 1746 3481 isti
1787 3426 1879 3496 qui
1910 3423 2019 3480 liti-

441 3522 599 3580 gant,
655 3512 766 3569 duo
811 3514 1172 3585 disputantes,
1205 3516 1349 3573 etde
1391 3517 1741 3588 dogmatibus
1765 3516 1851 3573 vel
1879 3531 2021 3588 quae-

439 3602 713 3661 stionibus
758 3604 893 3675 legis
949 3622 1138 3664 secum
1195 3610 1429 3663 invicem
1482 3607 1896 3677 conquirentes,
1941 3617 2019 3677 et,

437 3703 502 3751 ut
536 3695 779 3767 Apostoli
834 3713 1087 3755 sermone
1131 3699 1398 3766 dicamus,
1430 3699 1673 3755 rixantes
1712 3699 1859 3755 circa
1892 3715 2018 3755 ver-

440 3787 638 3844 borum
666 3804 899 3861 puguas.
937 3789 1089 3847 Unde
1134 3801 1190 3846 et
1221 3792 1362 3848 idem
1404 3792 1698 3865 Apostolus
1728 3794 1908 3849 sciens
1936 3793 2022 3847 in-

439 3890 524 3936 ter
556 3882 756 3937 fratres
805 3883 1112 3951 huiusmodi
1156 3882 1280 3939 lites
1317 3898 1635 3956 exsurgere,
1666 3886 1936 3957 praecipit,
1967 3894 2023 3942 et

440 3973 646 4029 dicit"
680 3992 694 4029 :
726 3992 745 4025 ι
806 3973 927 4030 Noli
977 3977 1160 4032 verbis
1189 3976 1544 4045 contendere,
1588 3977 1656 4033 ad
1696 3977 1831 4033 nihil
1872 3978 2019 4033 enim

438 4065 575 4121 utile
607 4075 714 4133 est,
749 4066 852 4122 nisi
921 4066 991 4122 ad
1041 4069 1449 4124 subversionem
1489 4068 1863 4139 audientium;
1902 4089 1922 4125 ι
1964 4079 2022 4127 et

436 4157 566 4212 alibi
594 4160 676 4213 ἐς
722 4177 740 4211 ι
775 4158 1114 4227 Quaestiones
1161 4172 1341 4216 autem
1391 4162 1523 4233 legis
1558 4162 1738 4217 devita
1764 4202 1780 4230 ,
1835 4163 2020 4219 sciens

437 4250 581 4320 quod
612 4257 876 4321 generant
895 4250 1037 4308 lites.
1064 4253 1295 4308 Servum
1325 4263 1508 4309 autem
1537 4254 1630 4309 Dei
1662 4271 1767 4309 non
1804 4265 2020 4326 oportet

441 4340 676 4413 litigare.
714 4362 733 4395 ι
771 4344 908 4410 Quia
938 4359 1069 4415 ergo
1123 4344 1211 4399 isti
1252 4345 1342 4414 qui
1396 4347 1447 4400 in
1484 4344 1874 4415 qua'stionibus
1904 4344 2016 4400 liti-

439 4442 590 4503 gant,
616 4434 685 4489 ad
728 4436 1141 4492 subversionem
1170 4437 1507 4492 audientium
1538 4437 1780 4508 litigant,
1812 4437 2017 4492 idcirco

2135 576 2495 645 praemisimus
2533 576 2809 646 quomodo
2878 574 3245 631 membrorum
3296 576 3701 648 appellationem

2131 670 2410 737 suscipere
2433 668 2654 733 debeas,
2689 676 2747 723 ut
2781 668 3007 722 recedas
3052 682 3082 721 a
3127 670 3411 739 corporeis
3439 668 3704 735 sensibus,

2130 759 2488 816 etinterioris
2516 760 2753 816 hominis
2800 762 2984 830 capias
3032 760 3393 818 intellectum.
3435 759 3496 815 Si
3532 771 3704 817 autem

2132 852 2213 907 vis
2244 860 2302 906 ut
2328 852 2509 908 adhuc
2536 858 2592 908 et
2617 853 2670 907 iu
2702 852 2807 908 hoc
2823 853 2891 908 de
2915 852 3215 922 Scripturis
3237 852 3333 908 tibi
3352 852 3704 917 satisfaciam,

2132 942 2257 997 audi
2313 943 2636 1013 Apostolum
2697 946 2973 1001 dicentem
3003 948 3047 980 ⁶¹
3081 966 3095 1002 :
3124 966 3143 1001 ‹
3183 946 3369 1003 Filioli
3401 944 3535 1011 mei,
3580 959 3707 1015 quos

2130 1035 2327 1090 iterum
2356 1037 2622 1106 parturio,
2644 1036 2818 1092 donec
2842 1038 3115 1095 formetur
3135 1040 3388 1096 Christus
3416 1040 3471 1093 in
3501 1038 3702 1093 mbisa

2130 1127 2361 1182 Perfeeti
2390 1142 2522 1197 ergo
2554 1137 2681 1183 sunt
2702 1139 2758 1183 et
2792 1130 2895 1185 viri
2930 1132 3124 1198 fortes,
3150 1132 3242 1202 qui
3269 1131 3457 1187 statim
3500 1139 3561 1185 ut
3589 1144 3707 1184 eon-

2129 1217 2359 1285 cipiunt,
2418 1219 2660 1287 pariunt,
2691 1220 2745 1274 id
2777 1231 2881 1289 est,
2909 1223 3003 1293 qui
3055 1232 3380 1293 conceptum
3413 1222 3544 1276 ﬁdei
3590 1236 3703 1276 ver-

2129 1303 2253 1356 bum
2293 1303 2345 1357 in
2390 1318 2554 1373 opera
2606 1307 2940 1374 producunt.
2971 1307 3167 1363 Anima
3214 1317 3399 1363 autem
3429 1323 3558 1377 quae
3579 1323 3702 1363 con-

2130 1396 2295 1462 cepit,
2321 1404 2375 1450 et
2396 1396 2449 1449 iu
2483 1408 2672 1452 ventre
2701 1399 2923 1463 retinet,
2961 1409 3018 1454 et
3050 1416 3155 1456 non
3192 1402 3357 1471 parit,
3387 1401 3492 1456 ista
3522 1402 3706 1456 mulier

2128 1488 2451 1557 appellatur,
2501 1489 2647 1545 sicut
2692 1499 2749 1545 et
2808 1492 3072 1562 propheta
3120 1493 3253 1548 dicit
3283 1494 3378 1549 "z
3425 1511 3447 1545 ‹
3491 1493 3701 1549 Dolores

2127 1588 2314 1649 partus
2346 1580 2683 1636 advenerunt
2715 1581 2790 1648 ei,
2818 1590 2872 1638 et
2902 1584 3073 1640 virtus
3125 1585 3377 1656 pariendi
3417 1601 3528 1640 non
3555 1589 3701 1641 estin

2127 1683 2215 1723 ea.
2264 1687 2283 1721 ι
2322 1669 2447 1725 llaec
2490 1684 2619 1743 ergo
2680 1672 2884 1740 anima,
2919 1688 3041 1744 quae
3089 1690 3233 1730 nunc
3265 1690 3365 1745 pro
3390 1675 3706 1731 infirmitate

2130 1758 2213 1811 sui
2244 1759 2438 1813 mulier
2468 1760 2791 1830 appellatur,
2822 1763 3031 1819 duobus
3074 1764 3220 1819 inter
3248 1780 3308 1821 se
3368 1766 3711 1834 litigantibus

2060 1852 2104 1907 B
2137 1850 2288 1917 viris,
2323 1852 2454 1905 etin
2486 1852 2784 1908 certamine
2816 1855 3073 1910 scandala
3108 1855 3549 1927 proferentibus,
3581 1859 3710 1926 quod

2131 1941 2334 1997 habere
2359 1957 2575 2013 semper
2605 1946 2901 2001 verborum
2957 1948 3236 2004 contentio
3265 1949 3427 2015 solet,
3480 1950 3710 2020 percuti-

2130 2043 2221 2089 tur
2243 2044 2299 2090 et
2348 2037 2780 2105 scandalizatur,
2812 2039 2884 2095 ita
2918 2048 2978 2095 ut
3015 2042 3237 2097 verbum
3272 2044 3425 2110 fidei,
3455 2043 3607 2112 quod
3640 2053 3707 2098 te-

2128 2128 2314 2182 nuiter
2368 2139 2717 2199 conceperat,
2753 2130 2979 2200 abjiciat
3027 2142 3081 2189 et
3125 2135 3338 2205 perdat,
3384 2146 3446 2191 et
3490 2137 3711 2192 bacca

2131 2216 2200 2273 lis
2231 2226 2286 2273 et
2313 2221 2598 2276 contentio
2623 2223 2691 2277 ad
2719 2223 3063 2279 eversionem
3090 2226 3464 2283 audientium.
3498 2227 3561 2283 Si
3592 2243 3708 2298 ergo

2131 2312 2374 2365 nondum
2400 2310 2692 2367 formatum
2726 2313 2910 2369 anima
2945 2330 3069 2385 quae
3090 2318 3466 2373 seandalizata
3494 2329 3608 2389 est,
3628 2322 3709 2375 ab-

2121 2399 2321 2469 jecerit
2360 2396 2608 2473 verbum,
2663 2404 2757 2475 qui
2812 2407 3243 2474 scandalizavit,
3282 2411 3554 2465 damnum
3596 2412 3707 2467 dici-

2128 2500 2217 2546 tur
2247 2493 2380 2563 pati.
2436 2495 2532 2549 Vis
2562 2496 2707 2551 scire
2729 2497 2857 2567 quia
2892 2506 2976 2551 est
3020 2496 3075 2554 in
3106 2497 3382 2568 aliquibus
3415 2500 3701 2554 formatum

2125 2586 2381 2652 verbum,
2414 2587 2468 2643 in
2488 2587 2758 2657 aliquibus
2783 2586 3022 2643 nondum
3055 2588 3385 2644 formatum?
3418 2589 3702 2646 Evidentu

2125 2693 2221 2733 nos
2251 2679 2412 2734 docet
2438 2680 2680 2751 Apostoli
2725 2696 2926 2748 sermo,
2962 2696 3124 2752 quem
3163 2696 3324 2752 supra
3373 2684 3695 2737 memorari-

2127 2788 2269 2837 mus,
2327 2788 2451 2827 cum
2505 2774 2583 2828 ait
2620 2774 2666 2806 ”
2702 2791 2719 2831 :
2750 2791 2771 2827 ι
2806 2774 2989 2830 Donec
3044 2773 3320 2829 formetur
3346 2773 3610 2830 Christus
3648 2776 3695 2829 in

2123 2865 2300 2920 vobis.
2334 2885 2352 2919 ι
2375 2865 2629 2921 Christus
2660 2874 2842 2921 autem
2871 2876 2958 2923 est
2992 2864 3233 2922 Verbum
3268 2866 3393 2925 Dei.
3436 2866 3546 2922 Per
3568 2868 3696 2938 quod

2121 2957 2379 3023 ostendit,
2408 2958 2539 3028 quia
2579 2973 2645 3014 eo
2675 2966 2919 3029 tempore
2966 2972 3074 3029 quo
3116 2959 3420 3022 scribebat,
3452 2959 3684 3014 nondum

2119 3057 2238 3104 erat
2271 3049 2325 3103 in
2376 3048 2485 3105 illis
2544 3050 2835 3106 formatum
2884 3050 3118 3106 Verbum
3152 3052 3266 3106 Dei.
3303 3050 3361 3106 Si
3396 3066 3535 3122 ergo
3569 3065 3693 3106 non-

2123 3140 2250 3195 dum
2294 3140 2591 3197 formatum
2614 3143 2832 3208 exierit,
2866 3143 3123 3199 damnum
3159 3142 3421 3212 patietur.
3456 3144 3535 3200 De
3561 3144 3694 3197 dam-

2124 3234 2210 3289 nis
2242 3235 2526 3290 doetorum
2555 3236 2723 3292 etiam
2753 3235 3048 3306 Apostolus
3082 3236 3262 3303 docet,
3293 3251 3423 3291 cum
3457 3235 3591 3291 dicit
3616 3235 3695 3287 ἰτ

2128 3344 2148 3380 ι
2178 3325 2235 3383 Si
2260 3327 2416 3396 cujus
2475 3337 2657 3384 autem
2701 3343 2839 3399 opus
2872 3327 3096 3395 arserit,
3134 3327 3396 3382 damnum
3449 3327 3694 3397 patietur.

2122 3417 2242 3488 Ipse
2270 3428 2449 3473 autem
2475 3417 2659 3473 salvus
2691 3419 2817 3482 erit,
2847 3417 2928 3473 sic
2951 3425 3128 3472 tamen
3157 3418 3314 3488 quasi
3338 3433 3440 3489 per
3468 3419 3693 3489 ignema

2123 3508 2230 3566 Sed
2259 3518 2313 3563 et
2346 3510 2603 3566 Dominus
2635 3511 2689 3564 in
2723 3508 3029 3580 Evangeliis
3076 3510 3211 3565 dicit
3238 3511 3284 3543 ⁸⁵
3314 3509 3514 3578 :«Quid
3560 3511 3697 3565 enim

2122 3601 2352 3674 prodest
2389 3601 2621 3669 homini,
2658 3602 2705 3656 si
2749 3603 3064 3660 universum
3116 3603 3387 3658 mundum
3443 3602 3701 3666 lucretur,

2124 3694 2361 3750 animam
2393 3702 2577 3749 autem
2609 3709 2763 3750 suam
2798 3694 3013 3766 perdat.
3046 3703 3141 3750 aut
3166 3695 3433 3750 damnum
3462 3694 3694 3750 facian.

2122 3787 2277 3844 Unde
2332 3787 2552 3843 videtur
2596 3788 2808 3844 ostendi
2863 3789 3009 3859 quod
3071 3788 3321 3858 quaedam
3369 3797 3600 3858 peccata
3632 3787 3703 3840 ad

2122 3878 2382 3933 damnum
2413 3878 2632 3949 quidem
2689 3880 3021 3950 pertineant,
3054 3896 3158 3935 non
3188 3887 3378 3935 tamen
3405 3880 3473 3934 ad
3529 3879 3699 3934 inter-

2122 3970 2257 4025 itum
2284 3986 2299 4037 ;
2359 3971 2485 4040 quia
2514 3970 2607 4040 qui
2637 3974 2893 4027 damnum
2927 3987 3129 4043 passus
3159 3970 3348 4039 fuerit,
3385 3972 3505 4041 ipse
3530 3979 3706 4025 tamen

2120 4060 2315 4116 salvari
2362 4060 2587 4127 dicitur,
2640 4062 2771 4118 licet
2810 4078 2908 4133 per
2956 4067 3157 4136 ignem.
3214 4062 3377 4121 Unde
3434 4065 3599 4121 credo
3644 4074 3711 4119 ea

2120 4153 2364 4209 Joannes
2389 4153 2671 4224 apostolus
2725 4158 2776 4210 in
2805 4155 3051 4225 Epistola
3080 4172 3179 4213 sua
3206 4157 3253 4189 “
3284 4158 3424 4212 dicit
3456 4158 3708 4229 quadam

2120 4261 2242 4302 esse
2290 4254 2513 4314 peccata
2561 4246 2628 4301 ad
2681 4256 2941 4313 mortem,
2999 4251 3246 4318 quaedam
3308 4265 3422 4305 non
3474 4264 3587 4305 esse
3626 4250 3708 4304 ad

2121 4349 2375 4393 mortem.
2420 4336 2555 4404 Qum
2600 4347 2786 4393 autem
2827 4340 2939 4393 sint
2985 4342 3196 4410 species
3236 4352 3584 4411 peccatorum
3628 4342 3711 4396 ad

2122 4416 2376 4496 mortem,
2401 4444 2524 4500 quae
2550 4443 2682 4486 vero
2717 4445 2826 4485 non
2841 4430 2906 4486 ad
2931 4443 3187 4498 mortem,
3206 4435 3303 4488 sed
3327 4435 3395 4490 ad
3421 4434 3714 4497 damnum,

435 4529 747 4593 percutiunt
802 4532 1086 4588 mulierem
1147 4540 1544 4603 praegnantem,
1579 4541 1635 4586 et
1674 4531 1902 4602 ejiciunt
1926 4532 2011 4586 in-
2048 4558 2094 4614 Ι)
2126 4537 2231 4577 non
2252 4530 2383 4591 puto
2414 4520 2576 4578 facile
2597 4537 2627 4577 a
2647 4537 2919 4593 quoquam
2946 4524 3223 4578 hominum
3253 4540 3420 4595 posse
3438 4525 3713 4580 discerni.

434 4617 637 4679 fantem
661 4620 799 4690 ejus,
836 4622 916 4678 vel
948 4622 1239 4705 forpiatum
1270 4622 1406 4694 jam,
1430 4622 1513 4679 vel
1539 4623 1777 4678 nondum
1811 4624 2015 4678 forma-

432 4717 570 4765 tum.
626 4710 817 4767 Mulier
861 4700 1146 4783 praegnans
1184 4714 1387 4770 dicitur
1428 4716 1631 4781 anima,
1675 4728 1797 4785 qua:
1836 4730 2015 4783 nuper

432 4797 533 4854 Dei
579 4803 828 4871 concepit
869 4808 1113 4861 verbum.
1166 4805 1240 4859 De
1284 4803 1379 4857 tali
1428 4813 1611 4860 autem
1653 4804 2015 4873 conceptione

435 4892 667 4962 legimus
716 4894 770 4947 in
823 4894 931 4949 alio
961 4897 1079 4952 loco
1109 4898 1375 4969 scriptum
1404 4897 1488 4950 ":
1525 4914 1544 4948 ι
1583 4899 1629 4949 Α
1662 4896 1855 4951 timore
1892 4904 2006 4959 tuo.

435 4982 682 5049 Domine,
716 4983 769 5037 in
796 4994 947 5039 utero
970 4988 1345 5056 concepimus,
1373 4996 1427 5043 et
1468 4986 1800 5057 peperimus.
1842 5003 1861 5037 ι
1901 4983 2004 5049 Qui

431 5088 565 5143 ergo
591 5076 922 5144 concipiunt,
955 5086 1009 5132 et
1039 5078 1222 5133 statim
1248 5079 1492 5147 pariunt,
1516 5078 1603 5133 isti
1625 5093 1726 5133 nec
1749 5078 2006 5131 mulieres

427 5163 779 5220 existimandi
810 5176 956 5233 sunt,
988 5166 1083 5223 sed
1115 5169 1237 5233 viri,
1271 5178 1327 5224 et
1350 5169 1575 5239 perfecti
1603 5170 1726 5227 viri.
1763 5167 2009 5239 Denique

430 5255 559 5311 audi
595 5264 647 5311 et
674 5260 997 5329 prophetam
1042 5260 1307 5315 dicentem
1333 5262 1414 5317 “:
1450 5278 1470 5313 ι
1503 5260 1561 5316 Si
1611 5261 1821 5331 peperit
1860 5269 2006 5315 terra

431 5350 485 5403 in
514 5366 620 5404 una
649 5351 757 5415 die,
816 5360 871 5406 et
902 5362 1029 5407 nata
1057 5363 1140 5409 est
1184 5369 1316 5426 gens
1360 5355 1427 5410 de
1456 5354 1645 5410 semel.
1684 5373 1704 5405 ι
1741 5353 1849 5409 Ista
1878 5367 2007 5424 ergo

429 5452 516 5498 est
549 5445 836 5513 generatio
889 5446 1256 5516 perfectorum
1323 5462 1443 5517 quae
1477 5447 1659 5503 statim
1684 5448 1783 5503 sub
1806 5448 1913 5513 die,
1947 5456 2007 5502 ut

427 5542 696 5606 concepta
723 5535 909 5604 fuerit,
938 5541 1204 5594 nascitur.
1240 5540 1440 5595 Verum
1485 5548 1552 5595 ne
1578 5540 1672 5594 tibi
1696 5554 1891 5595 novum
1925 5541 2006 5595 vi.

497 5668 546 5701 “
576 5669 768 5725 Matth.
814 5687 911 5737 vn,
963 5672 1017 5738 5,
1050 5673 1103 5727 4.
1182 5675 1226 5707 ⁸⁵
1272 5674 1461 5729 Matth.
1493 5690 1612 5740 xm,
1663 5676 1715 5730 9.
1794 5676 1840 5708 ³⁸
1874 5677 1975 5729 lsa.
2004 5692 2034 5730 L

2127 5675 2181 5729 7.
2259 5675 2303 5706 ⁸⁷
2338 5672 2376 5726 ll
2425 5673 2564 5727 Tim.
2594 5690 2654 5737 ιι,
2690 5674 2779 5727 14.
2856 5673 2901 5707 ⁸⁸
2933 5674 3063 5731 ibid.
3124 5674 3216 5731 25.

1627 5746 1671 5778 δ’
1692 5746 1797 5801 lsa.
1826 5762 2033 5809 xxxv",

2125 5771 2148 5798 ›.
2228 5745 2272 5776 ⁸³
2318 5742 2496 5799 Galat.
2549 5759 2620 5805 tv,
2692 5745 2776 5798 l9.
2854 5744 2899 5776 “
2933 5744 3092 5803 ICor.
3138 5762 3218 5812 Ill,
3262 5746 3345 5801 15.
3418 5740 3736 5799 “Matth.

1313 5817 1355 5850 ⁸⁷
1406 5815 1549 5873 Psal.
1600 5833 1755 5887 xvm,
1788 5816 1874 5871 15.
1952 5816 1997 5848 ⁸⁸
2025 5815 2219 5871 Matth.
2242 5828 2372 5871 xxv.
2450 5813 2494 5845 "
2520 5813 2707 5869 Matth.
2739 5825 2893 5870 xvm.

428 5736 519 5794 I8.
586 5742 641 5812 ff
671 5740 775 5797 lsa.
806 5758 952 5812 van,
980 5736 1035 5799 8.
1112 5745 1154 5777 ⁶¹
1184 5746 1396 5812 Gal.tv,
1427 5748 1514 5801 l9.

433 5825 542 5876 xvt,
577 5810 667 5866 26.
742 5814 790 5844 “
824 5811 1019 5870 lJoan.
1053 5816 1230 5882 v.16.

2124 4615 2399 4683 Scriptum
2434 4629 2670 4685 namque
2706 4624 2790 4669 est
2817 4616 2939 4670 ":i
2974 4615 3179 4670 Delicta
3212 4616 3339 4686 quis
3365 4616 3663 4686 lutelligit?
3686 4636 3711 4668 ι

2122 4704 2509 4761 Verumtamen
2548 4719 2616 4761 ex
2644 4705 2727 4760 his
2755 4720 2878 4774 qua:
2901 4706 2952 4759 in
2979 4706 3279 4777 Evangelio
3301 4723 3401 4777 per
3418 4708 3719 4779 parabolas

2120 4796 2457 4863 referuntur,
2492 4810 2562 4852 ex
2613 4805 2767 4865 parte
2795 4797 2974 4867 aliqua
3020 4814 3359 4870 cognoscere
3412 4815 3723 4871 possumus

2119 4888 2422 4957 cujnsmodi
2466 4888 2598 4955 sint,
2634 4904 2756 4959 quae
2788 4891 2980 4944 damna
3035 4891 3415 4959 nominantur,
3451 4906 3563 4948 eum
3626 4892 3719 4946 ibi

2118 4982 2317 5037 iterum
2339 4981 2625 5038 videamus
2653 4984 2720 5038 ad
2753 4984 2963 5040 lucrum
2995 4985 3242 5055 deputari
3284 4984 3547 5055 quedam,
3568 4998 3729 5053 qua

2119 5089 2219 5145 per
2248 5077 2675 5146 negotiationem
2711 5077 2938 5147 quaesita
2974 5076 3251 5131 dicuntur.
3288 5076 3457 5133 Verbi
3497 5078 3727 5145 gratia,

2121 5182 2244 5222 cum
2274 5169 2583 5223 referuntur
2605 5184 2769 5238 super
2792 5170 3030 5238 quinque
3064 5184 3218 5224 mnas
3260 5168 3535 5238 acquisita:
3568 5180 3731 5221 esse

2119 5260 2241 5316 alia:
2274 5261 2537 5331 quinque,
2563 5262 2648 5316 vel
2666 5277 2831 5332 super
2853 5262 2989 5315 duas
3020 5260 3303 5329 acquisitae
3332 5261 3451 5314 aliae
3475 5259 3599 5313 dua:
3620 5258 3687 5290 ⁸³
3706 5277 3729 5313 :

2115 5364 2209 5410 aut
2236 5370 2359 5411 cum
2401 5356 2684 5423 drachma,
2734 5357 2818 5411 vel
2847 5356 3128 5421 denarius,
3183 5353 3269 5408 vel
3309 5353 3564 5407 talentum
3606 5367 3739 5421 po-

2115 5448 2285 5513 nitur,
2316 5457 2370 5502 et
2394 5448 2549 5517 quasi
2582 5448 2807 5516 pecunia
2846 5448 3092 5517 quaedam
3138 5447 3193 5500 in
3227 5454 3438 5515 quaestu
3461 5456 3732 5511 operum

2115 5540 2460 5598 nominatur:
2492 5538 2583 5594 sed
2609 5548 2663 5594 et
2694 5555 2817 5593 cum
2862 5540 3066 5593 dicitur
3108 5537 3153 5570 ”
3177 5536 3573 5609 paterfamilias
3604 5550 3736 5606 po-

3316 5674 3362 5706 ”
3389 5673 3479 5728 lsa.
3519 5687 3735 5737 xm.
