3876 6510
162 333 256 391 373

1334 344 1403 398 IN
1439 344 1727 401 EXODUM
1759 344 2043 403 HOMILIA
2079 345 2171 401 XI.

3288 344 3392 400 576

165 466 280 508 nere
306 452 573 508 rationem
604 469 723 510 cum
749 458 921 514 servis
951 462 1084 527 suis,
1123 470 1175 518 et
1206 461 1507 520 otl'ertur‘ei
1550 483 1712 532 unus,
1749 474 1793 531 Α
1823 467 1938 531 Dei,
1969 466 2246 521 auferatur
2277 466 2410 523 dens
2458 467 2595 534 ejus,
2625 466 2719 537 qui
2764 481 2869 522 non
2908 468 3041 521 bene
3082 464 3392 536 Scriptura-

163 546 243 616 qui
281 545 513 602 debebat
542 549 724 603 decem
751 551 920 607 millia
963 555 1183 609 talenta.
1229 556 1375 611 Talis
1411 574 1544 627 ergo
1573 575 1719 629 qure-

163 642 272 693 dam
306 639 446 694 ratio
473 640 652 695 damni
679 651 806 699 est:
834 657 910 710 ut,
935 648 1089 702 verbi
1115 650 1308 716 gratia,
1335 652 1424 719 qui
1452 668 1552 720 pro
1579 667 1721 706 mer-

162 730 281 784 cede
313 745 409 784 sua
439 742 765 800 accepturus
784 746 903 790 erat
926 737 1110 792 decem
1140 756 1315 806 mnas,
1343 757 1447 794 non
1486 743 1721 810 accipiat

164 824 362 888 decem,
389 824 482 877 sed
511 834 655 890 octo,
682 825 764 880 vel
793 841 911 891 sex,
946 837 1040 882 aut
1077 829 1237 883 etiam
1273 832 1455 887 minus
1488 848 1501 883 :
1529 842 1585 887 et
1616 835 1717 890 hoc

162 914 350 968 damno
380 917 587 984 percuti
644 917 845 973 dicitur
895 921 960 985 is,
990 921 1082 989 qui
1116 936 1336 976 causam
1364 924 1605 978 scandali
1638 925 1717 979 iu-

168 1005 383 1079 ﬁrmiori
415 1015 469 1060 et
499 1008 744 1063 muliebri
791 1013 1019 1079 prmbuit
1047 1012 1260 1067 animae.

219 1096 274 1149 1.
309 1095 467 1151 Dabit
524 1109 725 1166 autem,
770 1101 941 1170 inquit
981 1102 1048 1167 το,
1092 1106 1391 1159 secundum
1429 1106 1575 1174 quod
1635 1107 1717 1177 in-

159 1188 389 1253 dixerit,
452 1190 537 1244 vel
593 1192 910 1261 imposuerit
942 1193 1023 1247 vir
1067 1195 1218 1262 ejus,
1283 1206 1337 1251 et
1390 1195 1541 1251 dabit
1596 1213 1717 1251 cum

161 1277 381 1330 honore.
438 1276 648 1332 A'nimae
710 1280 969 1336 discentis
1004 1284 1109 1348 vir,
1162 1285 1426 1355 magister
1459 1286 1573 1356 (59)
1602 1288 1719 1357 ejus

158 1374 264 1432 est;
299 1367 595 1422 secundum
658 1371 799 1437 quod
850 1371 1109 1427 indixerit
1138 1389 1269 1443 ergo
1325 1375 1408 1428 vir
1454 1377 1577 1441 iste,
1635 1376 1717 1431 vel

156 1453 399 1510 Christus
440 1456 531 1525 qui
575 1459 817 1511 omnium
871 1461 1130 1529 magister
1169 1471 1273 1526 est,
1332 1463 1417 1517 vel
1470 1464 1563 1533 qni
1618 1481 1717 1529 pro

157 1544 375 1601 Christo
404 1546 662 1603 Ecclesiae
694 1560 892 1619 praeest
920 1552 1112 1608 doctor
1144 1553 1474 1620 animarum,
1502 1556 1588 1610 ille
1626 1557 1719 1628 qui

156 1636 218 1691 ad
245 1635 657 1693 subversionem
684 1640 1024 1696 audientium
1064 1644 1245 1699 verbis
1276 1645 1594 1711 contendit,
1625 1662 1720 1716 pa-

157 1730 313 1783 tietur
341 1729 596 1784 damnum
625 1746 721 1800 pro
748 1734 929 1788 anima
961 1734 1073 1802 illa,
1099 1750 1217 1804 qua:
1248 1737 1483 1791 nondum
1514 1737 1717 1792 forma-

1825 573 1941 611 rum
1995 557 2311 611 comminuit
2358 565 2412 611 et
2466 557 2675 613 attrivit
2722 557 2890 613 cibos.
2938 556 3205 611 Fortassis
3245 556 3388 611 enim

1821 660 2043 719 propter
2073 650 2174 704 hoc
2197 660 2250 703 et
2286 648 2415 703 alibi
2455 649 2653 703 dicitur
2685 664 2715 704 a
2754 650 2979 703 Domino
3012 650 3097 704 "‘:
3132 665 3150 699 ι
3189 648 3395 703 Dentes

1821 748 2168 809 peccatorum
2206 738 2530 793 contrivisti.
2566 756 2585 790 ι
2617 738 2681 792 Et
2709 737 2837 792 alibi
2876 738 3224 792 nihilominus
3247 738 3380 792 scri-

1822 829 1969 884 bitur
1998 829 2046 861 ⁷⁸
2083 845 2098 881 :
2131 846 2150 880 ι
2189 828 2289 895 Qui
2341 829 2634 883 manducat
2666 842 2828 881 unam
2882 829 3157 892 acerbam,
3204 830 3389 884 obsta»

1821 927 2043 985 poscent
2085 919 2276 973 dentes
2307 916 2444 985 ejus.
2481 937 2498 969 ι
2536 918 2600 971 Et
2642 915 2769 970 alibi
2800 918 2884 972 ’σε
2930 936 2947 969 ‹
2980 918 3146 973 Molas
3172 918 3389 973 l‘eonum

1821 1006 2125 1078 confringet
2173 1007 2284 1079 (65)
2339 1008 2617 1064 Dominus.
2677 1028 2694 1060 ι
2728 1008 2818 1062 Sic
2853 1023 2982 1077 ergo
3020 1025 3115 1078 per
3143 1010 3383 1063 membra

1822 1099 2030 1153 dicitur
2087 1098 2206 1153 laedi
2259 1102 2437 1153 anima
2464 1109 2517 1154 et
2551 1100 2783 1170 percuti,
2807 1115 3023 1154 manum
3048 1114 3259 1167 quoque
3290 1114 3386 1168 pro

1824 1204 1990 1243 manu
2041 1201 2094 1243 et
2145 1190 2335 1258 pedem
2383 1203 2482 1258 pro
2519 1189 2656 1260 pede
2703 1188 3036 1259 deposcitur.
3084 1188 3272 1244 Manus
3304 1200 3388 1245 est

1821 1278 2020 1333 animae
2076 1280 2266 1344 virtus,
2325 1294 2430 1349 qua
2468 1291 2651 1335 tenere
2685 1278 2893 1349 aliquid
2920 1288 2974 1335 et
3013 1279 3390 1348 constringere

1820 1379 2023 1441 potest,
2074 1371 2220 1425 velut
2270 1372 2316 1426 si
2354 1372 2601 1427 dicamus
2652 1380 2806 1426 actus
2833 1371 2973 1441 ejus,
3000 1379 3056 1425 et
3087 1369 3387 1435 fortitudo;

1820 1471 1876 1518 et
1907 1477 2000 1533 pes
2022 1478 2131 1532 quo
2158 1464 2356 1518 incedit
2399 1464 2462 1517 ad
2524 1465 2661 1519 bona
2695 1463 2776 1518 vel
2809 1462 2970 1516 mala.
3004 1462 3137 1528 Quia
3164 1477 3297 1533 ergo
3341 1464 3385 1518 si

1821 1554 2133 1609 scandalum
2161 1555 2402 1625 patiatur
2434 1556 2637 1619 anima,
2684 1570 2789 1609 non
2826 1556 2999 1612 solum
3044 1555 3096 1609 in
3128 1555 3253 1623 fide,
3290 1556 3386 1611 sed

1817 1654 1875 1700 et
1899 1646 1951 1699 in
1969 1647 2181 1701 actibus
2205 1646 2478 1716 dejicitnr,
2505 1647 2592 1716 qui
2613 1661 2710 1716 per
2736 1662 2952 1702 manum
2975 1646 3384 1717 significantur;

1822 1748 1874 1791 et
1909 1742 2072 1808 pedes
2112 1738 2431 1793 auferentur
2477 1739 2642 1803 illius,
2691 1740 2781 1809 qui
2828 1737 3218 1793 oﬂ'endiculum
3248 1752 3388 1808 prac-

158 1829 263 1874 tum
300 1822 499 1891 abjecit
546 1823 828 1883 infantem.
879 1826 1030 1893 Quod
1062 1834 1240 1894 potest
1275 1827 1415 1883 forte
1449 1829 1515 1882 de
1556 1844 1714 1883 scan-
1750 1809 1792 1864 B
1821 1831 1958 1896 buit,
1984 1839 2038 1884 et
2069 1844 2262 1883 manus
2309 1830 2507 1899 quibus
2538 1844 2642 1883 non
2673 1831 2807 1883 bene
2832 1837 3106 1897 operatur,
3133 1836 3188 1882 et
3222 1828 3385 1896 pedes

150 1912 267 1969 dalo
317 1916 695 1971 catechumeni
745 1918 916 1986 accipi
969 1920 1212 1974 nondum
1257 1916 1493 1975 formati.
1534 1922 1717 1976 Potest

150 2004 287 2057 enlm
326 2002 465 2072 fieri,
499 2015 557 2060 ut
601 2022 820 2063 rursum
852 2010 965 2079 ipse
1007 2010 1099 2079 qui
1154 2009 1310 2072 laesit,
1346 2011 1603 2075 instruat,
1632 2026 1716 2066 re-

148 2104 319 2163 paret,
358 2098 609 2152 restituat
637 2100 832 2154 animae
864 2116 925 2155 ea
952 2117 1071 2171 qua:
1098 2101 1353 2171 perdidit,
1380 2111 1434 2157 et
1460 2102 1575 2157 haec
1604 2101 1714 2170 jam

149 2185 309 2244 faciet
362 2204 486 2246 cum
519 2190 749 2257 honore,
790 2206 912 2249 cum
946 2193 1238 2261 modestia,
1267 2208 1386 2250 cum
1418 2193 1711 2264 patientia;

150 2282 284 2340 sicut
313 2283 605 2354 Apostolus
660 2286 820 2357 168
872 2287 1001 2342 dicit
1034 2288 1077 2319 "
1111 2302 1126 2341 :
1167 2306 1186 2339 ι
1224 2287 1355 2343 Cum
1387 2299 1715 2352 mansuetu-

62 2378 80 2388 ‘
149 2377 266 2432 dine
295 2377 602 2448 corripiens
622 2393 742 2446 eos,
773 2380 865 2449 qui
910 2379 1170 2434 resistunt
1204 2378 1352 2451 (60);
1384 2399 1402 2432 ι
1441 2396 1546 2436 non
1592 2397 1712 2437 cum

148 2466 257 2532 lite,
282 2468 432 2521 sicut
465 2466 635 2537 prius,
662 2482 785 2522 cum
818 2468 1141 2523 scandalum
1187 2469 1389 2524 intulit.
1431 2488 1450 2523 ι
1482 2469 1635 2538 Quod
1666 2472 1712 2527 si

148 2552 417 2609 formatus
464 2554 576 2622 jam
636 2556 794 2611 fuerit
852 2557 1052 2625 infans,
1118 2559 1269 2613 dabit
1319 2560 1557 2616 animam
1617 2575 1716 2630 pro

146 2645 351 2699 anima.
391 2665 411 2698 ι
438 2644 726 2703 Formatus
770 2646 946 2704 infans
986 2658 1165 2719 potest
1206 2650 1375 2705 videri
1413 2664 1592 2705 sermo
1617 2650 1713 2706 Dei

145 2736 193 2790 in
223 2737 395 2792 corde
423 2737 539 2806 ejus
571 2739 789 2805 animae,
820 2756 941 2811 qua:
990 2741 1220 2811 gratiam
1276 2741 1530 2811 baptismi
1579 2756 1712 2796 con-

146 2839 332 2884 secuta
378 2841 484 2897 est,
534 2831 618 2886 vel
662 2847 781 2900 qua:
829 2833 1133 2889 evidentius
1162 2840 1217 2888 et
1256 2832 1459 2888 clarius
1488 2834 1712 2887 verbum

146 2920 262 2977 ﬁdei
312 2922 591 2992 concepit.
649 2924 775 2979 Hec
838 2938 967 2995 ergo
1022 2925 1067 2981 si
1132 2925 1298 2980 nimia
1358 2925 1714 2981 contentione

142 3013 429 3069 doctorum
474 3028 730 3084 percussa
769 3013 1034 3083 abiecerit
1080 3015 1329 3079 verbum,
1388 3023 1445 3070 et
1493 3016 1712 3070 inventa

1821 1920 2020 1989 quibus
2046 1935 2149 1975 non
2178 1922 2315 1974 bene
2341 1920 2560 1974 incedit.
2600 1918 2839 1988 Recipiet
2871 1918 3034 1972 etiam
3073 1916 3385 1971 combustu-

1820 2026 1936 2065 ram
1968 2027 2065 2080 pro
2121 2010 2497 2073 combustum,
2540 2027 2643 2080 qua
2679 2009 3005 2074 combussit,
3036 2019 3091 2062 et
3123 2009 3385 2077 gehenuz:

1823 2104 2045 2157 tradidit
2086 2104 2345 2157 animam.
2403 2101 2508 2157 Per
2544 2117 2665 2171 qua:
2707 2103 2914 2172 singula
2963 2103 3287 2167 ostenditur,
3326 2110 3383 2155 ut

1819 2195 1922 2251 iste
1972 2208 2263 2263 percussor
2316 2193 2570 2247 ominibus
2636 2192 2982 2246 detruncatis
3029 2191 3305 2258 membris,
3350 2204 3382 2246 a

1818 2301 2049 2354 corpore
2100 2284 2388 2340 excidatur
2442 2283 2728 2349 Ecclesiae;
2771 2289 2828 2336 ut
2854 2283 3057 2348 caueri,
3097 2282 3270 2351 inquit
3315 2282 3383 2347 ⁷⁷,

1816 2378 2067 2431 videntes
2090 2377 2333 2429 timorem
2363 2373 2622 2439 habeant,
2662 2381 2713 2427 et
2735 2389 2839 2427 non
2873 2371 3076 2426 faciant
3112 2372 3381 2426 similiter.

1818 2469 2023 2523 Idcirco
2049 2478 2102 2523 et
2136 2466 2421 2538 Apostolus
2447 2482 2569 2520 cum
2605 2467 2879 2521 doctorem
2910 2464 3169 2519 describit
3197 2463 3384 2518 ECcIe~

1816 2560 1910 2614 size
1935 2561 2001 2626 ⁷⁸,
2034 2560 2172 2614 inter
2201 2568 2392 2614 caetera
2416 2557 2659 2627 praecipit
2679 2572 2799 2610 eum
2820 2573 2925 2612 non
2956 2571 3075 2611 esse
3104 2568 3392 2625 percusso—

1820 2667 1953 2716 rem,
1974 2667 2039 2707 ne
2060 2652 2367 2722 percutiens
2396 2659 2732 2723 prteguantes
2756 2644 3250 2716 muliercs,animas
3268 2648 3392 2701 insi-

1814 2746 2047 2816 pientes,
2065 2755 2227 2815 ponat
2244 2743 2478 2798 animam
2504 2757 2599 2813 pro
2616 2746 2819 2808 anima,
2843 2740 3056 2796 oculum
3085 2754 3182 2810 pro
3206 2739 3386 2803 oculo,

1816 2836 2032 2891 dentem
2069 2851 2165 2905 pro
2195 2836 2375 2890 dente.
2421 2833 2579 2889 Tales
2625 2842 2753 2889 sunt
2786 2842 2841 2888 et
2876 2832 2981 2888 illa:
3019 2831 3213 2886 animae
3253 2846 3388 2900 quas

1814 2930 1978 2984 etiam
1996 2926 2320 2982 Dominusin
2344 2924 2806 2996 Evangeliodellet
2834 2939 2957 2979 cum
2983 2922 3173 2979 dicit”
3203 2939 3257 2976 ει
3302 2920 3389 2976 ναι

1815 3021 2219 3092 praegnantibus
2268 3027 2321 3074 et
2379 3018 2743 3073 nutrientibus
2780 3017 2832 3071 in
2884 3016 2992 3071 illis
3018 3015 3229 3084 diebus,
3265 3034 3284 3067 ι
3331 3014 3383 3067 ἰιι

144 3104 307 3159 fuerit
333 3118 461 3160 esse
487 3106 553 3159 de
579 3104 707 3168 illis,
742 3106 807 3162 de
842 3107 1041 3176 quibus
1065 3105 1281 3161 dicebat
1313 3105 1604 3175 Apostolus
1628 3107 1709 3162 ":
1741 3144 1785 3200 α
1818 3112 2017 3184 quibus
2072 3110 2616 3175 scandalizabuntur,
2671 3127 2690 3162 ι
2725 3109 2770 3165 si
2826 3108 2945 3163 fieri
2985 3114 3187 3178 potest,
3218 3105 3385 3161 etiam

146 3211 168 3247 ‹
200 3195 317 3251 Jam
343 3197 490 3250 enim
528 3196 776 3265 quaedam
801 3211 1081 3253 conversae
1108 3208 1235 3252 sunt
1266 3208 1415 3253 retro
1446 3210 1567 3269 post
1610 3199 1716 3255 Sa-

144 3294 344 3353 tanam,
388 3305 408 3338 ι
443 3286 679 3341 animam
711 3301 811 3357 pro
843 3288 1021 3341 anima
1077 3288 1248 3343 dabit.
1297 3289 1391 3343 Vel
1427 3291 1495 3345 de
1528 3291 1614 3344 die
1638 3290 1717 3359 ju-

142 3378 265 3433 oicii
288 3378 673 3448 accipiendum
706 3386 800 3449 est.
826 3380 965 3447 apud
1004 3380 1171 3433 Deum
1196 3378 1466 3447 judicem,
1492 3380 1584 3449 qui
1615 3396 1711 3450 po-

144 3481 250 3527 test
318 3473 566 3527 animam
605 3482 660 3527 et
710 3488 906 3544 corpus
962 3473 1193 3540 perdere
1249 3473 1300 3524 in
1364 3473 1711 3541 gehennam:

140 3569 261 3636 quia
293 3575 351 3620 et
384 3565 513 3622 alibi
543 3567 674 3623 dicit
693 3566 953 3637 propheta
989 3565 1055 3618 ad
1086 3562 1387 3619 Jerusalem
1416 3564 1462 3595 ⁷³
1491 3582 1503 3617 :
1539 3583 1557 3616 ι
1586 3565 1716 3620 Dedi

141 3658 633 3714 commutationem
694 3668 845 3713 tuam
903 3656 1218 3726 Egyptum,
1277 3654 1634 3726 Ethiopiam,
1664 3665 1715 3711 et

145 3750 363 3806 Soenen
417 3751 529 3823 (61)
569 3766 671 3822 pro
735 3760 804 3806 te.
849 3769 867 3802 ι
932 3748 1028 3805 Vel
1074 3758 1221 3804 certe
1268 3757 1444 3819 potest
1470 3748 1718 3805 fortassis

140 3845 302 3899 etiam
331 3844 472 3899 illud
514 3845 708 3914 aptari,
753 3852 811 3898 ut
839 3843 929 3912 qui
959 3842 1061 3897 sibi
1104 3843 1356 3898 conscius
1390 3841 1525 3896 tanti
1560 3856 1720 3896 scan.

141 3936 245 3992 dali
282 3936 481 4003 fuerit,
520 3945 685 4007 ponat
731 3934 970 3991 animam
1019 3948 1171 3989 suam
1200 3949 1299 4004 pro
1342 3934 1521 3988 anima
1552 3932 1717 3999 illius,

146 4047 313 4101 quem
391 4030 873 4099 scandalizaverit,
932 4038 988 4085 et
1045 4042 1217 4098 usque
1260 4026 1327 4081 ad
1369 4035 1601 4082 mortem
1628 4026 1719 4082 det

136 4138 364 4194 operam
400 4123 911 4194 quomodoredeat,
941 4126 1216 4194 quomodo
1244 4129 1547 4192 reparetur,
1582 4134 1721 4189 quo.

137 4218 300 4273 modo
324 4216 655 4274 restituatur
680 4216 744 4272 ad
773 4216 954 4271 fidem.
981 4215 1152 4271 Ponat
1183 4216 1344 4270 etiam
1379 4212 1594 4271 oculum
1622 4228 1721 4283 pro

135 4308 321 4376 oculo,
376 4309 429 4364 si
474 4309 688 4365 oculum
741 4307 881 4365 laesit
922 4308 1141 4373 animae,
1174 4307 1226 4362 id
1259 4315 1343 4362 est
1380 4306 1719 4362 intellectum

134 4399 252 4468 ejus
279 4401 567 4467 turbavit;
624 4400 905 4456 auferatur
949 4399 1143 4456 oculus
1188 4398 1359 4468 ipsius
1410 4399 1477 4453 ab
1509 4412 1597 4464 eo,
1625 4397 1717 4466 qui

1817 3204 1999 3272 electi.
2037 3223 2055 3257 ι
2094 3203 2384 3259 Sciendum
2430 3212 2608 3256 tamen
2659 3210 2741 3255 est
2783 3200 2926 3270 quod
2988 3214 3092 3253 non
3137 3207 3219 3253 est
3267 3211 3389 3266 per-

1818 3295 2086 3350 fectorum
2120 3293 2512 3357 scaudalizari,
2548 3292 2642 3347 sed
2666 3301 2760 3345 aut
2788 3291 3099 3358 mulierum,
3139 3300 3227 3343 aut
3264 3303 3390 3358 par-

1818 3386 2097 3451 vulorum,
2131 3387 2274 3440 sicut
2310 3394 2363 3439 et
2414 3385 2673 3438 Dominus
2721 3383 2774 3437 iu
2809 3381 3098 3451 Evangelia
3141 3379 3341 3435 dicit“
3372 3397 3385 3434 :

1824 3492 1843 3528 ι
1884 3477 1941 3531 Si
1972 3476 2092 3546 quis
2113 3475 2566 3530 scandalizaverit
2603 3488 2770 3526 unum
2803 3473 2867 3526 de
2894 3470 3104 3541 pusillis
3134 3470 3254 3526 istis
3291 3470 3392 3523 mi-

1820 3569 2004 3624 nimis.
2037 3588 2056 3621 ι
2102 3567 2338 3623 Pusillus
2368 3582 2499 3636 ergo
2540 3574 2644 3631 est,
2675 3575 2732 3620 et
2782 3563 3068 3627 minimus,
3099 3563 3190 3630 qui
3233 3577 3393 3616 scan-

1821 3662 2041 3717 dalizari
2076 3670 2296 3731 potest:
2330 3679 2350 3712 r
2399 3658 2673 3729 Spiritalis
2722 3664 2901 3710 autem
2964 3654 3217 3723 diiudicat
3268 3670 3389 3708 om-

1821 3756 1907 3809 nia
1930 3756 1998 3820 ⁸⁸,
2035 3773 2052 3805 ι
2086 3755 2266 3808 omnia
2319 3752 2534 3824 probat,
2564 3759 2619 3805 et
2649 3751 2789 3820 quod
2837 3749 3035 3803 bonum
3071 3756 3171 3815 est,
3214 3745 3392 3801 conti-

1821 3855 1932 3911 net,
1957 3855 2010 3900 et
2038 3845 2104 3899 ab
2125 3845 2268 3899 omni
2301 3859 2359 3898 se
2389 3844 2567 3913 specie
2595 3842 2730 3895 mala
2770 3842 3029 3895 abstinet.
3049 3836 3195 3901 Haec,
3232 3846 3389 3906 prout

1819 3952 2108 3993 occurrere
2135 3943 2449 4006 potuerunt,
2474 3972 2475 3975 η
2501 3935 2553 3987 ἱιι
2583 3933 2836 4003 praesenti
2873 3931 3111 4001 capitulo
3135 3932 3389 3985 diximus.

1821 4028 2116 4085 Poscamus
2166 4042 2293 4081 vero
2334 4042 2363 4079 a
2419 4026 2688 4092 Domino,
2731 4033 2789 4080 ut
2818 4040 2937 4095 quae
2980 4022 3217 4095 perfecta
3242 4033 3392 4086 sunt,

1823 4121 1940 4189 ipse
1984 4119 2137 4173 nobis
2202 4117 2448 4173 revelare
2494 4119 2744 4187 dignetur
2781 4133 2877 4189 per
2909 4115 3089 4172 Jesum
3117 4113 3391 4169 Christum

1823 4212 2107 4267 Dominum
2162 4222 2428 4277 nostrum,
2465 4212 2554 4266 cui
2615 4220 2698 4266 est
2729 4212 2897 4282 gloria
2937 4218 2993 4267 et
3025 4208 3310 4280 imperium
3343 4207 3400 4260 in

1824 4302 2019 4357 sarcula
2056 4301 2402 4357 saeculorum.
2434 4301 2631 4356 Amen.

2408 4413 2685 4471 IIOMILIA
2718 4414 2809 4469 XI.

136 4490 407 4546 adesim
434 4499 648 4561 prae“,
674 4498 730 4545 θί
774 4488 1087 4545 ίηίθιιθθωεθ
1118 4485 1237 4556 eius
1263 4487 1353 4543 me
1377 4485 1720 4543 turbulentus
1751 4479 1796 4535 Β
1831 4506 1905 4563 De
1932 4507 2019 4562 siti
2044 4507 2225 4578 populi
2247 4506 2601 4576 inRaphidin,
2634 4517 2679 4559 et
2704 4508 2782 4578 de_
2811 4503 2942 4559 bello
2962 4502 3395 4565 Antalecitarum,

132 4592 187 4637 et
217 4582 387 4638 ferox
448 4584 539 4650 qui
594 4582 907 4639 scandalum
954 4590 1201 4652 generat,
1260 4583 1542 4635 desecetur
1586 4578 1720 4652 (62).

134 4675 242 4731 Sed
290 4687 351 4733 et
402 4677 452 4732 si
486 4678 698 4731 dentem
744 4675 880 4730 laesit
930 4673 1220 4739 auditoris,
1262 4687 1372 4742 quo
1417 4672 1720 4742 suscipiens

132 4770 320 4825 cibum

135 4866 318 4913 terere
352 4858 552 4913 solitus
593 4869 732 4923 erat,
771 4867 830 4912 ιιι
861 4856 1123 4912 subtilem
1152 4872 1219 4912 ex
1255 4858 1342 4912 his
1375 4858 1441 4910 ad
1472 4864 1718 4909 ventrem

131 4952 339 5007 anima:
379 4949 781 5005 transmitteret
807 4962 1067 5011 sensum;
1108 4948 1153 5003 si
1191 4948 1337 5003 hunc
1378 4948 1599 5003 dentem
1633 4948 1724 5003 ille

136 5043 369 5097 vexavit
420 5052 476 5096 et
513 5040 718 5106 evellit,
751 5050 811 5095 ut
837 5039 1190 5095 contentione
1222 5037 1393 5107 ipsius
1423 5052 1528 5093 non
1554 5040 1725 5107 possit

133 5134 324 5188 anima
380 5131 658 5187 subtiliter
705 5139 761 5187 et
800 5128 1124 5201 spiritaliter
1157 5127 1438 5198 suscipere
1499 5128 1723 5184 verbum

202 5276 253 5307 "
279 5274 466 5330 Exod.
489 5290 604 5338 χχι,
624 5274 711 5329 22.

136 5681 257 5728 lati.
299 5692 321 5725 ι

204 5742 329 5814 (61)
395 5740 570 5811 Alias,
636 5760 655 5795 ι
707 5739 1002 5817 Sidonem,
1044 5760 1063 5796 ι
1114 5741 1270 5799 male.
1318 5740 1519 5799 Omnes
1558 5753 1727 5806 mss.,

390 4768 545 4823 verbi
606 4768 721 4832 Dei,
774 4766 858 4822 vel
908 4766 1285 4822 comminuere
1316 4765 1401 4820 vel
1427 4764 1722 4820 molaribus

2271 4587 2321 4633 et
2350 4580 2414 4631 de
2435 4578 2714 4646 prwsenu‘a
2750 4576 2953 4630 Jetltro.

1899 4672 1951 4725 1.
1986 4670 2251 4738 Quoniam
2298 4668 2479 4724 omnis
2532 4668 2621 4737 qui
2670 4666 2789 4722 vult.
2817 4667 2903 4735 pie
2932 4666 3127 4720 vivere
3160 4664 3212 4718 in
3242 4661 3399 4718 Chri»

1824 4770 1929 4829 sto,
1971 4763 2405 4832 persecutionem
2456 4761 2664 4829 patitur
2693 4759 2761 4826 ⁸³,
2805 4769 2869 4813 et‘
2914 4762 2981 4813 ab
3013 4757 3258 4811 hostibus
3287 4754 3393 4808 im-

1829 4866 2120 4926 pugnatur,
2155 4870 2317 4926 agens
2351 4854 2455 4909 iter
2499 4854 2624 4908 vitae
2652 4854 2811 4924 hujus
2849 4866 3064 4921 semper
3092 4849 3252 4904 debet
3277 4862 3399 4900 esse

1829 4955 2097 5010 armatus,
2124 4955 2174 5001 et
2208 4956 2356 5001 stare
2389 4960 2607 5015 semper
2637 4946 2690 4999 in
2724 4944 2943 5000 castris.
2973 4944 3097 4997 Ideo
3120 4949 3177 4995 et
3204 4943 3270 4994 de
3299 4954 3398 5007 po-

1830 5038 1958 5107 pulo
1994 5037 2088 5093 Dei
2121 5038 2389 5094 refertur:
2421 5056 2439 5091 ι
2477 5038 2732 5094 Profecta
2770 5047 2872 5104 est,
2919 5036 3094 5107 inquit
3123 5034 3190 5100 ⁸³,
3223 5033 3403 5085 omnis

1836 5146 2105 5203 synagoga
2138 5132 2369 5188 ﬁliorum
2402 5131 2567 5188 Israel
2601 5132 2667 5186 de
2695 5132 2906 5187 deserto
2952 5129 3073 5194 Sin,
3101 5123 3400 5182 secundum

790 5275 833 5306 τι
860 5273 903 5328 ιι
926 5273 1073 5333 Tim.
1102 5287 1164 5339 ιι,
1188 5273 1279 5328 25.
1354 5273 1402 5306 τ’
1430 5274 1451 5326 ι
1488 5272 1627 5327 Tim.
1662 5291 1714 5340 v,

1822 5314 1834 5329 .
1859 5278 1904 5309 ⁷³
1933 5276 2033 5331 Isa.
2065 5294 2218 5342 xun,
2241 5280 2297 5334 5.
2370 5280 2417 5314 "
2448 5278 2590 5334 Psal.
2619 5294 2699 5341 ιιι,
2730 5278 2784 5333 8.
2815 5278 2862 5310 ⁷⁵
2892 5277 3088 5331 Jerem.
3124 5287 3273 5331 χχιι.
3309 5265 3401 5342 ευρ.

131 5347 178 5377 "
204 5346 361 5399 Psal.
407 5361 533 5405 Lvu.
569 5348 623 5401 7.
698 5346 744 5378 ⁷⁷
771 5345 988 5400 Denter.
1066 5360 1182 5408 χιχ,
1228 5342 1319 5399 20.
1395 5344 1440 5375 ⁷⁸
1478 5343 1495 5396 I
1534 5345 1676 5397 Tim.

1851 5347 1905 5401 5.

134 5417 179 5450 ⁸⁸
206 5416 228 5471 ι
257 5416 401 5471 Cor.
429 5432 491 5480 ll,
522 5418 609 5471 15.
682 5416 727 5449 δ’
746 5414 789 5471 ιι
821 5415 962 5469 Tim.
1038 5430 1126 5482 ιιι,
1157 5415 1244 5469 12.
1319 5414 1363 5446 ⁸³
1387 5413 1557 5469 Exod.
1578 5430 1711 5483 xvn,
1738 5420 1789 5473 1.

228 5532 329 5600 [9)
368 5530 545 5598 Alias,
601 5549 620 5583 ι
656 5532 852 5586 animae
897 5528 1151 5595 discenti,
1192 5529 1249 5600 si
1271 5528 1353 5583 vir
1379 5529 1663 5600 magister.
1701 5548 1721 5581 ι

228 5532 329 5600 [9)
368 5530 545 5598 Alias,
601 5549 620 5583 ι
656 5532 852 5586 animae
897 5530 1151 5595 discenti,
1192 5530 1238 5583 si
1271 5530 1353 5583 vir
1381 5530 1663 5598 magister.
1701 5548 1721 5581 ι

204 5530 333 5685 ξϐο)
365 5601 539 5668 Alias,
588 5620 609 5655 ι
645 5602 1008 5671 corripientes
1045 5612 1139 5654 eos
1165 5599 1255 5667 qui
1286 5599 1550 5655 resistunt
1585 5600 1724 5655 veri-

2002 5349 2048 5381 "
2100 5334 2288 5405 Matth.
2336 5365 2485 5416 xxiv,
2524 5350 2588 5404 19
2618 5361 2672 5405 et
2690 5334 2794 5404 "2i.
2867 5349 2912 5381 ⁸⁰
2936 5347 3125 5402 Matth.
3166 5334 3395 5403 χνιιιιϐι

1841 5552 1860 5586 ι
1895 5534 2131 5590 Soenen.
2164 5554 2187 5589 ι

1906 5605 2015 5671 (62)
2045 5604 2216 5672 Alias,
2260 5622 2278 5655 ι
2313 5604 2611 5660 deseretur.
2652 5625 2668 5654 ι

1905 5675 2016 5744 (65)
2046 5675 2214 5742 Alias,
2257 5695 2276 5728 ι
2311 5675 2599 5745 confregit.
2648 5693 2671 5723 ι
