3876 6502
471 385 580 443 875

1927 371 2041 432 ORI

2148 373 2249 430 NIS
3599 366 3684 420 376

471 513 655 562 castra
698 515 816 568 sua,
868 512 962 569 per
993 498 1219 552 verbum
1277 495 1511 552 Domini.
1552 515 1570 548 ι
1619 495 1713 550 Est
1763 507 1890 564 ergo
1935 506 2040 547 una
2071 491 2118 548 A
2144 490 2289 544 sitim
2332 505 2507 547 suam.
2546 489 2650 544 Sed
2682 491 2795 545 hzec
2833 497 3026 559 petra,
3064 487 3165 542 nisi
3207 485 3370 540 fuerit
3424 500 3686 555 percussa,

473 595 690 667 quidem
717 604 988 663 synagoga
1041 589 1278 654 Domini,
1319 588 1410 644 sed
1455 590 1571 644 hmc
1609 588 1659 641 in
1693 595 1929 658 quatuor
1949 599 2041 639 ca-

473 699 586 742 stra
617 683 894 740 dividitur.
954 682 1198 749 Quatuor
1242 696 1474 751 namque
1508 691 1692 734 castra
1723 679 2041 733 describun-

473 791 560 834 tur
588 779 736 834 circa
770 773 1176 831 tabernaculum
1208 772 1421 828 Domini
1465 773 1660 843 posita,
1704 773 1846 825 sicut
1873 768 2040 824 refer-

473 881 564 925 tur
593 867 648 923 in
677 867 928 922 Numeris
954 866 1022 921 ⁸⁸.
1051 866 1116 921 Ει
1149 875 1203 920 ιιι
1226 881 1355 934 ergo
1381 865 1425 920 si
1469 879 1685 934 semper
1729 863 1941 935 vigiles,
1987 872 2041 917 et

469 976 685 1032 semper
720 971 963 1015 armatus
1003 961 1102 1024 sis,
1126 969 1181 1013 et
1222 959 1365 1014 scias
1403 966 1452 1012 te
1484 957 1536 1011 in
1603 956 1795 1010 castris
1824 954 2038 1010 Domini

465 1054 732 1117 militare,
759 1053 987 1109 observa
1005 1051 1142 1106 illud
1173 1051 1506 1114 mandatum,
1541 1049 1666 1118 quia
1707 1066 1725 1099 ι
1756 1063 1914 1102 nemo
1939 1047 2040 1102 mi-

465 1143 635 1200 litans
663 1145 794 1205 Deo.
820 1143 1066 1212 implicat
1115 1157 1174 1196 se
1203 1142 1433 1210 negotiis
1482 1140 1857 1198 saecularibus.
1900 1148 1958 1192 ut
1990 1137 2038 1192 ei

463 1234 681 1305 placeat
707 1233 793 1289 cui
837 1247 897 1288 se
938 1231 1193 1302 probavit
1227 1227 1494 1300 "pquia
1519 1228 1559 1282 si
1603 1228 1677 1281 ita
1719 1227 1938 1289 milites,
1983 1236 2040 1279 ut

465 1339 495 1380 a
537 1325 698 1382 rebus
744 1324 1096 1380 saecularibus
1153 1321 1291 1378 liber
1318 1322 1395 1378 sis
1429 1331 1484 1375 et
1523 1321 1575 1374 in
1601 1319 1799 1375 castris
1827 1317 2038 1374 Domini

470 1431 597 1486 agas
661 1430 878 1485 semper
930 1414 1208 1478 excubias,
1243 1423 1296 1466 et
1336 1413 1402 1466 de
1446 1419 1498 1465 te
1527 1410 1749 1472 dicitur,
1787 1409 1910 1478 quia
1946 1424 2042 1478 per

468 1507 696 1561 verbum
719 1503 930 1561 Domini
974 1519 1139 1560 exeas
1179 1505 1245 1558 de
1291 1501 1508 1556 deserto
1547 1500 1642 1554 Sin
1676 1508 1730 1554 et
1768 1498 1960 1553 venias
1987 1499 2039 1552 in

469 1597 764 1668 ltaphidin.
799 1597 895 1652 Sin
924 1597 1066 1651 enim
1104 1596 1326 1649 tentatio
1377 1595 1793 1660 interpretatur;
1838 1590 2041 1660 llaphi-

468 1692 558 1746 ditt
596 1705 723 1747 vero
747 1691 947 1744 sanitas
971 1689 1165 1758 judicii
1213 1686 1348 1757 (61).
1383 1685 1484 1752 Qui
1530 1684 1666 1738 bene
1698 1683 1810 1739 exit
1833 1684 1898 1737 de
1925 1692 2042 1736 ten-

473 1785 696 1848 latione,
743 1795 798 1837 et
833 1799 992 1853 quem
1049 1779 1277 1834 tentatio
1320 1777 1652 1848 probabilem
1699 1776 1904 1837 reddit,
1933 1775 2039 1829 iste

469 1875 617 1930 venit
647 1875 712 1927 ad
746 1875 1028 1928 sanitatem
1056 1871 1268 1938 judteii.
1312 1867 1367 1920 lu
1401 1867 1486 1921 die
1537 1869 1680 1922 enim
1716 1867 1907 1936 jndicii
1953 1881 2040 1920 sa-

471 1981 571 2021 nus
601 1967 726 2027 erit,
763 1963 921 2035 169
964 1973 1018 2018 et
1063 1965 1272 2017 sanitas
1305 1975 1520 2031 cum_eo
1552 1962 1680 2022 erit,
1711 1959 1801 2029 qui
1839 1960 1890 2013 in
1925 1966 2040 2012 ten-

456 2059 675 2112 .tatione
711 2071 814 2111 non
846 2056 1010 2110 fuerit
1053 2053 1376 2106 vulneratus
1410 2067 1424 2103 :
1455 2052 1597 2105 sicut
1638 2061 1692 2102 et
1735 2050 1786 2103 iu
1819 2048 2032 2119 Apoca-

467 2151 605 2220 lypsi
637 2151 896 2217 scriptum
921 2158 1000 2205 est
1026 2147 1073 2179 ⁸⁸
1102 2166 1116 2202 :
1154 2166 1190 2216 ι¹
1213 2147 1315 2214 Qui
1345 2155 1529 2201 autem
1564 2145 1784 2208 vicerit,
1819 2144 1962 2198 dabo
1987 2145 2038 2198 ei

466 2245 537 2298 de
562 2243 706 2313 ligno
748 2243 891 2306 vitae,
923 2240 1062 2312 quod
1089 2249 1172 2296 est
1219 2241 1272 2295 in
1313 2240 1566 2312 paradiso
1593 2237 1689 2294 Dei
1719 2237 1846 2292 mei.
1883 2257 1901 2291 ι
1937 2237 2040 2292 Ve-

468 2337 549 2392 nit
575 2353 703 2408 ergo
733 2337 800 2393 ad
831 2338 1121 2392 sanitatem
1145 2335 1362 2407 judicii,
1385 2334 1477 2404 qui
1502 2335 1640 2391 bene
1667 2335 1905 2404 disponit
1925 2348 2042 2389 ser-

467 2443 656 2484 mones
686 2443 814 2484 suos
858 2429 910 2483 in
933 2428 1160 2498 judicio.

534 2521 590 2574 2.
633 2517 743 2576 Sed
777 2521 904 2591 quid
939 2529 1021 2575 est
1061 2519 1205 2590 quod
1239 2519 1525 2588 sequitur?
1565 2537 1582 2571 ι
1623 2518 1770 2574 Sitiit
1822 2518 1921 2586 ibi,
1959 2519 2041 2574 in-

465 2613 584 2684 quit
609 2614 678 2679 '7,
711 2613 942 2684 populus
969 2628 1192 2684 aquam,
1216 2623 1269 2668 et
1301 2611 1720 2666 murmurabant
1750 2610 2039 2666 adversum

465 2703 714 2775 Moysen.
757 2722 776 2756 ι
829 2703 1080 2758 Videatur
1110 2701 1342 2755 fortasse
1370 2715 1434 2754 ex
1473 2698 1748 2770 superﬂuo
1792 2697 2040 2761 dictum,

467 2794 608 2863 quod
633 2793 791 2860 dixit,
843 2793 970 2865 quia
1000 2807 1194 2858 aquam
1224 2791 1426 2846 sitierit
1455 2789 1705 2861 populus.
1741 2787 2044 2844 Suﬂecerat

465 2888 612 2943 enim
641 2888 846 2950 dicere,
881 2886 1011 2956 quia
1043 2885 1202 2950 sitiit,
1257 2883 1384 2952 quid
1426 2898 1560 2953 opus
1605 2881 1771 2936 fuerit
1801 2882 2004 2937 addere
2025 2922 2040 2948 ,

467 2993 661 3050 aquam
691 2979 866 3035 sitiit?
892 2977 1007 3034 Non
1037 2988 1123 3035 est
1151 2976 1422 3048 superﬂua
1448 2975 1698 3045 adjectio.
1727 2974 1864 3029 Sunt
1897 2976 2040 3029 enim

467 3073 696 3128 diversae
717 3071 873 3137 sites,
906 3081 960 3126 et
992 3071 1361 3140 unusquisque
1386 3068 1548 3124 habet
1572 3071 1844 3139 propriam
1871 3070 2038 3126 sitim.

2144 597 2312 652 aquas
2351 597 2456 636 non
2511 581 2704 636 dabit:
2761 595 3020 651 percussa
3057 594 3186 634 vero
3239 577 3416 633 fontes
3447 579 3685 647 producit.

2143 675 2443 729 Percussus
2468 674 2612 727 enim
2637 673 2911 735 Christus,
2940 680 2995 726 et
3019 670 3074 725 in
3111 683 3327 726 crucem
3382 679 3556 731 actus,
3579 667 3688 721 Novi

2142 763 2479 819 Tcstamenti
2515 761 2690 819 fontes
2724 763 2984 832 produxit
3014 781 3027 815 :
3086 769 3139 815 et
3175 769 3457 830 pr0pterea
3511 759 3688 812 dictum

2142 864 2223 909 est
2255 856 2319 907 de
2345 869 2410 907 eo
2439 853 2508 919 ",
2539 853 2665 923 quia
2701 873 2718 904 ι
2771 853 3074 921 percutiam
3109 859 3385 920 pastorem
3420 858 3475 904 et
3511 849 3692 917 disper-

2143 957 2338 1016 gentur
2365 962 2513 1000 oves.
2549 965 2567 997 ι
2601 943 2838 1000 Necesse
2860 959 2989 1012 ergo
3018 953 3133 998 erat
3163 944 3309 996 illum
3345 941 3575 1012 pert'ttli.
3598 938 3689 992 Nisi

2141 1040 2285 1094 enim
2319 1039 2407 1094 ille
2440 1038 2632 1092 fuisset
2660 1053 2969 1108 percussus,
2999 1046 3053 1092 et
3087 1038 3288 1091 exisset
3319 1038 3382 1088 de
3413 1035 3578 1088 latere
3597 1031 3692 1099 ejus

2143 1147 2286 1201 aqua
2319 1141 2373 1187 et
2406 1131 2653 1201 sanguis,
2684 1146 2874 1185 omnes
2904 1146 3004 1185 nos
3031 1130 3176 1183 sitim
3206 1129 3353 1185 verbi
3383 1127 3473 1182 Dei
3506 1136 3694 1196 patere-

2144 1223 2420 1293 mnr.’,Hoc
2441 1238 2570 1294 ergo
2591 1232 2673 1278 est
2690 1223 2758 1289 θ’,
2780 1222 2922 1292 quod
2947 1233 3000 1277 et
3022 1220 3314 1290 Apostolus
3333 1221 3694 1286 interpretatus

2142 1326 2244 1380 est,
2269 1316 2391 1386 quia
2415 1334 2433 1367 ι
2463 1329 2652 1371 omnes
2670 1313 2918 1369 eumdem
2935 1315 3396 1368 manducaverunt
3416 1312 3591 1364 cibum
3604 1308 3696 1376 spi-

2145 1409 2377 1477 ritalem,
2395 1415 2646 1462 etomnes
2669 1409 2912 1462 eumdem
2929 1405 3224 1474 Spit-italem
3246 1402 3496 1458 biberunt
3515 1412 3694 1471 potum.

2143 1503 2412 1556 Bibebant
2444 1511 2624 1556 autem
2659 1501 2723 1555 de
2748 1500 3005 1568 Spit-itali,
3048 1507 3308 1567 sequente
3341 1506 3520 1566 petra,
3569 1505 3696 1562 petra

2143 1612 2273 1652 vero
2297 1606 2416 1652 erat
2433 1596 2704 1652 Christus.
2733 1612 2752 1646 ι
2779 1593 3018 1649 Observa
3042 1591 3374 1662 tamenquod
3399 1589 3634 1643 dixitlm
3653 1587 3698 1641 in

2142 1689 2260 1744 loco
2280 1689 2423 1744 Deus
2451 1689 2516 1742 ad
2537 1687 2758 1759 Moysen
2787 1687 2832 1719 ’³
2862 1704 2874 1738 :
2907 1705 2924 1737 ι
2955 1684 3224 1739 Antecede
3245 1681 3524 1752 pOpttlttm,
3547 1690 3596 1733 et
3617 1681 3700 1733 dcc

2147 1792 2320 1838 tecum
2345 1780 2577 1848 majores
2607 1788 2760 1846 natu,
2783 1780 2834 1834 id
2859 1789 2936 1833 εει
2955 1779 3302 1848 presbyteros
3331 1773 3535 1842 populi.
3564 1792 3580 1822 ι
3606 1769 3704 1825 Non

2144 1876 2295 1931 solus
2315 1875 2532 1948 Moyses
2559 1874 2710 1928 ducit
2733 1873 2986 1943 populum
3014 1872 3077 1924 ad
3111 1885 3281 1938 aquas
3313 1877 3480 1938 petra:
3507 1908 3523 1933 ,
3554 1868 3640 1920 sed
3661 1873 3705 1918 et

2143 1969 2387 2024 seniores
2411 1967 2594 2038 populi
2619 1981 2741 2021 cum
2773 1965 2911 2034 ipso.
2941 1962 3057 2018 N0n
3089 1962 3230 2016 cuint
3258 1959 3370 2015 sola
3399 1960 3486 2013 lex
3520 1974 3706 2012 annun-

2142 2061 2242 2115 tiat
2269 2059 2545 2116 Christum
2569 2099 2583 2123 ,
2632 2059 2724 2112 sed
2764 2067 2819 2111 ct
2871 2055 3150 2126 propheta:
3179 2095 3194 2120 ,
3231 2063 3281 2107 et
3315 2050 3708 2122 patriarchae,“

2147 2167 2339 2208 omnes
2367 2152 2604 2220 majores
2667 2160 2820 2205 natu.

2249 2248 2304 2303 5.
2356 2247 2486 2302 Post
2540 2246 2656 2300 haec
2712 2243 2913 2300 bellum
2969 2240 3298 2296 describitur
3343 2246 3560 2310 gestum
3605 2250 3707 2288 cum

2141 2338 2488 2406 Amalecilis,
2527 2347 2798 2408 pugnasse
2848 2331 3084 2388 refertur
3139 2329 3368 2400 populus
3418 2338 3475 2383 et
3513 2327 3706 2380 vicisse.

2143 2431 2454 2500 Antequam
2490 2429 2848 2483 manducaret
2878 2437 3071 2495 panem
3114 2425 3178 2476 de
3213 2420 3374 2483 ccelo,
3422 2428 3478 2472 et
3518 2418 3706 2470 biberet

2146 2537 2344 2592 aquam
2378 2523 2445 2577 de
2475 2529 2650 2592 petra,
2709 2533 2813 2573 non
2857 2515 3094 2571 refertur
3149 2513 3379 2584 populus
3431 2524 3709 2580 pugnasse,

2144 2615 2239 2670 sed
2272 2613 2475 2670 dicitur
2507 2613 2574 2667 ad
2609 2627 2734 2668 eum
2773 2609 2852 2661 ’δε
2919 2627 2936 2660 ι
2997 2606 3252 2661 Dominus
3309 2602 3574 2672 pugnabit
3629 2612 3710 2667 pro

2145 2710 2320 2772 vobis,
2362 2717 2418 2764 et
2449 2721 2545 2762 vos
2583 2703 2858 2761 tacebitis.
2889 2721 2907 2754 ι
2948 2702 3040 2756 Est
3095 2714 3223 2770 ergo
3269 2707 3487 2766 tempus
3519 2692 3710 2764 quando

2149 2801 2410 2856 Dominus
2442 2807 2647 2870 pugnat
2677 2811 2776 2866 pro
2806 2793 2984 2856 nobis,
3040 2808 3139 2846 nec
3175 2789 3444 2860 permittit
3480 2803 3579 2842 nos
3612 2794 3711 2839 ten-

2150 2893 2254 2948 tari
2291 2906 2454 2961 supra
2489 2891 2542 2944 id
2578 2889 2721 2960 quod
2756 2900 3069 2956 possumus,
3104 2899 3202 2938 nec
3233 2883 3476 2951 impares
3525 2879 3712 2932 viribus

2147 2986 2279 3041 sinit
2316 2985 2384 3038 ad
2428 2982 2591 3036 fortis
2628 2981 2814 3036 venire
2845 2992 3220 3046 congressum.
3255 2969 3504 3042 Denique
3545 2981 3599 3026 et
3628 2968 3711 3024 Job

2147 3092 2310 3132 omne
2340 3076 2468 3131 illud
2501 3073 2820 3130 lentationis
2847 3086 2960 3128 sua:
2993 3067 3426 3124 famosissimum
3453 3075 3711 3120 certamen

465 3165 569 3232 Qui
604 3166 743 3220 beati
775 3174 900 3222 sunt
928 3163 1228 3220 secundum
1278 3164 1505 3217 verbum
1557 3160 1773 3217 Domini
1806 3163 1875 3229 ⁸⁸,
1911 3179 2038 3219 esu-
2071 3167 2116 3227 C
2144 3171 2257 3240 jam
2298 3170 2576 3240 perfectus
2639 3165 2909 3236 implevit.
2942 3163 3009 3216 Et
3054 3172 3110 3217 tu
3162 3175 3292 3229 ergo
3336 3173 3468 3214 cum
3501 3156 3713 3226 creperis

469 3258 640 3322 riunt,
674 3266 730 3314 et
771 3258 1039 3327 justitiam
1071 3257 1302 3316 sitiunt;
1355 3263 1411 3309 et
1449 3253 1536 3308 alii
1576 3255 1930 3311 nihilominus
1963 3257 2042 3311 di-

467 3358 595 3404 cunt
641 3347 728 3402 "z
771 3365 790 3400 ι
831 3346 1013 3402 Sitivit
1045 3347 1225 3401 anima
1279 3361 1396 3400 mea
1431 3345 1498 3400 ad
1542 3355 1618 3410 te,
1657 3347 1819 3402 Deus.
1859 3367 1877 3401 ι
1936 3349 2038 3415 Qui

467 3457 602 3497 vero
632 3451 949 3512 peccatores
989 3450 1137 3505 sunt,
1174 3442 1461 3510 patiuntur
1504 3455 1609 3496 non
1659 3441 1808 3496 sitim
1852 3456 2040 3510 aquae,

467 3547 648 3605 neque
683 3533 881 3588 famem
925 3533 1078 3601 panis
1110 3572 1124 3596 ,
1179 3533 1272 3586 sed
1323 3533 1470 3588 sitim
1507 3535 1762 3588 audiendi
1819 3533 2041 3589 verbum

470 3624 564 3679 Dei
592 3625 660 3679 ".
690 3623 899 3680 idcirco
939 3625 1104 3694 tgitur
1128 3633 1178 3679 et
1204 3624 1294 3679 hic
1323 3625 1497 3690 addit,
1535 3626 1664 3694 quia
1713 3625 1946 3696 populus
1970 3627 2046 3680 si-

469 3715 553 3768 tiit
580 3731 801 3785 aquam,
835 3715 927 3784 qui
959 3715 1146 3770 debuit
1198 3715 1365 3770 Deum
1409 3715 1586 3785 sitire,
1620 3717 1713 3786 qui
1750 3719 1937 3773 debuit
1968 3719 2044 3774 si-

466 3804 570 3859 tire
597 3805 890 3872 justitiam.
920 3806 1120 3860 Verum
1157 3805 1281 3875 quia
1309 3805 1454 3862 Deus
1505 3823 1634 3863 vere
1665 3809 1912 3862 eruditur
1961 3817 2045 3863 est

465 3894 864 3960 infantium,et
913 3897 1170 3966 magister
1202 3895 1603 3966 insipientium,
1655 3899 1885 3969 corrigit
1929 3900 2043 3953 cul-

466 4004 587 4060 pas,
617 3998 671 4044 et
696 3988 951 4045 emendat
983 4004 1225 4054 errores,
1254 3999 1309 4045 et
1337 3990 1471 4044 dicit
1497 3991 1564 4046 ad
1595 3990 1814 4061 Moysen
1872 4000 1930 4046 ut
1956 4006 2043 4045 su-

474 4091 587 4136 mat
631 4081 884 4151 virgam,
939 4091 995 4136 et
1045 4082 1358 4150 percutiens
1408 4091 1660 4150 petram,
1711 4083 1910 4139 educat
1964 4084 2045 4140 eis

470 4187 692 4242 aquam.
721 4171 847 4228 Vult
875 4171 1022 4225 enim
1050 4185 1144 4226 eos
1163 4171 1275 4241 jam
1307 4171 1374 4226 de
1403 4182 1552 4241 petra
1581 4173 1786 4240 bibere,
1817 4175 1927 4229 vult
1951 4190 2044 4232 eos

467 4265 761 4335 proﬁcere,
787 4271 838 4319 et
865 4263 932 4317 ad
963 4262 1223 4317 interiora
1257 4267 1445 4321 venire
1487 4266 1766 4337 mysteria.
1804 4265 2046 4322 Murmu-

470 4364 735 4412 raverunt
759 4355 906 4411 enim
933 4354 1193 4410 adversus
1235 4355 1488 4426 Moysen,
1514 4368 1565 4431 et
1590 4367 1873 4427 propterea
1892 4360 2046 4430 jubet

467 4448 728 4505 Dominus
755 4455 815 4502 ut
849 4446 1104 4502 ostendat
1132 4447 1213 4502 eis
1246 4460 1478 4517 petram,
1514 4464 1579 4504 ex
1605 4465 1708 4520 qua
1742 4451 1951 4507 bibant.
1986 4453 2042 4508 Si

2147 3262 2481 3316 manducare
2511 3272 2732 3324 manna,
2776 3271 2972 3328 panem
3027 3254 3304 3309 caelestem
3340 3251 3498 3307 verbi
3536 3250 3646 3313 Dei,
3670 3257 3715 3302 ct

2147 3353 2335 3408 bibere
2387 3365 2584 3419 aquam
2644 3349 2711 3403 de
2740 3357 2920 3418 petra,
2951 3359 3183 3415 cumque
3225 3345 3292 3399 ad
3320 3342 3592 3398 interiora
3636 3340 3715 3394 do-

2147 3447 2340 3501 ctrinm
2378 3442 2642 3514 spiritalis
2689 3439 2994 3496 accesseris
3022 3477 3038 3502 ,
3075 3447 3300 3508 sperato
3355 3451 3632 3506 pugnam;
3673 3442 3718 3486 et

2147 3549 2392 3604 pra-para
2425 3543 2477 3588 te
2506 3532 2572 3586 ad
2602 3531 2828 3586 bellum.
2861 3527 3010 3583 Bello
3069 3527 3235 3598 igitur
3264 3526 3616 3590 imminente,
3653 3523 3718 3576 vi-

2147 3628 2374 3682 deamus
2408 3625 2539 3695 quid
2591 3624 2876 3694 praecipiat
2905 3622 3119 3694 Moyses
3149 3642 3161 3676 :
3201 3638 3220 3672 ι
3254 3619 3424 3682 Dixit,
3460 3618 3638 3688 inquit
3660 3618 3714 3676 ",

2152 3721 2218 3775 ad
2243 3718 2426 3775 Jesum
2455 3736 2469 3772 :
2501 3718 2656 3787 Elige
2685 3717 2780 3771 tibi
2816 3716 2917 3786 ipsi
2955 3715 3126 3778 viros,
3165 3722 3219 3768 et
3242 3713 3350 3777 exi,
3412 3721 3471 3766 et
3502 3710 3716 3779 conﬂige

2147 3831 2270 3868 cum
2315 3812 2540 3867 Amalec
2598 3810 2860 3866 crastino.
2918 3827 2938 3862 ι
3007 3806 3188 3878 Usque
3242 3807 3308 3860 ad
3371 3805 3520 3860 hunc
3561 3804 3718 3858 locum

2150 3905 2294 3960 beati
2331 3904 2446 3975 (65)
2467 3902 2704 3959 nominis
2732 3900 2858 3956 Jcsu
2895 3915 3159 3969 nusquam
3206 3897 3348 3952 facta
3389 3906 3477 3951 est
3510 3893 3715 3949 mentio.

2147 3995 2247 4051 Hic
2265 3996 2500 4065 primum
2521 3992 2765 4048 vocabuli
2788 3991 2946 4060 hujus
2970 3989 3221 4059 splendor
3237 3986 3466 4041 eﬂulsit.
3505 3985 3605 4040 llic
3624 3983 3718 4052 pri-

2151 4103 2300 4142 mum
2332 4083 2784 4154 vocavitMoyses
2818 4081 3021 4143 Jesunt,
3050 4090 3104 4135 et
3149 4080 3284 4134 dixit
3312 4080 3363 4132 ei
3402 4077 3492 4132 "z
3534 4095 3554 4128 ι
3593 4077 3718 4142 Elige

2152 4181 2248 4235 tibi
2287 4179 2390 4250 ipsi
2423 4178 2590 4233 viros.
2631 4194 2651 4229 ι
2692 4175 2902 4245 Moyses
2959 4181 3114 4228 vocat
3145 4171 3332 4226 Jesum
3370 4211 3385 4235 ,
3444 4169 3531 4224 lex
3585 4175 3719 4222 vocat

2152 4272 2456 4336 Christum,
2492 4278 2550 4324 ut
2583 4267 2749 4340 eligat
2798 4267 3013 4338 sibiipsi
3070 4265 3220 4318 viros
3260 4273 3509 4333 potentes
3538 4264 3607 4316 de
3637 4276 3719 4329 po-

2150 4367 2299 4436 pulo.
2329 4362 2444 4419 Non
2496 4371 2714 4433 poterat
2771 4360 2984 4431 Moyses
3012 4358 3234 4429 eligere,
3265 4359 3358 4410 sed
3393 4355 3553 4411 Jesus
3587 4354 3718 4408 solus

2150 4468 2236 4514 est
2269 4459 2362 4528 qui
2407 4454 2574 4526 possit
2605 4462 2859 4524 potentes
2899 4453 3048 4507 viros
3101 4452 3324 4522 eligere,
3358 4450 3451 4520 qui
3485 4445 3718 4503 dixit":

464 4542 589 4612 quis
610 4551 693 4598 est
717 4543 806 4611 qui
831 4541 1017 4611 legens
1039 4539 1260 4612 Moysen
1287 4551 1588 4595 murmurat
1612 4546 1872 4600 adversus
1893 4559 2038 4610 eum,
2078 4521 2125 4577 θ
2157 4567 2175 4600 ‹
2214 4521 2331 4602 Non
2368 4521 2462 4602 vos
2503 4521 2882 4613 tne—elegistis
2906 4585 2921 4610 ,
2958 4542 3055 4598 sed
3087 4521 3196 4612 ego,
3237 4556 3332 4596 vos
3365 4541 3521 4612 elegi.
3558 4557 3576 4590 ι
3616 4535 3722 4606 Ipse

465 4644 522 4688 et
552 4634 801 4703 displicet
825 4633 905 4687 eis
931 4633 1042 4698 lex,
1075 4647 1196 4703 quae
1222 4633 1524 4688 secundum
1555 4633 1790 4689 litteram
1838 4639 2043 4706 scripta

466 4736 575 4793 est,
603 4727 749 4796 quod
777 4726 832 4780 in
864 4726 1049 4781 multis
1075 4725 1431 4782 non'videtur
1459 4741 1684 4783 servare
1716 4743 2050 4798 consequen-

466 4821 623 4883 tiam,
647 4819 885 4874 ostendit
923 4817 972 4873 ei
1001 4817 1216 4890 Moyses
1257 4827 1489 4888 petram,
1514 4834 1633 4888 qua:
1661 4829 1744 4876 est
1769 4820 2044 4890 Christus,

465 4919 523 4968 ct
551 4910 772 4967 adducit
798 4924 922 4967 eum
964 4911 1031 4966 ad
1068 4911 1263 4981 ipsam,
1313 4919 1372 4965 ut
1406 4910 1534 4966 inde
1563 4909 1714 4967 bibat
1748 4923 1804 4968 et
1836 4916 2045 4970 reﬁciat

539 5099 589 5136 ⁸⁸
609 5099 771 5156 Num.
805 5116 867 5158 ll.
944 5099 1050 5156 "ll
1089 5101 1230 5156 Tim.
1259 5115 1322 5167 ll,
1347 5103 1402 5156 4.

462 5172 514 5209 ⁸ο
545 5173 712 5228 Amos
761 5187 903 5234 vttt,
950 5172 1038 5227 Η.

395 5263 405 5271 ·
461 5259 621 5323 xv_tt,
662 5241 719 5299 9.
791 5242 837 5274 "
869 5242 1002 5298 ibid.

1115 5173 1157 5204 ⁹¹
1191 5171 1358 5229 Zach.
1393 5189 1514 5234 xm.
1547 5174 1598 5228 7.

1112 5243 1156 5274 ’⁷
1187 5241 1344 5298 .Ioan.
1377 5259 1462 5310 xv,
1493 5242 1579 5301 16.

533 5384 646 5466 (ιξι)
665 5383 767 5466 Sin
786 5385 927 5466 enini
951 5386 1603 5466 t-e'ntatiohinterpreratar,
1632 5391 1893 5466 Raphidin
1926 5409 2045 5447 vero

466 5453 673 5536 sanitas
694 5455 920 5536 judicii.
954 5453 1113 5536 pride
1134 5455 1236 5536 Sin
1275 5453 1506 5514 tentatio
1532 5453 1890 5536 interpretari
1925 5480 2046 5531 pos-

465 5532 540 5582 sit
572 5524 784 5596 ignoro,
817 5525 922 5579 nisi
952 5524 1094 5581 forte
1115 5528 1347 5581 ducatur
1375 5545 1404 5583 a
1434 5529 1600 5584 verbo
1627 5524 2046 5590 deiicientem:

464 5595 669 5655 tollere,
727 5598 874 5655 quod
929 5595 980 5648 in
1020 5597 1143 5651 Pili.
1171 5607 1349 5655 sonat.
1377 5600 1613 5655 tentavit.
1651 5601 1904 5655 probavit.
1941 5603 2046 5655 lia-

464 5605 669 5677 tottere,
727 5605 874 5665 quod
929 5611 980 5648 tn
1020 5605 1143 5651 Pili.
1171 5607 1349 5663 sonat,
1377 5605 1613 5662 tentavit,
1650 5605 1904 5669 probavit.
1941 5605 2046 5655 Ita-

463 5665 652 5786 phtdtn
684 5680 813 5720 vero
863 5666 1070 5747 optime
1125 5669 1371 5750 redditur
1408 5670 1606 5724 sanitas
1623 5670 1817 5739 judicii
1846 5689 1874 5725 a
1909 5673 2041 5727 Ver-

506 5749 550 5786 18
562 5739 678 5786 NB".
692 5745 897 5786 mnam!
919 5742 999 5786 ττι
1025 5737 1296 5786 mdrcamt-

506 5737 678 5805 i835".
692 5737 897 5789 sanavit
919 5742 999 5805 ΓΠ
1014 5737 1296 5805 judicavit.

539 5803 650 5872 (65)
674 5805 844 5861 Exod.
878 5803 1096 5874 xv'tt,"9,
1129 5809 1366 5879 pritnum
1417 5807 1558 5864 LXX
1592 5812 1920 5883 interpretes
1948 5810 2038 5868 Jo-

1529 5103 1574 5134 ⁸⁸
1616 5103 1786 5174 Apoc.
1821 5121 1882 5170 tt.
1918 5108 1972 5166 7.
2045 5110 2090 5142 ⁸⁷
2124 5106 2292 5165 Exod.
2324 5104 2577 5170 xvtt,12.

1712 5176 1758 5208 "
1791 5167 1965 5236 lCor.
1997 5198 2041 5247 Χ,

2160 5183 2215 5234 4.
2290 5177 2336 5211 ⁸⁸
2362 5167 2497 5233 Gen.
2549 5189 2683 5240 xvtt,
2712 5173 2767 5229 5.
2840 5171 2888 5205 “
2925 5171 3095 5226 Exod.
3142 5185 3256 5236 xiv,
3305 5170 3395 5225 14.
3473 5170 3516 5201 ’⁵
3555 5167 3715 5221 Exod.

2151 4641 2300 4696 enim
2332 4639 2634 4692 electorum
2669 4638 2800 4703 dux,
2833 4636 2948 4706 ipse
2975 4633 3279 4704 potentium
3305 4632 3582 4701 princeps,
3617 4629 3721 4696 ipse

2147 4734 2240 4804 qni
2279 4730 2519 4802 conﬂigit
2547 4745 2672 4784 cum
2705 4726 2952 4782 Amalec.
2991 4724 3108 4794 Ipse
3150 4735 3234 4780 est
3261 4725 3408 4779 enim
3438 4725 3526 4794 qui
3566 4724 3720 4776 intrat

2148 4827 2200 4881 in
2231 4826 2452 4882 domum
2487 4823 2647 4879 fortis
2695 4831 2749 4879 et
2775 4821 2964 4892 alligat
2997 4820 3216 4885 fortem,
3249 4830 3306 4875 et
3335 4835 3464 4875 vasa
3501 4821 3617 4889 ejus
3648 4817 3720 4869 di-

2144 4920 2294 4990 ripit.

2690 5104 2737 5137 ⁸⁸
2761 5101 2953 5158 Matth.
2995 5116 3046 5165 v,
3084 5097 3135 5154 6.
3246 5098 3293 5132 ”
3322 5097 3472 5154 Psal.
3505 5111 3638 5158 χιιι,
3664 5096 3716 5148 2.

2151 5407 2248 5448 sue
2279 5389 2626 5462 appellarunt
2656 5385 2860 5442 Jcsum.
2896 5382 3036 5437 Hine
3065 5381 3384 5461 allegoriam
3430 5383 3718 5462 suo-more

2149 5451 2326 5518 ducit.
2347 5451 2613 5530 Origenes
2643 5498 2658 5522 ,
2694 5470 2882 5530 quamA
2909 5468 2976 5507 ne
3033 5451 3193 5522 putes
3218 5451 3712 5530 pmpinonotilosatn

2146 5515 2296 5596 esse,
2320 5515 2544 5586 adnotat
2569 5515 2959 5596 Ge'tte'brardus.
2979 5515 3104 5596 eum
3138 5523 3230 5596 qui
3275 5520 3404 5596 oli_m
3435 5515 3713 5596 dicebatur

2147 5587 2337 5665 Iosue,
2366 5608 2492 5669 post
2523 5598 2901 5669 captivitatem
2930 5587 3324 5669 Babylonium
3352 5587 3575 5669 brevius.
3595 5595 3712 5669 gap:

2146 5651 2650 5741 pellatutith—esnm
2676 5667 2925 5738 Syriace.
2962 5651 3112 5741 [inde
3167 5674 3222 5717 et
3267 5661 3503 5741 Christus
3537 5651 3714 5741 {9:23

2142 5729 2340 5795 nomen
2373 5739 2562 5795 habuit
2579 5729 2736 5809 juxta
2761 5746 2936 5804 vetus,
2979 5737 3136 5790 Jesus
3170 5747 3299 5788 vero
3331 5731 3475 5802 juxta
3519 5729 3713 5778 recent

2138 5809 2448 5866 Judaeorum
2479 5811 2700 5866 idioma.
