  <div class='ocr_page' id='page_1' title='image "/cluster/home/n/w/nwhite01/storage/ocr_20150623/12/hvd.32044019207638/192.png"; bbox 0 0 3876 6498; ppageno 0'>
   <div class='ocr_carea' id='block_1_1' title="bbox 167 359 267 419">
    <p class='ocr_par' dir='ltr' id='par_1_1' title="bbox 167 359 267 419">
     <span class='ocr_line' id='line_1_1' title="bbox 167 359 267 419; baseline -0.02 -1"><span class='ocrx_word' id='word_1_1' title='bbox 167 359 267 419; x_wconf 73' lang='grc'><strong>577</strong></span> 
     </span>
    </p>
   </div>
   <div class='ocr_carea' id='block_1_2' title="bbox 1357 359 2201 422">
    <p class='ocr_par' dir='ltr' id='par_1_2' title="bbox 1357 359 2201 422">
     <span class='ocr_line' id='line_1_2' title="bbox 1357 359 2201 422; baseline 0.007 -6"><span class='ocrx_word' id='word_1_2' title='bbox 1357 362 1424 417; x_wconf 79' lang='grc' dir='ltr'><strong>ΙΝ</strong></span> <span class='ocrx_word' id='word_1_3' title='bbox 1465 359 1753 422; x_wconf 81' lang='lat' dir='ltr'><strong>EXODUM</strong></span> <span class='ocrx_word' id='word_1_4' title='bbox 1792 365 2073 422; x_wconf 80' lang='lat' dir='ltr'><strong>HOMILIA</strong></span> <span class='ocrx_word' id='word_1_5' title='bbox 2107 365 2201 422; x_wconf 83' lang='lat' dir='ltr'><strong>XI.</strong></span> 
     </span>
    </p>
   </div>
   <div class='ocr_carea' id='block_1_3' title="bbox 3326 367 3431 424">
    <p class='ocr_par' dir='ltr' id='par_1_3' title="bbox 3326 367 3431 424">
     <span class='ocr_line' id='line_1_3' title="bbox 3326 367 3431 424; baseline 0 -1"><span class='ocrx_word' id='word_1_6' title='bbox 3326 367 3431 424; x_wconf 77' lang='lat'><strong>&#39;578</strong></span> 
     </span>
    </p>
   </div>
   <div class='ocr_carea' id='block_1_4' title="bbox 239 480 3427 558">
    <p class='ocr_par' dir='ltr' id='par_1_4' title="bbox 239 480 3427 558">
     <span class='ocr_line' id='line_1_4' title="bbox 239 480 3427 558; baseline 0 -20"><span class='ocrx_word' id='word_1_7' title='bbox 239 485 290 538; x_wconf 72' lang='grc'><strong>4.</strong></span> <span class='ocrx_word' id='word_1_8' title='bbox 308 480 647 538; x_wconf 79' lang='lat' dir='ltr'><strong>Sed-interim</strong></span> <span class='ocrx_word' id='word_1_9' title='bbox 668 481 1082 552; x_wconf 88' lang='lat' dir='ltr'><strong>videamusquid</strong></span> <span class='ocrx_word' id='word_1_10' title='bbox 1101 500 1240 539; x_wconf 91' lang='lat' dir='ltr'><strong>nunc</strong></span> <span class='ocrx_word' id='word_1_11' title='bbox 1255 485 1481 541; x_wconf 87' lang='lat' dir='ltr'><strong>historia</strong></span> <span class='ocrx_word' id='word_1_12' title='bbox 1505 505 1742 558; x_wconf 77' lang='lat' dir='ltr'><strong>pnesens</strong></span> <span class='ocrx_word' id='word_1_13' title='bbox 1773 495 1817 552; x_wconf 80' lang='grc' dir='ltr'><strong>Α</strong></span> <span class='ocrx_word' id='word_1_14' title='bbox 1848 499 1984 552; x_wconf 88' lang='lat' dir='ltr'><strong>tuos,</strong></span> <span class='ocrx_word' id='word_1_15' title='bbox 2021 490 2195 544; x_wconf 88' lang='lat' dir='ltr'><strong>clama</strong></span> <span class='ocrx_word' id='word_1_16' title='bbox 2222 487 2290 542; x_wconf 90' lang='lat' dir='ltr'><strong>ad</strong></span> <span class='ocrx_word' id='word_1_17' title='bbox 2322 487 2489 542; x_wconf 88' lang='lat' dir='ltr'><strong>Demn</strong></span> <span class='ocrx_word' id='word_1_18' title='bbox 2512 526 2526 551; x_wconf 93' lang='lat'><strong>,</strong></span> <span class='ocrx_word' id='word_1_19' title='bbox 2560 493 2618 541; x_wconf 91' lang='lat' dir='ltr'><strong>ut</strong></span> <span class='ocrx_word' id='word_1_20' title='bbox 2647 484 2779 540; x_wconf 90' lang='lat' dir='ltr'><strong>dicit</strong></span> <span class='ocrx_word' id='word_1_21' title='bbox 2814 484 3106 555; x_wconf 83' lang='lat' dir='ltr'><strong>Apostolus</strong></span> <span class='ocrx_word' id='word_1_22' title='bbox 3137 484 3161 517; x_wconf 84' lang='lat'><strong>’</strong></span> <span class='ocrx_word' id='word_1_23' title='bbox 3191 503 3204 539; x_wconf 74' lang='grc' dir='ltr'>ε</span> <span class='ocrx_word' id='word_1_24' title='bbox 3242 504 3259 538; x_wconf 77' lang='grc' dir='ltr'><strong>ι</strong></span> <span class='ocrx_word' id='word_1_25' title='bbox 3287 485 3427 541; x_wconf 90' lang='lat' dir='ltr'><strong>Ora-</strong></span> 
     </span>
    </p>
   </div>
   <div class='ocr_carea' id='block_1_5' title="bbox 167 575 1741 646">
    <p class='ocr_par' dir='ltr' id='par_1_5' title="bbox 167 575 1741 646">
     <span class='ocr_line' id='line_1_5' title="bbox 167 575 1741 646; baseline 0.003 -16"><span class='ocrx_word' id='word_1_26' title='bbox 167 585 401 630; x_wconf 77' lang='lat' dir='ltr'><strong>retesat:</strong></span> <span class='ocrx_word' id='word_1_27' title='bbox 431 593 450 626; x_wconf 74' lang='grc' dir='ltr'><strong>ι</strong></span> <span class='ocrx_word' id='word_1_28' title='bbox 479 575 756 640; x_wconf 86' lang='lat' dir='ltr'><strong>Ascendit,</strong></span> <span class='ocrx_word' id='word_1_29' title='bbox 780 575 1036 644; x_wconf 74' lang='lat' dir='ltr'><strong>inquit”,</strong></span> <span class='ocrx_word' id='word_1_30' title='bbox 1057 575 1336 646; x_wconf 88' lang='lat' dir='ltr'><strong>Moysesin</strong></span> <span class='ocrx_word' id='word_1_31' title='bbox 1357 580 1618 634; x_wconf 77' lang='lat' dir='ltr'><strong>verticem</strong></span> <span class='ocrx_word' id='word_1_32' title='bbox 1637 580 1741 635; x_wconf 89' lang='lat' dir='ltr'><strong>col-</strong></span> 
     </span>
    </p>
   </div>
   <div class='ocr_carea' id='block_1_6' title="bbox 163 664 1741 735">
    <p class='ocr_par' dir='ltr' id='par_1_6' title="bbox 163 664 1741 735">
     <span class='ocr_line' id='line_1_6' title="bbox 163 664 1741 735; baseline 0.004 -15"><span class='ocrx_word' id='word_1_33' title='bbox 163 667 247 723; x_wconf 85' lang='lat' dir='ltr'><strong>lis.</strong></span> <span class='ocrx_word' id='word_1_34' title='bbox 270 683 288 717; x_wconf 74' lang='grc' dir='ltr'><strong>ι</strong></span> <span class='ocrx_word' id='word_1_35' title='bbox 313 664 558 719; x_wconf 81' lang='lat' dir='ltr'><strong>Nondum</strong></span> <span class='ocrx_word' id='word_1_36' title='bbox 575 666 820 720; x_wconf 88' lang='lat' dir='ltr'><strong>ascemlit</strong></span> <span class='ocrx_word' id='word_1_37' title='bbox 837 666 889 719; x_wconf 93' lang='lat' dir='ltr'><strong>in</strong></span> <span class='ocrx_word' id='word_1_38' title='bbox 909 667 1166 722; x_wconf 88' lang='lat' dir='ltr'><strong>verticem</strong></span> <span class='ocrx_word' id='word_1_39' title='bbox 1189 669 1407 735; x_wconf 89' lang='lat' dir='ltr'><strong>montis,</strong></span> <span class='ocrx_word' id='word_1_40' title='bbox 1433 673 1526 725; x_wconf 88' lang='lat' dir='ltr'><strong>sed</strong></span> <span class='ocrx_word' id='word_1_41' title='bbox 1550 672 1600 725; x_wconf 92' lang='lat' dir='ltr'><strong>in</strong></span> <span class='ocrx_word' id='word_1_42' title='bbox 1622 687 1741 726; x_wconf 88' lang='lat' dir='ltr'><strong>ver-</strong></span> 
     </span>
    </p>
   </div>
   <div class='ocr_carea' id='block_1_7' title="bbox 163 755 1742 816">
    <p class='ocr_par' dir='ltr' id='par_1_7' title="bbox 163 755 1742 816">
     <span class='ocr_line' id='line_1_7' title="bbox 163 755 1742 816; baseline 0.003 -4"><span class='ocrx_word' id='word_1_43' title='bbox 163 758 318 812; x_wconf 85' lang='lat' dir='ltr'><strong>ticem</strong></span> <span class='ocrx_word' id='word_1_44' title='bbox 337 755 510 812; x_wconf 90' lang='lat' dir='ltr'><strong>collis.</strong></span> <span class='ocrx_word' id='word_1_45' title='bbox 527 755 760 810; x_wconf 86' lang='lat' dir='ltr'><strong>Servaba</strong></span> <span class='ocrx_word' id='word_1_46' title='bbox 773 765 858 810; x_wconf 89' lang='lat' dir='ltr'><strong>tur</strong></span> <span class='ocrx_word' id='word_1_47' title='bbox 872 757 1014 810; x_wconf 91' lang='lat' dir='ltr'><strong>enim</strong></span> <span class='ocrx_word' id='word_1_48' title='bbox 1031 758 1078 812; x_wconf 91' lang='lat' dir='ltr'><strong>ei</strong></span> <span class='ocrx_word' id='word_1_49' title='bbox 1105 768 1229 812; x_wconf 91' lang='lat' dir='ltr'><strong>tunc</strong></span> <span class='ocrx_word' id='word_1_50' title='bbox 1244 760 1536 816; x_wconf 81' lang='lat' dir='ltr'><strong>ascendere</strong></span> <span class='ocrx_word' id='word_1_51' title='bbox 1554 761 1604 815; x_wconf 92' lang='lat' dir='ltr'><strong>in</strong></span> <span class='ocrx_word' id='word_1_52' title='bbox 1627 778 1742 816; x_wconf 85' lang='lat' dir='ltr'><strong>ver-</strong></span> 
     </span>
    </p>
   </div>
   <div class='ocr_carea' id='block_1_8' title="bbox 161 852 1738 926">
    <p class='ocr_par' dir='ltr' id='par_1_8' title="bbox 161 852 1738 926">
     <span class='ocr_line' id='line_1_8' title="bbox 161 852 1738 926; baseline 0.003 -18"><span class='ocrx_word' id='word_1_53' title='bbox 161 857 318 909; x_wconf 90' lang='lat' dir='ltr'><strong>ticem</strong></span> <span class='ocrx_word' id='word_1_54' title='bbox 347 852 563 913; x_wconf 83' lang='lat' dir='ltr'><strong>montis,</strong></span> <span class='ocrx_word' id='word_1_55' title='bbox 583 869 705 908; x_wconf 89' lang='lat' dir='ltr'><strong>eum</strong></span> <span class='ocrx_word' id='word_1_56' title='bbox 722 869 1047 910; x_wconf 85' lang='lat' dir='ltr'><strong>ascensurus</strong></span> <span class='ocrx_word' id='word_1_57' title='bbox 1063 864 1177 908; x_wconf 86' lang='lat' dir='ltr'><strong>erat</strong></span> <span class='ocrx_word' id='word_1_58' title='bbox 1192 854 1370 920; x_wconf 86' lang='lat' dir='ltr'><strong>Jesus,</strong></span> <span class='ocrx_word' id='word_1_59' title='bbox 1387 866 1442 910; x_wconf 92' lang='lat' dir='ltr'><strong>et</strong></span> <span class='ocrx_word' id='word_1_60' title='bbox 1475 873 1594 911; x_wconf 87' lang='lat' dir='ltr'><strong>cum</strong></span> <span class='ocrx_word' id='word_1_61' title='bbox 1620 857 1738 926; x_wconf 89' lang='lat' dir='ltr'><strong>ipso</strong></span> 
     </span>
    </p>
   </div>
   <div class='ocr_carea' id='block_1_9' title="bbox 159 946 1732 1021">
    <p class='ocr_par' dir='ltr' id='par_1_9' title="bbox 159 946 1732 1021">
     <span class='ocr_line' id='line_1_9' title="bbox 159 946 1732 1021; baseline 0.004 -21"><span class='ocrx_word' id='word_1_62' title='bbox 159 946 393 1018; x_wconf 85' lang='lat' dir='ltr'><strong>Moyses,</strong></span> <span class='ocrx_word' id='word_1_63' title='bbox 426 956 479 1000; x_wconf 90' lang='lat' dir='ltr'><strong>et</strong></span> <span class='ocrx_word' id='word_1_64' title='bbox 507 946 670 1012; x_wconf 86' lang='lat' dir='ltr'><strong>Elias,</strong></span> <span class='ocrx_word' id='word_1_65' title='bbox 703 959 757 1004; x_wconf 88' lang='lat' dir='ltr'><strong>et</strong></span> <span class='ocrx_word' id='word_1_66' title='bbox 797 949 869 1002; x_wconf 87' lang='lat' dir='ltr'><strong>ibi</strong></span> <span class='ocrx_word' id='word_1_67' title='bbox 910 947 1389 1004; x_wconf 83' lang='lat' dir='ltr'><strong>translormandus</strong></span> <span class='ocrx_word' id='word_1_68' title='bbox 1422 951 1472 1003; x_wconf 96' lang='lat' dir='ltr'><strong>in</strong></span> <span class='ocrx_word' id='word_1_69' title='bbox 1527 952 1732 1021; x_wconf 85' lang='lat' dir='ltr'><strong>gloria.</strong></span> 
     </span>
    </p>
   </div>
   <div class='ocr_carea' id='block_1_10' title="bbox 157 1037 1734 1111">
    <p class='ocr_par' dir='ltr' id='par_1_10' title="bbox 157 1037 1734 1111">
     <span class='ocr_line' id='line_1_10' title="bbox 157 1037 1734 1111; baseline 0.003 -19"><span class='ocrx_word' id='word_1_70' title='bbox 157 1037 308 1094; x_wconf 83' lang='lat' dir='ltr'><strong>Nunc</strong></span> <span class='ocrx_word' id='word_1_71' title='bbox 334 1054 465 1111; x_wconf 88' lang='lat' dir='ltr'><strong>ergo</strong></span> <span class='ocrx_word' id='word_1_72' title='bbox 500 1040 647 1096; x_wconf 90' lang='lat' dir='ltr'><strong>velut</strong></span> <span class='ocrx_word' id='word_1_73' title='bbox 699 1041 937 1094; x_wconf 81' lang='lat' dir='ltr'><strong>nomium</strong></span> <span class='ocrx_word' id='word_1_74' title='bbox 989 1039 1325 1111; x_wconf 89' lang='lat' dir='ltr'><strong>glorilicatus</strong></span> <span class='ocrx_word' id='word_1_75' title='bbox 1366 1056 1429 1095; x_wconf 85' lang='lat' dir='ltr'><strong>ex</strong></span> <span class='ocrx_word' id='word_1_76' title='bbox 1467 1043 1734 1096; x_wconf 76' lang='lat' dir='ltr'><strong>transfor-</strong></span> 
     </span>
    </p>
   </div>
   <div class='ocr_carea' id='block_1_11' title="bbox 159 1131 1732 1199">
    <p class='ocr_par' dir='ltr' id='par_1_11' title="bbox 159 1131 1732 1199">
     <span class='ocr_line' id='line_1_11' title="bbox 159 1131 1732 1199; baseline 0.003 -15"><span class='ocrx_word' id='word_1_77' title='bbox 159 1132 400 1186; x_wconf 87' lang='lat' dir='ltr'><strong>matione</strong></span> <span class='ocrx_word' id='word_1_78' title='bbox 426 1131 575 1199; x_wconf 83' lang='lat' dir='ltr'><strong>Jesu,</strong></span> <span class='ocrx_word' id='word_1_79' title='bbox 619 1132 856 1186; x_wconf 91' lang='lat' dir='ltr'><strong>nondum</strong></span> <span class='ocrx_word' id='word_1_80' title='bbox 893 1133 1137 1188; x_wconf 74' lang='lat' dir='ltr'><strong>ascendit</strong></span> <span class='ocrx_word' id='word_1_81' title='bbox 1167 1133 1218 1186; x_wconf 88' lang='lat' dir='ltr'><strong>in</strong></span> <span class='ocrx_word' id='word_1_82' title='bbox 1259 1133 1514 1186; x_wconf 74' lang='lat' dir='ltr'><strong>verticem</strong></span> <span class='ocrx_word' id='word_1_83' title='bbox 1577 1150 1732 1188; x_wconf 90' lang='lat' dir='ltr'><strong>mon-</strong></span> 
     </span>
    </p>
   </div>
   <div class='ocr_carea' id='block_1_12' title="bbox 159 1224 1730 1292">
    <p class='ocr_par' dir='ltr' id='par_1_12' title="bbox 159 1224 1730 1292">
     <span class='ocr_line' id='line_1_12' title="bbox 159 1224 1730 1292; baseline 0.003 -14"><span class='ocrx_word' id='word_1_84' title='bbox 159 1224 251 1288; x_wconf 84' lang='lat' dir='ltr'><strong>tis,</strong></span> <span class='ocrx_word' id='word_1_85' title='bbox 285 1225 378 1278; x_wconf 89' lang='lat' dir='ltr'><strong>sed</strong></span> <span class='ocrx_word' id='word_1_86' title='bbox 411 1225 656 1279; x_wconf 90' lang='lat' dir='ltr'><strong>ascendit</strong></span> <span class='ocrx_word' id='word_1_87' title='bbox 681 1225 732 1278; x_wconf 93' lang='lat' dir='ltr'><strong>in</strong></span> <span class='ocrx_word' id='word_1_88' title='bbox 763 1226 1022 1279; x_wconf 82' lang='lat' dir='ltr'><strong>verticem</strong></span> <span class='ocrx_word' id='word_1_89' title='bbox 1053 1225 1241 1280; x_wconf 89' lang='lat' dir='ltr'><strong>collis:</strong></span> <span class='ocrx_word' id='word_1_90' title='bbox 1273 1249 1290 1278; x_wconf 75' lang='grc' dir='ltr'><strong>ι</strong></span> <span class='ocrx_word' id='word_1_91' title='bbox 1321 1227 1388 1281; x_wconf 86' lang='grc' dir='ltr'>Ει</span> <span class='ocrx_word' id='word_1_92' title='bbox 1414 1227 1612 1284; x_wconf 77' lang='lat' dir='ltr'><strong>factum</strong></span> <span class='ocrx_word' id='word_1_93' title='bbox 1627 1236 1730 1292; x_wconf 81' lang='lat' dir='ltr'><strong>est,</strong></span> 
     </span>
    </p>
   </div>
   <div class='ocr_carea' id='block_1_13' title="bbox 155 1317 1735 1388">
    <p class='ocr_par' dir='ltr' id='par_1_13' title="bbox 155 1317 1735 1388">
     <span class='ocr_line' id='line_1_13' title="bbox 155 1317 1735 1388; baseline 0.001 -16"><span class='ocrx_word' id='word_1_94' title='bbox 155 1317 330 1385; x_wconf 86' lang='lat' dir='ltr'><strong>inquit</strong></span> <span class='ocrx_word' id='word_1_95' title='bbox 378 1318 449 1384; x_wconf 73' lang='grc'><strong>’⁸,</strong></span> <span class='ocrx_word' id='word_1_96' title='bbox 486 1333 610 1372; x_wconf 92' lang='lat' dir='ltr'><strong>cum</strong></span> <span class='ocrx_word' id='word_1_97' title='bbox 651 1317 893 1372; x_wconf 83' lang='lat' dir='ltr'><strong>elevaret</strong></span> <span class='ocrx_word' id='word_1_98' title='bbox 947 1317 1162 1388; x_wconf 77' lang='lat' dir='ltr'><strong>Moyses</strong></span> <span class='ocrx_word' id='word_1_99' title='bbox 1207 1334 1398 1371; x_wconf 86' lang='lat' dir='ltr'><strong>manus</strong></span> <span class='ocrx_word' id='word_1_100' title='bbox 1428 1357 1442 1381; x_wconf 94' lang='lat'><strong>,</strong></span> <span class='ocrx_word' id='word_1_101' title='bbox 1481 1321 1735 1387; x_wconf 81' lang='lat' dir='ltr'><strong>superior</strong></span> 
     </span>
    </p>
   </div>
   <div class='ocr_carea' id='block_1_14' title="bbox 154 1407 1730 1480">
    <p class='ocr_par' dir='ltr' id='par_1_14' title="bbox 154 1407 1730 1480">
     <span class='ocr_line' id='line_1_14' title="bbox 154 1407 1730 1480; baseline 0.001 -18"><span class='ocrx_word' id='word_1_102' title='bbox 154 1407 314 1464; x_wconf 82' lang='lat' dir='ltr'><strong>ﬁebat</strong></span> <span class='ocrx_word' id='word_1_103' title='bbox 350 1407 538 1464; x_wconf 83' lang='lat' dir='ltr'><strong>Israel.</strong></span> <span class='ocrx_word' id='word_1_104' title='bbox 580 1429 599 1461; x_wconf 72' lang='grc' dir='ltr'><strong>ι</strong></span> <span class='ocrx_word' id='word_1_105' title='bbox 634 1409 846 1480; x_wconf 85' lang='lat' dir='ltr'><strong>Moyses</strong></span> <span class='ocrx_word' id='word_1_106' title='bbox 875 1409 1090 1478; x_wconf 90' lang='lat' dir='ltr'><strong>quidem</strong></span> <span class='ocrx_word' id='word_1_107' title='bbox 1117 1409 1296 1464; x_wconf 87' lang='lat' dir='ltr'><strong>elevat</strong></span> <span class='ocrx_word' id='word_1_108' title='bbox 1333 1426 1526 1465; x_wconf 86' lang='lat' dir='ltr'><strong>manus</strong></span> <span class='ocrx_word' id='word_1_109' title='bbox 1555 1451 1568 1474; x_wconf 86' lang='lat'><strong>,</strong></span> <span class='ocrx_word' id='word_1_110' title='bbox 1624 1427 1730 1464; x_wconf 86' lang='lat' dir='ltr'><strong>non</strong></span> 
     </span>
    </p>
   </div>
   <div class='ocr_carea' id='block_1_15' title="bbox 153 1498 1733 1567">
    <p class='ocr_par' dir='ltr' id='par_1_15' title="bbox 153 1498 1733 1567">
     <span class='ocr_line' id='line_1_15' title="bbox 153 1498 1733 1567; baseline 0 -13"><span class='ocrx_word' id='word_1_111' title='bbox 153 1500 438 1564; x_wconf 82' lang='lat' dir='ltr'><strong>extendit;</strong></span> <span class='ocrx_word' id='word_1_112' title='bbox 473 1498 628 1554; x_wconf 82' lang='lat' dir='ltr'><strong>Jesus</strong></span> <span class='ocrx_word' id='word_1_113' title='bbox 655 1509 836 1552; x_wconf 86' lang='lat' dir='ltr'><strong>autem</strong></span> <span class='ocrx_word' id='word_1_114' title='bbox 870 1500 959 1567; x_wconf 87' lang='lat' dir='ltr'><strong>qtti</strong></span> <span class='ocrx_word' id='word_1_115' title='bbox 997 1499 1310 1554; x_wconf 84' lang='lat' dir='ltr'><strong>universum</strong></span> <span class='ocrx_word' id='word_1_116' title='bbox 1352 1502 1536 1554; x_wconf 90' lang='lat' dir='ltr'><strong>orbem</strong></span> <span class='ocrx_word' id='word_1_117' title='bbox 1574 1510 1733 1554; x_wconf 78' lang='lat' dir='ltr'><strong>terra:</strong></span> 
     </span>
    </p>
   </div>
   <div class='ocr_carea' id='block_1_16' title="bbox 152 1591 1730 1660">
    <p class='ocr_par' dir='ltr' id='par_1_16' title="bbox 152 1591 1730 1660">
     <span class='ocr_line' id='line_1_16' title="bbox 152 1591 1730 1660; baseline 0 -14"><span class='ocrx_word' id='word_1_118' title='bbox 152 1592 425 1646; x_wconf 79' lang='lat' dir='ltr'><strong>exaltatus</strong></span> <span class='ocrx_word' id='word_1_119' title='bbox 465 1592 517 1645; x_wconf 92' lang='lat' dir='ltr'><strong>in</strong></span> <span class='ocrx_word' id='word_1_120' title='bbox 541 1606 702 1646; x_wconf 88' lang='lat' dir='ltr'><strong>cruce</strong></span> <span class='ocrx_word' id='word_1_121' title='bbox 741 1592 1129 1660; x_wconf 77' lang='lat' dir='ltr'><strong>complexurus</strong></span> <span class='ocrx_word' id='word_1_122' title='bbox 1160 1599 1278 1645; x_wconf 91' lang='lat' dir='ltr'><strong>erat</strong></span> <span class='ocrx_word' id='word_1_123' title='bbox 1321 1591 1556 1646; x_wconf 81' lang='lat' dir='ltr'><strong>brachiis</strong></span> <span class='ocrx_word' id='word_1_124' title='bbox 1593 1593 1730 1657; x_wconf 89' lang='lat' dir='ltr'><strong>suis,</strong></span> 
     </span>
    </p>
   </div>
   <div class='ocr_carea' id='block_1_17' title="bbox 154 1681 1730 1752">
    <p class='ocr_par' dir='ltr' id='par_1_17' title="bbox 154 1681 1730 1752">
     <span class='ocr_line' id='line_1_17' title="bbox 154 1681 1730 1752; baseline 0.002 -16"><span class='ocrx_word' id='word_1_125' title='bbox 154 1683 283 1736; x_wconf 84' lang='lat' dir='ltr'><strong>dicit</strong></span> <span class='ocrx_word' id='word_1_126' title='bbox 320 1682 334 1712; x_wconf 92' lang='grc'>¹</span> <span class='ocrx_word' id='word_1_127' title='bbox 367 1683 655 1736; x_wconf 74' lang='lat' dir='ltr'><strong>:tExtendi</strong></span> <span class='ocrx_word' id='word_1_128' title='bbox 684 1698 874 1736; x_wconf 89' lang='lat' dir='ltr'><strong>manus</strong></span> <span class='ocrx_word' id='word_1_129' title='bbox 907 1699 1053 1736; x_wconf 88' lang='lat' dir='ltr'><strong>meas</strong></span> <span class='ocrx_word' id='word_1_130' title='bbox 1089 1683 1154 1736; x_wconf 88' lang='lat' dir='ltr'><strong>ad</strong></span> <span class='ocrx_word' id='word_1_131' title='bbox 1187 1681 1441 1752; x_wconf 90' lang='lat' dir='ltr'><strong>populum</strong></span> <span class='ocrx_word' id='word_1_132' title='bbox 1475 1698 1580 1738; x_wconf 91' lang='lat' dir='ltr'><strong>non</strong></span> <span class='ocrx_word' id='word_1_133' title='bbox 1610 1699 1730 1739; x_wconf 90' lang='lat' dir='ltr'><strong>cre-</strong></span> 
     </span>
    </p>
   </div>
   <div class='ocr_carea' id='block_1_18' title="bbox 149 1773 1731 1846">
    <p class='ocr_par' dir='ltr' id='par_1_18' title="bbox 149 1773 1731 1846">
     <span class='ocr_line' id='line_1_18' title="bbox 149 1773 1731 1846; baseline 0.001 -17"><span class='ocrx_word' id='word_1_134' title='bbox 149 1775 368 1829; x_wconf 87' lang='lat' dir='ltr'><strong>dentem</strong></span> <span class='ocrx_word' id='word_1_135' title='bbox 395 1815 410 1840; x_wconf 95' lang='lat'><strong>,</strong></span> <span class='ocrx_word' id='word_1_136' title='bbox 451 1785 506 1828; x_wconf 90' lang='lat' dir='ltr'><strong>et</strong></span> <span class='ocrx_word' id='word_1_137' title='bbox 568 1775 1032 1828; x_wconf 86' lang='lat' dir='ltr'><strong>contradicentem</strong></span> <span class='ocrx_word' id='word_1_138' title='bbox 1073 1775 1228 1828; x_wconf 90' lang='lat' dir='ltr'><strong>mihi.</strong></span> <span class='ocrx_word' id='word_1_139' title='bbox 1269 1794 1288 1826; x_wconf 79' lang='grc' dir='ltr'><strong>ι</strong></span> <span class='ocrx_word' id='word_1_140' title='bbox 1334 1773 1544 1846; x_wconf 80' lang='lat' dir='ltr'><strong>Moyses</strong></span> <span class='ocrx_word' id='word_1_141' title='bbox 1602 1790 1731 1846; x_wconf 85' lang='lat' dir='ltr'><strong>ergo</strong></span> 
     </span>
    </p>
   </div>
   <div class='ocr_carea' id='block_1_19' title="bbox 1851 578 3425 650">
    <p class='ocr_par' dir='ltr' id='par_1_19' title="bbox 1851 578 3425 650">
     <span class='ocr_line' id='line_1_19' title="bbox 1851 578 3425 650; baseline -0.003 -13"><span class='ocrx_word' id='word_1_142' title='bbox 1851 582 1981 637; x_wconf 90' lang='lat' dir='ltr'><strong>lioni</strong></span> <span class='ocrx_word' id='word_1_143' title='bbox 2016 583 2309 645; x_wconf 85' lang='lat' dir='ltr'><strong>instantes,</strong></span> <span class='ocrx_word' id='word_1_144' title='bbox 2344 589 2400 634; x_wconf 89' lang='lat' dir='ltr'><strong>et</strong></span> <span class='ocrx_word' id='word_1_145' title='bbox 2430 578 2716 650; x_wconf 79' lang='lat' dir='ltr'><strong>vigilantes</strong></span> <span class='ocrx_word' id='word_1_146' title='bbox 2747 579 2799 634; x_wconf 95' lang='lat' dir='ltr'><strong>in</strong></span> <span class='ocrx_word' id='word_1_147' title='bbox 2828 593 2916 634; x_wconf 89' lang='lat' dir='ltr'><strong>ea.</strong></span> <span class='ocrx_word' id='word_1_148' title='bbox 2950 599 2966 631; x_wconf 76' lang='grc' dir='ltr'><strong>ι</strong></span> <span class='ocrx_word' id='word_1_149' title='bbox 3000 579 3125 635; x_wconf 82' lang='lat' dir='ltr'><strong>Haec</strong></span> <span class='ocrx_word' id='word_1_150' title='bbox 3151 578 3295 634; x_wconf 89' lang='lat' dir='ltr'><strong>enim</strong></span> <span class='ocrx_word' id='word_1_151' title='bbox 3341 585 3425 633; x_wconf 80' lang='lat' dir='ltr'><strong>est</strong></span> 
     </span>
    </p>
   </div>
   <div class='ocr_carea' id='block_1_20' title="bbox 1845 670 3427 742">
    <p class='ocr_par' dir='ltr' id='par_1_20' title="bbox 1845 670 3427 742">
     <span class='ocr_line' id='line_1_20' title="bbox 1845 670 3427 742; baseline -0.003 -14"><span class='ocrx_word' id='word_1_152' title='bbox 1845 672 2140 728; x_wconf 79' lang='lat' dir='ltr'><strong>Christiani</strong></span> <span class='ocrx_word' id='word_1_153' title='bbox 2183 685 2382 742; x_wconf 86' lang='lat' dir='ltr'><strong>pugna,</strong></span> <span class='ocrx_word' id='word_1_154' title='bbox 2409 685 2517 740; x_wconf 88' lang='lat' dir='ltr'><strong>qua</strong></span> <span class='ocrx_word' id='word_1_155' title='bbox 2556 680 2777 740; x_wconf 88' lang='lat' dir='ltr'><strong>superat</strong></span> <span class='ocrx_word' id='word_1_156' title='bbox 2808 671 3108 726; x_wconf 90' lang='lat' dir='ltr'><strong>inimicum.</strong></span> <span class='ocrx_word' id='word_1_157' title='bbox 3160 670 3297 725; x_wconf 83' lang='lat' dir='ltr'><strong>Puto</strong></span> <span class='ocrx_word' id='word_1_158' title='bbox 3329 686 3427 723; x_wconf 65' lang='lat' dir='ltr'><strong>an-</strong></span> 
     </span>
    </p>
   </div>
   <div class='ocr_carea' id='block_1_21' title="bbox 1848 760 3427 832">
    <p class='ocr_par' dir='ltr' id='par_1_21' title="bbox 1848 760 3427 832">
     <span class='ocr_line' id='line_1_21' title="bbox 1848 760 3427 832; baseline -0.001 -16"><span class='ocrx_word' id='word_1_159' title='bbox 1848 771 1952 816; x_wconf 90' lang='lat' dir='ltr'><strong>lem</strong></span> <span class='ocrx_word' id='word_1_160' title='bbox 1981 761 2122 830; x_wconf 86' lang='lat' dir='ltr'><strong>quod</strong></span> <span class='ocrx_word' id='word_1_161' title='bbox 2177 777 2271 832; x_wconf 88' lang='lat' dir='ltr'><strong>per</strong></span> <span class='ocrx_word' id='word_1_162' title='bbox 2302 761 2441 822; x_wconf 83' lang='lat' dir='ltr'><strong>hanc</strong></span> <span class='ocrx_word' id='word_1_163' title='bbox 2501 760 2729 827; x_wconf 76' lang='lat' dir='ltr'><strong>[igttt&#39;am</strong></span> <span class='ocrx_word' id='word_1_164' title='bbox 2764 760 2928 814; x_wconf 89' lang='lat' dir='ltr'><strong>etiam</strong></span> <span class='ocrx_word' id='word_1_165' title='bbox 2971 761 3201 815; x_wconf 88' lang='lat' dir='ltr'><strong>duormn</strong></span> <span class='ocrx_word' id='word_1_166' title='bbox 3259 775 3427 830; x_wconf 89' lang='lat' dir='ltr'><strong>popu-</strong></span> 
     </span>
    </p>
   </div>
   <div class='ocr_carea' id='block_1_22' title="bbox 1844 851 3422 922">
    <p class='ocr_par' dir='ltr' id='par_1_22' title="bbox 1844 851 3422 922">
     <span class='ocr_line' id='line_1_22' title="bbox 1844 851 3422 922; baseline -0.002 -15"><span class='ocrx_word' id='word_1_167' title='bbox 1844 853 2014 907; x_wconf 84' lang='lat' dir='ltr'><strong>lorum</strong></span> <span class='ocrx_word' id='word_1_168' title='bbox 2045 851 2254 922; x_wconf 86' lang='lat' dir='ltr'><strong>Moyses</strong></span> <span class='ocrx_word' id='word_1_169' title='bbox 2289 851 2515 905; x_wconf 78' lang='lat' dir='ltr'><strong>formam</strong></span> <span class='ocrx_word' id='word_1_170' title='bbox 2553 851 2824 921; x_wconf 82' lang='lat' dir='ltr'><strong>designet,</strong></span> <span class='ocrx_word' id='word_1_171' title='bbox 2881 863 2937 907; x_wconf 88' lang='lat' dir='ltr'><strong>et</strong></span> <span class='ocrx_word' id='word_1_172' title='bbox 2965 853 3222 907; x_wconf 86' lang='lat' dir='ltr'><strong>ostendat</strong></span> <span class='ocrx_word' id='word_1_173' title='bbox 3256 866 3422 912; x_wconf 84' lang='lat' dir='ltr'><strong>unum</strong></span> 
     </span>
    </p>
   </div>
   <div class='ocr_carea' id='block_1_23' title="bbox 1841 942 3419 1015">
    <p class='ocr_par' dir='ltr' id='par_1_23' title="bbox 1841 942 3419 1015">
     <span class='ocr_line' id='line_1_23' title="bbox 1841 942 3419 1015; baseline -0.003 -16"><span class='ocrx_word' id='word_1_174' title='bbox 1841 961 1960 1000; x_wconf 88' lang='lat' dir='ltr'><strong>esse</strong></span> <span class='ocrx_word' id='word_1_175' title='bbox 1991 945 2246 1015; x_wconf 82' lang='lat' dir='ltr'><strong>populum</strong></span> <span class='ocrx_word' id='word_1_176' title='bbox 2277 960 2342 998; x_wconf 77' lang='lat' dir='ltr'><strong>ex</strong></span> <span class='ocrx_word' id='word_1_177' title='bbox 2379 942 2636 1013; x_wconf 87' lang='lat' dir='ltr'><strong>gentibus</strong></span> <span class='ocrx_word' id='word_1_178' title='bbox 2671 943 2762 1012; x_wconf 88' lang='lat' dir='ltr'><strong>qui</strong></span> <span class='ocrx_word' id='word_1_179' title='bbox 2786 944 2961 997; x_wconf 89' lang='lat' dir='ltr'><strong>elevet</strong></span> <span class='ocrx_word' id='word_1_180' title='bbox 2997 959 3190 999; x_wconf 88' lang='lat' dir='ltr'><strong>manus</strong></span> <span class='ocrx_word' id='word_1_181' title='bbox 3223 942 3419 1014; x_wconf 87' lang='lat' dir='ltr'><strong>Moysi,</strong></span> 
     </span>
    </p>
   </div>
   <div class='ocr_carea' id='block_1_24' title="bbox 1841 1036 3420 1108">
    <p class='ocr_par' dir='ltr' id='par_1_24' title="bbox 1841 1036 3420 1108">
     <span class='ocr_line' id='line_1_24' title="bbox 1841 1036 3420 1108; baseline 0.001 -18"><span class='ocrx_word' id='word_1_182' title='bbox 1841 1048 1895 1090; x_wconf 90' lang='lat' dir='ltr'><strong>et</strong></span> <span class='ocrx_word' id='word_1_183' title='bbox 1921 1038 2099 1105; x_wconf 80' lang='lat' dir='ltr'><strong>erigat</strong></span> <span class='ocrx_word' id='word_1_184' title='bbox 2125 1052 2216 1090; x_wconf 86' lang='lat' dir='ltr'><strong>eas</strong></span> <span class='ocrx_word' id='word_1_185' title='bbox 2238 1077 2252 1100; x_wconf 91' lang='lat'><strong>,</strong></span> <span class='ocrx_word' id='word_1_186' title='bbox 2283 1037 2334 1090; x_wconf 88' lang='lat' dir='ltr'><strong>id</strong></span> <span class='ocrx_word' id='word_1_187' title='bbox 2365 1046 2450 1091; x_wconf 85' lang='lat' dir='ltr'><strong>est</strong></span> <span class='ocrx_word' id='word_1_188' title='bbox 2475 1036 2565 1104; x_wconf 88' lang='lat' dir='ltr'><strong>qui</strong></span> <span class='ocrx_word' id='word_1_189' title='bbox 2601 1036 2653 1090; x_wconf 92' lang='lat' dir='ltr'><strong>in</strong></span> <span class='ocrx_word' id='word_1_190' title='bbox 2683 1037 2912 1091; x_wconf 86' lang='lat' dir='ltr'><strong>sublime</strong></span> <span class='ocrx_word' id='word_1_191' title='bbox 2941 1038 3170 1092; x_wconf 73' lang='lat' dir='ltr'><strong>estollat</strong></span> <span class='ocrx_word' id='word_1_192' title='bbox 3205 1053 3267 1093; x_wconf 90' lang='lat' dir='ltr'><strong>ea</strong></span> <span class='ocrx_word' id='word_1_193' title='bbox 3299 1054 3420 1108; x_wconf 74' lang='lat' dir='ltr'><strong>quat</strong></span> 
     </span>
    </p>
   </div>
   <div class='ocr_carea' id='block_1_25' title="bbox 1840 1126 3424 1201">
    <p class='ocr_par' dir='ltr' id='par_1_25' title="bbox 1840 1126 3424 1201">
     <span class='ocr_line' id='line_1_25' title="bbox 1840 1126 3424 1201; baseline 0.003 -20"><span class='ocrx_word' id='word_1_194' title='bbox 1840 1128 2059 1195; x_wconf 85' lang='lat' dir='ltr'><strong>scripsit</strong></span> <span class='ocrx_word' id='word_1_195' title='bbox 2091 1126 2324 1199; x_wconf 87' lang='lat' dir='ltr'><strong>Moyses,</strong></span> <span class='ocrx_word' id='word_1_196' title='bbox 2358 1141 2411 1183; x_wconf 89' lang='lat' dir='ltr'><strong>et</strong></span> <span class='ocrx_word' id='word_1_197' title='bbox 2441 1129 2494 1182; x_wconf 89' lang='lat' dir='ltr'><strong>in</strong></span> <span class='ocrx_word' id='word_1_198' title='bbox 2525 1129 2740 1184; x_wconf 85' lang='lat' dir='ltr'><strong>excelso</strong></span> <span class='ocrx_word' id='word_1_199' title='bbox 2794 1145 2982 1184; x_wconf 88' lang='lat' dir='ltr'><strong>eormn</strong></span> <span class='ocrx_word' id='word_1_200' title='bbox 3014 1130 3424 1201; x_wconf 88' lang='lat' dir='ltr'><strong>intelligentiam</strong></span> 
     </span>
    </p>
   </div>
   <div class='ocr_carea' id='block_1_26' title="bbox 1839 1221 3420 1292">
    <p class='ocr_par' dir='ltr' id='par_1_26' title="bbox 1839 1221 3420 1292">
     <span class='ocr_line' id='line_1_26' title="bbox 1839 1221 3420 1292; baseline 0.001 -18"><span class='ocrx_word' id='word_1_201' title='bbox 1839 1227 2080 1284; x_wconf 83' lang='lat' dir='ltr'><strong>statuat,</strong></span> <span class='ocrx_word' id='word_1_202' title='bbox 2119 1230 2174 1274; x_wconf 92' lang='lat' dir='ltr'><strong>et</strong></span> <span class='ocrx_word' id='word_1_203' title='bbox 2207 1236 2302 1288; x_wconf 88' lang='lat' dir='ltr'><strong>per</strong></span> <span class='ocrx_word' id='word_1_204' title='bbox 2332 1222 2431 1275; x_wconf 93' lang='lat' dir='ltr'><strong>hoc</strong></span> <span class='ocrx_word' id='word_1_205' title='bbox 2472 1223 2688 1286; x_wconf 85' lang='lat' dir='ltr'><strong>vincat;</strong></span> <span class='ocrx_word' id='word_1_206' title='bbox 2722 1221 2884 1276; x_wconf 91' lang='lat' dir='ltr'><strong>alium</strong></span> <span class='ocrx_word' id='word_1_207' title='bbox 2923 1229 3104 1274; x_wconf 89' lang='lat' dir='ltr'><strong>autem</strong></span> <span class='ocrx_word' id='word_1_208' title='bbox 3145 1237 3264 1277; x_wconf 89' lang='lat' dir='ltr'><strong>esse</strong></span> <span class='ocrx_word' id='word_1_209' title='bbox 3300 1221 3420 1292; x_wconf 86' lang='lat' dir='ltr'><strong>qui,</strong></span> 
     </span>
    </p>
   </div>
   <div class='ocr_carea' id='block_1_27' title="bbox 1841 1313 3422 1384">
    <p class='ocr_par' dir='ltr' id='par_1_27' title="bbox 1841 1313 3422 1384">
     <span class='ocr_line' id='line_1_27' title="bbox 1841 1313 3422 1384; baseline 0.004 -22"><span class='ocrx_word' id='word_1_210' title='bbox 1841 1313 2102 1380; x_wconf 74' lang='lat' dir='ltr'><strong>quoniam</strong></span> <span class='ocrx_word' id='word_1_211' title='bbox 2133 1329 2235 1366; x_wconf 92' lang='lat' dir='ltr'><strong>non</strong></span> <span class='ocrx_word' id='word_1_212' title='bbox 2261 1313 2434 1367; x_wconf 89' lang='lat' dir='ltr'><strong>elevat</strong></span> <span class='ocrx_word' id='word_1_213' title='bbox 2462 1330 2654 1367; x_wconf 90' lang='lat' dir='ltr'><strong>manus</strong></span> <span class='ocrx_word' id='word_1_214' title='bbox 2678 1313 2869 1384; x_wconf 79' lang='lat' dir='ltr'><strong>Moysi,</strong></span> <span class='ocrx_word' id='word_1_215' title='bbox 2897 1329 2998 1367; x_wconf 85' lang='lat' dir='ltr'><strong>nec</strong></span> <span class='ocrx_word' id='word_1_216' title='bbox 3030 1313 3243 1368; x_wconf 79' lang='lat' dir='ltr'><strong>extollit</strong></span> <span class='ocrx_word' id='word_1_217' title='bbox 3267 1329 3360 1369; x_wconf 84' lang='lat' dir='ltr'><strong>eas</strong></span> <span class='ocrx_word' id='word_1_218' title='bbox 3390 1328 3422 1369; x_wconf 85' lang='lat' dir='ltr'><strong>a</strong></span> 
     </span>
    </p>
   </div>
   <div class='ocr_carea' id='block_1_28' title="bbox 1849 1405 3423 1475">
    <p class='ocr_par' dir='ltr' id='par_1_28' title="bbox 1849 1405 3423 1475">
     <span class='ocr_line' id='line_1_28' title="bbox 1849 1405 3423 1475; baseline 0.003 -18"><span class='ocrx_word' id='word_1_219' title='bbox 1849 1413 2015 1470; x_wconf 80' lang='lat' dir='ltr'><strong>terra,</strong></span> <span class='ocrx_word' id='word_1_220' title='bbox 2067 1420 2164 1460; x_wconf 88' lang='lat' dir='ltr'><strong>nec</strong></span> <span class='ocrx_word' id='word_1_221' title='bbox 2200 1405 2369 1458; x_wconf 88' lang='lat' dir='ltr'><strong>altum</strong></span> <span class='ocrx_word' id='word_1_222' title='bbox 2406 1405 2455 1459; x_wconf 91' lang='lat' dir='ltr'><strong>in</strong></span> <span class='ocrx_word' id='word_1_223' title='bbox 2494 1421 2560 1461; x_wconf 90' lang='lat' dir='ltr'><strong>eo</strong></span> <span class='ocrx_word' id='word_1_224' title='bbox 2590 1407 2792 1475; x_wconf 86' lang='lat' dir='ltr'><strong>aliquid</strong></span> <span class='ocrx_word' id='word_1_225' title='bbox 2824 1415 2880 1461; x_wconf 88' lang='lat' dir='ltr'><strong>et</strong></span> <span class='ocrx_word' id='word_1_226' title='bbox 2931 1407 3135 1461; x_wconf 85' lang='lat' dir='ltr'><strong>subtile</strong></span> <span class='ocrx_word' id='word_1_227' title='bbox 3167 1407 3423 1461; x_wconf 88' lang='lat' dir='ltr'><strong>conside-</strong></span> 
     </span>
    </p>
   </div>
   <div class='ocr_carea' id='block_1_29' title="bbox 1840 1496 3242 1568">
    <p class='ocr_par' dir='ltr' id='par_1_29' title="bbox 1840 1496 3242 1568">
     <span class='ocr_line' id='line_1_29' title="bbox 1840 1496 3242 1568; baseline 0.002 -19"><span class='ocrx_word' id='word_1_228' title='bbox 1840 1507 1945 1560; x_wconf 98' lang='lat' dir='ltr'><strong>rat,</strong></span> <span class='ocrx_word' id='word_1_229' title='bbox 1997 1496 2234 1550; x_wconf 85' lang='lat' dir='ltr'><strong>vincitur</strong></span> <span class='ocrx_word' id='word_1_230' title='bbox 2263 1499 2332 1552; x_wconf 89' lang='lat' dir='ltr'><strong>ab</strong></span> <span class='ocrx_word' id='word_1_231' title='bbox 2371 1498 2724 1561; x_wconf 87' lang='lat' dir='ltr'><strong>adversariis,</strong></span> <span class='ocrx_word' id='word_1_232' title='bbox 2762 1507 2815 1553; x_wconf 92' lang='lat' dir='ltr'><strong>et</strong></span> <span class='ocrx_word' id='word_1_233' title='bbox 2851 1497 3242 1568; x_wconf 78' lang='lat' dir='ltr'><strong>prosternitur.</strong></span> 
     </span>
    </p>
   </div>
   <div class='ocr_carea' id='block_1_30' title="bbox 1909 1587 3424 1662">
    <p class='ocr_par' dir='ltr' id='par_1_30' title="bbox 1909 1587 3424 1662">
     <span class='ocr_line' id='line_1_30' title="bbox 1909 1587 3424 1662; baseline 0.003 -21"><span class='ocrx_word' id='word_1_234' title='bbox 1909 1587 1962 1642; x_wconf 76' lang='lat'><strong>5.</strong></span> <span class='ocrx_word' id='word_1_235' title='bbox 1997 1589 2124 1642; x_wconf 83' lang='lat' dir='ltr'><strong>Post</strong></span> <span class='ocrx_word' id='word_1_236' title='bbox 2153 1589 2266 1644; x_wconf 73' lang='lat' dir='ltr'><strong>haec</strong></span> <span class='ocrx_word' id='word_1_237' title='bbox 2302 1591 2450 1644; x_wconf 89' lang='lat' dir='ltr'><strong>venit</strong></span> <span class='ocrx_word' id='word_1_238' title='bbox 2490 1591 2556 1643; x_wconf 89' lang='lat' dir='ltr'><strong>ad</strong></span> <span class='ocrx_word' id='word_1_239' title='bbox 2587 1599 2822 1643; x_wconf 88' lang='lat' dir='ltr'><strong>montem</strong></span> <span class='ocrx_word' id='word_1_240' title='bbox 2861 1591 2951 1643; x_wconf 90' lang='lat' dir='ltr'><strong>Dei</strong></span> <span class='ocrx_word' id='word_1_241' title='bbox 2981 1590 3210 1662; x_wconf 85' lang='lat' dir='ltr'><strong>Moyses,</strong></span> <span class='ocrx_word' id='word_1_242' title='bbox 3242 1599 3294 1645; x_wconf 88' lang='lat' dir='ltr'><strong>et</strong></span> <span class='ocrx_word' id='word_1_243' title='bbox 3330 1605 3424 1646; x_wconf 89' lang='lat' dir='ltr'><strong>oc-</strong></span> 
     </span>
    </p>
   </div>
   <div class='ocr_carea' id='block_1_31' title="bbox 1837 1679 3420 1736">
    <p class='ocr_par' dir='ltr' id='par_1_31' title="bbox 1837 1679 3420 1736">
     <span class='ocr_line' id='line_1_31' title="bbox 1837 1679 3420 1736; baseline 0.002 -3"><span class='ocrx_word' id='word_1_244' title='bbox 1837 1681 2009 1733; x_wconf 85' lang='lat' dir='ltr'><strong>Cttt‘l&#39;il.</strong></span> <span class='ocrx_word' id='word_1_245' title='bbox 2037 1681 2083 1734; x_wconf 90' lang='lat' dir='ltr'><strong>ei</strong></span> <span class='ocrx_word' id='word_1_246' title='bbox 2107 1679 2300 1736; x_wconf 84' lang='lat' dir='ltr'><strong>Jethro</strong></span> <span class='ocrx_word' id='word_1_247' title='bbox 2335 1697 2490 1736; x_wconf 83' lang='lat' dir='ltr'><strong>socer</strong></span> <span class='ocrx_word' id='word_1_248' title='bbox 2526 1697 2657 1736; x_wconf 89' lang='lat' dir='ltr'><strong>suus</strong></span> <span class='ocrx_word' id='word_1_249' title='bbox 2688 1682 2752 1734; x_wconf 85' lang='grc'><strong>¹⁰.</strong></span> <span class='ocrx_word' id='word_1_250' title='bbox 2779 1681 2850 1735; x_wconf 87' lang='lat' dir='ltr'><strong>At</strong></span> <span class='ocrx_word' id='word_1_251' title='bbox 2884 1682 2970 1736; x_wconf 89' lang='lat' dir='ltr'><strong>ille</strong></span> <span class='ocrx_word' id='word_1_252' title='bbox 3003 1683 3182 1736; x_wconf 74' lang='lat' dir='ltr'><strong>exitei</strong></span> <span class='ocrx_word' id='word_1_253' title='bbox 3205 1681 3420 1736; x_wconf 87' lang='lat' dir='ltr'><strong>obviam</strong></span> 
     </span>
    </p>
   </div>
   <div class='ocr_carea' id='block_1_32' title="bbox 1838 1771 3420 1842">
    <p class='ocr_par' dir='ltr' id='par_1_32' title="bbox 1838 1771 3420 1842">
     <span class='ocr_line' id='line_1_32' title="bbox 1838 1771 3420 1842; baseline 0.003 -18"><span class='ocrx_word' id='word_1_254' title='bbox 1838 1771 1906 1826; x_wconf 93' lang='lat' dir='ltr'><strong>de</strong></span> <span class='ocrx_word' id='word_1_255' title='bbox 1941 1773 2161 1835; x_wconf 86' lang='lat' dir='ltr'><strong>castris,</strong></span> <span class='ocrx_word' id='word_1_256' title='bbox 2195 1784 2249 1827; x_wconf 91' lang='lat' dir='ltr'><strong>et</strong></span> <span class='ocrx_word' id='word_1_257' title='bbox 2284 1789 2388 1830; x_wconf 92' lang='lat' dir='ltr'><strong>non</strong></span> <span class='ocrx_word' id='word_1_258' title='bbox 2416 1789 2538 1829; x_wconf 89' lang='lat' dir='ltr'><strong>eum</strong></span> <span class='ocrx_word' id='word_1_259' title='bbox 2573 1774 2721 1829; x_wconf 89' lang='lat' dir='ltr'><strong>ducit</strong></span> <span class='ocrx_word' id='word_1_260' title='bbox 2753 1774 2820 1827; x_wconf 88' lang='lat' dir='ltr'><strong>ad</strong></span> <span class='ocrx_word' id='word_1_261' title='bbox 2868 1785 3106 1829; x_wconf 86' lang='lat' dir='ltr'><strong>montem</strong></span> <span class='ocrx_word' id='word_1_262' title='bbox 3163 1775 3276 1842; x_wconf 89' lang='lat' dir='ltr'><strong>Dei,</strong></span> <span class='ocrx_word' id='word_1_263' title='bbox 3319 1775 3420 1828; x_wconf 90' lang='lat' dir='ltr'><strong>sed</strong></span> 
     </span>
    </p>
   </div>
   <div class='ocr_carea' id='block_1_33' title="bbox 147 1863 3421 1936">
    <p class='ocr_par' dir='ltr' id='par_1_33' title="bbox 147 1863 3421 1936">
     <span class='ocr_line' id='line_1_33' title="bbox 147 1863 3421 1936; baseline -0.002 -11"><span class='ocrx_word' id='word_1_264' title='bbox 147 1872 329 1927; x_wconf 85' lang='lat' dir='ltr'><strong>elevat</strong></span> <span class='ocrx_word' id='word_1_265' title='bbox 364 1887 557 1926; x_wconf 88' lang='lat' dir='ltr'><strong>manus</strong></span> <span class='ocrx_word' id='word_1_266' title='bbox 594 1885 745 1933; x_wconf 89' lang='lat' dir='ltr'><strong>suas,</strong></span> <span class='ocrx_word' id='word_1_267' title='bbox 779 1877 832 1924; x_wconf 88' lang='lat' dir='ltr'><strong>et</strong></span> <span class='ocrx_word' id='word_1_268' title='bbox 864 1886 984 1925; x_wconf 90' lang='lat' dir='ltr'><strong>cum</strong></span> <span class='ocrx_word' id='word_1_269' title='bbox 1014 1869 1257 1925; x_wconf 85' lang='lat' dir='ltr'><strong>elevaret</strong></span> <span class='ocrx_word' id='word_1_270' title='bbox 1292 1885 1512 1936; x_wconf 89' lang='lat' dir='ltr'><strong>manus,</strong></span> <span class='ocrx_word' id='word_1_271' title='bbox 1548 1868 1732 1924; x_wconf 85' lang='lat' dir='ltr'><strong>vince-</strong></span> <span class='ocrx_word' id='word_1_272' title='bbox 1764 1870 1806 1924; x_wconf 85' lang='grc' dir='ltr'><strong>Β</strong></span> <span class='ocrx_word' id='word_1_273' title='bbox 1837 1863 1982 1918; x_wconf 86' lang='lat' dir='ltr'><strong>ducit</strong></span> <span class='ocrx_word' id='word_1_274' title='bbox 2011 1879 2132 1918; x_wconf 90' lang='lat' dir='ltr'><strong>eum</strong></span> <span class='ocrx_word' id='word_1_275' title='bbox 2161 1865 2226 1918; x_wconf 90' lang='lat' dir='ltr'><strong>ad</strong></span> <span class='ocrx_word' id='word_1_276' title='bbox 2261 1866 2672 1920; x_wconf 82' lang='lat' dir='ltr'><strong>tabernaculum</strong></span> <span class='ocrx_word' id='word_1_277' title='bbox 2711 1881 2891 1922; x_wconf 91' lang='lat' dir='ltr'><strong>suum.</strong></span> <span class='ocrx_word' id='word_1_278' title='bbox 2927 1867 3042 1920; x_wconf 81' lang='lat' dir='ltr'><strong>Non</strong></span> <span class='ocrx_word' id='word_1_279' title='bbox 3089 1867 3230 1921; x_wconf 89' lang='lat' dir='ltr'><strong>enim</strong></span> <span class='ocrx_word' id='word_1_280' title='bbox 3267 1876 3421 1935; x_wconf 86' lang='lat' dir='ltr'><strong>pote-</strong></span> 
     </span>
    </p>
   </div>
   <div class='ocr_carea' id='block_1_34' title="bbox 146 1963 1730 2032">
    <p class='ocr_par' dir='ltr' id='par_1_34' title="bbox 146 1963 1730 2032">
     <span class='ocr_line' id='line_1_34' title="bbox 146 1963 1730 2032; baseline -0.001 -14"><span class='ocrx_word' id='word_1_281' title='bbox 146 1965 312 2018; x_wconf 88' lang='lat' dir='ltr'><strong>batur</strong></span> <span class='ocrx_word' id='word_1_282' title='bbox 361 1964 604 2018; x_wconf 79' lang='lat' dir='ltr'><strong>Amalec.</strong></span> <span class='ocrx_word' id='word_1_283' title='bbox 639 1963 867 2017; x_wconf 84' lang='lat' dir='ltr'><strong>Elevare</strong></span> <span class='ocrx_word' id='word_1_284' title='bbox 923 1977 1138 2026; x_wconf 90' lang='lat' dir='ltr'><strong>manus,</strong></span> <span class='ocrx_word' id='word_1_285' title='bbox 1175 1963 1278 2016; x_wconf 90' lang='lat' dir='ltr'><strong>hoc</strong></span> <span class='ocrx_word' id='word_1_286' title='bbox 1331 1971 1416 2016; x_wconf 88' lang='lat' dir='ltr'><strong>est</strong></span> <span class='ocrx_word' id='word_1_287' title='bbox 1453 1976 1618 2032; x_wconf 83' lang='lat' dir='ltr'><strong>Opera</strong></span> <span class='ocrx_word' id='word_1_288' title='bbox 1674 1969 1730 2017; x_wconf 89' lang='lat' dir='ltr'><strong>et</strong></span> 
     </span>
    </p>
   </div>
   <div class='ocr_carea' id='block_1_35' title="bbox 143 2054 1729 2118">
    <p class='ocr_par' dir='ltr' id='par_1_35' title="bbox 143 2054 1729 2118">
     <span class='ocr_line' id='line_1_35' title="bbox 143 2054 1729 2118; baseline -0.001 -10"><span class='ocrx_word' id='word_1_289' title='bbox 143 2065 302 2110; x_wconf 91' lang='lat' dir='ltr'><strong>actus</strong></span> <span class='ocrx_word' id='word_1_290' title='bbox 333 2054 548 2110; x_wconf 88' lang='lat' dir='ltr'><strong>elevare</strong></span> <span class='ocrx_word' id='word_1_291' title='bbox 577 2055 642 2108; x_wconf 89' lang='lat' dir='ltr'><strong>ad</strong></span> <span class='ocrx_word' id='word_1_292' title='bbox 697 2055 887 2118; x_wconf 84' lang='lat' dir='ltr'><strong>Deum,</strong></span> <span class='ocrx_word' id='word_1_293' title='bbox 914 2063 968 2108; x_wconf 87' lang='lat' dir='ltr'><strong>et</strong></span> <span class='ocrx_word' id='word_1_294' title='bbox 1002 2070 1106 2108; x_wconf 90' lang='lat' dir='ltr'><strong>non</strong></span> <span class='ocrx_word' id='word_1_295' title='bbox 1151 2054 1353 2108; x_wconf 89' lang='lat' dir='ltr'><strong>habere</strong></span> <span class='ocrx_word' id='word_1_296' title='bbox 1384 2062 1539 2109; x_wconf 89' lang='lat' dir='ltr'><strong>actus</strong></span> <span class='ocrx_word' id='word_1_297' title='bbox 1567 2055 1729 2109; x_wconf 87' lang='lat' dir='ltr'><strong>deor-</strong></span> 
     </span>
    </p>
   </div>
   <div class='ocr_carea' id='block_1_36' title="bbox 145 2144 1726 2216">
    <p class='ocr_par' dir='ltr' id='par_1_36' title="bbox 145 2144 1726 2216">
     <span class='ocr_line' id='line_1_36' title="bbox 145 2144 1726 2216; baseline -0.001 -16"><span class='ocrx_word' id='word_1_298' title='bbox 145 2163 263 2200; x_wconf 85' lang='lat' dir='ltr'><strong>sum</strong></span> <span class='ocrx_word' id='word_1_299' title='bbox 325 2146 590 2215; x_wconf 87' lang='lat' dir='ltr'><strong>dejectos,</strong></span> <span class='ocrx_word' id='word_1_300' title='bbox 622 2154 674 2200; x_wconf 92' lang='lat' dir='ltr'><strong>et</strong></span> <span class='ocrx_word' id='word_1_301' title='bbox 705 2145 854 2200; x_wconf 91' lang='lat' dir='ltr'><strong>humi</strong></span> <span class='ocrx_word' id='word_1_302' title='bbox 885 2146 1132 2212; x_wconf 90' lang='lat' dir='ltr'><strong>jacentes</strong></span> <span class='ocrx_word' id='word_1_303' title='bbox 1159 2187 1174 2210; x_wconf 93' lang='lat'><strong>,</strong></span> <span class='ocrx_word' id='word_1_304' title='bbox 1207 2146 1298 2199; x_wconf 86' lang='lat' dir='ltr'><strong>sed</strong></span> <span class='ocrx_word' id='word_1_305' title='bbox 1335 2144 1442 2199; x_wconf 92' lang='lat' dir='ltr'><strong>Deo</strong></span> <span class='ocrx_word' id='word_1_306' title='bbox 1475 2144 1726 2216; x_wconf 87' lang='lat' dir='ltr'><strong>placitos,</strong></span> 
     </span>
    </p>
   </div>
   <div class='ocr_carea' id='block_1_37' title="bbox 141 2238 1728 2308">
    <p class='ocr_par' dir='ltr' id='par_1_37' title="bbox 141 2238 1728 2308">
     <span class='ocr_line' id='line_1_37' title="bbox 141 2238 1728 2308; baseline 0 -16"><span class='ocrx_word' id='word_1_307' title='bbox 141 2251 196 2292; x_wconf 91' lang='lat' dir='ltr'><strong>et</strong></span> <span class='ocrx_word' id='word_1_308' title='bbox 225 2238 298 2293; x_wconf 86' lang='lat' dir='ltr'><strong>ad</strong></span> <span class='ocrx_word' id='word_1_309' title='bbox 331 2238 527 2294; x_wconf 75' lang='lat' dir='ltr'><strong>cmlum</strong></span> <span class='ocrx_word' id='word_1_310' title='bbox 561 2249 794 2297; x_wconf 88' lang='lat' dir='ltr'><strong>erectos.</strong></span> <span class='ocrx_word' id='word_1_311' title='bbox 839 2240 1028 2294; x_wconf 88' lang='lat' dir='ltr'><strong>Elevat</strong></span> <span class='ocrx_word' id='word_1_312' title='bbox 1058 2253 1186 2308; x_wconf 89' lang='lat' dir='ltr'><strong>ergo</strong></span> <span class='ocrx_word' id='word_1_313' title='bbox 1233 2253 1443 2304; x_wconf 78' lang='lat' dir='ltr'><strong>uiantis,</strong></span> <span class='ocrx_word' id='word_1_314' title='bbox 1486 2239 1574 2307; x_wconf 90' lang='lat' dir='ltr'><strong>qui</strong></span> <span class='ocrx_word' id='word_1_315' title='bbox 1610 2238 1728 2292; x_wconf 85' lang='lat' dir='ltr'><strong>the-</strong></span> 
     </span>
    </p>
   </div>
   <div class='ocr_carea' id='block_1_38' title="bbox 142 2331 1729 2398">
    <p class='ocr_par' dir='ltr' id='par_1_38' title="bbox 142 2331 1729 2398">
     <span class='ocr_line' id='line_1_38' title="bbox 142 2331 1729 2398; baseline 0.001 -14"><span class='ocrx_word' id='word_1_316' title='bbox 142 2331 393 2384; x_wconf 79' lang='lat' dir='ltr'><strong>saurizat</strong></span> <span class='ocrx_word' id='word_1_317' title='bbox 425 2331 477 2385; x_wconf 91' lang='lat' dir='ltr'><strong>in</strong></span> <span class='ocrx_word' id='word_1_318' title='bbox 503 2331 722 2397; x_wconf 74' lang='grc' dir='ltr'><strong>εωΙιιιη,</strong></span> <span class='ocrx_word' id='word_1_319' title='bbox 761 2333 853 2386; x_wconf 89' lang='lat' dir='ltr'><strong>ubi</strong></span> <span class='ocrx_word' id='word_1_320' title='bbox 884 2333 1028 2386; x_wconf 77' lang='lat' dir='ltr'><strong>en&#39;m</strong></span> <span class='ocrx_word' id='word_1_321' title='bbox 1061 2333 1350 2384; x_wconf 78' lang='lat' dir='ltr'><strong>thesaurus</strong></span> <span class='ocrx_word' id='word_1_322' title='bbox 1377 2331 1514 2398; x_wconf 89' lang='lat' dir='ltr'><strong>ejus,</strong></span> <span class='ocrx_word' id='word_1_323' title='bbox 1564 2331 1634 2384; x_wconf 86' lang='lat' dir='ltr'><strong>ibi</strong></span> <span class='ocrx_word' id='word_1_324' title='bbox 1672 2338 1729 2384; x_wconf 89' lang='lat' dir='ltr'><strong>et</strong></span> 
     </span>
    </p>
   </div>
   <div class='ocr_carea' id='block_1_39' title="bbox 140 2422 1728 2493">
    <p class='ocr_par' dir='ltr' id='par_1_39' title="bbox 140 2422 1728 2493">
     <span class='ocr_line' id='line_1_39' title="bbox 140 2422 1728 2493; baseline 0 -16"><span class='ocrx_word' id='word_1_325' title='bbox 140 2422 339 2478; x_wconf 87' lang='lat' dir='ltr'><strong>oculus</strong></span> <span class='ocrx_word' id='word_1_326' title='bbox 367 2423 509 2493; x_wconf 88' lang='lat' dir='ltr'><strong>ejus,</strong></span> <span class='ocrx_word' id='word_1_327' title='bbox 543 2423 615 2477; x_wconf 90' lang='lat' dir='ltr'><strong>ibi</strong></span> <span class='ocrx_word' id='word_1_328' title='bbox 644 2434 697 2478; x_wconf 91' lang='lat' dir='ltr'><strong>et</strong></span> <span class='ocrx_word' id='word_1_329' title='bbox 735 2439 924 2478; x_wconf 88' lang='lat' dir='ltr'><strong>manus</strong></span> <span class='ocrx_word' id='word_1_330' title='bbox 951 2424 1085 2493; x_wconf 86' lang='lat' dir='ltr'><strong>ejus.</strong></span> <span class='ocrx_word' id='word_1_331' title='bbox 1117 2423 1299 2476; x_wconf 88' lang='lat' dir='ltr'><strong>Elevat</strong></span> <span class='ocrx_word' id='word_1_332' title='bbox 1332 2437 1528 2476; x_wconf 83' lang='lat' dir='ltr'><strong>manus</strong></span> <span class='ocrx_word' id='word_1_333' title='bbox 1557 2431 1610 2475; x_wconf 90' lang='lat' dir='ltr'><strong>et</strong></span> <span class='ocrx_word' id='word_1_334' title='bbox 1637 2422 1728 2477; x_wconf 89' lang='lat' dir='ltr'><strong>ille</strong></span> 
     </span>
    </p>
   </div>
   <div class='ocr_carea' id='block_1_40' title="bbox 139 2512 1727 2582">
    <p class='ocr_par' dir='ltr' id='par_1_40' title="bbox 139 2512 1727 2582">
     <span class='ocr_line' id='line_1_40' title="bbox 139 2512 1727 2582; baseline 0.001 -17"><span class='ocrx_word' id='word_1_335' title='bbox 139 2513 393 2582; x_wconf 89' lang='lat' dir='ltr'><strong>quidicit</strong></span> <span class='ocrx_word' id='word_1_336' title='bbox 422 2514 471 2564; x_wconf 83' lang='lat'><strong>&#39;:</strong></span> <span class='ocrx_word' id='word_1_337' title='bbox 505 2533 522 2565; x_wconf 77' lang='grc' dir='ltr'><strong>ι</strong></span> <span class='ocrx_word' id='word_1_338' title='bbox 561 2514 803 2568; x_wconf 88' lang='lat' dir='ltr'><strong>Elevatio</strong></span> <span class='ocrx_word' id='word_1_339' title='bbox 836 2529 1098 2567; x_wconf 88' lang='lat' dir='ltr'><strong>manumn</strong></span> <span class='ocrx_word' id='word_1_340' title='bbox 1146 2512 1305 2581; x_wconf 80' lang='lat'><strong>170</strong></span> <span class='ocrx_word' id='word_1_341' title='bbox 1354 2527 1598 2565; x_wconf 87' lang='lat' dir='ltr'><strong>mearum</strong></span> <span class='ocrx_word' id='word_1_342' title='bbox 1638 2527 1727 2566; x_wconf 89' lang='lat' dir='ltr'><strong>sa-</strong></span> 
     </span>
    </p>
   </div>
   <div class='ocr_carea' id='block_1_41' title="bbox 138 2605 1727 2675">
    <p class='ocr_par' dir='ltr' id='par_1_41' title="bbox 138 2605 1727 2675">
     <span class='ocr_line' id='line_1_41' title="bbox 138 2605 1727 2675; baseline 0 -16"><span class='ocrx_word' id='word_1_343' title='bbox 138 2605 411 2660; x_wconf 88' lang='lat' dir='ltr'><strong>crilicium</strong></span> <span class='ocrx_word' id='word_1_344' title='bbox 447 2606 842 2674; x_wconf 90' lang='lat' dir='ltr'><strong>vespertinum.</strong></span> <span class='ocrx_word' id='word_1_345' title='bbox 876 2624 894 2656; x_wconf 74' lang='grc' dir='ltr'><strong>ι</strong></span> <span class='ocrx_word' id='word_1_346' title='bbox 953 2605 1010 2659; x_wconf 92' lang='lat' dir='ltr'><strong>Si</strong></span> <span class='ocrx_word' id='word_1_347' title='bbox 1051 2621 1180 2675; x_wconf 88' lang='lat' dir='ltr'><strong>ergo</strong></span> <span class='ocrx_word' id='word_1_348' title='bbox 1235 2605 1516 2658; x_wconf 89' lang='lat' dir='ltr'><strong>eleventur</strong></span> <span class='ocrx_word' id='word_1_349' title='bbox 1569 2615 1727 2659; x_wconf 88' lang='lat' dir='ltr'><strong>actus</strong></span> 
     </span>
    </p>
   </div>
   <div class='ocr_carea' id='block_1_42' title="bbox 137 2697 1725 2766">
    <p class='ocr_par' dir='ltr' id='par_1_42' title="bbox 137 2697 1725 2766">
     <span class='ocr_line' id='line_1_42' title="bbox 137 2697 1725 2766; baseline 0.002 -16"><span class='ocrx_word' id='word_1_350' title='bbox 137 2697 341 2766; x_wconf 86' lang='lat' dir='ltr'><strong>nostri,</strong></span> <span class='ocrx_word' id='word_1_351' title='bbox 381 2706 437 2751; x_wconf 90' lang='lat' dir='ltr'><strong>ct</strong></span> <span class='ocrx_word' id='word_1_352' title='bbox 467 2713 572 2751; x_wconf 92' lang='lat' dir='ltr'><strong>non</strong></span> <span class='ocrx_word' id='word_1_353' title='bbox 609 2699 718 2750; x_wconf 90' lang='lat' dir='ltr'><strong>sint</strong></span> <span class='ocrx_word' id='word_1_354' title='bbox 751 2697 802 2750; x_wconf 91' lang='lat' dir='ltr'><strong>in</strong></span> <span class='ocrx_word' id='word_1_355' title='bbox 835 2706 1002 2758; x_wconf 88' lang='lat' dir='ltr'><strong>terra,</strong></span> <span class='ocrx_word' id='word_1_356' title='bbox 1049 2697 1285 2751; x_wconf 87' lang='lat' dir='ltr'><strong>vincitur</strong></span> <span class='ocrx_word' id='word_1_357' title='bbox 1319 2697 1560 2751; x_wconf 77' lang='lat' dir='ltr'><strong>Amalec.</strong></span> <span class='ocrx_word' id='word_1_358' title='bbox 1617 2697 1725 2753; x_wconf 91' lang='lat' dir='ltr'><strong>Sed</strong></span> 
     </span>
    </p>
   </div>
   <div class='ocr_carea' id='block_1_43' title="bbox 135 2789 1727 2860">
    <p class='ocr_par' dir='ltr' id='par_1_43' title="bbox 135 2789 1727 2860">
     <span class='ocr_line' id='line_1_43' title="bbox 135 2789 1727 2860; baseline 0.001 -16"><span class='ocrx_word' id='word_1_359' title='bbox 135 2800 188 2844; x_wconf 86' lang='lat' dir='ltr'><strong>et</strong></span> <span class='ocrx_word' id='word_1_360' title='bbox 221 2790 524 2860; x_wconf 88' lang='lat' dir='ltr'><strong>Apostolus</strong></span> <span class='ocrx_word' id='word_1_361' title='bbox 571 2791 590 2820; x_wconf 82' lang='grc'>³</span> <span class='ocrx_word' id='word_1_362' title='bbox 623 2789 871 2860; x_wconf 70' lang='lat' dir='ltr'><strong>prwcipit</strong></span> <span class='ocrx_word' id='word_1_363' title='bbox 903 2789 1086 2844; x_wconf 88' lang='lat' dir='ltr'><strong>levare</strong></span> <span class='ocrx_word' id='word_1_364' title='bbox 1121 2800 1339 2845; x_wconf 87' lang='lat' dir='ltr'><strong>sanctas</strong></span> <span class='ocrx_word' id='word_1_365' title='bbox 1384 2807 1577 2845; x_wconf 87' lang='lat' dir='ltr'><strong>manus</strong></span> <span class='ocrx_word' id='word_1_366' title='bbox 1607 2793 1727 2846; x_wconf 91' lang='lat' dir='ltr'><strong>sine</strong></span> 
     </span>
    </p>
   </div>
   <div class='ocr_carea' id='block_1_44' title="bbox 136 2881 1722 2952">
    <p class='ocr_par' dir='ltr' id='par_1_44' title="bbox 136 2881 1722 2952">
     <span class='ocr_line' id='line_1_44' title="bbox 136 2881 1722 2952; baseline 0.003 -18"><span class='ocrx_word' id='word_1_367' title='bbox 136 2882 216 2935; x_wconf 84' lang='lat' dir='ltr'><strong>ira</strong></span> <span class='ocrx_word' id='word_1_368' title='bbox 273 2890 337 2937; x_wconf 89' lang='lat' dir='ltr'><strong>et</strong></span> <span class='ocrx_word' id='word_1_369' title='bbox 370 2882 812 2952; x_wconf 86' lang='lat' dir='ltr'><strong>disceptatione;</strong></span> <span class='ocrx_word' id='word_1_370' title='bbox 867 2893 921 2936; x_wconf 88' lang='lat' dir='ltr'><strong>et</strong></span> <span class='ocrx_word' id='word_1_371' title='bbox 974 2881 1039 2934; x_wconf 91' lang='lat' dir='ltr'><strong>ad</strong></span> <span class='ocrx_word' id='word_1_372' title='bbox 1094 2884 1358 2950; x_wconf 86' lang='lat' dir='ltr'><strong>quosdam</strong></span> <span class='ocrx_word' id='word_1_373' title='bbox 1398 2884 1615 2939; x_wconf 88' lang='lat' dir='ltr'><strong>dicebat</strong></span> <span class='ocrx_word' id='word_1_374' title='bbox 1661 2885 1722 2938; x_wconf 64' lang='grc' dir='ltr'>ἰε</span> 
     </span>
    </p>
   </div>
   <div class='ocr_carea' id='block_1_45' title="bbox 149 2973 1727 3044">
    <p class='ocr_par' dir='ltr' id='par_1_45' title="bbox 149 2973 1727 3044">
     <span class='ocr_line' id='line_1_45' title="bbox 149 2973 1727 3044; baseline 0.004 -20"><span class='ocrx_word' id='word_1_375' title='bbox 149 2993 167 3024; x_wconf 81' lang='grc' dir='ltr'><strong>ι</strong></span> <span class='ocrx_word' id='word_1_376' title='bbox 208 2973 494 3029; x_wconf 80' lang='lat' dir='ltr'><strong>Demissas</strong></span> <span class='ocrx_word' id='word_1_377' title='bbox 541 2990 735 3029; x_wconf 83' lang='lat' dir='ltr'><strong>matms</strong></span> <span class='ocrx_word' id='word_1_378' title='bbox 759 3015 774 3039; x_wconf 92' lang='lat'><strong>,</strong></span> <span class='ocrx_word' id='word_1_379' title='bbox 811 2983 866 3028; x_wconf 90' lang='lat' dir='ltr'><strong>et</strong></span> <span class='ocrx_word' id='word_1_380' title='bbox 898 2973 1156 3026; x_wconf 83' lang='lat' dir='ltr'><strong>dissoluta</strong></span> <span class='ocrx_word' id='word_1_381' title='bbox 1204 2990 1375 3044; x_wconf 85' lang='lat' dir='ltr'><strong>genua</strong></span> <span class='ocrx_word' id='word_1_382' title='bbox 1410 2974 1602 3044; x_wconf 82' lang='lat' dir='ltr'><strong>erigite</strong></span> <span class='ocrx_word' id='word_1_383' title='bbox 1628 3018 1642 3042; x_wconf 94' lang='lat'><strong>,</strong></span> <span class='ocrx_word' id='word_1_384' title='bbox 1673 2983 1727 3030; x_wconf 92' lang='lat' dir='ltr'><strong>et</strong></span> 
     </span>
    </p>
   </div>
   <div class='ocr_carea' id='block_1_46' title="bbox 133 3066 1726 3138">
    <p class='ocr_par' dir='ltr' id='par_1_46' title="bbox 133 3066 1726 3138">
     <span class='ocr_line' id='line_1_46' title="bbox 133 3066 1726 3138; baseline 0.003 -20"><span class='ocrx_word' id='word_1_385' title='bbox 133 3073 319 3122; x_wconf 85' lang='lat' dir='ltr'><strong>rectos</strong></span> <span class='ocrx_word' id='word_1_386' title='bbox 372 3081 592 3136; x_wconf 84' lang='lat' dir='ltr'><strong>gressus</strong></span> <span class='ocrx_word' id='word_1_387' title='bbox 633 3066 797 3120; x_wconf 79' lang='lat' dir='ltr'><strong>facite</strong></span> <span class='ocrx_word' id='word_1_388' title='bbox 844 3066 1071 3136; x_wconf 88' lang='lat' dir='ltr'><strong>pedibus</strong></span> <span class='ocrx_word' id='word_1_389' title='bbox 1130 3067 1348 3120; x_wconf 89' lang='lat' dir='ltr'><strong>vestris.</strong></span> <span class='ocrx_word' id='word_1_390' title='bbox 1395 3085 1414 3118; x_wconf 72' lang='grc' dir='ltr'><strong>ι</strong></span> <span class='ocrx_word' id='word_1_391' title='bbox 1475 3068 1532 3122; x_wconf 89' lang='lat' dir='ltr'><strong>Si</strong></span> <span class='ocrx_word' id='word_1_392' title='bbox 1588 3083 1726 3138; x_wconf 88' lang='lat' dir='ltr'><strong>ergo</strong></span> 
     </span>
    </p>
   </div>
   <div class='ocr_carea' id='block_1_47' title="bbox 131 3157 1725 3228">
    <p class='ocr_par' dir='ltr' id='par_1_47' title="bbox 131 3157 1725 3228">
     <span class='ocr_line' id='line_1_47' title="bbox 131 3157 1725 3228; baseline 0 -16"><span class='ocrx_word' id='word_1_393' title='bbox 131 3167 321 3212; x_wconf 82' lang='lat' dir='ltr'><strong>servat</strong></span> <span class='ocrx_word' id='word_1_394' title='bbox 378 3158 612 3228; x_wconf 90' lang='lat' dir='ltr'><strong>populus</strong></span> <span class='ocrx_word' id='word_1_395' title='bbox 647 3157 824 3228; x_wconf 84' lang='lat' dir='ltr'><strong>legem</strong></span> <span class='ocrx_word' id='word_1_396' title='bbox 855 3198 870 3222; x_wconf 92' lang='lat'><strong>,</strong></span> <span class='ocrx_word' id='word_1_397' title='bbox 919 3159 1093 3214; x_wconf 87' lang='lat' dir='ltr'><strong>elevat</strong></span> <span class='ocrx_word' id='word_1_398' title='bbox 1127 3157 1344 3228; x_wconf 78' lang='lat' dir='ltr'><strong>Moyses</strong></span> <span class='ocrx_word' id='word_1_399' title='bbox 1381 3173 1570 3212; x_wconf 91' lang='lat' dir='ltr'><strong>manus</strong></span> <span class='ocrx_word' id='word_1_400' title='bbox 1603 3199 1617 3222; x_wconf 94' lang='lat'><strong>,</strong></span> <span class='ocrx_word' id='word_1_401' title='bbox 1671 3167 1725 3213; x_wconf 93' lang='lat' dir='ltr'><strong>et</strong></span> 
     </span>
    </p>
   </div>
   <div class='ocr_carea' id='block_1_48' title="bbox 130 3248 1720 3319">
    <p class='ocr_par' dir='ltr' id='par_1_48' title="bbox 130 3248 1720 3319">
     <span class='ocr_line' id='line_1_48' title="bbox 130 3248 1720 3319; baseline 0.002 -16"><span class='ocrx_word' id='word_1_402' title='bbox 130 3248 486 3304; x_wconf 88' lang='lat' dir='ltr'><strong>adversarius</strong></span> <span class='ocrx_word' id='word_1_403' title='bbox 513 3250 764 3304; x_wconf 85' lang='lat' dir='ltr'><strong>vincitur.</strong></span> <span class='ocrx_word' id='word_1_404' title='bbox 787 3251 842 3304; x_wconf 90' lang='lat' dir='ltr'><strong>Si</strong></span> <span class='ocrx_word' id='word_1_405' title='bbox 877 3267 981 3305; x_wconf 91' lang='lat' dir='ltr'><strong>non</strong></span> <span class='ocrx_word' id='word_1_406' title='bbox 1013 3261 1196 3305; x_wconf 82' lang='lat' dir='ltr'><strong>servat</strong></span> <span class='ocrx_word' id='word_1_407' title='bbox 1224 3251 1720 3319; x_wconf 85' lang='lat' dir='ltr'><strong>legem,invalescit</strong></span> 
     </span>
    </p>
   </div>
   <div class='ocr_carea' id='block_1_49' title="bbox 128 3343 1719 3413">
    <p class='ocr_par' dir='ltr' id='par_1_49' title="bbox 128 3343 1719 3413">
     <span class='ocr_line' id='line_1_49' title="bbox 128 3343 1719 3413; baseline 0.001 -15"><span class='ocrx_word' id='word_1_408' title='bbox 128 3343 385 3399; x_wconf 81' lang='lat' dir='ltr'><strong>Amalec.</strong></span> <span class='ocrx_word' id='word_1_409' title='bbox 425 3343 561 3411; x_wconf 88' lang='lat' dir='ltr'><strong>Quia</strong></span> <span class='ocrx_word' id='word_1_410' title='bbox 603 3343 767 3412; x_wconf 83' lang='lat' dir='ltr'><strong>igitur</strong></span> <span class='ocrx_word' id='word_1_411' title='bbox 801 3353 855 3398; x_wconf 87' lang='lat' dir='ltr'><strong>et</strong></span> <span class='ocrx_word' id='word_1_412' title='bbox 891 3344 1049 3398; x_wconf 91' lang='lat' dir='ltr'><strong>nobis</strong></span> <span class='ocrx_word' id='word_1_413' title='bbox 1103 3359 1283 3413; x_wconf 86' lang='lat' dir='ltr'><strong>pugna</strong></span> <span class='ocrx_word' id='word_1_414' title='bbox 1317 3355 1401 3398; x_wconf 87' lang='lat' dir='ltr'><strong>est</strong></span> <span class='ocrx_word' id='word_1_415' title='bbox 1456 3346 1719 3400; x_wconf 90' lang='lat' dir='ltr'><strong>adversus</strong></span> 
     </span>
    </p>
   </div>
   <div class='ocr_carea' id='block_1_50' title="bbox 128 3434 1718 3505">
    <p class='ocr_par' dir='ltr' id='par_1_50' title="bbox 128 3434 1718 3505">
     <span class='ocr_line' id='line_1_50' title="bbox 128 3434 1718 3505; baseline 0.001 -17"><span class='ocrx_word' id='word_1_416' title='bbox 128 3435 439 3505; x_wconf 76' lang='lat' dir='ltr'><strong>principes,</strong></span> <span class='ocrx_word' id='word_1_417' title='bbox 467 3443 519 3488; x_wconf 87' lang='lat' dir='ltr'><strong>et</strong></span> <span class='ocrx_word' id='word_1_418' title='bbox 539 3443 862 3504; x_wconf 86' lang='lat' dir='ltr'><strong>potestates,</strong></span> <span class='ocrx_word' id='word_1_419' title='bbox 893 3443 947 3487; x_wconf 91' lang='lat' dir='ltr'><strong>et</strong></span> <span class='ocrx_word' id='word_1_420' title='bbox 974 3436 1156 3488; x_wconf 88' lang='lat' dir='ltr'><strong>mundi</strong></span> <span class='ocrx_word' id='word_1_421' title='bbox 1191 3434 1348 3502; x_wconf 89' lang='lat' dir='ltr'><strong>hujus</strong></span> <span class='ocrx_word' id='word_1_422' title='bbox 1373 3447 1609 3490; x_wconf 88' lang='lat' dir='ltr'><strong>rectores</strong></span> <span class='ocrx_word' id='word_1_423' title='bbox 1641 3445 1718 3490; x_wconf 89' lang='lat' dir='ltr'><strong>te-</strong></span> 
     </span>
    </p>
   </div>
   <div class='ocr_carea' id='block_1_51' title="bbox 127 3527 1715 3596">
    <p class='ocr_par' dir='ltr' id='par_1_51' title="bbox 127 3527 1715 3596">
     <span class='ocr_line' id='line_1_51' title="bbox 127 3527 1715 3596; baseline 0.003 -16"><span class='ocrx_word' id='word_1_424' title='bbox 127 3529 437 3583; x_wconf 76' lang='lat' dir='ltr'><strong>nebrarum</strong></span> <span class='ocrx_word' id='word_1_425' title='bbox 463 3568 479 3593; x_wconf 96' lang='lat'><strong>,</strong></span> <span class='ocrx_word' id='word_1_426' title='bbox 519 3529 562 3581; x_wconf 89' lang='lat' dir='ltr'><strong>si</strong></span> <span class='ocrx_word' id='word_1_427' title='bbox 593 3527 672 3580; x_wconf 88' lang='lat' dir='ltr'><strong>vis</strong></span> <span class='ocrx_word' id='word_1_428' title='bbox 700 3527 919 3582; x_wconf 89' lang='lat' dir='ltr'><strong>vincere</strong></span> <span class='ocrx_word' id='word_1_429' title='bbox 943 3567 957 3592; x_wconf 89' lang='lat'><strong>,</strong></span> <span class='ocrx_word' id='word_1_430' title='bbox 1003 3529 1047 3582; x_wconf 90' lang='lat' dir='ltr'><strong>si</strong></span> <span class='ocrx_word' id='word_1_431' title='bbox 1103 3529 1187 3581; x_wconf 91' lang='lat' dir='ltr'><strong>vis</strong></span> <span class='ocrx_word' id='word_1_432' title='bbox 1247 3529 1494 3583; x_wconf 89' lang='lat' dir='ltr'><strong>obtinere</strong></span> <span class='ocrx_word' id='word_1_433' title='bbox 1519 3570 1533 3596; x_wconf 93' lang='lat'><strong>,</strong></span> <span class='ocrx_word' id='word_1_434' title='bbox 1563 3529 1715 3584; x_wconf 89' lang='lat' dir='ltr'><strong>eleva</strong></span> 
     </span>
    </p>
   </div>
   <div class='ocr_carea' id='block_1_52' title="bbox 127 3620 1715 3686">
    <p class='ocr_par' dir='ltr' id='par_1_52' title="bbox 127 3620 1715 3686">
     <span class='ocr_line' id='line_1_52' title="bbox 127 3620 1715 3686; baseline 0.001 -12"><span class='ocrx_word' id='word_1_435' title='bbox 127 3635 355 3686; x_wconf 84' lang='lat' dir='ltr'><strong>manus,</strong></span> <span class='ocrx_word' id='word_1_436' title='bbox 393 3621 620 3675; x_wconf 77' lang='lat' dir='ltr'><strong>eleleva</strong></span> <span class='ocrx_word' id='word_1_437' title='bbox 658 3628 814 3675; x_wconf 86' lang='lat' dir='ltr'><strong>actus</strong></span> <span class='ocrx_word' id='word_1_438' title='bbox 847 3627 986 3682; x_wconf 85' lang='lat' dir='ltr'><strong>tuos,</strong></span> <span class='ocrx_word' id='word_1_439' title='bbox 1024 3627 1080 3673; x_wconf 91' lang='lat' dir='ltr'><strong>et</strong></span> <span class='ocrx_word' id='word_1_440' title='bbox 1114 3620 1457 3674; x_wconf 88' lang='lat' dir='ltr'><strong>conversatio</strong></span> <span class='ocrx_word' id='word_1_441' title='bbox 1493 3630 1579 3674; x_wconf 90' lang='lat' dir='ltr'><strong>tua</strong></span> <span class='ocrx_word' id='word_1_442' title='bbox 1611 3636 1715 3675; x_wconf 91' lang='lat' dir='ltr'><strong>non</strong></span> 
     </span>
    </p>
   </div>
   <div class='ocr_carea' id='block_1_53' title="bbox 125 3712 1717 3784">
    <p class='ocr_par' dir='ltr' id='par_1_53' title="bbox 125 3712 1717 3784">
     <span class='ocr_line' id='line_1_53' title="bbox 125 3712 1717 3784; baseline 0.002 -16"><span class='ocrx_word' id='word_1_443' title='bbox 125 3715 198 3768; x_wconf 94' lang='lat' dir='ltr'><strong>sit</strong></span> <span class='ocrx_word' id='word_1_444' title='bbox 232 3715 289 3769; x_wconf 93' lang='lat' dir='ltr'><strong>in</strong></span> <span class='ocrx_word' id='word_1_445' title='bbox 325 3715 514 3778; x_wconf 89' lang='lat' dir='ltr'><strong>terris,</strong></span> <span class='ocrx_word' id='word_1_446' title='bbox 558 3715 653 3769; x_wconf 90' lang='lat' dir='ltr'><strong>sed</strong></span> <span class='ocrx_word' id='word_1_447' title='bbox 688 3715 828 3769; x_wconf 89' lang='lat' dir='ltr'><strong>sicut</strong></span> <span class='ocrx_word' id='word_1_448' title='bbox 861 3713 1004 3767; x_wconf 83' lang='lat' dir='ltr'><strong>dixit</strong></span> <span class='ocrx_word' id='word_1_449' title='bbox 1034 3712 1326 3781; x_wconf 82' lang='lat' dir='ltr'><strong>Apostolus</strong></span> <span class='ocrx_word' id='word_1_450' title='bbox 1357 3713 1418 3766; x_wconf 71' lang='grc' dir='ltr'><strong>’ς</strong></span> <span class='ocrx_word' id='word_1_451' title='bbox 1481 3731 1500 3765; x_wconf 78' lang='grc' dir='ltr'><strong>ι</strong></span> <span class='ocrx_word' id='word_1_452' title='bbox 1539 3713 1717 3784; x_wconf 89' lang='lat' dir='ltr'><strong>Super</strong></span> 
     </span>
    </p>
   </div>
   <div class='ocr_carea' id='block_1_54' title="bbox 124 3803 1713 3870">
    <p class='ocr_par' dir='ltr' id='par_1_54' title="bbox 124 3803 1713 3870">
     <span class='ocr_line' id='line_1_54' title="bbox 124 3803 1713 3870; baseline 0 -10"><span class='ocrx_word' id='word_1_453' title='bbox 124 3817 336 3862; x_wconf 89' lang='lat' dir='ltr'><strong>terram</strong></span> <span class='ocrx_word' id='word_1_454' title='bbox 394 3806 734 3862; x_wconf 82' lang='lat' dir='ltr'><strong>ambulantes</strong></span> <span class='ocrx_word' id='word_1_455' title='bbox 763 3845 778 3870; x_wconf 89' lang='lat'><strong>,</strong></span> <span class='ocrx_word' id='word_1_456' title='bbox 813 3803 1289 3859; x_wconf 83' lang='lat' dir='ltr'><strong>conversationem</strong></span> <span class='ocrx_word' id='word_1_457' title='bbox 1338 3803 1602 3862; x_wconf 90' lang='lat' dir='ltr'><strong>habemus</strong></span> <span class='ocrx_word' id='word_1_458' title='bbox 1659 3807 1713 3860; x_wconf 92' lang='lat' dir='ltr'><strong>in</strong></span> 
     </span>
    </p>
   </div>
   <div class='ocr_carea' id='block_1_55' title="bbox 120 3896 1711 3968">
    <p class='ocr_par' dir='ltr' id='par_1_55' title="bbox 120 3896 1711 3968">
     <span class='ocr_line' id='line_1_55' title="bbox 120 3896 1711 3968; baseline -0.003 -12"><span class='ocrx_word' id='word_1_459' title='bbox 120 3901 282 3956; x_wconf 65' lang='lat' dir='ltr'><strong>coelo.</strong></span> <span class='ocrx_word' id='word_1_460' title='bbox 330 3919 351 3954; x_wconf 73' lang='grc' dir='ltr'><strong>ι</strong></span> <span class='ocrx_word' id='word_1_461' title='bbox 394 3900 460 3955; x_wconf 86' lang='grc' dir='ltr'>Ει</span> <span class='ocrx_word' id='word_1_462' title='bbox 492 3899 565 3954; x_wconf 91' lang='lat' dir='ltr'><strong>ita</strong></span> <span class='ocrx_word' id='word_1_463' title='bbox 603 3899 802 3968; x_wconf 90' lang='lat' dir='ltr'><strong>poteris</strong></span> <span class='ocrx_word' id='word_1_464' title='bbox 834 3911 1097 3966; x_wconf 88' lang='lat' dir='ltr'><strong>superare</strong></span> <span class='ocrx_word' id='word_1_465' title='bbox 1123 3896 1380 3965; x_wconf 87' lang='lat' dir='ltr'><strong>populum</strong></span> <span class='ocrx_word' id='word_1_466' title='bbox 1407 3898 1711 3953; x_wconf 66' lang='lat' dir='ltr'><strong>adversano</strong></span> 
     </span>
    </p>
   </div>
   <div class='ocr_carea' id='block_1_56' title="bbox 120 3989 1710 4056">
    <p class='ocr_par' dir='ltr' id='par_1_56' title="bbox 120 3989 1710 4056">
     <span class='ocr_line' id='line_1_56' title="bbox 120 3989 1710 4056; baseline -0.001 -8"><span class='ocrx_word' id='word_1_467' title='bbox 120 4005 229 4050; x_wconf 88' lang='lat' dir='ltr'><strong>tem</strong></span> <span class='ocrx_word' id='word_1_468' title='bbox 265 3993 372 4050; x_wconf 86' lang='lat' dir='ltr'><strong>tibi</strong></span> <span class='ocrx_word' id='word_1_469' title='bbox 420 3992 687 4056; x_wconf 86' lang='lat' dir='ltr'><strong>Amalec,</strong></span> <span class='ocrx_word' id='word_1_470' title='bbox 739 3991 812 4044; x_wconf 90' lang='lat' dir='ltr'><strong>ita</strong></span> <span class='ocrx_word' id='word_1_471' title='bbox 845 4001 903 4044; x_wconf 94' lang='lat' dir='ltr'><strong>ut</strong></span> <span class='ocrx_word' id='word_1_472' title='bbox 953 3989 1169 4043; x_wconf 88' lang='lat' dir='ltr'><strong>dicatur</strong></span> <span class='ocrx_word' id='word_1_473' title='bbox 1223 3992 1290 4046; x_wconf 89' lang='lat' dir='ltr'><strong>de</strong></span> <span class='ocrx_word' id='word_1_474' title='bbox 1348 4001 1397 4048; x_wconf 90' lang='lat' dir='ltr'><strong>te</strong></span> <span class='ocrx_word' id='word_1_475' title='bbox 1455 3993 1620 4048; x_wconf 90' lang='lat' dir='ltr'><strong>etiam</strong></span> <span class='ocrx_word' id='word_1_476' title='bbox 1651 3993 1710 4046; x_wconf 79' lang='lat'><strong>°:</strong></span> 
     </span>
    </p>
   </div>
   <div class='ocr_carea' id='block_1_57' title="bbox 123 4083 1714 4154">
    <p class='ocr_par' dir='ltr' id='par_1_57' title="bbox 123 4083 1714 4154">
     <span class='ocr_line' id='line_1_57' title="bbox 123 4083 1714 4154; baseline 0.002 -18"><span class='ocrx_word' id='word_1_477' title='bbox 123 4105 140 4136; x_wconf 79' lang='grc' dir='ltr'><strong>ι</strong></span> <span class='ocrx_word' id='word_1_478' title='bbox 171 4086 321 4154; x_wconf 81' lang='lat' dir='ltr'><strong>Quia</strong></span> <span class='ocrx_word' id='word_1_479' title='bbox 357 4085 411 4140; x_wconf 92' lang='lat' dir='ltr'><strong>in</strong></span> <span class='ocrx_word' id='word_1_480' title='bbox 443 4100 602 4139; x_wconf 88' lang='lat' dir='ltr'><strong>manu</strong></span> <span class='ocrx_word' id='word_1_481' title='bbox 640 4083 855 4139; x_wconf 86' lang='lat' dir='ltr'><strong>occulta</strong></span> <span class='ocrx_word' id='word_1_482' title='bbox 886 4084 1235 4152; x_wconf 82' lang='lat' dir='ltr'><strong>expugnabat</strong></span> <span class='ocrx_word' id='word_1_483' title='bbox 1262 4083 1526 4139; x_wconf 90' lang='lat' dir='ltr'><strong>Dominus</strong></span> <span class='ocrx_word' id='word_1_484' title='bbox 1547 4085 1714 4139; x_wconf 85' lang='lat' dir='ltr'><strong>Ama-</strong></span> 
     </span>
    </p>
   </div>
   <div class='ocr_carea' id='block_1_58' title="bbox 115 4175 1714 4245">
    <p class='ocr_par' dir='ltr' id='par_1_58' title="bbox 115 4175 1714 4245">
     <span class='ocr_line' id='line_1_58' title="bbox 115 4175 1714 4245; baseline -0.002 -15"><span class='ocrx_word' id='word_1_485' title='bbox 115 4177 218 4232; x_wconf 88' lang='lat' dir='ltr'><strong>lee.</strong></span> <span class='ocrx_word' id='word_1_486' title='bbox 258 4197 279 4231; x_wconf 72' lang='grc' dir='ltr'><strong>ι</strong></span> <span class='ocrx_word' id='word_1_487' title='bbox 324 4176 486 4231; x_wconf 80' lang='lat' dir='ltr'><strong>Eleva</strong></span> <span class='ocrx_word' id='word_1_488' title='bbox 527 4184 582 4230; x_wconf 92' lang='lat' dir='ltr'><strong>et</strong></span> <span class='ocrx_word' id='word_1_489' title='bbox 611 4184 665 4228; x_wconf 90' lang='lat' dir='ltr'><strong>tu</strong></span> <span class='ocrx_word' id='word_1_490' title='bbox 701 4190 891 4228; x_wconf 91' lang='lat' dir='ltr'><strong>manus</strong></span> <span class='ocrx_word' id='word_1_491' title='bbox 924 4175 989 4227; x_wconf 89' lang='lat' dir='ltr'><strong>ad</strong></span> <span class='ocrx_word' id='word_1_492' title='bbox 1027 4176 1215 4238; x_wconf 89' lang='lat' dir='ltr'><strong>Deum,</strong></span> <span class='ocrx_word' id='word_1_493' title='bbox 1244 4185 1299 4229; x_wconf 90' lang='lat' dir='ltr'><strong>et</strong></span> <span class='ocrx_word' id='word_1_494' title='bbox 1358 4175 1521 4245; x_wconf 89' lang='lat' dir='ltr'><strong>imple</strong></span> <span class='ocrx_word' id='word_1_495' title='bbox 1558 4191 1714 4228; x_wconf 91' lang='lat' dir='ltr'><strong>man-</strong></span> 
     </span>
    </p>
   </div>
   <div class='ocr_carea' id='block_1_59' title="bbox 115 4266 1709 4338">
    <p class='ocr_par' dir='ltr' id='par_1_59' title="bbox 115 4266 1709 4338">
     <span class='ocr_line' id='line_1_59' title="bbox 115 4266 1709 4338; baseline 0.001 -15"><span class='ocrx_word' id='word_1_496' title='bbox 115 4273 341 4333; x_wconf 85' lang='lat' dir='ltr'><strong>datum,</strong></span> <span class='ocrx_word' id='word_1_497' title='bbox 366 4283 476 4338; x_wconf 90' lang='lat' dir='ltr'><strong>quo</strong></span> <span class='ocrx_word' id='word_1_498' title='bbox 501 4266 792 4336; x_wconf 80' lang='lat' dir='ltr'><strong>Apostolus</strong></span> <span class='ocrx_word' id='word_1_499' title='bbox 826 4266 1002 4321; x_wconf 89' lang='lat' dir='ltr'><strong>dicit&quot;</strong></span> <span class='ocrx_word' id='word_1_500' title='bbox 1031 4283 1044 4319; x_wconf 85' lang='lat'><strong>:</strong></span> <span class='ocrx_word' id='word_1_501' title='bbox 1087 4287 1104 4319; x_wconf 73' lang='grc' dir='ltr'><strong>ι</strong></span> <span class='ocrx_word' id='word_1_502' title='bbox 1141 4267 1270 4322; x_wconf 91' lang='lat' dir='ltr'><strong>Sine</strong></span> <span class='ocrx_word' id='word_1_503' title='bbox 1299 4267 1709 4324; x_wconf 87' lang='lat' dir='ltr'><strong>intermissione</strong></span> 
     </span>
    </p>
   </div>
   <div class='ocr_carea' id='block_1_60' title="bbox 112 4358 1708 4431">
    <p class='ocr_par' dir='ltr' id='par_1_60' title="bbox 112 4358 1708 4431">
     <span class='ocr_line' id='line_1_60' title="bbox 112 4358 1708 4431; baseline 0 -15"><span class='ocrx_word' id='word_1_504' title='bbox 112 4373 271 4416; x_wconf 88' lang='lat' dir='ltr'><strong>orate</strong></span> <span class='ocrx_word' id='word_1_505' title='bbox 305 4360 461 4431; x_wconf 86' lang='lat'><strong>(66):</strong></span> <span class='ocrx_word' id='word_1_506' title='bbox 491 4377 509 4411; x_wconf 78' lang='grc' dir='ltr'><strong>ι</strong></span> <span class='ocrx_word' id='word_1_507' title='bbox 544 4369 598 4413; x_wconf 92' lang='lat' dir='ltr'><strong>et</strong></span> <span class='ocrx_word' id='word_1_508' title='bbox 625 4368 754 4413; x_wconf 91' lang='lat' dir='ltr'><strong>tunc</strong></span> <span class='ocrx_word' id='word_1_509' title='bbox 785 4358 875 4412; x_wconf 87' lang='lat' dir='ltr'><strong>liet</strong></span> <span class='ocrx_word' id='word_1_510' title='bbox 907 4359 1050 4429; x_wconf 91' lang='lat' dir='ltr'><strong>quod</strong></span> <span class='ocrx_word' id='word_1_511' title='bbox 1090 4361 1356 4428; x_wconf 88' lang='lat' dir='ltr'><strong>scriptum</strong></span> <span class='ocrx_word' id='word_1_512' title='bbox 1387 4368 1472 4414; x_wconf 90' lang='lat' dir='ltr'><strong>est</strong></span> <span class='ocrx_word' id='word_1_513' title='bbox 1504 4361 1546 4426; x_wconf 84' lang='grc'><strong>⁸,</strong></span> <span class='ocrx_word' id='word_1_514' title='bbox 1578 4362 1708 4430; x_wconf 91' lang='lat' dir='ltr'><strong>quia</strong></span> 
     </span>
    </p>
   </div>
   <div class='ocr_carea' id='block_1_61' title="bbox 116 4441 1705 4522">
    <p class='ocr_par' dir='ltr' id='par_1_61' title="bbox 116 4441 1705 4522">
     <span class='ocr_line' id='line_1_61' title="bbox 116 4441 1705 4522; baseline 0.002 -18"><span class='ocrx_word' id='word_1_515' title='bbox 116 4470 135 4504; x_wconf 78' lang='grc' dir='ltr'><strong>ι</strong></span> <span class='ocrx_word' id='word_1_516' title='bbox 165 4441 318 4508; x_wconf 81' lang='lat' dir='ltr'><strong>sicut</strong></span> <span class='ocrx_word' id='word_1_517' title='bbox 366 4450 570 4505; x_wconf 80' lang='lat' dir='ltr'><strong>vitulus</strong></span> <span class='ocrx_word' id='word_1_518' title='bbox 599 4450 826 4518; x_wconf 84' lang='lat' dir='ltr'><strong>ablingit</strong></span> <span class='ocrx_word' id='word_1_519' title='bbox 848 4451 902 4504; x_wconf 92' lang='lat' dir='ltr'><strong>in</strong></span> <span class='ocrx_word' id='word_1_520' title='bbox 936 4451 1143 4521; x_wconf 85' lang='lat' dir='ltr'><strong>campis</strong></span> <span class='ocrx_word' id='word_1_521' title='bbox 1176 4451 1398 4505; x_wconf 89' lang='lat' dir='ltr'><strong>herbam</strong></span> <span class='ocrx_word' id='word_1_522' title='bbox 1437 4452 1705 4522; x_wconf 88' lang='lat' dir='ltr'><strong>viridem,</strong></span> 
     </span>
    </p>
   </div>
   <div class='ocr_carea' id='block_1_62' title="bbox 1835 1957 3420 2026">
    <p class='ocr_par' dir='ltr' id='par_1_62' title="bbox 1835 1957 3420 2026">
     <span class='ocr_line' id='line_1_62' title="bbox 1835 1957 3420 2026; baseline 0.003 -16"><span class='ocrx_word' id='word_1_523' title='bbox 1835 1966 1922 2010; x_wconf 92' lang='lat' dir='ltr'><strong>rat</strong></span> <span class='ocrx_word' id='word_1_524' title='bbox 1947 1957 2200 2011; x_wconf 73' lang='lat' dir='ltr'><strong>sacerdos</strong></span> <span class='ocrx_word' id='word_1_525' title='bbox 2229 1957 2438 2012; x_wconf 83' lang='lat' dir='ltr'><strong>Madian</strong></span> <span class='ocrx_word' id='word_1_526' title='bbox 2469 1960 2768 2014; x_wconf 88' lang='lat' dir='ltr'><strong>ascendere</strong></span> <span class='ocrx_word' id='word_1_527' title='bbox 2799 1959 2864 2013; x_wconf 91' lang='lat' dir='ltr'><strong>ad</strong></span> <span class='ocrx_word' id='word_1_528' title='bbox 2902 1971 3136 2014; x_wconf 92' lang='lat' dir='ltr'><strong>montem</strong></span> <span class='ocrx_word' id='word_1_529' title='bbox 3172 1959 3287 2026; x_wconf 91' lang='lat' dir='ltr'><strong>Dei,</strong></span> <span class='ocrx_word' id='word_1_530' title='bbox 3323 1958 3420 2014; x_wconf 81' lang='lat' dir='ltr'><strong>sed</strong></span> 
     </span>
    </p>
   </div>
   <div class='ocr_carea' id='block_1_63' title="bbox 1833 2047 3418 2120">
    <p class='ocr_par' dir='ltr' id='par_1_63' title="bbox 1833 2047 3418 2120">
     <span class='ocr_line' id='line_1_63' title="bbox 1833 2047 3418 2120; baseline 0.001 -18"><span class='ocrx_word' id='word_1_531' title='bbox 1833 2063 1932 2102; x_wconf 86' lang='lat' dir='ltr'><strong>nec</strong></span> <span class='ocrx_word' id='word_1_532' title='bbox 1967 2049 2021 2101; x_wconf 92' lang='lat' dir='ltr'><strong>in</strong></span> <span class='ocrx_word' id='word_1_533' title='bbox 2073 2047 2371 2120; x_wconf 65' lang='lat' dir='ltr'><strong>A‘ngptum</strong></span> <span class='ocrx_word' id='word_1_534' title='bbox 2402 2051 2737 2104; x_wconf 82' lang='lat' dir='ltr'><strong>descendere</strong></span> <span class='ocrx_word' id='word_1_535' title='bbox 2786 2049 2962 2120; x_wconf 90' lang='lat' dir='ltr'><strong>potuit</strong></span> <span class='ocrx_word' id='word_1_536' title='bbox 2999 2051 3079 2104; x_wconf 93' lang='lat' dir='ltr'><strong>vel</strong></span> <span class='ocrx_word' id='word_1_537' title='bbox 3128 2051 3244 2120; x_wconf 88' lang='lat' dir='ltr'><strong>ipse</strong></span> <span class='ocrx_word' id='word_1_538' title='bbox 3273 2091 3286 2114; x_wconf 91' lang='lat'><strong>,</strong></span> <span class='ocrx_word' id='word_1_539' title='bbox 3336 2051 3418 2104; x_wconf 88' lang='lat' dir='ltr'><strong>vel</strong></span> 
     </span>
    </p>
   </div>
   <div class='ocr_carea' id='block_1_64' title="bbox 1835 2139 3416 2211">
    <p class='ocr_par' dir='ltr' id='par_1_64' title="bbox 1835 2139 3416 2211">
     <span class='ocr_line' id='line_1_64' title="bbox 1835 2139 3416 2211; baseline 0.002 -19"><span class='ocrx_word' id='word_1_540' title='bbox 1835 2155 1973 2192; x_wconf 82' lang='lat' dir='ltr'><strong>uxor</strong></span> <span class='ocrx_word' id='word_1_541' title='bbox 2006 2139 2196 2211; x_wconf 88' lang='lat' dir='ltr'><strong>Moysi,</strong></span> <span class='ocrx_word' id='word_1_542' title='bbox 2251 2142 2344 2195; x_wconf 89' lang='lat' dir='ltr'><strong>sed</strong></span> <span class='ocrx_word' id='word_1_543' title='bbox 2380 2157 2525 2196; x_wconf 92' lang='lat' dir='ltr'><strong>nunc</strong></span> <span class='ocrx_word' id='word_1_544' title='bbox 2550 2143 2614 2195; x_wconf 93' lang='lat' dir='ltr'><strong>ad</strong></span> <span class='ocrx_word' id='word_1_545' title='bbox 2643 2156 2783 2208; x_wconf 41' lang='lat' dir='ltr'><strong>eum,</strong></span> <span class='ocrx_word' id='word_1_546' title='bbox 2799 2143 2946 2196; x_wconf 87' lang='lat' dir='ltr'><strong>venit</strong></span> <span class='ocrx_word' id='word_1_547' title='bbox 2972 2158 3094 2196; x_wconf 88' lang='lat' dir='ltr'><strong>cmn</strong></span> <span class='ocrx_word' id='word_1_548' title='bbox 3130 2142 3254 2196; x_wconf 82' lang='lat' dir='ltr'><strong>(iliis</strong></span> <span class='ocrx_word' id='word_1_549' title='bbox 3280 2143 3416 2210; x_wconf 80' lang='lat' dir='ltr'><strong>ejus.</strong></span> 
     </span>
    </p>
   </div>
   <div class='ocr_carea' id='block_1_65' title="bbox 1833 2229 3419 2305">
    <p class='ocr_par' dir='ltr' id='par_1_65' title="bbox 1833 2229 3419 2305">
     <span class='ocr_line' id='line_1_65' title="bbox 1833 2229 3419 2305; baseline 0.003 -21"><span class='ocrx_word' id='word_1_550' title='bbox 1833 2229 1947 2285; x_wconf 66' lang='lat' dir='ltr'><strong>Non</strong></span> <span class='ocrx_word' id='word_1_551' title='bbox 1984 2232 2127 2285; x_wconf 91' lang='lat' dir='ltr'><strong>enim</strong></span> <span class='ocrx_word' id='word_1_552' title='bbox 2158 2242 2336 2300; x_wconf 87' lang='lat' dir='ltr'><strong>potest</strong></span> <span class='ocrx_word' id='word_1_553' title='bbox 2359 2235 2694 2288; x_wconf 83' lang='lat' dir='ltr'><strong>descendere</strong></span> <span class='ocrx_word' id='word_1_554' title='bbox 2719 2234 2774 2287; x_wconf 91' lang='lat' dir='ltr'><strong>in</strong></span> <span class='ocrx_word' id='word_1_555' title='bbox 2801 2233 3119 2305; x_wconf 63' lang='lat' dir='ltr'><strong>Aigyptum,</strong></span> <span class='ocrx_word' id='word_1_556' title='bbox 3148 2245 3202 2288; x_wconf 90' lang='lat' dir='ltr'><strong>et</strong></span> <span class='ocrx_word' id='word_1_557' title='bbox 3229 2237 3419 2290; x_wconf 87' lang='lat' dir='ltr'><strong>subire</strong></span> 
     </span>
    </p>
   </div>
   <div class='ocr_carea' id='block_1_66' title="bbox 1833 2323 3417 2398">
    <p class='ocr_par' dir='ltr' id='par_1_66' title="bbox 1833 2323 3417 2398">
     <span class='ocr_line' id='line_1_66' title="bbox 1833 2323 3417 2398; baseline 0.003 -21"><span class='ocrx_word' id='word_1_558' title='bbox 1833 2340 2034 2395; x_wconf 87' lang='lat' dir='ltr'><strong>agones</strong></span> <span class='ocrx_word' id='word_1_559' title='bbox 2061 2323 2368 2396; x_wconf 65' lang='lat' dir='ltr'><strong>Egyptios,</strong></span> <span class='ocrx_word' id='word_1_560' title='bbox 2403 2326 2508 2381; x_wconf 91' lang='lat' dir='ltr'><strong>nisi</strong></span> <span class='ocrx_word' id='word_1_561' title='bbox 2539 2327 2630 2396; x_wconf 91' lang='lat' dir='ltr'><strong>qui</strong></span> <span class='ocrx_word' id='word_1_562' title='bbox 2665 2327 2830 2381; x_wconf 81' lang='lat' dir='ltr'><strong>fuerit</strong></span> <span class='ocrx_word' id='word_1_563' title='bbox 2861 2329 3070 2382; x_wconf 88' lang='lat' dir='ltr'><strong>athleta</strong></span> <span class='ocrx_word' id='word_1_564' title='bbox 3100 2329 3417 2398; x_wconf 86' lang='lat' dir='ltr'><strong>probabilis.</strong></span> 
     </span>
    </p>
   </div>
   <div class='ocr_carea' id='block_1_67' title="bbox 1831 2417 3416 2492">
    <p class='ocr_par' dir='ltr' id='par_1_67' title="bbox 1831 2417 3416 2492">
     <span class='ocr_line' id='line_1_67' title="bbox 1831 2417 3416 2492; baseline 0.002 -21"><span class='ocrx_word' id='word_1_565' title='bbox 1831 2427 1887 2472; x_wconf 90' lang='lat' dir='ltr'><strong>et</strong></span> <span class='ocrx_word' id='word_1_566' title='bbox 1919 2417 2038 2472; x_wconf 89' lang='lat' dir='ltr'><strong>talis</strong></span> <span class='ocrx_word' id='word_1_567' title='bbox 2073 2419 2285 2486; x_wconf 89' lang='lat' dir='ltr'><strong>qualem</strong></span> <span class='ocrx_word' id='word_1_568' title='bbox 2316 2418 2447 2472; x_wconf 90' lang='lat' dir='ltr'><strong>dicit</strong></span> <span class='ocrx_word' id='word_1_569' title='bbox 2492 2419 2783 2489; x_wconf 81' lang='lat' dir='ltr'><strong>Apostolus</strong></span> <span class='ocrx_word' id='word_1_570' title='bbox 2810 2421 2874 2488; x_wconf 84' lang='grc'><strong>¹¹,</strong></span> <span class='ocrx_word' id='word_1_571' title='bbox 2906 2423 3030 2492; x_wconf 90' lang='lat' dir='ltr'><strong>quia</strong></span> <span class='ocrx_word' id='word_1_572' title='bbox 3066 2441 3082 2472; x_wconf 83' lang='lat'><strong>(</strong></span> <span class='ocrx_word' id='word_1_573' title='bbox 3117 2423 3297 2475; x_wconf 91' lang='lat' dir='ltr'><strong>omnis</strong></span> <span class='ocrx_word' id='word_1_574' title='bbox 3325 2422 3416 2492; x_wconf 89' lang='lat' dir='ltr'><strong>qui</strong></span> 
     </span>
    </p>
   </div>
   <div class='ocr_carea' id='block_1_68' title="bbox 1831 2511 3414 2588">
    <p class='ocr_par' dir='ltr' id='par_1_68' title="bbox 1831 2511 3414 2588">
     <span class='ocr_line' id='line_1_68' title="bbox 1831 2511 3414 2588; baseline 0.003 -24"><span class='ocrx_word' id='word_1_575' title='bbox 1831 2511 1884 2564; x_wconf 91' lang='lat' dir='ltr'><strong>in</strong></span> <span class='ocrx_word' id='word_1_576' title='bbox 1916 2526 2088 2580; x_wconf 84' lang='lat' dir='ltr'><strong>agone</strong></span> <span class='ocrx_word' id='word_1_577' title='bbox 2113 2512 2417 2577; x_wconf 90' lang='lat' dir='ltr'><strong>contendit,</strong></span> <span class='ocrx_word' id='word_1_578' title='bbox 2450 2511 2516 2567; x_wconf 88' lang='lat' dir='ltr'><strong>ab</strong></span> <span class='ocrx_word' id='word_1_579' title='bbox 2547 2514 2806 2568; x_wconf 85' lang='lat' dir='ltr'><strong>omnibus</strong></span> <span class='ocrx_word' id='word_1_580' title='bbox 2833 2517 3120 2570; x_wconf 89' lang='lat' dir='ltr'><strong>continens</strong></span> <span class='ocrx_word' id='word_1_581' title='bbox 3147 2525 3229 2569; x_wconf 86' lang='lat' dir='ltr'><strong>est</strong></span> <span class='ocrx_word' id='word_1_582' title='bbox 3260 2515 3371 2588; x_wconf 76' lang='lat'><strong>((37)</strong></span> <span class='ocrx_word' id='word_1_583' title='bbox 3399 2532 3414 2579; x_wconf 86' lang='lat'><strong>;</strong></span> 
     </span>
    </p>
   </div>
   <div class='ocr_carea' id='block_1_69' title="bbox 1830 2603 3416 2674">
    <p class='ocr_par' dir='ltr' id='par_1_69' title="bbox 1830 2603 3416 2674">
     <span class='ocr_line' id='line_1_69' title="bbox 1830 2603 3416 2674; baseline 0.001 -17"><span class='ocrx_word' id='word_1_584' title='bbox 1830 2613 1884 2657; x_wconf 88' lang='lat' dir='ltr'><strong>et</strong></span> <span class='ocrx_word' id='word_1_585' title='bbox 1913 2604 1986 2657; x_wconf 92' lang='lat' dir='ltr'><strong>illi</strong></span> <span class='ocrx_word' id='word_1_586' title='bbox 2023 2603 2244 2673; x_wconf 83' lang='lat' dir='ltr'><strong>quidem</strong></span> <span class='ocrx_word' id='word_1_587' title='bbox 2275 2613 2333 2656; x_wconf 91' lang='lat' dir='ltr'><strong>ut</strong></span> <span class='ocrx_word' id='word_1_588' title='bbox 2365 2605 2779 2674; x_wconf 87' lang='lat' dir='ltr'><strong>corruptibilem</strong></span> <span class='ocrx_word' id='word_1_589' title='bbox 2814 2622 3076 2660; x_wconf 88' lang='lat' dir='ltr'><strong>coronam</strong></span> <span class='ocrx_word' id='word_1_590' title='bbox 3122 2608 3416 2674; x_wconf 88' lang='lat' dir='ltr'><strong>accipiant,</strong></span> 
     </span>
    </p>
   </div>
   <div class='ocr_carea' id='block_1_70' title="bbox 1829 2697 3416 2769">
    <p class='ocr_par' dir='ltr' id='par_1_70' title="bbox 1829 2697 3416 2769">
     <span class='ocr_line' id='line_1_70' title="bbox 1829 2697 3416 2769; baseline 0.003 -21"><span class='ocrx_word' id='word_1_591' title='bbox 1829 2711 1928 2749; x_wconf 88' lang='lat' dir='ltr'><strong>nos</strong></span> <span class='ocrx_word' id='word_1_592' title='bbox 1962 2706 2144 2750; x_wconf 90' lang='lat' dir='ltr'><strong>autem</strong></span> <span class='ocrx_word' id='word_1_593' title='bbox 2181 2697 2578 2765; x_wconf 88' lang='lat' dir='ltr'><strong>incorruptam.</strong></span> <span class='ocrx_word' id='word_1_594' title='bbox 2615 2697 2726 2769; x_wconf 89' lang='lat' dir='ltr'><strong>Ego</strong></span> <span class='ocrx_word' id='word_1_595' title='bbox 2762 2699 2929 2769; x_wconf 82' lang='lat' dir='ltr'><strong>igitur</strong></span> <span class='ocrx_word' id='word_1_596' title='bbox 2963 2701 3041 2753; x_wconf 91' lang='lat' dir='ltr'><strong>sic</strong></span> <span class='ocrx_word' id='word_1_597' title='bbox 3091 2713 3276 2762; x_wconf 91' lang='lat' dir='ltr'><strong>curro,</strong></span> <span class='ocrx_word' id='word_1_598' title='bbox 3309 2714 3416 2752; x_wconf 91' lang='lat' dir='ltr'><strong>non</strong></span> 
     </span>
    </p>
   </div>
   <div class='ocr_carea' id='block_1_71' title="bbox 1827 2789 3418 2861">
    <p class='ocr_par' dir='ltr' id='par_1_71' title="bbox 1827 2789 3418 2861">
     <span class='ocr_line' id='line_1_71' title="bbox 1827 2789 3418 2861; baseline 0.001 -21"><span class='ocrx_word' id='word_1_599' title='bbox 1827 2789 1984 2857; x_wconf 87' lang='lat' dir='ltr'><strong>quasi</strong></span> <span class='ocrx_word' id='word_1_600' title='bbox 2019 2789 2070 2842; x_wconf 92' lang='lat' dir='ltr'><strong>in</strong></span> <span class='ocrx_word' id='word_1_601' title='bbox 2102 2790 2369 2843; x_wconf 92' lang='lat' dir='ltr'><strong>incertum</strong></span> <span class='ocrx_word' id='word_1_602' title='bbox 2393 2807 2408 2856; x_wconf 85' lang='grc'><strong>;</strong></span> <span class='ocrx_word' id='word_1_603' title='bbox 2433 2791 2512 2845; x_wconf 90' lang='lat' dir='ltr'><strong>sic</strong></span> <span class='ocrx_word' id='word_1_604' title='bbox 2537 2806 2737 2861; x_wconf 87' lang='lat' dir='ltr'><strong>pugno,</strong></span> <span class='ocrx_word' id='word_1_605' title='bbox 2767 2807 2871 2844; x_wconf 92' lang='lat' dir='ltr'><strong>non</strong></span> <span class='ocrx_word' id='word_1_606' title='bbox 2905 2792 3060 2860; x_wconf 88' lang='lat' dir='ltr'><strong>quasi</strong></span> <span class='ocrx_word' id='word_1_607' title='bbox 3089 2806 3268 2845; x_wconf 88' lang='lat' dir='ltr'><strong>aerem</strong></span> <span class='ocrx_word' id='word_1_608' title='bbox 3295 2805 3418 2844; x_wconf 88' lang='lat' dir='ltr'><strong>ver-</strong></span> 
     </span>
    </p>
   </div>
   <div class='ocr_carea' id='block_1_72' title="bbox 1827 2879 3415 2953">
    <p class='ocr_par' dir='ltr' id='par_1_72' title="bbox 1827 2879 3415 2953">
     <span class='ocr_line' id='line_1_72' title="bbox 1827 2879 3415 2953; baseline 0.003 -21"><span class='ocrx_word' id='word_1_609' title='bbox 1827 2879 2050 2933; x_wconf 86' lang='lat' dir='ltr'><strong>berans.</strong></span> <span class='ocrx_word' id='word_1_610' title='bbox 2089 2899 2108 2932; x_wconf 78' lang='grc' dir='ltr'><strong>ι</strong></span> <span class='ocrx_word' id='word_1_611' title='bbox 2147 2880 2360 2951; x_wconf 90' lang='lat' dir='ltr'><strong>Moyses</strong></span> <span class='ocrx_word' id='word_1_612' title='bbox 2391 2897 2518 2953; x_wconf 87' lang='lat' dir='ltr'><strong>ergo</strong></span> <span class='ocrx_word' id='word_1_613' title='bbox 2546 2884 2670 2952; x_wconf 88' lang='lat' dir='ltr'><strong>quia</strong></span> <span class='ocrx_word' id='word_1_614' title='bbox 2707 2887 2933 2952; x_wconf 81' lang='lat' dir='ltr'><strong>magnus</strong></span> <span class='ocrx_word' id='word_1_615' title='bbox 2977 2893 3096 2937; x_wconf 85' lang='lat' dir='ltr'><strong>erat</strong></span> <span class='ocrx_word' id='word_1_616' title='bbox 3132 2891 3186 2936; x_wconf 88' lang='lat' dir='ltr'><strong>et</strong></span> <span class='ocrx_word' id='word_1_617' title='bbox 3222 2890 3415 2949; x_wconf 82' lang='lat' dir='ltr'><strong>potens</strong></span> 
     </span>
    </p>
   </div>
   <div class='ocr_carea' id='block_1_73' title="bbox 1828 2971 3408 3044">
    <p class='ocr_par' dir='ltr' id='par_1_73' title="bbox 1828 2971 3408 3044">
     <span class='ocr_line' id='line_1_73' title="bbox 1828 2971 3408 3044; baseline 0.002 -19"><span class='ocrx_word' id='word_1_618' title='bbox 1828 2971 2054 3038; x_wconf 82' lang='lat' dir='ltr'><strong>atblcla,</strong></span> <span class='ocrx_word' id='word_1_619' title='bbox 2091 2972 2369 3027; x_wconf 90' lang='lat' dir='ltr'><strong>descendit</strong></span> <span class='ocrx_word' id='word_1_620' title='bbox 2395 2975 2462 3028; x_wconf 91' lang='lat' dir='ltr'><strong>ad</strong></span> <span class='ocrx_word' id='word_1_621' title='bbox 2498 2990 2701 3044; x_wconf 87' lang='lat' dir='ltr'><strong>agones</strong></span> <span class='ocrx_word' id='word_1_622' title='bbox 2751 2983 2806 3028; x_wconf 88' lang='lat' dir='ltr'><strong>et</strong></span> <span class='ocrx_word' id='word_1_623' title='bbox 2835 2975 3094 3030; x_wconf 80' lang='lat' dir='ltr'><strong>exercitia</strong></span> <span class='ocrx_word' id='word_1_624' title='bbox 3126 2975 3408 3028; x_wconf 89' lang='lat' dir='ltr'><strong>virtutmn.</strong></span> 
     </span>
    </p>
   </div>
   <div class='ocr_carea' id='block_1_74' title="bbox 1830 3064 3408 3139">
    <p class='ocr_par' dir='ltr' id='par_1_74' title="bbox 1830 3064 3408 3139">
     <span class='ocr_line' id='line_1_74' title="bbox 1830 3064 3408 3139; baseline 0.001 -21"><span class='ocrx_word' id='word_1_625' title='bbox 1830 3064 1935 3118; x_wconf 88' lang='lat' dir='ltr'><strong>Sed</strong></span> <span class='ocrx_word' id='word_1_626' title='bbox 1969 3074 2024 3118; x_wconf 91' lang='lat' dir='ltr'><strong>ct</strong></span> <span class='ocrx_word' id='word_1_627' title='bbox 2055 3064 2334 3120; x_wconf 80' lang='lat' dir='ltr'><strong>Abraham</strong></span> <span class='ocrx_word' id='word_1_628' title='bbox 2375 3067 2656 3124; x_wconf 86' lang='lat' dir='ltr'><strong>descendit</strong></span> <span class='ocrx_word' id='word_1_629' title='bbox 2687 3068 2738 3122; x_wconf 91' lang='lat' dir='ltr'><strong>in</strong></span> <span class='ocrx_word' id='word_1_630' title='bbox 2775 3068 3091 3139; x_wconf 74' lang='lat' dir='ltr'><strong>AEgypIum,</strong></span> <span class='ocrx_word' id='word_1_631' title='bbox 3133 3067 3258 3137; x_wconf 91' lang='lat' dir='ltr'><strong>quia</strong></span> <span class='ocrx_word' id='word_1_632' title='bbox 3289 3074 3408 3120; x_wconf 78' lang='lat' dir='ltr'><strong>erat</strong></span> 
     </span>
    </p>
   </div>
   <div class='ocr_carea' id='block_1_75' title="bbox 1832 3156 3409 3228">
    <p class='ocr_par' dir='ltr' id='par_1_75' title="bbox 1832 3156 3409 3228">
     <span class='ocr_line' id='line_1_75' title="bbox 1832 3156 3409 3228; baseline 0.002 -19"><span class='ocrx_word' id='word_1_633' title='bbox 1832 3156 1946 3224; x_wconf 91' lang='lat' dir='ltr'><strong>ipse</strong></span> <span class='ocrx_word' id='word_1_634' title='bbox 1980 3173 2210 3228; x_wconf 90' lang='lat' dir='ltr'><strong>magnus</strong></span> <span class='ocrx_word' id='word_1_635' title='bbox 2242 3169 2296 3213; x_wconf 88' lang='lat' dir='ltr'><strong>et</strong></span> <span class='ocrx_word' id='word_1_636' title='bbox 2327 3171 2521 3227; x_wconf 87' lang='lat' dir='ltr'><strong>potens</strong></span> <span class='ocrx_word' id='word_1_637' title='bbox 2562 3160 2790 3214; x_wconf 86' lang='lat' dir='ltr'><strong>athleta.</strong></span> <span class='ocrx_word' id='word_1_638' title='bbox 2822 3159 2956 3213; x_wconf 82' lang='lat' dir='ltr'><strong>Nam</strong></span> <span class='ocrx_word' id='word_1_639' title='bbox 2993 3160 3059 3214; x_wconf 87' lang='lat' dir='ltr'><strong>de</strong></span> <span class='ocrx_word' id='word_1_640' title='bbox 3085 3157 3253 3214; x_wconf 82' lang='lat' dir='ltr'><strong>Jacob</strong></span> <span class='ocrx_word' id='word_1_641' title='bbox 3280 3158 3409 3228; x_wconf 89' lang='lat' dir='ltr'><strong>quid</strong></span> 
     </span>
    </p>
   </div>
   <div class='ocr_carea' id='block_1_76' title="bbox 1751 3226 3412 3320">
    <p class='ocr_par' dir='ltr' id='par_1_76' title="bbox 1751 3226 3412 3320">
     <span class='ocr_line' id='line_1_76' title="bbox 1751 3226 3412 3320; baseline 0.001 -18"><span class='ocrx_word' id='word_1_642' title='bbox 1751 3226 1791 3283; x_wconf 68' lang='grc' dir='ltr'>ο</span> <span class='ocrx_word' id='word_1_643' title='bbox 1827 3251 2039 3315; x_wconf 82' lang='lat' dir='ltr'><strong>dicant,</strong></span> <span class='ocrx_word' id='word_1_644' title='bbox 2076 3250 2167 3320; x_wconf 91' lang='lat' dir='ltr'><strong>qui</strong></span> <span class='ocrx_word' id='word_1_645' title='bbox 2206 3250 2323 3320; x_wconf 91' lang='lat' dir='ltr'><strong>ipso</strong></span> <span class='ocrx_word' id='word_1_646' title='bbox 2373 3251 2592 3306; x_wconf 89' lang='lat' dir='ltr'><strong>nomine</strong></span> <span class='ocrx_word' id='word_1_647' title='bbox 2631 3254 2830 3307; x_wconf 89' lang='lat' dir='ltr'><strong>athleta</strong></span> <span class='ocrx_word' id='word_1_648' title='bbox 2873 3263 2956 3308; x_wconf 87' lang='lat' dir='ltr'><strong>est</strong></span> <span class='ocrx_word' id='word_1_649' title='bbox 3011 3253 3092 3307; x_wconf 71' lang='lat'><strong>“‘2</strong></span> <span class='ocrx_word' id='word_1_650' title='bbox 3155 3249 3412 3305; x_wconf 82' lang='lat' dir='ltr'><strong>Luctator</strong></span> 
     </span>
    </p>
   </div>
   <div class='ocr_carea' id='block_1_77' title="bbox 1822 3343 3413 3419">
    <p class='ocr_par' dir='ltr' id='par_1_77' title="bbox 1822 3343 3413 3419">
     <span class='ocr_line' id='line_1_77' title="bbox 1822 3343 3413 3419; baseline 0.003 -23"><span class='ocrx_word' id='word_1_651' title='bbox 1822 3343 1966 3396; x_wconf 85' lang='lat' dir='ltr'><strong>enim</strong></span> <span class='ocrx_word' id='word_1_652' title='bbox 2027 3353 2081 3398; x_wconf 89' lang='lat' dir='ltr'><strong>et</strong></span> <span class='ocrx_word' id='word_1_653' title='bbox 2140 3347 2514 3415; x_wconf 83' lang='lat' dir='ltr'><strong>supplautator</strong></span> <span class='ocrx_word' id='word_1_654' title='bbox 2557 3348 2670 3419; x_wconf 88' lang='lat'><strong>(68)</strong></span> <span class='ocrx_word' id='word_1_655' title='bbox 2729 3349 3141 3416; x_wconf 81' lang='lat' dir='ltr'><strong>interpretatur.</strong></span> <span class='ocrx_word' id='word_1_656' title='bbox 3182 3346 3245 3400; x_wconf 85' lang='lat' dir='ltr'><strong>Et</strong></span> <span class='ocrx_word' id='word_1_657' title='bbox 3293 3345 3413 3400; x_wconf 89' lang='lat' dir='ltr'><strong>ideo</strong></span> 
     </span>
    </p>
   </div>
   <div class='ocr_carea' id='block_1_78' title="bbox 1821 3436 3411 3510">
    <p class='ocr_par' dir='ltr' id='par_1_78' title="bbox 1821 3436 3411 3510">
     <span class='ocr_line' id='line_1_78' title="bbox 1821 3436 3411 3510; baseline -0.001 -21"><span class='ocrx_word' id='word_1_658' title='bbox 1821 3451 1943 3489; x_wconf 86' lang='lat' dir='ltr'><strong>cum</strong></span> <span class='ocrx_word' id='word_1_659' title='bbox 1977 3436 2354 3492; x_wconf 85' lang='lat' dir='ltr'><strong>descendisset</strong></span> <span class='ocrx_word' id='word_1_660' title='bbox 2388 3439 2440 3493; x_wconf 91' lang='lat' dir='ltr'><strong>in</strong></span> <span class='ocrx_word' id='word_1_661' title='bbox 2471 3441 2816 3510; x_wconf 81' lang='lat' dir='ltr'><strong>septuaginta</strong></span> <span class='ocrx_word' id='word_1_662' title='bbox 2853 3440 3096 3509; x_wconf 90' lang='lat' dir='ltr'><strong>quinque</strong></span> <span class='ocrx_word' id='word_1_663' title='bbox 3121 3437 3411 3491; x_wconf 87' lang='lat' dir='ltr'><strong>animabus</strong></span> 
     </span>
    </p>
   </div>
   <div class='ocr_carea' id='block_1_79' title="bbox 1827 3526 3408 3599">
    <p class='ocr_par' dir='ltr' id='par_1_79' title="bbox 1827 3526 3408 3599">
     <span class='ocr_line' id='line_1_79' title="bbox 1827 3526 3408 3599; baseline -0.001 -19"><span class='ocrx_word' id='word_1_664' title='bbox 1827 3526 1880 3580; x_wconf 93' lang='lat' dir='ltr'><strong>in</strong></span> <span class='ocrx_word' id='word_1_665' title='bbox 1912 3526 2207 3599; x_wconf 67' lang='lat' dir='ltr'><strong>Egyptian</strong></span> <span class='ocrx_word' id='word_1_666' title='bbox 2238 3527 2430 3596; x_wconf 82' lang='lat' dir='ltr'><strong>Jacob,</strong></span> <span class='ocrx_word' id='word_1_667' title='bbox 2478 3531 2659 3585; x_wconf 81' lang='lat' dir='ltr'><strong>lactus</strong></span> <span class='ocrx_word' id='word_1_668' title='bbox 2690 3540 2771 3585; x_wconf 87' lang='lat' dir='ltr'><strong>est</strong></span> <span class='ocrx_word' id='word_1_669' title='bbox 2803 3531 2948 3584; x_wconf 89' lang='lat' dir='ltr'><strong>sicut</strong></span> <span class='ocrx_word' id='word_1_670' title='bbox 2997 3529 3166 3584; x_wconf 77' lang='lat' dir='ltr'><strong>stella:</strong></span> <span class='ocrx_word' id='word_1_671' title='bbox 3198 3529 3321 3582; x_wconf 80' lang='lat' dir='ltr'><strong>coeli</strong></span> <span class='ocrx_word' id='word_1_672' title='bbox 3359 3529 3408 3580; x_wconf 92' lang='lat' dir='ltr'><strong>in</strong></span> 
     </span>
    </p>
   </div>
   <div class='ocr_carea' id='block_1_80' title="bbox 1824 3618 3407 3696">
    <p class='ocr_par' dir='ltr' id='par_1_80' title="bbox 1824 3618 3407 3696">
     <span class='ocr_line' id='line_1_80' title="bbox 1824 3618 3407 3696; baseline 0.002 -24"><span class='ocrx_word' id='word_1_673' title='bbox 1824 3618 2250 3675; x_wconf 86' lang='lat' dir='ltr'><strong>multitudinem.</strong></span> <span class='ocrx_word' id='word_1_674' title='bbox 2308 3623 2414 3678; x_wconf 88' lang='lat' dir='ltr'><strong>Sed</strong></span> <span class='ocrx_word' id='word_1_675' title='bbox 2448 3641 2641 3680; x_wconf 88' lang='lat' dir='ltr'><strong>omnes</strong></span> <span class='ocrx_word' id='word_1_676' title='bbox 2665 3625 2755 3696; x_wconf 89' lang='lat' dir='ltr'><strong>qui</strong></span> <span class='ocrx_word' id='word_1_677' title='bbox 2787 3623 3124 3678; x_wconf 88' lang='lat' dir='ltr'><strong>descendunt</strong></span> <span class='ocrx_word' id='word_1_678' title='bbox 3152 3621 3202 3674; x_wconf 92' lang='lat' dir='ltr'><strong>in</strong></span> <span class='ocrx_word' id='word_1_679' title='bbox 3237 3618 3407 3691; x_wconf 63' lang='lat' dir='ltr'><strong>[Egy—</strong></span> 
     </span>
    </p>
   </div>
   <div class='ocr_carea' id='block_1_81' title="bbox 1817 3709 3408 3786">
    <p class='ocr_par' dir='ltr' id='par_1_81' title="bbox 1817 3709 3408 3786">
     <span class='ocr_line' id='line_1_81' title="bbox 1817 3709 3408 3786; baseline -0.012 -6"><span class='ocrx_word' id='word_1_680' title='bbox 1817 3721 1996 3781; x_wconf 75' lang='grc' dir='ltr'>Ριυιηο</span> <span class='ocrx_word' id='word_1_681' title='bbox 2055 3714 2129 3767; x_wconf 85' lang='lat' dir='ltr'><strong>ita</strong></span> <span class='ocrx_word' id='word_1_682' title='bbox 2160 3727 2409 3786; x_wconf 88' lang='lat' dir='ltr'><strong>pugnant</strong></span> <span class='ocrx_word' id='word_1_683' title='bbox 2458 3725 2514 3770; x_wconf 88' lang='lat' dir='ltr'><strong>et</strong></span> <span class='ocrx_word' id='word_1_684' title='bbox 2548 3717 2621 3771; x_wconf 92' lang='lat' dir='ltr'><strong>ita</strong></span> <span class='ocrx_word' id='word_1_685' title='bbox 2658 3716 2955 3784; x_wconf 77' lang='lat' dir='ltr'><strong>expediunt</strong></span> <span class='ocrx_word' id='word_1_686' title='bbox 2987 3727 3213 3783; x_wconf 78' lang='lat' dir='ltr'><strong>agones,</strong></span> <span class='ocrx_word' id='word_1_687' title='bbox 3247 3723 3305 3763; x_wconf 90' lang='lat' dir='ltr'><strong>ut</strong></span> <span class='ocrx_word' id='word_1_688' title='bbox 3355 3709 3408 3762; x_wconf 92' lang='lat' dir='ltr'><strong>in</strong></span> 
     </span>
    </p>
   </div>
   <div class='ocr_carea' id='block_1_82' title="bbox 1819 3804 3400 3874">
    <p class='ocr_par' dir='ltr' id='par_1_82' title="bbox 1819 3804 3400 3874">
     <span class='ocr_line' id='line_1_82' title="bbox 1819 3804 3400 3874; baseline -0.003 -17"><span class='ocrx_word' id='word_1_689' title='bbox 1819 3804 2224 3860; x_wconf 87' lang='lat' dir='ltr'><strong>multitudinem</strong></span> <span class='ocrx_word' id='word_1_690' title='bbox 2257 3807 2408 3874; x_wconf 89' lang='lat' dir='ltr'><strong>lianl,</strong></span> <span class='ocrx_word' id='word_1_691' title='bbox 2436 3819 2489 3863; x_wconf 88' lang='lat' dir='ltr'><strong>et</strong></span> <span class='ocrx_word' id='word_1_692' title='bbox 2516 3823 2572 3863; x_wconf 87' lang='lat' dir='ltr'><strong>ut</strong></span> <span class='ocrx_word' id='word_1_693' title='bbox 2601 3809 2773 3864; x_wconf 74' lang='lat' dir='ltr'><strong>stella:</strong></span> <span class='ocrx_word' id='word_1_694' title='bbox 2801 3807 2924 3862; x_wconf 68' lang='grc' dir='ltr'><strong>(ιωΙί</strong></span> <span class='ocrx_word' id='word_1_695' title='bbox 2951 3805 3400 3872; x_wconf 89' lang='lat' dir='ltr'><strong>multiplicentur.</strong></span> 
     </span>
    </p>
   </div>
   <div class='ocr_carea' id='block_1_83' title="bbox 1816 3895 3404 3967">
    <p class='ocr_par' dir='ltr' id='par_1_83' title="bbox 1816 3895 3404 3967">
     <span class='ocr_line' id='line_1_83' title="bbox 1816 3895 3404 3967; baseline 0.002 -19"><span class='ocrx_word' id='word_1_696' title='bbox 1816 3895 1953 3950; x_wconf 88' lang='lat' dir='ltr'><strong>Aliis</strong></span> <span class='ocrx_word' id='word_1_697' title='bbox 1988 3897 2041 3950; x_wconf 92' lang='lat' dir='ltr'><strong>in</strong></span> <span class='ocrx_word' id='word_1_698' title='bbox 2070 3901 2410 3954; x_wconf 90' lang='lat' dir='ltr'><strong>contrarium</strong></span> <span class='ocrx_word' id='word_1_699' title='bbox 2450 3902 2596 3956; x_wconf 91' lang='lat' dir='ltr'><strong>cedit</strong></span> <span class='ocrx_word' id='word_1_700' title='bbox 2631 3901 2977 3956; x_wconf 87' lang='lat' dir='ltr'><strong>descendisse</strong></span> <span class='ocrx_word' id='word_1_701' title='bbox 3004 3900 3056 3952; x_wconf 93' lang='lat' dir='ltr'><strong>in</strong></span> <span class='ocrx_word' id='word_1_702' title='bbox 3084 3895 3404 3967; x_wconf 64' lang='lat' dir='ltr'><strong>Aﬁgyptum.</strong></span> 
     </span>
    </p>
   </div>
   <div class='ocr_carea' id='block_1_84' title="bbox 1823 3989 3406 4064">
    <p class='ocr_par' dir='ltr' id='par_1_84' title="bbox 1823 3989 3406 4064">
     <span class='ocr_line' id='line_1_84' title="bbox 1823 3989 3406 4064; baseline 0.001 -23"><span class='ocrx_word' id='word_1_703' title='bbox 1823 3989 1950 4044; x_wconf 86' lang='lat' dir='ltr'><strong>Scio</strong></span> <span class='ocrx_word' id='word_1_704' title='bbox 1983 4006 2085 4061; x_wconf 87' lang='lat' dir='ltr'><strong>ego</strong></span> <span class='ocrx_word' id='word_1_705' title='bbox 2118 3989 2405 4048; x_wconf 86' lang='lat' dir='ltr'><strong>Jeroboam</strong></span> <span class='ocrx_word' id='word_1_706' title='bbox 2441 3993 2733 4064; x_wconf 83' lang='lat' dir='ltr'><strong>fugientem</strong></span> <span class='ocrx_word' id='word_1_707' title='bbox 2770 4011 2800 4049; x_wconf 88' lang='lat' dir='ltr'><strong>a</strong></span> <span class='ocrx_word' id='word_1_708' title='bbox 2835 3994 3126 4050; x_wconf 86' lang='lat' dir='ltr'><strong>Salomone</strong></span> <span class='ocrx_word' id='word_1_709' title='bbox 3176 3993 3406 4045; x_wconf 88' lang='lat' dir='ltr'><strong>descen-</strong></span> 
     </span>
    </p>
   </div>
   <div class='ocr_carea' id='block_1_85' title="bbox 1817 4080 3405 4155">
    <p class='ocr_par' dir='ltr' id='par_1_85' title="bbox 1817 4080 3405 4155">
     <span class='ocr_line' id='line_1_85' title="bbox 1817 4080 3405 4155; baseline 0.002 -21"><span class='ocrx_word' id='word_1_710' title='bbox 1817 4080 1960 4136; x_wconf 87' lang='lat' dir='ltr'><strong>disse</strong></span> <span class='ocrx_word' id='word_1_711' title='bbox 1994 4082 2046 4136; x_wconf 90' lang='lat' dir='ltr'><strong>iu</strong></span> <span class='ocrx_word' id='word_1_712' title='bbox 2092 4082 2404 4155; x_wconf 65' lang='lat' dir='ltr'><strong>IEgyptum,</strong></span> <span class='ocrx_word' id='word_1_713' title='bbox 2443 4095 2496 4140; x_wconf 92' lang='lat' dir='ltr'><strong>et</strong></span> <span class='ocrx_word' id='word_1_714' title='bbox 2529 4104 2634 4140; x_wconf 92' lang='lat' dir='ltr'><strong>non</strong></span> <span class='ocrx_word' id='word_1_715' title='bbox 2694 4087 2868 4141; x_wconf 88' lang='lat' dir='ltr'><strong>solutn</strong></span> <span class='ocrx_word' id='word_1_716' title='bbox 2930 4103 3034 4141; x_wconf 91' lang='lat' dir='ltr'><strong>non</strong></span> <span class='ocrx_word' id='word_1_717' title='bbox 3070 4084 3312 4141; x_wconf 88' lang='lat' dir='ltr'><strong>crevisse</strong></span> <span class='ocrx_word' id='word_1_718' title='bbox 3348 4082 3405 4137; x_wconf 88' lang='lat' dir='ltr'><strong>in</strong></span> 
     </span>
    </p>
   </div>
   <div class='ocr_carea' id='block_1_86' title="bbox 1815 4177 3405 4250">
    <p class='ocr_par' dir='ltr' id='par_1_86' title="bbox 1815 4177 3405 4250">
     <span class='ocr_line' id='line_1_86' title="bbox 1815 4177 3405 4250; baseline 0.003 -19"><span class='ocrx_word' id='word_1_719' title='bbox 1815 4177 2244 4245; x_wconf 88' lang='lat' dir='ltr'><strong>multitudinem,</strong></span> <span class='ocrx_word' id='word_1_720' title='bbox 2276 4181 2370 4232; x_wconf 90' lang='lat' dir='ltr'><strong>sed</strong></span> <span class='ocrx_word' id='word_1_721' title='bbox 2410 4188 2466 4233; x_wconf 89' lang='lat' dir='ltr'><strong>et</strong></span> <span class='ocrx_word' id='word_1_722' title='bbox 2511 4181 2741 4234; x_wconf 87' lang='lat' dir='ltr'><strong>scidisse</strong></span> <span class='ocrx_word' id='word_1_723' title='bbox 2781 4189 2835 4234; x_wconf 90' lang='lat' dir='ltr'><strong>et</strong></span> <span class='ocrx_word' id='word_1_724' title='bbox 2878 4179 3187 4250; x_wconf 82' lang='lat' dir='ltr'><strong>corrupisse</strong></span> <span class='ocrx_word' id='word_1_725' title='bbox 3235 4192 3405 4247; x_wconf 88' lang='lat' dir='ltr'><strong>popu-</strong></span> 
     </span>
    </p>
   </div>
   <div class='ocr_carea' id='block_1_87' title="bbox 1823 4269 3402 4344">
    <p class='ocr_par' dir='ltr' id='par_1_87' title="bbox 1823 4269 3402 4344">
     <span class='ocr_line' id='line_1_87' title="bbox 1823 4269 3402 4344; baseline 0.004 -22"><span class='ocrx_word' id='word_1_726' title='bbox 1823 4269 1931 4322; x_wconf 90' lang='lat' dir='ltr'><strong>lum</strong></span> <span class='ocrx_word' id='word_1_727' title='bbox 1964 4269 2080 4336; x_wconf 89' lang='lat' dir='ltr'><strong>Dei,</strong></span> <span class='ocrx_word' id='word_1_728' title='bbox 2114 4271 2239 4338; x_wconf 87' lang='lat' dir='ltr'><strong>quia</strong></span> <span class='ocrx_word' id='word_1_729' title='bbox 2281 4271 2624 4326; x_wconf 88' lang='lat' dir='ltr'><strong>descendens</strong></span> <span class='ocrx_word' id='word_1_730' title='bbox 2681 4273 2732 4326; x_wconf 90' lang='lat' dir='ltr'><strong>in</strong></span> <span class='ocrx_word' id='word_1_731' title='bbox 2761 4271 3055 4344; x_wconf 65' lang='lat' dir='ltr'><strong>Aigyptum</strong></span> <span class='ocrx_word' id='word_1_732' title='bbox 3101 4273 3319 4341; x_wconf 88' lang='lat' dir='ltr'><strong>accepit</strong></span> <span class='ocrx_word' id='word_1_733' title='bbox 3373 4289 3402 4328; x_wconf 89' lang='lat' dir='ltr'><strong>a</strong></span> 
     </span>
    </p>
   </div>
   <div class='ocr_carea' id='block_1_88' title="bbox 1825 4361 3399 4436">
    <p class='ocr_par' dir='ltr' id='par_1_88' title="bbox 1825 4361 3399 4436">
     <span class='ocr_line' id='line_1_88' title="bbox 1825 4361 3399 4436; baseline 0.001 -18"><span class='ocrx_word' id='word_1_734' title='bbox 1825 4361 2113 4418; x_wconf 86' lang='lat' dir='ltr'><strong>Susachim</strong></span> <span class='ocrx_word' id='word_1_735' title='bbox 2149 4379 2273 4436; x_wconf 88' lang='lat' dir='ltr'><strong>rege</strong></span> <span class='ocrx_word' id='word_1_736' title='bbox 2308 4381 2533 4420; x_wconf 80' lang='lat' dir='ltr'><strong>uxorem</strong></span> <span class='ocrx_word' id='word_1_737' title='bbox 2571 4367 2919 4420; x_wconf 78' lang='lat' dir='ltr'><strong>Thecimcme</strong></span> <span class='ocrx_word' id='word_1_738' title='bbox 2951 4367 3134 4419; x_wconf 87' lang='lat' dir='ltr'><strong>uxoris</strong></span> <span class='ocrx_word' id='word_1_739' title='bbox 3165 4365 3282 4434; x_wconf 85' lang='lat' dir='ltr'><strong>ejus</strong></span> <span class='ocrx_word' id='word_1_740' title='bbox 3309 4380 3399 4419; x_wconf 86' lang='lat' dir='ltr'><strong>so-</strong></span> 
     </span>
    </p>
   </div>
   <div class='ocr_carea' id='block_1_89' title="bbox 1816 4455 3399 4527">
    <p class='ocr_par' dir='ltr' id='par_1_89' title="bbox 1816 4455 3399 4527">
     <span class='ocr_line' id='line_1_89' title="bbox 1816 4455 3399 4527; baseline 0 -19"><span class='ocrx_word' id='word_1_741' title='bbox 1816 4470 1996 4510; x_wconf 90' lang='lat' dir='ltr'><strong>rorem</strong></span> <span class='ocrx_word' id='word_1_742' title='bbox 2027 4455 2070 4487; x_wconf 83' lang='grc'>¹³</span> <span class='ocrx_word' id='word_1_743' title='bbox 2099 4457 2232 4527; x_wconf 83' lang='grc'><strong>(69).</strong></span> <span class='ocrx_word' id='word_1_744' title='bbox 2261 4457 2366 4512; x_wconf 89' lang='lat' dir='ltr'><strong>Sed</strong></span> <span class='ocrx_word' id='word_1_745' title='bbox 2399 4458 2620 4513; x_wconf 89' lang='lat' dir='ltr'><strong>interim</strong></span> <span class='ocrx_word' id='word_1_746' title='bbox 2655 4459 2799 4512; x_wconf 87' lang='lat' dir='ltr'><strong>venit</strong></span> <span class='ocrx_word' id='word_1_747' title='bbox 2827 4455 3019 4512; x_wconf 79' lang='lat' dir='ltr'><strong>Jcthro</strong></span> <span class='ocrx_word' id='word_1_748' title='bbox 3054 4459 3120 4510; x_wconf 89' lang='lat' dir='ltr'><strong>ad</strong></span> <span class='ocrx_word' id='word_1_749' title='bbox 3149 4456 3399 4527; x_wconf 82' lang='lat' dir='ltr'><strong>Moysen,</strong></span> 
     </span>
    </p>
   </div>
   <div class='ocr_carea' id='block_1_90' title="bbox 110 4543 3399 4626">
    <p class='ocr_par' dir='ltr' id='par_1_90' title="bbox 110 4543 3399 4626">
     <span class='ocr_line' id='line_1_90' title="bbox 110 4543 3399 4626; baseline 0.001 -25"><span class='ocrx_word' id='word_1_750' title='bbox 110 4547 184 4601; x_wconf 83' lang='lat' dir='ltr'><strong>ita</strong></span> <span class='ocrx_word' id='word_1_751' title='bbox 223 4545 476 4614; x_wconf 78' lang='lat' dir='ltr'><strong>ablinget</strong></span> <span class='ocrx_word' id='word_1_752' title='bbox 507 4544 738 4614; x_wconf 89' lang='lat' dir='ltr'><strong>populus</strong></span> <span class='ocrx_word' id='word_1_753' title='bbox 770 4543 858 4598; x_wconf 91' lang='lat' dir='ltr'><strong>hic</strong></span> <span class='ocrx_word' id='word_1_754' title='bbox 889 4543 1144 4614; x_wconf 90' lang='lat' dir='ltr'><strong>populum</strong></span> <span class='ocrx_word' id='word_1_755' title='bbox 1178 4544 1269 4613; x_wconf 90' lang='lat' dir='ltr'><strong>qui</strong></span> <span class='ocrx_word' id='word_1_756' title='bbox 1300 4558 1462 4612; x_wconf 90' lang='lat' dir='ltr'><strong>super</strong></span> <span class='ocrx_word' id='word_1_757' title='bbox 1504 4555 1704 4600; x_wconf 89' lang='lat' dir='ltr'><strong>terram</strong></span> <span class='ocrx_word' id='word_1_758' title='bbox 1742 4569 1786 4626; x_wconf 73' lang='grc' dir='ltr'>υ</span> <span class='ocrx_word' id='word_1_759' title='bbox 1815 4548 2094 4604; x_wconf 86' lang='lat' dir='ltr'><strong>adducens</strong></span> <span class='ocrx_word' id='word_1_760' title='bbox 2124 4565 2310 4604; x_wconf 89' lang='lat' dir='ltr'><strong>secum</strong></span> <span class='ocrx_word' id='word_1_761' title='bbox 2342 4549 2507 4604; x_wconf 78' lang='lat' dir='ltr'><strong>tiliam</strong></span> <span class='ocrx_word' id='word_1_762' title='bbox 2551 4567 2704 4606; x_wconf 83' lang='lat' dir='ltr'><strong>suam</strong></span> <span class='ocrx_word' id='word_1_763' title='bbox 2737 4566 2962 4605; x_wconf 72' lang='lat' dir='ltr'><strong>uxorem</strong></span> <span class='ocrx_word' id='word_1_764' title='bbox 3014 4549 3206 4620; x_wconf 82' lang='lat' dir='ltr'><strong>Moysi,</strong></span> <span class='ocrx_word' id='word_1_765' title='bbox 3241 4558 3295 4604; x_wconf 90' lang='lat' dir='ltr'><strong>et</strong></span> <span class='ocrx_word' id='word_1_766' title='bbox 3333 4549 3399 4602; x_wconf 88' lang='lat' dir='ltr'><strong>li-</strong></span> 
     </span>
    </p>
   </div>
   <div class='ocr_carea' id='block_1_91' title="bbox 108 4635 1707 4708">
    <p class='ocr_par' dir='ltr' id='par_1_91' title="bbox 108 4635 1707 4708">
     <span class='ocr_line' id='line_1_91' title="bbox 108 4635 1707 4708; baseline -0.001 -14"><span class='ocrx_word' id='word_1_767' title='bbox 108 4648 214 4694; x_wconf 81' lang='lat' dir='ltr'><strong>est.</strong></span> <span class='ocrx_word' id='word_1_768' title='bbox 255 4657 277 4692; x_wconf 70' lang='grc' dir='ltr'><strong>ι</strong></span> <span class='ocrx_word' id='word_1_769' title='bbox 323 4636 431 4692; x_wconf 85' lang='lat' dir='ltr'><strong>Per</strong></span> <span class='ocrx_word' id='word_1_770' title='bbox 460 4635 626 4708; x_wconf 88' lang='lat' dir='ltr'><strong>quod,</strong></span> <span class='ocrx_word' id='word_1_771' title='bbox 663 4645 722 4691; x_wconf 91' lang='lat' dir='ltr'><strong>ut</strong></span> <span class='ocrx_word' id='word_1_772' title='bbox 759 4651 789 4690; x_wconf 89' lang='lat' dir='ltr'><strong>a</strong></span> <span class='ocrx_word' id='word_1_773' title='bbox 827 4636 1126 4704; x_wconf 88' lang='lat' dir='ltr'><strong>majoribus</strong></span> <span class='ocrx_word' id='word_1_774' title='bbox 1168 4636 1506 4707; x_wconf 89' lang='lat' dir='ltr'><strong>accepimus,</strong></span> <span class='ocrx_word' id='word_1_775' title='bbox 1564 4638 1707 4693; x_wconf 88' lang='lat' dir='ltr'><strong>indi-</strong></span> 
     </span>
    </p>
   </div>
   <div class='ocr_carea' id='block_1_92' title="bbox 106 4728 1705 4800">
    <p class='ocr_par' dir='ltr' id='par_1_92' title="bbox 106 4728 1705 4800">
     <span class='ocr_line' id='line_1_92' title="bbox 106 4728 1705 4800; baseline 0 -14"><span class='ocrx_word' id='word_1_776' title='bbox 106 4733 218 4786; x_wconf 87' lang='lat' dir='ltr'><strong>cari</strong></span> <span class='ocrx_word' id='word_1_777' title='bbox 259 4730 477 4786; x_wconf 86' lang='lat' dir='ltr'><strong>dicitur</strong></span> <span class='ocrx_word' id='word_1_778' title='bbox 503 4769 519 4797; x_wconf 93' lang='lat'><strong>,</strong></span> <span class='ocrx_word' id='word_1_779' title='bbox 553 4729 680 4799; x_wconf 91' lang='lat' dir='ltr'><strong>quia</strong></span> <span class='ocrx_word' id='word_1_780' title='bbox 717 4728 946 4800; x_wconf 87' lang='lat' dir='ltr'><strong>populus</strong></span> <span class='ocrx_word' id='word_1_781' title='bbox 982 4729 1074 4784; x_wconf 88' lang='lat' dir='ltr'><strong>Dei</strong></span> <span class='ocrx_word' id='word_1_782' title='bbox 1133 4744 1239 4782; x_wconf 92' lang='lat' dir='ltr'><strong>non</strong></span> <span class='ocrx_word' id='word_1_783' title='bbox 1279 4740 1388 4782; x_wconf 89' lang='lat' dir='ltr'><strong>tam</strong></span> <span class='ocrx_word' id='word_1_784' title='bbox 1426 4746 1589 4784; x_wconf 90' lang='lat' dir='ltr'><strong>manu</strong></span> <span class='ocrx_word' id='word_1_785' title='bbox 1648 4739 1705 4786; x_wconf 88' lang='lat' dir='ltr'><strong>et</strong></span> 
     </span>
    </p>
   </div>
   <div class='ocr_carea' id='block_1_93' title="bbox 107 4821 1700 4892">
    <p class='ocr_par' dir='ltr' id='par_1_93' title="bbox 107 4821 1700 4892">
     <span class='ocr_line' id='line_1_93' title="bbox 107 4821 1700 4892; baseline 0.003 -18"><span class='ocrx_word' id='word_1_786' title='bbox 107 4823 306 4887; x_wconf 87' lang='lat' dir='ltr'><strong>armis,</strong></span> <span class='ocrx_word' id='word_1_787' title='bbox 343 4836 506 4892; x_wconf 89' lang='lat' dir='ltr'><strong>quam</strong></span> <span class='ocrx_word' id='word_1_788' title='bbox 541 4834 674 4876; x_wconf 86' lang='lat' dir='ltr'><strong>voce</strong></span> <span class='ocrx_word' id='word_1_789' title='bbox 694 4830 750 4876; x_wconf 91' lang='lat' dir='ltr'><strong>et</strong></span> <span class='ocrx_word' id='word_1_790' title='bbox 783 4821 964 4892; x_wconf 74' lang='lat' dir='ltr'><strong>lingua</strong></span> <span class='ocrx_word' id='word_1_791' title='bbox 1020 4821 1331 4892; x_wconf 86' lang='lat' dir='ltr'><strong>pugnabat,</strong></span> <span class='ocrx_word' id='word_1_792' title='bbox 1364 4822 1414 4876; x_wconf 93' lang='lat' dir='ltr'><strong>id</strong></span> <span class='ocrx_word' id='word_1_793' title='bbox 1450 4831 1532 4878; x_wconf 90' lang='lat' dir='ltr'><strong>est</strong></span> <span class='ocrx_word' id='word_1_794' title='bbox 1567 4838 1700 4880; x_wconf 85' lang='lat' dir='ltr'><strong>ora-</strong></span> 
     </span>
    </p>
   </div>
   <div class='ocr_carea' id='block_1_94' title="bbox 107 4889 1704 4981">
    <p class='ocr_par' dir='ltr' id='par_1_94' title="bbox 107 4889 1704 4981">
     <span class='ocr_line' id='line_1_94' title="bbox 107 4889 1704 4981; baseline 0.005 -17"><span class='ocrx_word' id='word_1_795' title='bbox 107 4915 322 4968; x_wconf 82' lang='lat' dir='ltr'><strong>tionem</strong></span> <span class='ocrx_word' id='word_1_796' title='bbox 361 4889 609 4966; x_wconf 51' lang='lat' dir='ltr'><strong>inridens</strong></span> <span class='ocrx_word' id='word_1_797' title='bbox 655 4911 724 4968; x_wconf 87' lang='lat' dir='ltr'><strong>ad</strong></span> <span class='ocrx_word' id='word_1_798' title='bbox 759 4889 950 4974; x_wconf 75' lang='lat' dir='ltr'><strong>Deum,</strong></span> <span class='ocrx_word' id='word_1_799' title='bbox 1001 4915 1383 4981; x_wconf 84' lang='lat' dir='ltr'><strong>prosternebat</strong></span> <span class='ocrx_word' id='word_1_800' title='bbox 1433 4913 1704 4972; x_wconf 90' lang='lat' dir='ltr'><strong>inimicos.</strong></span> 
     </span>
    </p>
   </div>
   <div class='ocr_carea' id='block_1_95' title="bbox 103 5004 1703 5078">
    <p class='ocr_par' dir='ltr' id='par_1_95' title="bbox 103 5004 1703 5078">
     <span class='ocr_line' id='line_1_95' title="bbox 103 5004 1703 5078; baseline 0.004 -18"><span class='ocrx_word' id='word_1_801' title='bbox 103 5006 178 5061; x_wconf 85' lang='lat' dir='ltr'><strong>ita</strong></span> <span class='ocrx_word' id='word_1_802' title='bbox 217 5020 363 5078; x_wconf 84' lang='lat' dir='ltr'><strong>ergo</strong></span> <span class='ocrx_word' id='word_1_803' title='bbox 396 5013 452 5060; x_wconf 88' lang='lat' dir='ltr'><strong>et</strong></span> <span class='ocrx_word' id='word_1_804' title='bbox 485 5014 559 5071; x_wconf 90' lang='lat' dir='ltr'><strong>tu,</strong></span> <span class='ocrx_word' id='word_1_805' title='bbox 597 5004 643 5060; x_wconf 88' lang='lat' dir='ltr'><strong>si</strong></span> <span class='ocrx_word' id='word_1_806' title='bbox 675 5004 758 5060; x_wconf 90' lang='lat' dir='ltr'><strong>vis</strong></span> <span class='ocrx_word' id='word_1_807' title='bbox 810 5005 1027 5061; x_wconf 86' lang='lat' dir='ltr'><strong>vincere</strong></span> <span class='ocrx_word' id='word_1_808' title='bbox 1060 5005 1333 5076; x_wconf 88' lang='lat' dir='ltr'><strong>inimicos,</strong></span> <span class='ocrx_word' id='word_1_809' title='bbox 1373 5007 1520 5064; x_wconf 87' lang='lat' dir='ltr'><strong>eleva</strong></span> <span class='ocrx_word' id='word_1_810' title='bbox 1547 5019 1703 5066; x_wconf 91' lang='lat' dir='ltr'><strong>actus</strong></span> 
     </span>
    </p>
   </div>
   <div class='ocr_carea' id='block_1_96' title="bbox 171 5196 1170 5260">
    <p class='ocr_par' dir='ltr' id='par_1_96' title="bbox 171 5196 1170 5260">
     <span class='ocr_line' id='line_1_96' title="bbox 171 5196 1170 5260; baseline 0.001 -4"><span class='ocrx_word' id='word_1_811' title='bbox 171 5203 222 5236; x_wconf 73' lang='grc'><strong>’⁸</strong></span> <span class='ocrx_word' id='word_1_812' title='bbox 260 5196 451 5256; x_wconf 67' lang='lat' dir='ltr'><strong>Exod?</strong></span> <span class='ocrx_word' id='word_1_813' title='bbox 473 5215 619 5260; x_wconf 78' lang='lat' dir='ltr'><strong>xvn,</strong></span> <span class='ocrx_word' id='word_1_814' title='bbox 657 5199 744 5254; x_wconf 81' lang='grc'><strong>10.</strong></span> <span class='ocrx_word' id='word_1_815' title='bbox 843 5203 887 5234; x_wconf 66' lang='grc' dir='ltr'><strong>θ’</strong></span> <span class='ocrx_word' id='word_1_816' title='bbox 918 5199 1049 5256; x_wconf 88' lang='lat' dir='ltr'><strong>ibid.</strong></span> <span class='ocrx_word' id='word_1_817' title='bbox 1085 5203 1170 5257; x_wconf 84' lang='lat' dir='ltr'><strong>ll.</strong></span> 
     </span>
    </p>
   </div>
   <div class='ocr_carea' id='block_1_97' title="bbox 103 5269 1571 5339">
    <p class='ocr_par' dir='ltr' id='par_1_97' title="bbox 103 5269 1571 5339">
     <span class='ocr_line' id='line_1_97' title="bbox 103 5269 1571 5339; baseline 0.003 -13"><span class='ocrx_word' id='word_1_818' title='bbox 103 5287 206 5339; x_wconf 65' lang='lat' dir='ltr'><strong>xit,</strong></span> <span class='ocrx_word' id='word_1_819' title='bbox 243 5269 459 5336; x_wconf 65' lang='lat'><strong>12,15.</strong></span> <span class='ocrx_word' id='word_1_820' title='bbox 536 5269 716 5322; x_wconf 78' lang='lat' dir='ltr'><strong>IIPhil.</strong></span> <span class='ocrx_word' id='word_1_821' title='bbox 755 5285 837 5333; x_wconf 84' lang='lat' dir='ltr'><strong>Ill,</strong></span> <span class='ocrx_word' id='word_1_822' title='bbox 871 5271 958 5325; x_wconf 77' lang='grc'><strong>10.</strong></span> <span class='ocrx_word' id='word_1_823' title='bbox 1074 5274 1094 5304; x_wconf 82' lang='grc'><strong>⁶</strong></span> <span class='ocrx_word' id='word_1_824' title='bbox 1121 5274 1286 5328; x_wconf 77' lang='lat' dir='ltr'><strong>Exod.</strong></span> <span class='ocrx_word' id='word_1_825' title='bbox 1321 5290 1452 5338; x_wconf 81' lang='lat' dir='ltr'><strong>xvii,</strong></span> <span class='ocrx_word' id='word_1_826' title='bbox 1487 5279 1571 5331; x_wconf 79' lang='lat' dir='ltr'><strong>lli.</strong></span> 
     </span>
    </p>
   </div>
   <div class='ocr_carea' id='block_1_98' title="bbox 103 5339 1684 5419">
    <p class='ocr_par' dir='ltr' id='par_1_98' title="bbox 103 5339 1684 5419">
     <span class='ocr_line' id='line_1_98' title="bbox 103 5339 1684 5419; baseline 0.003 -21"><span class='ocrx_word' id='word_1_827' title='bbox 103 5345 146 5376; x_wconf 78' lang='lat'><strong>‘°</strong></span> <span class='ocrx_word' id='word_1_828' title='bbox 171 5344 359 5398; x_wconf 76' lang='lat' dir='ltr'><strong>Exod.</strong></span> <span class='ocrx_word' id='word_1_829' title='bbox 392 5355 552 5398; x_wconf 78' lang='grc' dir='ltr'>ινιιι.</span> <span class='ocrx_word' id='word_1_830' title='bbox 667 5341 707 5371; x_wconf 74' lang='grc'><strong>³⁸</strong></span> <span class='ocrx_word' id='word_1_831' title='bbox 755 5339 777 5393; x_wconf 88' lang='grc' dir='ltr'><strong>ι</strong></span> <span class='ocrx_word' id='word_1_832' title='bbox 807 5344 932 5398; x_wconf 77' lang='lat' dir='ltr'><strong>Cor.</strong></span> <span class='ocrx_word' id='word_1_833' title='bbox 959 5357 1012 5396; x_wconf 82' lang='lat' dir='ltr'><strong>ix</strong></span> <span class='ocrx_word' id='word_1_834' title='bbox 1037 5383 1052 5409; x_wconf 92' lang='lat'><strong>,</strong></span> <span class='ocrx_word' id='word_1_835' title='bbox 1082 5344 1170 5398; x_wconf 78' lang='lat'><strong>‘25.</strong></span> <span class='ocrx_word' id='word_1_836' title='bbox 1287 5345 1329 5376; x_wconf 83' lang='grc'>¹²</span> <span class='ocrx_word' id='word_1_837' title='bbox 1358 5352 1495 5403; x_wconf 67' lang='lat' dir='ltr'><strong>(icit.</strong></span> <span class='ocrx_word' id='word_1_838' title='bbox 1525 5364 1684 5419; x_wconf 66' lang='lat' dir='ltr'><strong>xxvi.</strong></span> 
     </span>
    </p>
   </div>
   <div class='ocr_carea' id='block_1_99' title="bbox 176 5457 907 5527">
    <p class='ocr_par' dir='ltr' id='par_1_99' title="bbox 176 5457 907 5527">
     <span class='ocr_line' id='line_1_99' title="bbox 176 5457 907 5527; baseline 0.011 -17"><span class='ocrx_word' id='word_1_839' title='bbox 176 5457 303 5526; x_wconf 80' lang='lat'><strong>(66)</strong></span> <span class='ocrx_word' id='word_1_840' title='bbox 335 5458 508 5527; x_wconf 88' lang='lat' dir='ltr'><strong>Alias,</strong></span> <span class='ocrx_word' id='word_1_841' title='bbox 547 5481 566 5513; x_wconf 73' lang='grc' dir='ltr'><strong>ι</strong></span> <span class='ocrx_word' id='word_1_842' title='bbox 603 5473 844 5518; x_wconf 90' lang='lat' dir='ltr'><strong>orantes.</strong></span> <span class='ocrx_word' id='word_1_843' title='bbox 888 5483 907 5517; x_wconf 74' lang='grc' dir='ltr'><strong>ι</strong></span> 
     </span>
    </p>
   </div>
   <div class='ocr_carea' id='block_1_100' title="bbox 177 5530 1698 5612">
    <p class='ocr_par' dir='ltr' id='par_1_100' title="bbox 177 5530 1698 5612">
     <span class='ocr_line' id='line_1_100' title="bbox 177 5530 1698 5612; baseline 0.009 -31"><span class='ocrx_word' id='word_1_844' title='bbox 177 5530 304 5612; x_wconf 66' lang='grc' dir='ltr'><strong>(βἹ)</strong></span> <span class='ocrx_word' id='word_1_845' title='bbox 346 5531 518 5593; x_wconf 86' lang='lat' dir='ltr'><strong>Alias,</strong></span> <span class='ocrx_word' id='word_1_846' title='bbox 554 5551 572 5583; x_wconf 74' lang='grc' dir='ltr'><strong>ι</strong></span> <span class='ocrx_word' id='word_1_847' title='bbox 601 5537 671 5588; x_wconf 89' lang='lat' dir='ltr'><strong>ab</strong></span> <span class='ocrx_word' id='word_1_848' title='bbox 699 5536 956 5590; x_wconf 85' lang='lat' dir='ltr'><strong>omnibus</strong></span> <span class='ocrx_word' id='word_1_849' title='bbox 987 5550 1046 5590; x_wconf 86' lang='lat' dir='ltr'><strong>se</strong></span> <span class='ocrx_word' id='word_1_850' title='bbox 1081 5535 1336 5591; x_wconf 84' lang='lat' dir='ltr'><strong>abstinet.</strong></span> <span class='ocrx_word' id='word_1_851' title='bbox 1371 5551 1390 5586; x_wconf 85' lang='grc'><strong>›</strong></span> <span class='ocrx_word' id='word_1_852' title='bbox 1426 5533 1533 5592; x_wconf 88' lang='lat' dir='ltr'><strong>Sed</strong></span> <span class='ocrx_word' id='word_1_853' title='bbox 1568 5553 1698 5594; x_wconf 89' lang='lat' dir='ltr'><strong>mss.</strong></span> 
     </span>
    </p>
   </div>
   <div class='ocr_carea' id='block_1_101' title="bbox 104 5611 686 5658">
    <p class='ocr_par' dir='ltr' id='par_1_101' title="bbox 104 5611 686 5658">
     <span class='ocr_line' id='line_1_101' title="bbox 104 5611 686 5658; baseline 0.009 -5"><span class='ocrx_word' id='word_1_854' title='bbox 104 5611 162 5653; x_wconf 84' lang='lat' dir='ltr'><strong>ut</strong></span> <span class='ocrx_word' id='word_1_855' title='bbox 197 5611 252 5652; x_wconf 82' lang='lat' dir='ltr'><strong>tu</strong></span> <span class='ocrx_word' id='word_1_856' title='bbox 291 5612 484 5656; x_wconf 87' lang='lat' dir='ltr'><strong>nostro</strong></span> <span class='ocrx_word' id='word_1_857' title='bbox 513 5612 686 5658; x_wconf 77' lang='lat' dir='ltr'><strong>textu.</strong></span> 
     </span>
    </p>
   </div>
   <div class='ocr_carea' id='block_1_102' title="bbox 177 5669 1704 5763">
    <p class='ocr_par' dir='ltr' id='par_1_102' title="bbox 177 5669 1704 5763">
     <span class='ocr_line' id='line_1_102' title="bbox 177 5669 1704 5763; baseline 0 0"><span class='ocrx_word' id='word_1_858' title='bbox 177 5669 745 5763; x_wconf 53' lang='grc' dir='ltr'><strong>ςββὶὲξξξιξιέρῖξηὶῖτι</strong></span> <span class='ocrx_word' id='word_1_859' title='bbox 778 5684 825 5728; x_wconf 76' lang='grc' dir='ltr'>ει</span> <span class='ocrx_word' id='word_1_860' title='bbox 861 5675 1250 5763; x_wconf 47' lang='lat' dir='ltr'><strong>asperatam»</strong></span> <span class='ocrx_word' id='word_1_861' title='bbox 1304 5686 1412 5733; x_wconf 66' lang='grc' dir='ltr'>εισι</span> <span class='ocrx_word' id='word_1_862' title='bbox 1455 5677 1537 5732; x_wconf 69' lang='lat' dir='ltr'><strong>Ab</strong></span> <span class='ocrx_word' id='word_1_863' title='bbox 1586 5688 1704 5763; x_wconf 60' lang='grc' dir='ltr'><strong>πρυ</strong></span> 
     </span>
    </p>
   </div>
   <div class='ocr_carea' id='block_1_103' title="bbox 105 5742 1128 5816">
    <p class='ocr_par' dir='ltr' id='par_1_103' title="bbox 105 5742 1128 5816">
     <span class='ocr_line' id='line_1_103' title="bbox 105 5742 1128 5816; baseline 0.006 -22"><span class='ocrx_word' id='word_1_864' title='bbox 105 5742 433 5816; x_wconf 51' lang='lat' dir='ltr'><strong>calentium</strong></span> <span class='ocrx_word' id='word_1_865' title='bbox 467 5745 632 5797; x_wconf 82' lang='lat' dir='ltr'><strong>tenuit</strong></span> <span class='ocrx_word' id='word_1_866' title='bbox 661 5755 706 5799; x_wconf 85' lang='lat' dir='ltr'><strong>et</strong></span> <span class='ocrx_word' id='word_1_867' title='bbox 748 5742 1128 5816; x_wconf 72' lang='lat' dir='ltr'><strong>supplantavit.</strong></span> 
     </span>
    </p>
   </div>
   <div class='ocr_carea' id='block_1_104' title="bbox 180 5810 1692 5887">
    <p class='ocr_par' dir='ltr' id='par_1_104' title="bbox 180 5810 1692 5887">
     <span class='ocr_line' id='line_1_104' title="bbox 180 5810 1692 5887; baseline 0.006 -22"><span class='ocrx_word' id='word_1_868' title='bbox 180 5810 308 5882; x_wconf 79' lang='lat'><strong>(69)</strong></span> <span class='ocrx_word' id='word_1_869' title='bbox 341 5812 551 5883; x_wconf 75' lang='lat' dir='ltr'><strong>Accepit</strong></span> <span class='ocrx_word' id='word_1_870' title='bbox 608 5834 638 5871; x_wconf 90' lang='lat' dir='ltr'><strong>a</strong></span> <span class='ocrx_word' id='word_1_871' title='bbox 683 5810 965 5872; x_wconf 75' lang='lat' dir='ltr'><strong>Susdrhim</strong></span> <span class='ocrx_word' id='word_1_872' title='bbox 1021 5833 1189 5887; x_wconf 84' lang='lat' dir='ltr'><strong>regem</strong></span> <span class='ocrx_word' id='word_1_873' title='bbox 1249 5833 1464 5873; x_wconf 81' lang='lat' dir='ltr'><strong>uxorem</strong></span> <span class='ocrx_word' id='word_1_874' title='bbox 1508 5817 1692 5874; x_wconf 78' lang='lat' dir='ltr'><strong>Theci-</strong></span> 
     </span>
    </p>
   </div>
   <div class='ocr_carea' id='block_1_105' title="bbox 1249 5169 2148 5274">
    <p class='ocr_par' dir='ltr' id='par_1_105' title="bbox 1249 5169 2148 5274">
     <span class='ocr_line' id='line_1_105' title="bbox 1249 5169 2148 5274; baseline 0.01 -18"><span class='ocrx_word' id='word_1_875' title='bbox 1249 5204 1265 5235; x_wconf 83' lang='grc'>¹</span> <span class='ocrx_word' id='word_1_876' title='bbox 1304 5204 1406 5258; x_wconf 85' lang='lat' dir='ltr'><strong>lsa.</strong></span> <span class='ocrx_word' id='word_1_877' title='bbox 1442 5221 1566 5267; x_wconf 65' lang='grc' dir='ltr'><strong>ιμ’.</strong></span> <span class='ocrx_word' id='word_1_878' title='bbox 1601 5209 1658 5274; x_wconf 80' lang='grc'><strong>2,</strong></span> <span class='ocrx_word' id='word_1_879' title='bbox 1691 5219 1740 5262; x_wconf 89' lang='lat' dir='ltr'><strong>et</strong></span> <span class='ocrx_word' id='word_1_880' title='bbox 1774 5211 1929 5264; x_wconf 80' lang='lat' dir='ltr'><strong>Rom.</strong></span> <span class='ocrx_word' id='word_1_881' title='bbox 1961 5229 2013 5274; x_wconf 71' lang='grc' dir='ltr'><strong>χ,</strong></span> <span class='ocrx_word' id='word_1_882' title='bbox 2045 5169 2148 5264; x_wconf 41' lang='grc'><strong>21..</strong></span> 
     </span>
    </p>
   </div>
   <div class='ocr_carea' id='block_1_106' title="bbox 1690 5281 2258 5407">
    <p class='ocr_par' dir='ltr' id='par_1_106' title="bbox 1690 5281 2258 5407">
     <span class='ocr_line' id='line_1_106' title="bbox 1690 5281 2258 5343; baseline 0 -7"><span class='ocrx_word' id='word_1_883' title='bbox 1690 5281 1708 5310; x_wconf 87' lang='grc'><strong>⁷</strong></span> <span class='ocrx_word' id='word_1_884' title='bbox 1743 5283 1762 5336; x_wconf 88' lang='grc' dir='ltr'><strong>ι</strong></span> <span class='ocrx_word' id='word_1_885' title='bbox 1802 5281 1994 5335; x_wconf 81' lang='lat' dir='ltr'><strong>Thess.</strong></span> <span class='ocrx_word' id='word_1_886' title='bbox 2058 5298 2120 5343; x_wconf 87' lang='lat' dir='ltr'><strong>v,</strong></span> <span class='ocrx_word' id='word_1_887' title='bbox 2173 5285 2258 5338; x_wconf 81' lang='lat' dir='ltr'><strong>lli.</strong></span> 
     </span>
     <span class='ocr_line' id='line_1_107' title="bbox 1799 5353 2185 5407; baseline -0.003 0"><span class='ocrx_word' id='word_1_888' title='bbox 1799 5354 1840 5384; x_wconf 75' lang='lat'>”</span> <span class='ocrx_word' id='word_1_889' title='bbox 1865 5353 1926 5407; x_wconf 82' lang='grc' dir='ltr'><strong>ΙΙΙ</strong></span> <span class='ocrx_word' id='word_1_890' title='bbox 1964 5353 2096 5407; x_wconf 72' lang='lat' dir='ltr'><strong>lien.</strong></span> <span class='ocrx_word' id='word_1_891' title='bbox 2125 5369 2185 5406; x_wconf 90' lang='grc' dir='ltr'>ιι.</span> 
     </span>
    </p>
   </div>
   <div class='ocr_carea' id='block_1_107' title="bbox 2011 5369 2185 5426">
    <p class='ocr_par' dir='ltr' id='par_1_107' title="bbox 2011 5369 2185 5426">
     <span class='ocr_line' id='line_1_108' title="bbox 2011 5369 2185 5426; baseline -0.011 -18"><span class='ocrx_word' id='word_1_892' title='bbox 2011 5372 2096 5426; x_wconf 87' lang='lat' dir='ltr'><strong>eg.</strong></span> <span class='ocrx_word' id='word_1_893' title='bbox 2125 5369 2185 5406; x_wconf 89' lang='grc' dir='ltr'>ιι.</span> 
     </span>
    </p>
   </div>
   <div class='ocr_carea' id='block_1_108' title="bbox 1815 4641 3398 4716">
    <p class='ocr_par' dir='ltr' id='par_1_108' title="bbox 1815 4641 3398 4716">
     <span class='ocr_line' id='line_1_109' title="bbox 1815 4641 3398 4716; baseline 0.001 -21"><span class='ocrx_word' id='word_1_894' title='bbox 1815 4641 1916 4696; x_wconf 90' lang='lat' dir='ltr'><strong>lios</strong></span> <span class='ocrx_word' id='word_1_895' title='bbox 1952 4641 2086 4710; x_wconf 90' lang='lat' dir='ltr'><strong>ejus.</strong></span> <span class='ocrx_word' id='word_1_896' title='bbox 2126 4661 2145 4695; x_wconf 72' lang='grc' dir='ltr'><strong>ι</strong></span> <span class='ocrx_word' id='word_1_897' title='bbox 2179 4644 2240 4698; x_wconf 84' lang='lat' dir='ltr'><strong>Et</strong></span> <span class='ocrx_word' id='word_1_898' title='bbox 2281 4646 2428 4700; x_wconf 90' lang='lat' dir='ltr'><strong>venit</strong></span> <span class='ocrx_word' id='word_1_899' title='bbox 2458 4685 2474 4712; x_wconf 95' lang='lat'><strong>,</strong></span> <span class='ocrx_word' id='word_1_900' title='bbox 2509 4647 2686 4716; x_wconf 86' lang='lat' dir='ltr'><strong>inquit</strong></span> <span class='ocrx_word' id='word_1_901' title='bbox 2737 4645 2779 4675; x_wconf 76' lang='lat'>”</span> <span class='ocrx_word' id='word_1_902' title='bbox 2810 4684 2826 4710; x_wconf 91' lang='lat'><strong>,</strong></span> <span class='ocrx_word' id='word_1_903' title='bbox 2876 4646 3059 4698; x_wconf 86' lang='lat' dir='ltr'><strong>Aaron</strong></span> <span class='ocrx_word' id='word_1_904' title='bbox 3117 4653 3170 4698; x_wconf 89' lang='lat' dir='ltr'><strong>et</strong></span> <span class='ocrx_word' id='word_1_905' title='bbox 3205 4657 3398 4697; x_wconf 85' lang='lat' dir='ltr'><strong>omnes</strong></span> 
     </span>
    </p>
   </div>
   <div class='ocr_carea' id='block_1_109' title="bbox 1755 4733 3399 4804">
    <p class='ocr_par' dir='ltr' id='par_1_109' title="bbox 1755 4733 3399 4804">
     <span class='ocr_line' id='line_1_110' title="bbox 1755 4733 3399 4804; baseline -0.001 -18"><span class='ocrx_word' id='word_1_906' title='bbox 1755 4738 1762 4746; x_wconf 86' lang='lat'><strong><em>‘</em></strong></span> <span class='ocrx_word' id='word_1_907' title='bbox 1813 4733 2121 4804; x_wconf 87' lang='lat' dir='ltr'><strong>presbyteri</strong></span> <span class='ocrx_word' id='word_1_908' title='bbox 2153 4734 2218 4790; x_wconf 90' lang='lat' dir='ltr'><strong>de</strong></span> <span class='ocrx_word' id='word_1_909' title='bbox 2243 4735 2406 4789; x_wconf 90' lang='lat' dir='ltr'><strong>Israel</strong></span> <span class='ocrx_word' id='word_1_910' title='bbox 2462 4736 2793 4788; x_wconf 87' lang='lat' dir='ltr'><strong>manducare</strong></span> <span class='ocrx_word' id='word_1_911' title='bbox 2828 4748 3020 4803; x_wconf 89' lang='lat' dir='ltr'><strong>panem</strong></span> <span class='ocrx_word' id='word_1_912' title='bbox 3054 4748 3173 4786; x_wconf 91' lang='lat' dir='ltr'><strong>cum</strong></span> <span class='ocrx_word' id='word_1_913' title='bbox 3203 4746 3399 4787; x_wconf 84' lang='lat' dir='ltr'><strong>socero</strong></span> 
     </span>
    </p>
   </div>
   <div class='ocr_carea' id='block_1_110' title="bbox 1813 4825 3396 4898">
    <p class='ocr_par' dir='ltr' id='par_1_110' title="bbox 1813 4825 3396 4898">
     <span class='ocr_line' id='line_1_111' title="bbox 1813 4825 3396 4898; baseline -0.001 -19"><span class='ocrx_word' id='word_1_914' title='bbox 1813 4825 1980 4897; x_wconf 84' lang='lat' dir='ltr'><strong>Moysi</strong></span> <span class='ocrx_word' id='word_1_915' title='bbox 2022 4827 2076 4881; x_wconf 91' lang='lat' dir='ltr'><strong>in</strong></span> <span class='ocrx_word' id='word_1_916' title='bbox 2111 4838 2405 4898; x_wconf 87' lang='lat' dir='ltr'><strong>conspectu</strong></span> <span class='ocrx_word' id='word_1_917' title='bbox 2440 4827 2555 4882; x_wconf 91' lang='lat' dir='ltr'><strong>Dei.</strong></span> <span class='ocrx_word' id='word_1_918' title='bbox 2590 4849 2608 4881; x_wconf 73' lang='grc' dir='ltr'><strong>ι</strong></span> <span class='ocrx_word' id='word_1_919' title='bbox 2647 4827 2761 4882; x_wconf 81' lang='lat' dir='ltr'><strong>Non</strong></span> <span class='ocrx_word' id='word_1_920' title='bbox 2796 4842 2985 4882; x_wconf 88' lang='lat' dir='ltr'><strong>omnes</strong></span> <span class='ocrx_word' id='word_1_921' title='bbox 3019 4841 3210 4893; x_wconf 87' lang='lat' dir='ltr'><strong>panem</strong></span> <span class='ocrx_word' id='word_1_922' title='bbox 3242 4839 3396 4878; x_wconf 85' lang='lat' dir='ltr'><strong>man—</strong></span> 
     </span>
    </p>
   </div>
   <div class='ocr_carea' id='block_1_111' title="bbox 1812 4917 3393 4992">
    <p class='ocr_par' dir='ltr' id='par_1_111' title="bbox 1812 4917 3393 4992">
     <span class='ocr_line' id='line_1_112' title="bbox 1812 4917 3393 4992; baseline -0.004 -17"><span class='ocrx_word' id='word_1_923' title='bbox 1812 4921 2013 4976; x_wconf 91' lang='lat' dir='ltr'><strong>ducant</strong></span> <span class='ocrx_word' id='word_1_924' title='bbox 2041 4923 2092 4976; x_wconf 93' lang='lat' dir='ltr'><strong>in</strong></span> <span class='ocrx_word' id='word_1_925' title='bbox 2132 4933 2430 4992; x_wconf 91' lang='lat' dir='ltr'><strong>conspectu</strong></span> <span class='ocrx_word' id='word_1_926' title='bbox 2459 4921 2597 4989; x_wconf 90' lang='lat' dir='ltr'><strong>Dei,</strong></span> <span class='ocrx_word' id='word_1_927' title='bbox 2633 4923 2725 4976; x_wconf 90' lang='lat' dir='ltr'><strong>sed</strong></span> <span class='ocrx_word' id='word_1_928' title='bbox 2769 4922 2862 4992; x_wconf 89' lang='lat' dir='ltr'><strong>qui</strong></span> <span class='ocrx_word' id='word_1_929' title='bbox 2891 4917 3197 4990; x_wconf 83' lang='lat' dir='ltr'><strong>presbyteri</strong></span> <span class='ocrx_word' id='word_1_930' title='bbox 3233 4924 3393 4980; x_wconf 89' lang='lat' dir='ltr'><strong>sunt,</strong></span> 
     </span>
    </p>
   </div>
   <div class='ocr_carea' id='block_1_112' title="bbox 1810 5010 3394 5087">
    <p class='ocr_par' dir='ltr' id='par_1_112' title="bbox 1810 5010 3394 5087">
     <span class='ocr_line' id='line_1_113' title="bbox 1810 5010 3394 5087; baseline -0.004 -18"><span class='ocrx_word' id='word_1_931' title='bbox 1810 5016 1903 5085; x_wconf 89' lang='lat' dir='ltr'><strong>qui</strong></span> <span class='ocrx_word' id='word_1_932' title='bbox 1939 5017 2202 5084; x_wconf 88' lang='lat' dir='ltr'><strong>seniores,</strong></span> <span class='ocrx_word' id='word_1_933' title='bbox 2235 5018 2325 5086; x_wconf 91' lang='lat' dir='ltr'><strong>qui</strong></span> <span class='ocrx_word' id='word_1_934' title='bbox 2362 5015 2589 5087; x_wconf 79' lang='lat' dir='ltr'><strong>perfecti</strong></span> <span class='ocrx_word' id='word_1_935' title='bbox 2626 5024 2792 5082; x_wconf 91' lang='lat' dir='ltr'><strong>sunt,</strong></span> <span class='ocrx_word' id='word_1_936' title='bbox 2826 5024 2880 5070; x_wconf 93' lang='lat' dir='ltr'><strong>et</strong></span> <span class='ocrx_word' id='word_1_937' title='bbox 2913 5013 3123 5068; x_wconf 90' lang='lat' dir='ltr'><strong>meritis</strong></span> <span class='ocrx_word' id='word_1_938' title='bbox 3155 5010 3394 5081; x_wconf 87' lang='lat' dir='ltr'><strong>probati,</strong></span> 
     </span>
    </p>
   </div>
   <div class='ocr_carea' id='block_1_113' title="bbox 2743 5170 3386 5261">
    <p class='ocr_par' dir='ltr' id='par_1_113' title="bbox 2743 5170 3386 5261">
     <span class='ocr_line' id='line_1_114' title="bbox 2743 5170 3386 5261; baseline -0.014 1"><span class='ocrx_word' id='word_1_939' title='bbox 2743 5206 2764 5239; x_wconf 86' lang='grc'>³</span> <span class='ocrx_word' id='word_1_940' title='bbox 2800 5205 2988 5261; x_wconf 88' lang='lat' dir='ltr'><strong>lTim.</strong></span> <span class='ocrx_word' id='word_1_941' title='bbox 3027 5170 3094 5256; x_wconf 66' lang='lat' dir='ltr'><strong>it.</strong></span> <span class='ocrx_word' id='word_1_942' title='bbox 3166 5203 3189 5234; x_wconf 70' lang='grc' dir='ltr'>δ</span> <span class='ocrx_word' id='word_1_943' title='bbox 3221 5199 3386 5256; x_wconf 89' lang='lat' dir='ltr'><strong>llebr.</strong></span> 
     </span>
    </p>
   </div>
   <div class='ocr_carea' id='block_1_114' title="bbox 2213 5207 3386 5340">
    <p class='ocr_par' dir='ltr' id='par_1_114' title="bbox 2213 5207 3386 5340">
     <span class='ocr_line' id='line_1_115' title="bbox 2213 5207 3386 5275; baseline -0.01 -10"><span class='ocrx_word' id='word_1_944' title='bbox 2213 5214 2233 5242; x_wconf 83' lang='lat'>&#39;</span> <span class='ocrx_word' id='word_1_945' title='bbox 2273 5209 2410 5265; x_wconf 87' lang='lat' dir='ltr'><strong>Psal.</strong></span> <span class='ocrx_word' id='word_1_946' title='bbox 2455 5225 2578 5275; x_wconf 68' lang='lat' dir='ltr'><strong>cxn,</strong></span> <span class='ocrx_word' id='word_1_947' title='bbox 2611 5207 2664 5261; x_wconf 59' lang='grc' dir='ltr'><strong>ἓ.</strong></span> <span class='ocrx_word' id='word_1_948' title='bbox 2743 5207 2764 5239; x_wconf 85' lang='grc'>³</span> <span class='ocrx_word' id='word_1_949' title='bbox 2800 5207 2988 5261; x_wconf 91' lang='lat' dir='ltr'><strong>lTim.</strong></span> <span class='ocrx_word' id='word_1_950' title='bbox 3027 5220 3088 5256; x_wconf 87' lang='grc' dir='ltr'>ιι.</span> <span class='ocrx_word' id='word_1_951' title='bbox 3166 5207 3189 5234; x_wconf 70' lang='grc'><strong><em>⁵</em></strong></span> <span class='ocrx_word' id='word_1_952' title='bbox 3221 5207 3386 5256; x_wconf 89' lang='lat' dir='ltr'><strong>Hebr.</strong></span> 
     </span>
     <span class='ocr_line' id='line_1_116' title="bbox 2213 5273 3386 5340; baseline -0.011 -3"><span class='ocrx_word' id='word_1_953' title='bbox 2213 5285 2258 5338; x_wconf 79' lang='lat' dir='ltr'><strong>li.</strong></span> <span class='ocrx_word' id='word_1_954' title='bbox 2372 5283 2394 5313; x_wconf 78' lang='grc'>⁸</span> <span class='ocrx_word' id='word_1_955' title='bbox 2425 5281 2584 5335; x_wconf 82' lang='grc' dir='ltr'>Νιιιιι.</span> <span class='ocrx_word' id='word_1_956' title='bbox 2609 5294 2746 5340; x_wconf 75' lang='lat' dir='ltr'><strong>xxii.</strong></span> <span class='ocrx_word' id='word_1_957' title='bbox 2783 5279 2836 5331; x_wconf 64' lang='grc' dir='ltr'>ι.</span> <span class='ocrx_word' id='word_1_958' title='bbox 2946 5279 2967 5309; x_wconf 82' lang='grc'><strong>⁹</strong></span> <span class='ocrx_word' id='word_1_959' title='bbox 2990 5276 3202 5332; x_wconf 83' lang='lat' dir='ltr'><strong>Coloss.</strong></span> <span class='ocrx_word' id='word_1_960' title='bbox 3230 5288 3302 5340; x_wconf 90' lang='lat' dir='ltr'><strong>tv,</strong></span> <span class='ocrx_word' id='word_1_961' title='bbox 3327 5273 3386 5326; x_wconf 70' lang='lat'><strong>2.</strong></span> 
     </span>
    </p>
   </div>
   <div class='ocr_carea' id='block_1_115' title="bbox 2372 5279 2836 5341">
    <p class='ocr_par' dir='ltr' id='par_1_115' title="bbox 2372 5279 2836 5341">
     <span class='ocr_line' id='line_1_117' title="bbox 2372 5279 2836 5341; baseline -0.006 -7"><span class='ocrx_word' id='word_1_962' title='bbox 2372 5283 2394 5313; x_wconf 78' lang='grc'>⁸</span> <span class='ocrx_word' id='word_1_963' title='bbox 2425 5281 2584 5335; x_wconf 80' lang='lat' dir='ltr'><strong>Num.</strong></span> <span class='ocrx_word' id='word_1_964' title='bbox 2609 5294 2746 5341; x_wconf 61' lang='grc' dir='ltr'>ιλιι.</span> <span class='ocrx_word' id='word_1_965' title='bbox 2783 5279 2836 5331; x_wconf 64' lang='grc' dir='ltr'>ι.</span> 
     </span>
    </p>
   </div>
   <div class='ocr_carea' id='block_1_116' title="bbox 2299 5349 2818 5417">
    <p class='ocr_par' dir='ltr' id='par_1_116' title="bbox 2299 5349 2818 5417">
     <span class='ocr_line' id='line_1_118' title="bbox 2299 5349 2818 5417; baseline -0.004 -9"><span class='ocrx_word' id='word_1_966' title='bbox 2299 5353 2344 5388; x_wconf 65' lang='grc'><strong>³³</strong></span> <span class='ocrx_word' id='word_1_967' title='bbox 2370 5353 2542 5408; x_wconf 81' lang='lat' dir='ltr'><strong>Exod.</strong></span> <span class='ocrx_word' id='word_1_968' title='bbox 2576 5365 2700 5417; x_wconf 73' lang='grc' dir='ltr'>χιιι,</span> <span class='ocrx_word' id='word_1_969' title='bbox 2731 5349 2818 5406; x_wconf 66' lang='grc' dir='ltr'><strong>η.</strong></span> 
     </span>
    </p>
   </div>
   <div class='ocr_carea' id='block_1_117' title="bbox 1811 5461 3386 5542">
    <p class='ocr_par' dir='ltr' id='par_1_117' title="bbox 1811 5461 3386 5542">
     <span class='ocr_line' id='line_1_119' title="bbox 1811 5461 3386 5542; baseline -0.007 -16"><span class='ocrx_word' id='word_1_970' title='bbox 1811 5489 1978 5528; x_wconf 77' lang='lat' dir='ltr'><strong>meme</strong></span> <span class='ocrx_word' id='word_1_971' title='bbox 2007 5474 2188 5527; x_wconf 77' lang='lat' dir='ltr'><strong>uxoris</strong></span> <span class='ocrx_word' id='word_1_972' title='bbox 2220 5471 2332 5542; x_wconf 78' lang='lat' dir='ltr'><strong>ejus</strong></span> <span class='ocrx_word' id='word_1_973' title='bbox 2373 5488 2627 5542; x_wconf 73' lang='lat' dir='ltr'><strong>sororem.</strong></span> <span class='ocrx_word' id='word_1_974' title='bbox 2680 5470 2786 5524; x_wconf 88' lang='lat' dir='ltr'><strong>Aut</strong></span> <span class='ocrx_word' id='word_1_975' title='bbox 2837 5465 3127 5542; x_wconf 79' lang='lat' dir='ltr'><strong>Origenes,</strong></span> <span class='ocrx_word' id='word_1_976' title='bbox 3160 5470 3251 5518; x_wconf 90' lang='lat' dir='ltr'><strong>aut</strong></span> <span class='ocrx_word' id='word_1_977' title='bbox 3302 5461 3386 5516; x_wconf 91' lang='lat' dir='ltr'><strong>iu-</strong></span> 
     </span>
    </p>
   </div>
   <div class='ocr_carea' id='block_1_118' title="bbox 1811 5536 3387 5618">
    <p class='ocr_par' dir='ltr' id='par_1_118' title="bbox 1811 5536 3387 5618">
     <span class='ocr_line' id='line_1_120' title="bbox 1811 5536 3387 5618; baseline -0.007 -22"><span class='ocrx_word' id='word_1_978' title='bbox 1811 5543 2165 5618; x_wconf 71' lang='lat' dir='ltr'><strong>terpresejus</strong></span> <span class='ocrx_word' id='word_1_979' title='bbox 2202 5536 2431 5618; x_wconf 60' lang='lat' dir='ltr'><strong>R&#39;niinus</strong></span> <span class='ocrx_word' id='word_1_980' title='bbox 2465 5541 2714 5618; x_wconf 26' lang='lat' dir='ltr'><strong>boc‘loco</strong></span> <span class='ocrx_word' id='word_1_981' title='bbox 2770 5539 3031 5618; x_wconf 74' lang='lat' dir='ltr'><strong>memoria</strong></span> <span class='ocrx_word' id='word_1_982' title='bbox 3068 5536 3254 5618; x_wconf 41' lang='lat' dir='ltr'><strong>lapsp’s</strong></span> <span class='ocrx_word' id='word_1_983' title='bbox 3275 5544 3387 5618; x_wconf 63' lang='lat' dir='ltr'><strong>estt</strong></span> 
     </span>
    </p>
   </div>
   <div class='ocr_carea' id='block_1_119' title="bbox 1806 5601 3389 5689">
    <p class='ocr_par' dir='ltr' id='par_1_119' title="bbox 1806 5601 3389 5689">
     <span class='ocr_line' id='line_1_121' title="bbox 1806 5601 3389 5689; baseline -0.006 -22"><span class='ocrx_word' id='word_1_984' title='bbox 1806 5601 1924 5670; x_wconf 74' lang='lat' dir='ltr'><strong>Non</strong></span> <span class='ocrx_word' id='word_1_985' title='bbox 1955 5601 2103 5668; x_wconf 81' lang='lat' dir='ltr'><strong>enim</strong></span> <span class='ocrx_word' id='word_1_986' title='bbox 2136 5613 2443 5689; x_wconf 52' lang='lat' dir='ltr'><strong>.Iergboam,</strong></span> <span class='ocrx_word' id='word_1_987' title='bbox 2484 5613 2578 5667; x_wconf 87' lang='lat' dir='ltr'><strong>sed</strong></span> <span class='ocrx_word' id='word_1_988' title='bbox 2625 5613 2771 5664; x_wconf 89' lang='lat' dir='ltr'><strong>Ader</strong></span> <span class='ocrx_word' id='word_1_989' title='bbox 2806 5607 3017 5689; x_wconf 68' lang='lat' dir='ltr'><strong>accepit</strong></span> <span class='ocrx_word' id='word_1_990' title='bbox 3065 5601 3134 5689; x_wconf 59' lang='lat' dir='ltr'><strong>ab</strong></span> <span class='ocrx_word' id='word_1_991' title='bbox 3165 5601 3389 5689; x_wconf 49' lang='grc' dir='ltr'><strong>μεῖριί</strong></span> 
     </span>
    </p>
   </div>
   <div class='ocr_carea' id='block_1_120' title="bbox 1809 5673 3387 5755">
    <p class='ocr_par' dir='ltr' id='par_1_120' title="bbox 1809 5673 3387 5755">
     <span class='ocr_line' id='line_1_122' title="bbox 1809 5673 3387 5755; baseline -0.008 -15"><span class='ocrx_word' id='word_1_992' title='bbox 1809 5700 1935 5755; x_wconf 86' lang='lat' dir='ltr'><strong>rege</strong></span> <span class='ocrx_word' id='word_1_993' title='bbox 1968 5701 2204 5744; x_wconf 79' lang='lat' dir='ltr'><strong>uxorem</strong></span> <span class='ocrx_word' id='word_1_994' title='bbox 2239 5673 2583 5741; x_wconf 80' lang='lat' dir='ltr'><strong>Thecimena:</strong></span> <span class='ocrx_word' id='word_1_995' title='bbox 2609 5696 2872 5738; x_wconf 82' lang='lat' dir='ltr'><strong>sororem.</strong></span> <span class='ocrx_word' id='word_1_996' title='bbox 2909 5675 3044 5732; x_wconf 84' lang='lat' dir='ltr'><strong>Vide</strong></span> <span class='ocrx_word' id='word_1_997' title='bbox 3072 5673 3132 5730; x_wconf 91' lang='lat' dir='ltr'><strong>Ill</strong></span> <span class='ocrx_word' id='word_1_998' title='bbox 3163 5673 3297 5745; x_wconf 82' lang='lat' dir='ltr'><strong>Reg.</strong></span> <span class='ocrx_word' id='word_1_999' title='bbox 3327 5688 3387 5742; x_wconf 82' lang='grc' dir='ltr'>ιι,</span> 
     </span>
    </p>
   </div>
   <div class='ocr_carea' id='block_1_121' title="bbox 1805 5755 1889 5810">
    <p class='ocr_par' dir='ltr' id='par_1_121' title="bbox 1805 5755 1889 5810">
     <span class='ocr_line' id='line_1_123' title="bbox 1805 5755 1889 5810; baseline 0.024 -2"><span class='ocrx_word' id='word_1_1000' title='bbox 1805 5755 1889 5810; x_wconf 78' lang='grc'><strong>19.</strong></span> 
     </span>
    </p>
   </div>
  </div>
