  <div class='ocr_page' id='page_1' title='image "/cluster/home/n/w/nwhite01/storage/ocr_20150623/12/hvd.32044019207638/194.png"; bbox 0 0 3876 6506; ppageno 0'>
   <div class='ocr_carea' id='block_1_1' title="bbox 167 336 2212 416">
    <p class='ocr_par' dir='ltr' id='par_1_1' title="bbox 167 336 2212 416">
     <span class='ocr_line' id='line_1_1' title="bbox 167 336 2212 416; baseline -0.003 -1"><span class='ocrx_word' id='word_1_1' title='bbox 167 337 253 416; x_wconf 73' lang='lat' dir='ltr'><strong>ait</strong></span> <span class='ocrx_word' id='word_1_2' title='bbox 1353 351 1422 406; x_wconf 88' lang='lat' dir='ltr'><strong>IN</strong></span> <span class='ocrx_word' id='word_1_3' title='bbox 1454 344 1742 407; x_wconf 79' lang='lat' dir='ltr'><strong>EXODUM</strong></span> <span class='ocrx_word' id='word_1_4' title='bbox 1776 336 2063 406; x_wconf 74' lang='lat' dir='ltr'><strong>HDMILIA</strong></span> <span class='ocrx_word' id='word_1_5' title='bbox 2092 349 2212 409; x_wconf 85' lang='lat' dir='ltr'><strong>xu.</strong></span> 
     </span>
    </p>
   </div>
   <div class='ocr_carea' id='block_1_2' title="bbox 3303 353 3412 413">
    <p class='ocr_par' dir='ltr' id='par_1_2' title="bbox 3303 353 3412 413">
     <span class='ocr_line' id='line_1_2' title="bbox 3303 353 3412 413; baseline 0.018 -2"><span class='ocrx_word' id='word_1_6' title='bbox 3303 353 3412 413; x_wconf 69' lang='lat'><strong>383</strong></span> 
     </span>
    </p>
   </div>
   <div class='ocr_carea' id='block_1_3' title="bbox 179 462 3410 543">
    <p class='ocr_par' dir='ltr' id='par_1_3' title="bbox 179 462 3410 543">
     <span class='ocr_line' id='line_1_3' title="bbox 179 462 3410 543; baseline 0.001 -19"><span class='ocrx_word' id='word_1_7' title='bbox 179 470 254 529; x_wconf 85' lang='lat' dir='ltr'><strong>vel</strong></span> <span class='ocrx_word' id='word_1_8' title='bbox 275 464 504 540; x_wconf 82' lang='lat' dir='ltr'><strong>gentilis.</strong></span> <span class='ocrx_word' id='word_1_9' title='bbox 536 463 642 521; x_wconf 90' lang='lat' dir='ltr'><strong>Sed</strong></span> <span class='ocrx_word' id='word_1_10' title='bbox 681 463 895 537; x_wconf 81' lang='lat' dir='ltr'><strong>Moyses</strong></span> <span class='ocrx_word' id='word_1_11' title='bbox 922 465 1013 536; x_wconf 99' lang='lat' dir='ltr'><strong>qui</strong></span> <span class='ocrx_word' id='word_1_12' title='bbox 1047 473 1166 522; x_wconf 91' lang='lat' dir='ltr'><strong>erat</strong></span> <span class='ocrx_word' id='word_1_13' title='bbox 1200 467 1363 524; x_wconf 92' lang='lat' dir='ltr'><strong>homo</strong></span> <span class='ocrx_word' id='word_1_14' title='bbox 1399 474 1723 523; x_wconf 89' lang='lat' dir='ltr'><strong>mansuetus</strong></span> <span class='ocrx_word' id='word_1_15' title='bbox 1750 462 1803 543; x_wconf 60' lang='grc' dir='ltr'>Α</span> <span class='ocrx_word' id='word_1_16' title='bbox 1831 479 1849 514; x_wconf 80' lang='lat' dir='ltr'><strong>t</strong></span> <span class='ocrx_word' id='word_1_17' title='bbox 1879 462 2016 531; x_wconf 86' lang='lat' dir='ltr'><strong>Quia</strong></span> <span class='ocrx_word' id='word_1_18' title='bbox 2050 473 2265 536; x_wconf 87' lang='lat' dir='ltr'><strong>tempus</strong></span> <span class='ocrx_word' id='word_1_19' title='bbox 2304 466 2471 523; x_wconf 83' lang='lat' dir='ltr'><strong>breve</strong></span> <span class='ocrx_word' id='word_1_20' title='bbox 2497 472 2604 534; x_wconf 87' lang='lat' dir='ltr'><strong>est,</strong></span> <span class='ocrx_word' id='word_1_21' title='bbox 2636 472 2888 538; x_wconf 87' lang='lat' dir='ltr'><strong>superest</strong></span> <span class='ocrx_word' id='word_1_22' title='bbox 2920 473 3055 523; x_wconf 88' lang='lat' dir='ltr'><strong>utet</strong></span> <span class='ocrx_word' id='word_1_23' title='bbox 3082 467 3174 540; x_wconf 92' lang='lat' dir='ltr'><strong>qui</strong></span> <span class='ocrx_word' id='word_1_24' title='bbox 3203 466 3410 526; x_wconf 86' lang='lat' dir='ltr'><strong>habent</strong></span> 
     </span>
    </p>
   </div>
   <div class='ocr_carea' id='block_1_4' title="bbox 181 556 1727 633">
    <p class='ocr_par' dir='ltr' id='par_1_4' title="bbox 181 556 1727 633">
     <span class='ocr_line' id='line_1_4' title="bbox 181 556 1727 633; baseline -0.001 -18"><span class='ocrx_word' id='word_1_25' title='bbox 181 574 324 633; x_wconf 83' lang='lat' dir='ltr'><strong>super</strong></span> <span class='ocrx_word' id='word_1_26' title='bbox 351 571 543 612; x_wconf 87' lang='lat' dir='ltr'><strong>omnes</strong></span> <span class='ocrx_word' id='word_1_27' title='bbox 585 557 653 620; x_wconf 71' lang='grc' dir='ltr'><strong>η.</strong></span> <span class='ocrx_word' id='word_1_28' title='bbox 690 556 899 626; x_wconf 87' lang='lat' dir='ltr'><strong>accepit</strong></span> <span class='ocrx_word' id='word_1_29' title='bbox 931 557 1215 612; x_wconf 81' lang='lat' dir='ltr'><strong>consilium</strong></span> <span class='ocrx_word' id='word_1_30' title='bbox 1250 557 1547 624; x_wconf 86' lang='lat' dir='ltr'><strong>inferioris,</strong></span> <span class='ocrx_word' id='word_1_31' title='bbox 1579 566 1638 613; x_wconf 91' lang='lat' dir='ltr'><strong>ut</strong></span> <span class='ocrx_word' id='word_1_32' title='bbox 1671 565 1727 613; x_wconf 86' lang='lat' dir='ltr'><strong>et</strong></span> 
     </span>
    </p>
   </div>
   <div class='ocr_carea' id='block_1_5' title="bbox 178 648 1723 721">
    <p class='ocr_par' dir='ltr' id='par_1_5' title="bbox 178 648 1723 721">
     <span class='ocr_line' id='line_1_5' title="bbox 178 648 1723 721; baseline -0.006 -8"><span class='ocrx_word' id='word_1_33' title='bbox 178 657 384 713; x_wconf 82' lang='lat' dir='ltr'><strong>formam</strong></span> <span class='ocrx_word' id='word_1_34' title='bbox 426 648 754 704; x_wconf 77' lang='lat' dir='ltr'><strong>humilitatis</strong></span> <span class='ocrx_word' id='word_1_35' title='bbox 796 649 1118 719; x_wconf 88' lang='lat' dir='ltr'><strong>populorum</strong></span> <span class='ocrx_word' id='word_1_36' title='bbox 1159 650 1498 721; x_wconf 86' lang='lat' dir='ltr'><strong>principibus</strong></span> <span class='ocrx_word' id='word_1_37' title='bbox 1551 650 1723 714; x_wconf 87' lang='lat' dir='ltr'><strong>daret,</strong></span> 
     </span>
    </p>
   </div>
   <div class='ocr_carea' id='block_1_6' title="bbox 175 741 1725 812">
    <p class='ocr_par' dir='ltr' id='par_1_6' title="bbox 175 741 1725 812">
     <span class='ocr_line' id='line_1_6' title="bbox 175 741 1725 812; baseline -0.005 -9"><span class='ocrx_word' id='word_1_38' title='bbox 175 757 222 805; x_wconf 90' lang='lat' dir='ltr'><strong>et</strong></span> <span class='ocrx_word' id='word_1_39' title='bbox 252 742 408 800; x_wconf 85' lang='lat' dir='ltr'><strong>futuri</strong></span> <span class='ocrx_word' id='word_1_40' title='bbox 445 742 775 797; x_wconf 90' lang='lat' dir='ltr'><strong>sacramenti</strong></span> <span class='ocrx_word' id='word_1_41' title='bbox 808 741 1121 812; x_wconf 75' lang='lat' dir='ltr'><strong>designaret</strong></span> <span class='ocrx_word' id='word_1_42' title='bbox 1156 742 1470 812; x_wconf 79' lang='lat' dir='ltr'><strong>imaginem.</strong></span> <span class='ocrx_word' id='word_1_43' title='bbox 1506 742 1725 797; x_wconf 77' lang='lat' dir='ltr'><strong>Sciebat</strong></span> 
     </span>
    </p>
   </div>
   <div class='ocr_carea' id='block_1_7' title="bbox 171 831 1727 902">
    <p class='ocr_par' dir='ltr' id='par_1_7' title="bbox 171 831 1727 902">
     <span class='ocr_line' id='line_1_7' title="bbox 171 831 1727 902; baseline -0.002 -10"><span class='ocrx_word' id='word_1_44' title='bbox 171 838 303 897; x_wconf 85' lang='lat' dir='ltr'><strong>enim</strong></span> <span class='ocrx_word' id='word_1_45' title='bbox 328 834 567 887; x_wconf 91' lang='lat' dir='ltr'><strong>futurum</strong></span> <span class='ocrx_word' id='word_1_46' title='bbox 598 831 946 901; x_wconf 86' lang='lat' dir='ltr'><strong>quandoque,</strong></span> <span class='ocrx_word' id='word_1_47' title='bbox 987 841 1047 887; x_wconf 93' lang='lat' dir='ltr'><strong>ut</strong></span> <span class='ocrx_word' id='word_1_48' title='bbox 1084 833 1316 902; x_wconf 90' lang='lat' dir='ltr'><strong>gentiles</strong></span> <span class='ocrx_word' id='word_1_49' title='bbox 1346 834 1549 888; x_wconf 90' lang='lat' dir='ltr'><strong>bonum</strong></span> <span class='ocrx_word' id='word_1_50' title='bbox 1595 848 1727 889; x_wconf 91' lang='lat' dir='ltr'><strong>con-</strong></span> 
     </span>
    </p>
   </div>
   <div class='ocr_carea' id='block_1_8' title="bbox 172 923 1723 995">
    <p class='ocr_par' dir='ltr' id='par_1_8' title="bbox 172 923 1723 995">
     <span class='ocr_line' id='line_1_8' title="bbox 172 923 1723 995; baseline -0.005 -8"><span class='ocrx_word' id='word_1_51' title='bbox 172 930 329 988; x_wconf 80' lang='lat' dir='ltr'><strong>silium</strong></span> <span class='ocrx_word' id='word_1_52' title='bbox 358 923 665 993; x_wconf 88' lang='lat' dir='ltr'><strong>proferrent</strong></span> <span class='ocrx_word' id='word_1_53' title='bbox 698 925 838 992; x_wconf 87' lang='lat' dir='ltr'><strong>apud</strong></span> <span class='ocrx_word' id='word_1_54' title='bbox 867 924 1110 995; x_wconf 90' lang='lat' dir='ltr'><strong>Moysen.</strong></span> <span class='ocrx_word' id='word_1_55' title='bbox 1146 934 1203 979; x_wconf 93' lang='lat' dir='ltr'><strong>ut</strong></span> <span class='ocrx_word' id='word_1_56' title='bbox 1231 925 1431 979; x_wconf 89' lang='lat' dir='ltr'><strong>bonum</strong></span> <span class='ocrx_word' id='word_1_57' title='bbox 1462 934 1516 980; x_wconf 90' lang='lat' dir='ltr'><strong>et</strong></span> <span class='ocrx_word' id='word_1_58' title='bbox 1557 926 1723 995; x_wconf 86' lang='lat' dir='ltr'><strong>spiri-</strong></span> 
     </span>
    </p>
   </div>
   <div class='ocr_carea' id='block_1_9' title="bbox 172 1013 1723 1086">
    <p class='ocr_par' dir='ltr' id='par_1_9' title="bbox 172 1013 1723 1086">
     <span class='ocr_line' id='line_1_9' title="bbox 172 1013 1723 1086; baseline -0.003 -11"><span class='ocrx_word' id='word_1_59' title='bbox 172 1019 315 1076; x_wconf 82' lang='lat' dir='ltr'><strong>talem</strong></span> <span class='ocrx_word' id='word_1_60' title='bbox 350 1013 685 1069; x_wconf 91' lang='lat' dir='ltr'><strong>intellectum</strong></span> <span class='ocrx_word' id='word_1_61' title='bbox 733 1013 995 1069; x_wconf 81' lang='lat' dir='ltr'><strong>afferrent</strong></span> <span class='ocrx_word' id='word_1_62' title='bbox 1023 1016 1089 1068; x_wconf 89' lang='lat' dir='ltr'><strong>ad</strong></span> <span class='ocrx_word' id='word_1_63' title='bbox 1124 1016 1293 1086; x_wconf 84' lang='lat' dir='ltr'><strong>legem</strong></span> <span class='ocrx_word' id='word_1_64' title='bbox 1329 1016 1462 1084; x_wconf 89' lang='lat' dir='ltr'><strong>Dei;</strong></span> <span class='ocrx_word' id='word_1_65' title='bbox 1497 1024 1551 1071; x_wconf 90' lang='lat' dir='ltr'><strong>et</strong></span> <span class='ocrx_word' id='word_1_66' title='bbox 1581 1018 1723 1072; x_wconf 86' lang='lat' dir='ltr'><strong>scie-</strong></span> 
     </span>
    </p>
   </div>
   <div class='ocr_carea' id='block_1_10' title="bbox 169 1106 1725 1178">
    <p class='ocr_par' dir='ltr' id='par_1_10' title="bbox 169 1106 1725 1178">
     <span class='ocr_line' id='line_1_10' title="bbox 169 1106 1725 1178; baseline -0.002 -12"><span class='ocrx_word' id='word_1_67' title='bbox 169 1112 252 1170; x_wconf 77' lang='lat' dir='ltr'><strong>bat</strong></span> <span class='ocrx_word' id='word_1_68' title='bbox 305 1108 430 1178; x_wconf 91' lang='lat' dir='ltr'><strong>quia</strong></span> <span class='ocrx_word' id='word_1_69' title='bbox 482 1107 665 1162; x_wconf 88' lang='lat' dir='ltr'><strong>audiet</strong></span> <span class='ocrx_word' id='word_1_70' title='bbox 698 1121 791 1162; x_wconf 91' lang='lat' dir='ltr'><strong>eos</strong></span> <span class='ocrx_word' id='word_1_71' title='bbox 848 1106 954 1170; x_wconf 89' lang='lat' dir='ltr'><strong>lex,</strong></span> <span class='ocrx_word' id='word_1_72' title='bbox 1022 1117 1077 1162; x_wconf 90' lang='lat' dir='ltr'><strong>et</strong></span> <span class='ocrx_word' id='word_1_73' title='bbox 1127 1108 1293 1163; x_wconf 81' lang='lat' dir='ltr'><strong>faciet</strong></span> <span class='ocrx_word' id='word_1_74' title='bbox 1348 1111 1532 1163; x_wconf 87' lang='lat' dir='ltr'><strong>omnia</strong></span> <span class='ocrx_word' id='word_1_75' title='bbox 1582 1109 1725 1164; x_wconf 90' lang='lat' dir='ltr'><strong>sicut</strong></span> 
     </span>
    </p>
   </div>
   <div class='ocr_carea' id='block_1_11' title="bbox 172 1195 1721 1265">
    <p class='ocr_par' dir='ltr' id='par_1_11' title="bbox 172 1195 1721 1265">
     <span class='ocr_line' id='line_1_11' title="bbox 172 1195 1721 1265; baseline 0 -10"><span class='ocrx_word' id='word_1_76' title='bbox 172 1200 360 1256; x_wconf 92' lang='lat' dir='ltr'><strong>dicunt.</strong></span> <span class='ocrx_word' id='word_1_77' title='bbox 413 1195 531 1252; x_wconf 88' lang='lat' dir='ltr'><strong>Non</strong></span> <span class='ocrx_word' id='word_1_78' title='bbox 580 1196 724 1252; x_wconf 90' lang='lat' dir='ltr'><strong>enim</strong></span> <span class='ocrx_word' id='word_1_79' title='bbox 769 1205 949 1265; x_wconf 87' lang='lat' dir='ltr'><strong>potest</strong></span> <span class='ocrx_word' id='word_1_80' title='bbox 990 1196 1171 1253; x_wconf 89' lang='lat' dir='ltr'><strong>facere</strong></span> <span class='ocrx_word' id='word_1_81' title='bbox 1226 1197 1308 1252; x_wconf 91' lang='lat' dir='ltr'><strong>lex</strong></span> <span class='ocrx_word' id='word_1_82' title='bbox 1358 1198 1498 1253; x_wconf 85' lang='lat' dir='ltr'><strong>sicut</strong></span> <span class='ocrx_word' id='word_1_83' title='bbox 1551 1198 1721 1255; x_wconf 65' lang='lat' dir='ltr'><strong>Judaei</strong></span> 
     </span>
    </p>
   </div>
   <div class='ocr_carea' id='block_1_12' title="bbox 171 1286 1723 1356">
    <p class='ocr_par' dir='ltr' id='par_1_12' title="bbox 171 1286 1723 1356">
     <span class='ocr_line' id='line_1_12' title="bbox 171 1286 1723 1356; baseline 0 -12"><span class='ocrx_word' id='word_1_84' title='bbox 171 1289 362 1351; x_wconf 89' lang='lat' dir='ltr'><strong>dicunt,</strong></span> <span class='ocrx_word' id='word_1_85' title='bbox 413 1286 539 1356; x_wconf 90' lang='lat' dir='ltr'><strong>quia</strong></span> <span class='ocrx_word' id='word_1_86' title='bbox 593 1286 1010 1341; x_wconf 87' lang='lat' dir='ltr'><strong>infirmaturlex</strong></span> <span class='ocrx_word' id='word_1_87' title='bbox 1064 1288 1116 1341; x_wconf 93' lang='lat' dir='ltr'><strong>in</strong></span> <span class='ocrx_word' id='word_1_88' title='bbox 1147 1303 1313 1343; x_wconf 91' lang='lat' dir='ltr'><strong>carne</strong></span> <span class='ocrx_word' id='word_1_89' title='bbox 1336 1288 1407 1354; x_wconf 75' lang='lat'><strong>&#39;°,</strong></span> <span class='ocrx_word' id='word_1_90' title='bbox 1460 1290 1512 1343; x_wconf 90' lang='lat' dir='ltr'><strong>id</strong></span> <span class='ocrx_word' id='word_1_91' title='bbox 1544 1300 1628 1345; x_wconf 92' lang='lat' dir='ltr'><strong>est</strong></span> <span class='ocrx_word' id='word_1_92' title='bbox 1670 1290 1723 1344; x_wconf 92' lang='lat' dir='ltr'><strong>in</strong></span> 
     </span>
    </p>
   </div>
   <div class='ocr_carea' id='block_1_13' title="bbox 168 1376 1720 1447">
    <p class='ocr_par' dir='ltr' id='par_1_13' title="bbox 168 1376 1720 1447">
     <span class='ocr_line' id='line_1_13' title="bbox 168 1376 1720 1447; baseline 0.002 -12"><span class='ocrx_word' id='word_1_93' title='bbox 168 1381 354 1442; x_wconf 84' lang='lat' dir='ltr'><strong>littera,</strong></span> <span class='ocrx_word' id='word_1_94' title='bbox 386 1386 441 1433; x_wconf 92' lang='lat' dir='ltr'><strong>et</strong></span> <span class='ocrx_word' id='word_1_95' title='bbox 468 1376 602 1431; x_wconf 86' lang='lat' dir='ltr'><strong>nihil</strong></span> <span class='ocrx_word' id='word_1_96' title='bbox 644 1386 824 1447; x_wconf 88' lang='lat' dir='ltr'><strong>potest</strong></span> <span class='ocrx_word' id='word_1_97' title='bbox 877 1380 1175 1434; x_wconf 90' lang='lat' dir='ltr'><strong>secundum</strong></span> <span class='ocrx_word' id='word_1_98' title='bbox 1221 1380 1453 1434; x_wconf 88' lang='lat' dir='ltr'><strong>litteram</strong></span> <span class='ocrx_word' id='word_1_99' title='bbox 1494 1380 1720 1438; x_wconf 89' lang='lat' dir='ltr'><strong>facere:</strong></span> 
     </span>
    </p>
   </div>
   <div class='ocr_carea' id='block_1_14' title="bbox 166 1466 1722 1536">
    <p class='ocr_par' dir='ltr' id='par_1_14' title="bbox 166 1466 1722 1536">
     <span class='ocr_line' id='line_1_14' title="bbox 166 1466 1722 1536; baseline 0.003 -11"><span class='ocrx_word' id='word_1_100' title='bbox 166 1468 287 1525; x_wconf 91' lang='lat' dir='ltr'><strong>nihil</strong></span> <span class='ocrx_word' id='word_1_101' title='bbox 327 1466 471 1522; x_wconf 91' lang='lat' dir='ltr'><strong>enim</strong></span> <span class='ocrx_word' id='word_1_102' title='bbox 518 1466 586 1521; x_wconf 88' lang='lat' dir='ltr'><strong>ad</strong></span> <span class='ocrx_word' id='word_1_103' title='bbox 623 1467 921 1536; x_wconf 90' lang='lat' dir='ltr'><strong>perfectum</strong></span> <span class='ocrx_word' id='word_1_104' title='bbox 953 1471 1171 1525; x_wconf 89' lang='lat' dir='ltr'><strong>adducit</strong></span> <span class='ocrx_word' id='word_1_105' title='bbox 1198 1471 1286 1526; x_wconf 82' lang='lat' dir='ltr'><strong>lex</strong></span> <span class='ocrx_word' id='word_1_106' title='bbox 1316 1472 1381 1526; x_wconf 86' lang='grc'><strong>³¹.</strong></span> <span class='ocrx_word' id='word_1_107' title='bbox 1410 1472 1722 1529; x_wconf 85' lang='lat' dir='ltr'><strong>Secnndum</strong></span> 
     </span>
    </p>
   </div>
   <div class='ocr_carea' id='block_1_15' title="bbox 166 1559 1721 1635">
    <p class='ocr_par' dir='ltr' id='par_1_15' title="bbox 166 1559 1721 1635">
     <span class='ocr_line' id='line_1_15' title="bbox 166 1559 1721 1635; baseline 0.002 -19"><span class='ocrx_word' id='word_1_108' title='bbox 166 1570 329 1617; x_wconf 83' lang='lat' dir='ltr'><strong>autem</strong></span> <span class='ocrx_word' id='word_1_109' title='bbox 380 1559 671 1615; x_wconf 87' lang='lat' dir='ltr'><strong>consilium</strong></span> <span class='ocrx_word' id='word_1_110' title='bbox 724 1561 867 1630; x_wconf 82' lang='lat' dir='ltr'><strong>q‘uod</strong></span> <span class='ocrx_word' id='word_1_111' title='bbox 925 1577 1028 1617; x_wconf 89' lang='lat' dir='ltr'><strong>nos</strong></span> <span class='ocrx_word' id='word_1_112' title='bbox 1074 1561 1352 1619; x_wconf 83' lang='lat' dir='ltr'><strong>afferimus</strong></span> <span class='ocrx_word' id='word_1_113' title='bbox 1401 1565 1468 1619; x_wconf 89' lang='lat' dir='ltr'><strong>ad</strong></span> <span class='ocrx_word' id='word_1_114' title='bbox 1526 1564 1721 1635; x_wconf 81' lang='lat' dir='ltr'><strong>legem,</strong></span> 
     </span>
    </p>
   </div>
   <div class='ocr_carea' id='block_1_16' title="bbox 163 1652 1724 1726">
    <p class='ocr_par' dir='ltr' id='par_1_16' title="bbox 163 1652 1724 1726">
     <span class='ocr_line' id='line_1_16' title="bbox 163 1652 1724 1726; baseline 0.003 -19"><span class='ocrx_word' id='word_1_115' title='bbox 163 1657 379 1726; x_wconf 86' lang='lat' dir='ltr'><strong>possunt</strong></span> <span class='ocrx_word' id='word_1_116' title='bbox 411 1652 596 1707; x_wconf 88' lang='lat' dir='ltr'><strong>omnia</strong></span> <span class='ocrx_word' id='word_1_117' title='bbox 626 1652 948 1722; x_wconf 86' lang='lat' dir='ltr'><strong>spiritaliter</strong></span> <span class='ocrx_word' id='word_1_118' title='bbox 975 1653 1115 1709; x_wconf 86' lang='lat' dir='ltr'><strong>fieri.</strong></span> <span class='ocrx_word' id='word_1_119' title='bbox 1157 1654 1391 1711; x_wconf 80' lang='lat' dir='ltr'><strong>Possunt</strong></span> <span class='ocrx_word' id='word_1_120' title='bbox 1423 1665 1477 1712; x_wconf 89' lang='lat' dir='ltr'><strong>et</strong></span> <span class='ocrx_word' id='word_1_121' title='bbox 1510 1659 1724 1713; x_wconf 86' lang='lat' dir='ltr'><strong>sacrifi-</strong></span> 
     </span>
    </p>
   </div>
   <div class='ocr_carea' id='block_1_17' title="bbox 164 1743 1721 1819">
    <p class='ocr_par' dir='ltr' id='par_1_17' title="bbox 164 1743 1721 1819">
     <span class='ocr_line' id='line_1_17' title="bbox 164 1743 1721 1819; baseline 0.004 -18"><span class='ocrx_word' id='word_1_122' title='bbox 164 1747 238 1801; x_wconf 86' lang='lat' dir='ltr'><strong>cia</strong></span> <span class='ocrx_word' id='word_1_123' title='bbox 281 1743 602 1814; x_wconf 75' lang='lat' dir='ltr'><strong>spiritaliter</strong></span> <span class='ocrx_word' id='word_1_124' title='bbox 640 1744 848 1813; x_wconf 76' lang='lat' dir='ltr'><strong>oﬂ&#39;erri,</strong></span> <span class='ocrx_word' id='word_1_125' title='bbox 892 1762 1014 1818; x_wconf 70' lang='lat' dir='ltr'><strong>quae</strong></span> <span class='ocrx_word' id='word_1_126' title='bbox 1040 1750 1220 1819; x_wconf 62' lang='lat' dir='ltr'><strong>Lmodo</strong></span> <span class='ocrx_word' id='word_1_127' title='bbox 1272 1750 1565 1807; x_wconf 80' lang='lat' dir='ltr'><strong>carnaliter</strong></span> <span class='ocrx_word' id='word_1_128' title='bbox 1616 1768 1721 1807; x_wconf 92' lang='lat' dir='ltr'><strong>non</strong></span> 
     </span>
    </p>
   </div>
   <div class='ocr_carea' id='block_1_18' title="bbox 160 1813 1798 1911">
    <p class='ocr_par' dir='ltr' id='par_1_18' title="bbox 160 1813 1798 1911">
     <span class='ocr_line' id='line_1_18' title="bbox 160 1813 1798 1911; baseline 0.007 -22"><span class='ocrx_word' id='word_1_129' title='bbox 160 1813 395 1907; x_wconf 85' lang='lat' dir='ltr'><strong>possunt.</strong></span> <span class='ocrx_word' id='word_1_130' title='bbox 456 1835 641 1891; x_wconf 84' lang='lat' dir='ltr'><strong>Potest</strong></span> <span class='ocrx_word' id='word_1_131' title='bbox 683 1845 734 1891; x_wconf 90' lang='lat' dir='ltr'><strong>et</strong></span> <span class='ocrx_word' id='word_1_132' title='bbox 773 1838 859 1893; x_wconf 82' lang='lat' dir='ltr'><strong>lex</strong></span> <span class='ocrx_word' id='word_1_133' title='bbox 905 1813 1066 1911; x_wconf 66' lang='lat' dir='ltr'><strong>Ieprze</strong></span> <span class='ocrx_word' id='word_1_134' title='bbox 1114 1840 1442 1911; x_wconf 87' lang='lat' dir='ltr'><strong>spiritaliter</strong></span> <span class='ocrx_word' id='word_1_135' title='bbox 1489 1845 1720 1909; x_wconf 90' lang='lat' dir='ltr'><strong>servari,</strong></span> <span class='ocrx_word' id='word_1_136' title='bbox 1754 1813 1798 1869; x_wconf 75' lang='grc' dir='ltr'>Β</span> 
     </span>
    </p>
   </div>
   <div class='ocr_carea' id='block_1_19' title="bbox 162 1918 1724 2007">
    <p class='ocr_par' dir='ltr' id='par_1_19' title="bbox 162 1918 1724 2007">
     <span class='ocr_line' id='line_1_19' title="bbox 162 1918 1724 2007; baseline 0.008 -27"><span class='ocrx_word' id='word_1_137' title='bbox 162 1942 272 1997; x_wconf 78' lang='lat' dir='ltr'><strong>qua:</strong></span> <span class='ocrx_word' id='word_1_138' title='bbox 301 1918 599 1981; x_wconf 89' lang='lat' dir='ltr'><strong>secundum</strong></span> <span class='ocrx_word' id='word_1_139' title='bbox 648 1928 885 1986; x_wconf 83' lang='lat' dir='ltr'><strong>litteram</strong></span> <span class='ocrx_word' id='word_1_140' title='bbox 916 1948 1022 1986; x_wconf 95' lang='lat' dir='ltr'><strong>non</strong></span> <span class='ocrx_word' id='word_1_141' title='bbox 1060 1942 1254 2003; x_wconf 88' lang='lat' dir='ltr'><strong>potest.</strong></span> <span class='ocrx_word' id='word_1_142' title='bbox 1293 1933 1385 1990; x_wconf 90' lang='lat' dir='ltr'><strong>Sic</strong></span> <span class='ocrx_word' id='word_1_143' title='bbox 1415 1950 1546 2007; x_wconf 89' lang='lat' dir='ltr'><strong>ergo</strong></span> <span class='ocrx_word' id='word_1_144' title='bbox 1588 1951 1724 2006; x_wconf 84' lang='lat' dir='ltr'><strong>quo-</strong></span> 
     </span>
    </p>
   </div>
   <div class='ocr_carea' id='block_1_20' title="bbox 159 2020 1725 2094">
    <p class='ocr_par' dir='ltr' id='par_1_20' title="bbox 159 2020 1725 2094">
     <span class='ocr_line' id='line_1_20' title="bbox 159 2020 1725 2094; baseline 0.004 -16"><span class='ocrx_word' id='word_1_145' title='bbox 159 2020 306 2078; x_wconf 85' lang='lat' dir='ltr'><strong>modo</strong></span> <span class='ocrx_word' id='word_1_146' title='bbox 345 2035 447 2075; x_wconf 87' lang='lat' dir='ltr'><strong>nos</strong></span> <span class='ocrx_word' id='word_1_147' title='bbox 500 2021 878 2094; x_wconf 84' lang='lat' dir='ltr'><strong>intelligimus,</strong></span> <span class='ocrx_word' id='word_1_148' title='bbox 920 2026 1191 2093; x_wconf 90' lang='lat' dir='ltr'><strong>quomodo</strong></span> <span class='ocrx_word' id='word_1_149' title='bbox 1223 2041 1321 2081; x_wconf 87' lang='lat' dir='ltr'><strong>nos</strong></span> <span class='ocrx_word' id='word_1_150' title='bbox 1350 2029 1635 2091; x_wconf 86' lang='lat' dir='ltr'><strong>sentimus,</strong></span> <span class='ocrx_word' id='word_1_151' title='bbox 1671 2038 1725 2084; x_wconf 93' lang='lat' dir='ltr'><strong>et</strong></span> 
     </span>
    </p>
   </div>
   <div class='ocr_carea' id='block_1_21' title="bbox 158 2115 1726 2185">
    <p class='ocr_par' dir='ltr' id='par_1_21' title="bbox 158 2115 1726 2185">
     <span class='ocr_line' id='line_1_21' title="bbox 158 2115 1726 2185; baseline 0.005 -16"><span class='ocrx_word' id='word_1_152' title='bbox 158 2115 434 2169; x_wconf 86' lang='lat' dir='ltr'><strong>consilium</strong></span> <span class='ocrx_word' id='word_1_153' title='bbox 465 2116 677 2184; x_wconf 90' lang='lat' dir='ltr'><strong>damus,</strong></span> <span class='ocrx_word' id='word_1_154' title='bbox 711 2117 892 2170; x_wconf 90' lang='lat' dir='ltr'><strong>omnia</strong></span> <span class='ocrx_word' id='word_1_155' title='bbox 931 2116 1059 2171; x_wconf 90' lang='lat' dir='ltr'><strong>facit</strong></span> <span class='ocrx_word' id='word_1_156' title='bbox 1088 2117 1208 2185; x_wconf 89' lang='lat' dir='ltr'><strong>lex;</strong></span> <span class='ocrx_word' id='word_1_157' title='bbox 1246 2121 1543 2175; x_wconf 89' lang='lat' dir='ltr'><strong>secundum</strong></span> <span class='ocrx_word' id='word_1_158' title='bbox 1582 2122 1726 2179; x_wconf 86' lang='lat' dir='ltr'><strong>litte-</strong></span> 
     </span>
    </p>
   </div>
   <div class='ocr_carea' id='block_1_22' title="bbox 159 2210 1524 2283">
    <p class='ocr_par' dir='ltr' id='par_1_22' title="bbox 159 2210 1524 2283">
     <span class='ocr_line' id='line_1_22' title="bbox 159 2210 1524 2283; baseline 0.007 -23"><span class='ocrx_word' id='word_1_159' title='bbox 159 2222 266 2261; x_wconf 86' lang='lat' dir='ltr'><strong>ram</strong></span> <span class='ocrx_word' id='word_1_160' title='bbox 286 2216 470 2264; x_wconf 90' lang='lat' dir='ltr'><strong>autem</strong></span> <span class='ocrx_word' id='word_1_161' title='bbox 499 2224 607 2263; x_wconf 92' lang='lat' dir='ltr'><strong>non</strong></span> <span class='ocrx_word' id='word_1_162' title='bbox 645 2211 845 2272; x_wconf 89' lang='lat' dir='ltr'><strong>omnia,</strong></span> <span class='ocrx_word' id='word_1_163' title='bbox 881 2210 975 2265; x_wconf 90' lang='lat' dir='ltr'><strong>sed</strong></span> <span class='ocrx_word' id='word_1_164' title='bbox 1008 2211 1298 2266; x_wconf 90' lang='lat' dir='ltr'><strong>admodum</strong></span> <span class='ocrx_word' id='word_1_165' title='bbox 1328 2228 1524 2283; x_wconf 87' lang='lat' dir='ltr'><strong>pauca.</strong></span> 
     </span>
    </p>
   </div>
   <div class='ocr_carea' id='block_1_23' title="bbox 218 2296 1719 2375">
    <p class='ocr_par' dir='ltr' id='par_1_23' title="bbox 218 2296 1719 2375">
     <span class='ocr_line' id='line_1_23' title="bbox 218 2296 1719 2375; baseline 0.009 -25"><span class='ocrx_word' id='word_1_166' title='bbox 218 2298 269 2351; x_wconf 89' lang='lat'><strong><em>7.</em></strong></span> <span class='ocrx_word' id='word_1_167' title='bbox 308 2296 591 2355; x_wconf 11' lang='lat' dir='ltr'><strong>Postrbtec</strong></span> <span class='ocrx_word' id='word_1_168' title='bbox 638 2309 818 2354; x_wconf 85' lang='lat' dir='ltr'><strong>autem</strong></span> <span class='ocrx_word' id='word_1_169' title='bbox 853 2316 976 2355; x_wconf 86' lang='lat' dir='ltr'><strong>cum</strong></span> <span class='ocrx_word' id='word_1_170' title='bbox 1012 2302 1290 2371; x_wconf 90' lang='lat' dir='ltr'><strong>profectus</strong></span> <span class='ocrx_word' id='word_1_171' title='bbox 1329 2318 1473 2361; x_wconf 86' lang='lat' dir='ltr'><strong>esset</strong></span> <span class='ocrx_word' id='word_1_172' title='bbox 1506 2306 1719 2375; x_wconf 82' lang='lat' dir='ltr'><strong>Jethro,</strong></span> 
     </span>
    </p>
   </div>
   <div class='ocr_carea' id='block_1_24' title="bbox 158 2389 1722 2467">
    <p class='ocr_par' dir='ltr' id='par_1_24' title="bbox 158 2389 1722 2467">
     <span class='ocr_line' id='line_1_24' title="bbox 158 2389 1722 2467; baseline 0.009 -25"><span class='ocrx_word' id='word_1_173' title='bbox 158 2396 208 2443; x_wconf 88' lang='lat' dir='ltr'><strong>et</strong></span> <span class='ocrx_word' id='word_1_174' title='bbox 224 2389 462 2445; x_wconf 88' lang='lat' dir='ltr'><strong>venisset</strong></span> <span class='ocrx_word' id='word_1_175' title='bbox 499 2390 715 2461; x_wconf 82' lang='lat' dir='ltr'><strong>Moyses</strong></span> <span class='ocrx_word' id='word_1_176' title='bbox 747 2404 812 2446; x_wconf 90' lang='lat' dir='ltr'><strong>ex</strong></span> <span class='ocrx_word' id='word_1_177' title='bbox 851 2390 1141 2461; x_wconf 82' lang='lat' dir='ltr'><strong>Raphidim</strong></span> <span class='ocrx_word' id='word_1_178' title='bbox 1173 2395 1224 2449; x_wconf 93' lang='lat' dir='ltr'><strong>in</strong></span> <span class='ocrx_word' id='word_1_179' title='bbox 1257 2395 1534 2451; x_wconf 88' lang='lat' dir='ltr'><strong>desertum</strong></span> <span class='ocrx_word' id='word_1_180' title='bbox 1568 2399 1722 2467; x_wconf 88' lang='lat' dir='ltr'><strong>Sina,</strong></span> 
     </span>
    </p>
   </div>
   <div class='ocr_carea' id='block_1_25' title="bbox 155 2482 1723 2552">
    <p class='ocr_par' dir='ltr' id='par_1_25' title="bbox 155 2482 1723 2552">
     <span class='ocr_line' id='line_1_25' title="bbox 155 2482 1723 2552; baseline 0.008 -15"><span class='ocrx_word' id='word_1_181' title='bbox 155 2482 328 2552; x_wconf 88' lang='lat' dir='ltr'><strong>ibique</strong></span> <span class='ocrx_word' id='word_1_182' title='bbox 364 2482 425 2538; x_wconf 94' lang='lat' dir='ltr'><strong>in</strong></span> <span class='ocrx_word' id='word_1_183' title='bbox 472 2484 722 2540; x_wconf 87' lang='lat' dir='ltr'><strong>columna</strong></span> <span class='ocrx_word' id='word_1_184' title='bbox 763 2487 925 2542; x_wconf 90' lang='lat' dir='ltr'><strong>nubis</strong></span> <span class='ocrx_word' id='word_1_185' title='bbox 968 2490 1337 2546; x_wconf 89' lang='lat' dir='ltr'><strong>descendisset</strong></span> <span class='ocrx_word' id='word_1_186' title='bbox 1368 2492 1625 2550; x_wconf 91' lang='lat' dir='ltr'><strong>Dominus</strong></span> <span class='ocrx_word' id='word_1_187' title='bbox 1657 2496 1723 2551; x_wconf 90' lang='lat' dir='ltr'><strong>ad</strong></span> 
     </span>
    </p>
   </div>
   <div class='ocr_carea' id='block_1_26' title="bbox 153 2572 1722 2648">
    <p class='ocr_par' dir='ltr' id='par_1_26' title="bbox 153 2572 1722 2648">
     <span class='ocr_line' id='line_1_26' title="bbox 153 2572 1722 2648; baseline 0.009 -19"><span class='ocrx_word' id='word_1_188' title='bbox 153 2572 384 2645; x_wconf 78' lang='lat' dir='ltr'><strong>Moysen,</strong></span> <span class='ocrx_word' id='word_1_189' title='bbox 426 2584 488 2629; x_wconf 91' lang='lat' dir='ltr'><strong>ut</strong></span> <span class='ocrx_word' id='word_1_190' title='bbox 522 2577 714 2632; x_wconf 89' lang='lat' dir='ltr'><strong>videns</strong></span> <span class='ocrx_word' id='word_1_191' title='bbox 760 2578 991 2648; x_wconf 89' lang='lat' dir='ltr'><strong>populus</strong></span> <span class='ocrx_word' id='word_1_192' title='bbox 1035 2582 1285 2637; x_wconf 90' lang='lat' dir='ltr'><strong>crederet</strong></span> <span class='ocrx_word' id='word_1_193' title='bbox 1326 2582 1398 2648; x_wconf 90' lang='lat' dir='ltr'><strong>ei,</strong></span> <span class='ocrx_word' id='word_1_194' title='bbox 1450 2594 1507 2639; x_wconf 91' lang='lat' dir='ltr'><strong>et</strong></span> <span class='ocrx_word' id='word_1_195' title='bbox 1558 2588 1722 2643; x_wconf 85' lang='lat' dir='ltr'><strong>verba</strong></span> 
     </span>
    </p>
   </div>
   <div class='ocr_carea' id='block_1_27' title="bbox 152 2664 1720 2743">
    <p class='ocr_par' dir='ltr' id='par_1_27' title="bbox 152 2664 1720 2743">
     <span class='ocr_line' id='line_1_27' title="bbox 152 2664 1720 2743; baseline 0.008 -23"><span class='ocrx_word' id='word_1_196' title='bbox 152 2664 261 2734; x_wconf 85' lang='lat' dir='ltr'><strong>ejus</strong></span> <span class='ocrx_word' id='word_1_197' title='bbox 286 2665 526 2732; x_wconf 84' lang='lat' dir='ltr'><strong>audiret,</strong></span> <span class='ocrx_word' id='word_1_198' title='bbox 556 2668 630 2723; x_wconf 86' lang='lat' dir='ltr'><strong>ait</strong></span> <span class='ocrx_word' id='word_1_199' title='bbox 654 2668 913 2726; x_wconf 92' lang='lat' dir='ltr'><strong>Dominus</strong></span> <span class='ocrx_word' id='word_1_200' title='bbox 942 2671 1008 2726; x_wconf 88' lang='lat' dir='ltr'><strong>ad</strong></span> <span class='ocrx_word' id='word_1_201' title='bbox 1033 2671 1253 2742; x_wconf 84' lang='lat' dir='ltr'><strong>Moysen</strong></span> <span class='ocrx_word' id='word_1_202' title='bbox 1276 2674 1321 2705; x_wconf 83' lang='grc'><strong>³¹</strong></span> <span class='ocrx_word' id='word_1_203' title='bbox 1349 2691 1362 2727; x_wconf 90' lang='lat'><strong>:</strong></span> <span class='ocrx_word' id='word_1_204' title='bbox 1387 2676 1720 2743; x_wconf 72' lang='lat' dir='ltr'><strong>«Descende,</strong></span> 
     </span>
    </p>
   </div>
   <div class='ocr_carea' id='block_1_28' title="bbox 154 2759 1722 2836">
    <p class='ocr_par' dir='ltr' id='par_1_28' title="bbox 154 2759 1722 2836">
     <span class='ocr_line' id='line_1_28' title="bbox 154 2759 1722 2836; baseline 0.011 -29"><span class='ocrx_word' id='word_1_205' title='bbox 154 2764 461 2826; x_wconf 82' lang='lat' dir='ltr'><strong>protestare</strong></span> <span class='ocrx_word' id='word_1_206' title='bbox 486 2759 722 2828; x_wconf 90' lang='lat' dir='ltr'><strong>populo,</strong></span> <span class='ocrx_word' id='word_1_207' title='bbox 751 2770 806 2817; x_wconf 88' lang='lat' dir='ltr'><strong>et</strong></span> <span class='ocrx_word' id='word_1_208' title='bbox 834 2764 1060 2832; x_wconf 89' lang='lat' dir='ltr'><strong>purifica</strong></span> <span class='ocrx_word' id='word_1_209' title='bbox 1096 2764 1214 2820; x_wconf 93' lang='lat' dir='ltr'><strong>illos</strong></span> <span class='ocrx_word' id='word_1_210' title='bbox 1241 2766 1436 2833; x_wconf 87' lang='lat' dir='ltr'><strong>hodie,</strong></span> <span class='ocrx_word' id='word_1_211' title='bbox 1487 2778 1540 2823; x_wconf 92' lang='lat' dir='ltr'><strong>et</strong></span> <span class='ocrx_word' id='word_1_212' title='bbox 1575 2785 1722 2836; x_wconf 86' lang='lat' dir='ltr'><strong>cras,</strong></span> 
     </span>
    </p>
   </div>
   <div class='ocr_carea' id='block_1_29' title="bbox 152 2848 1722 2927">
    <p class='ocr_par' dir='ltr' id='par_1_29' title="bbox 152 2848 1722 2927">
     <span class='ocr_line' id='line_1_29' title="bbox 152 2848 1722 2927; baseline 0.01 -24"><span class='ocrx_word' id='word_1_213' title='bbox 152 2856 202 2903; x_wconf 88' lang='lat' dir='ltr'><strong>et</strong></span> <span class='ocrx_word' id='word_1_214' title='bbox 246 2848 434 2905; x_wconf 86' lang='lat' dir='ltr'><strong>lavent</strong></span> <span class='ocrx_word' id='word_1_215' title='bbox 480 2852 806 2910; x_wconf 85' lang='lat' dir='ltr'><strong>vestimenta</strong></span> <span class='ocrx_word' id='word_1_216' title='bbox 850 2870 982 2923; x_wconf 90' lang='lat' dir='ltr'><strong>sua,</strong></span> <span class='ocrx_word' id='word_1_217' title='bbox 1024 2866 1079 2913; x_wconf 89' lang='lat' dir='ltr'><strong>et</strong></span> <span class='ocrx_word' id='word_1_218' title='bbox 1128 2859 1232 2915; x_wconf 92' lang='lat' dir='ltr'><strong>sint</strong></span> <span class='ocrx_word' id='word_1_219' title='bbox 1267 2862 1442 2927; x_wconf 87' lang='lat' dir='ltr'><strong>parati</strong></span> <span class='ocrx_word' id='word_1_220' title='bbox 1479 2862 1534 2917; x_wconf 91' lang='lat' dir='ltr'><strong>in</strong></span> <span class='ocrx_word' id='word_1_221' title='bbox 1582 2863 1722 2919; x_wconf 88' lang='lat' dir='ltr'><strong>diem</strong></span> 
     </span>
    </p>
   </div>
   <div class='ocr_carea' id='block_1_30' title="bbox 154 2940 1721 3018">
    <p class='ocr_par' dir='ltr' id='par_1_30' title="bbox 154 2940 1721 3018">
     <span class='ocr_line' id='line_1_30' title="bbox 154 2940 1721 3018; baseline 0.011 -25"><span class='ocrx_word' id='word_1_222' title='bbox 154 2940 382 2996; x_wconf 76' lang='lat' dir='ltr'><strong>tertium.</strong></span> <span class='ocrx_word' id='word_1_223' title='bbox 418 2960 440 2996; x_wconf 74' lang='grc' dir='ltr'><strong><em>ι</em></strong></span> <span class='ocrx_word' id='word_1_224' title='bbox 498 2942 553 2998; x_wconf 91' lang='lat' dir='ltr'><strong>Si</strong></span> <span class='ocrx_word' id='word_1_225' title='bbox 606 2946 730 3016; x_wconf 84' lang='lat' dir='ltr'><strong>quis</strong></span> <span class='ocrx_word' id='word_1_226' title='bbox 773 2956 858 3003; x_wconf 83' lang='lat' dir='ltr'><strong>est</strong></span> <span class='ocrx_word' id='word_1_227' title='bbox 901 2950 991 3018; x_wconf 90' lang='lat' dir='ltr'><strong>qui</strong></span> <span class='ocrx_word' id='word_1_228' title='bbox 1025 2951 1093 3005; x_wconf 90' lang='lat' dir='ltr'><strong>ad</strong></span> <span class='ocrx_word' id='word_1_229' title='bbox 1136 2952 1464 3007; x_wconf 88' lang='lat' dir='ltr'><strong>audiendum</strong></span> <span class='ocrx_word' id='word_1_230' title='bbox 1496 2956 1721 3011; x_wconf 83' lang='lat' dir='ltr'><strong>verbum</strong></span> 
     </span>
    </p>
   </div>
   <div class='ocr_carea' id='block_1_31' title="bbox 150 3027 1720 3112">
    <p class='ocr_par' dir='ltr' id='par_1_31' title="bbox 150 3027 1720 3112">
     <span class='ocr_line' id='line_1_31' title="bbox 150 3027 1720 3112; baseline 0.013 -31"><span class='ocrx_word' id='word_1_231' title='bbox 150 3027 239 3084; x_wconf 88' lang='lat' dir='ltr'><strong>Dei</strong></span> <span class='ocrx_word' id='word_1_232' title='bbox 280 3033 610 3101; x_wconf 79' lang='lat' dir='ltr'><strong>conveniat,</strong></span> <span class='ocrx_word' id='word_1_233' title='bbox 673 3038 859 3093; x_wconf 87' lang='lat' dir='ltr'><strong>audiat</strong></span> <span class='ocrx_word' id='word_1_234' title='bbox 908 3040 1037 3109; x_wconf 92' lang='lat' dir='ltr'><strong>quid</strong></span> <span class='ocrx_word' id='word_1_235' title='bbox 1090 3043 1351 3112; x_wconf 63' lang='lat' dir='ltr'><strong>praecepit</strong></span> <span class='ocrx_word' id='word_1_236' title='bbox 1410 3045 1720 3103; x_wconf 88' lang='lat' dir='ltr'><strong>Dominus:</strong></span> 
     </span>
    </p>
   </div>
   <div class='ocr_carea' id='block_1_32' title="bbox 1827 556 3400 627">
    <p class='ocr_par' dir='ltr' id='par_1_32' title="bbox 1827 556 3400 627">
     <span class='ocr_line' id='line_1_32' title="bbox 1827 556 3400 627; baseline 0.003 -17"><span class='ocrx_word' id='word_1_237' title='bbox 1827 568 2047 622; x_wconf 84' lang='lat' dir='ltr'><strong>uxores,</strong></span> <span class='ocrx_word' id='word_1_238' title='bbox 2082 563 2337 626; x_wconf 90' lang='lat' dir='ltr'><strong>tanquam</strong></span> <span class='ocrx_word' id='word_1_239' title='bbox 2375 571 2485 612; x_wconf 93' lang='lat' dir='ltr'><strong>non</strong></span> <span class='ocrx_word' id='word_1_240' title='bbox 2516 556 2780 613; x_wconf 86' lang='lat' dir='ltr'><strong>habentes</strong></span> <span class='ocrx_word' id='word_1_241' title='bbox 2820 556 2960 625; x_wconf 89' lang='lat' dir='ltr'><strong>sint,</strong></span> <span class='ocrx_word' id='word_1_242' title='bbox 2989 567 3044 613; x_wconf 93' lang='lat' dir='ltr'><strong>et</strong></span> <span class='ocrx_word' id='word_1_243' title='bbox 3067 558 3158 627; x_wconf 93' lang='lat' dir='ltr'><strong>qui</strong></span> <span class='ocrx_word' id='word_1_244' title='bbox 3191 568 3400 623; x_wconf 89' lang='lat' dir='ltr'><strong>emunt,</strong></span> 
     </span>
    </p>
   </div>
   <div class='ocr_carea' id='block_1_33' title="bbox 1829 648 3408 721">
    <p class='ocr_par' dir='ltr' id='par_1_33' title="bbox 1829 648 3408 721">
     <span class='ocr_line' id='line_1_33' title="bbox 1829 648 3408 721; baseline 0.005 -21"><span class='ocrx_word' id='word_1_245' title='bbox 1829 654 2088 716; x_wconf 90' lang='lat' dir='ltr'><strong>tanquam</strong></span> <span class='ocrx_word' id='word_1_246' title='bbox 2153 661 2262 700; x_wconf 93' lang='lat' dir='ltr'><strong>non</strong></span> <span class='ocrx_word' id='word_1_247' title='bbox 2316 648 2698 718; x_wconf 89' lang='lat' dir='ltr'><strong>possidentes,</strong></span> <span class='ocrx_word' id='word_1_248' title='bbox 2758 661 2813 705; x_wconf 92' lang='lat' dir='ltr'><strong>et</strong></span> <span class='ocrx_word' id='word_1_249' title='bbox 2865 650 2958 721; x_wconf 90' lang='lat' dir='ltr'><strong>qui</strong></span> <span class='ocrx_word' id='word_1_250' title='bbox 3024 658 3251 705; x_wconf 89' lang='lat' dir='ltr'><strong>utuntur</strong></span> <span class='ocrx_word' id='word_1_251' title='bbox 3302 651 3408 708; x_wconf 91' lang='lat' dir='ltr'><strong>hoc</strong></span> 
     </span>
    </p>
   </div>
   <div class='ocr_carea' id='block_1_34' title="bbox 1829 726 3415 808">
    <p class='ocr_par' dir='ltr' id='par_1_34' title="bbox 1829 726 3415 808">
     <span class='ocr_line' id='line_1_34' title="bbox 1829 726 3415 808; baseline 0.003 -16"><span class='ocrx_word' id='word_1_252' title='bbox 1829 738 2052 803; x_wconf 75' lang='lat' dir='ltr'><strong>mundo,</strong></span> <span class='ocrx_word' id='word_1_253' title='bbox 2082 746 2336 808; x_wconf 89' lang='lat' dir='ltr'><strong>tanquam</strong></span> <span class='ocrx_word' id='word_1_254' title='bbox 2372 754 2481 794; x_wconf 90' lang='lat' dir='ltr'><strong>non</strong></span> <span class='ocrx_word' id='word_1_255' title='bbox 2518 748 2756 794; x_wconf 89' lang='lat' dir='ltr'><strong>utantur.</strong></span> <span class='ocrx_word' id='word_1_256' title='bbox 2790 739 3037 796; x_wconf 68' lang='lat' dir='ltr'><strong>Praeterit</strong></span> <span class='ocrx_word' id='word_1_257' title='bbox 3070 741 3215 796; x_wconf 88' lang='lat' dir='ltr'><strong>enim</strong></span> <span class='ocrx_word' id='word_1_258' title='bbox 3252 726 3415 797; x_wconf 21' lang='lat' dir='ltr'><strong>habi-I</strong></span> 
     </span>
    </p>
   </div>
   <div class='ocr_carea' id='block_1_35' title="bbox 1831 828 3410 901">
    <p class='ocr_par' dir='ltr' id='par_1_35' title="bbox 1831 828 3410 901">
     <span class='ocr_line' id='line_1_35' title="bbox 1831 828 3410 901; baseline 0.003 -20"><span class='ocrx_word' id='word_1_259' title='bbox 1831 836 1915 883; x_wconf 87' lang='lat' dir='ltr'><strong>tus</strong></span> <span class='ocrx_word' id='word_1_260' title='bbox 1940 828 2103 899; x_wconf 90' lang='lat' dir='ltr'><strong>hujus</strong></span> <span class='ocrx_word' id='word_1_261' title='bbox 2127 829 2348 896; x_wconf 92' lang='lat' dir='ltr'><strong>mundi,</strong></span> <span class='ocrx_word' id='word_1_262' title='bbox 2376 849 2393 882; x_wconf 76' lang='grc' dir='ltr'><strong><em>ι</em></strong></span> <span class='ocrx_word' id='word_1_263' title='bbox 2433 829 2677 900; x_wconf 74' lang='lat' dir='ltr'><strong>przeterit</strong></span> <span class='ocrx_word' id='word_1_264' title='bbox 2719 830 3014 899; x_wconf 85' lang='lat' dir='ltr'><strong>temporale</strong></span> <span class='ocrx_word' id='word_1_265' title='bbox 3057 846 3302 901; x_wconf 79' lang='lat' dir='ltr'><strong>regnum,</strong></span> <span class='ocrx_word' id='word_1_266' title='bbox 3348 841 3410 886; x_wconf 92' lang='lat' dir='ltr'><strong>ut</strong></span> 
     </span>
    </p>
   </div>
   <div class='ocr_carea' id='block_1_36' title="bbox 1829 921 3408 991">
    <p class='ocr_par' dir='ltr' id='par_1_36' title="bbox 1829 921 3408 991">
     <span class='ocr_line' id='line_1_36' title="bbox 1829 921 3408 991; baseline 0.001 -16"><span class='ocrx_word' id='word_1_267' title='bbox 1829 932 2148 991; x_wconf 90' lang='lat' dir='ltr'><strong>perpetuum</strong></span> <span class='ocrx_word' id='word_1_268' title='bbox 2182 921 2364 975; x_wconf 84' lang='lat' dir='ltr'><strong>veniat</strong></span> <span class='ocrx_word' id='word_1_269' title='bbox 2386 929 2440 974; x_wconf 88' lang='lat' dir='ltr'><strong>et</strong></span> <span class='ocrx_word' id='word_1_270' title='bbox 2467 930 2728 975; x_wconf 75' lang='lat' dir='ltr'><strong>aeternum</strong></span> <span class='ocrx_word' id='word_1_271' title='bbox 2761 938 2775 974; x_wconf 91' lang='lat'><strong>:</strong></span> <span class='ocrx_word' id='word_1_272' title='bbox 2809 922 2949 975; x_wconf 87' lang='lat' dir='ltr'><strong>sicut</strong></span> <span class='ocrx_word' id='word_1_273' title='bbox 2972 931 3025 975; x_wconf 90' lang='lat' dir='ltr'><strong>et</strong></span> <span class='ocrx_word' id='word_1_274' title='bbox 3061 922 3113 975; x_wconf 91' lang='lat' dir='ltr'><strong>iu</strong></span> <span class='ocrx_word' id='word_1_275' title='bbox 3155 923 3408 977; x_wconf 85' lang='lat' dir='ltr'><strong>oratione</strong></span> 
     </span>
    </p>
   </div>
   <div class='ocr_carea' id='block_1_37' title="bbox 1830 1010 3397 1081">
    <p class='ocr_par' dir='ltr' id='par_1_37' title="bbox 1830 1010 3397 1081">
     <span class='ocr_line' id='line_1_37' title="bbox 1830 1010 3397 1081; baseline 0.002 -17"><span class='ocrx_word' id='word_1_276' title='bbox 1830 1010 2009 1066; x_wconf 86' lang='lat' dir='ltr'><strong>dicere</strong></span> <span class='ocrx_word' id='word_1_277' title='bbox 2053 1010 2400 1079; x_wconf 71' lang='lat' dir='ltr'><strong>jubemurn</strong></span> <span class='ocrx_word' id='word_1_278' title='bbox 2431 1011 2698 1066; x_wconf 85' lang='lat' dir='ltr'><strong>Adveniat</strong></span> <span class='ocrx_word' id='word_1_279' title='bbox 2768 1026 2994 1081; x_wconf 80' lang='lat' dir='ltr'><strong>regnum</strong></span> <span class='ocrx_word' id='word_1_280' title='bbox 3048 1020 3198 1067; x_wconf 87' lang='lat' dir='ltr'><strong>tuum</strong></span> <span class='ocrx_word' id='word_1_281' title='bbox 3254 1012 3300 1045; x_wconf 76' lang='lat'><strong>&quot;</strong></span> <span class='ocrx_word' id='word_1_282' title='bbox 3340 1027 3397 1066; x_wconf 71' lang='grc' dir='ltr'><strong>ε»</strong></span> 
     </span>
    </p>
   </div>
   <div class='ocr_carea' id='block_1_38' title="bbox 1830 1102 3410 1176">
    <p class='ocr_par' dir='ltr' id='par_1_38' title="bbox 1830 1102 3410 1176">
     <span class='ocr_line' id='line_1_38' title="bbox 1830 1102 3410 1176; baseline 0.004 -20"><span class='ocrx_word' id='word_1_283' title='bbox 1830 1102 1882 1157; x_wconf 93' lang='lat' dir='ltr'><strong>in</strong></span> <span class='ocrx_word' id='word_1_284' title='bbox 1912 1102 2132 1158; x_wconf 87' lang='lat' dir='ltr'><strong>Christo</strong></span> <span class='ocrx_word' id='word_1_285' title='bbox 2174 1103 2300 1159; x_wconf 87' lang='lat' dir='ltr'><strong>Jesu</strong></span> <span class='ocrx_word' id='word_1_286' title='bbox 2348 1105 2576 1158; x_wconf 91' lang='lat' dir='ltr'><strong>Domino</strong></span> <span class='ocrx_word' id='word_1_287' title='bbox 2615 1114 2837 1167; x_wconf 91' lang='lat' dir='ltr'><strong>nostro,</strong></span> <span class='ocrx_word' id='word_1_288' title='bbox 2877 1105 2962 1159; x_wconf 90' lang='lat' dir='ltr'><strong>cui</strong></span> <span class='ocrx_word' id='word_1_289' title='bbox 3004 1114 3088 1159; x_wconf 90' lang='lat' dir='ltr'><strong>est</strong></span> <span class='ocrx_word' id='word_1_290' title='bbox 3129 1104 3303 1176; x_wconf 88' lang='lat' dir='ltr'><strong>gloria</strong></span> <span class='ocrx_word' id='word_1_291' title='bbox 3349 1110 3410 1162; x_wconf 87' lang='lat' dir='ltr'><strong>et</strong></span> 
     </span>
    </p>
   </div>
   <div class='ocr_carea' id='block_1_39' title="bbox 1829 1193 3077 1264">
    <p class='ocr_par' dir='ltr' id='par_1_39' title="bbox 1829 1193 3077 1264">
     <span class='ocr_line' id='line_1_39' title="bbox 1829 1193 3077 1264; baseline 0.003 -16"><span class='ocrx_word' id='word_1_292' title='bbox 1829 1193 2115 1264; x_wconf 86' lang='lat' dir='ltr'><strong>imperium</strong></span> <span class='ocrx_word' id='word_1_293' title='bbox 2160 1195 2213 1249; x_wconf 94' lang='lat' dir='ltr'><strong>in</strong></span> <span class='ocrx_word' id='word_1_294' title='bbox 2251 1194 2447 1249; x_wconf 57' lang='lat' dir='ltr'><strong>sacula</strong></span> <span class='ocrx_word' id='word_1_295' title='bbox 2496 1196 2838 1251; x_wconf 61' lang='lat' dir='ltr'><strong>saeculorum.</strong></span> <span class='ocrx_word' id='word_1_296' title='bbox 2880 1198 3077 1252; x_wconf 84' lang='lat' dir='ltr'><strong>Amen.</strong></span> 
     </span>
    </p>
   </div>
   <div class='ocr_carea' id='block_1_40' title="bbox 2393 1285 2836 1342">
    <p class='ocr_par' dir='ltr' id='par_1_40' title="bbox 2393 1285 2836 1342">
     <span class='ocr_line' id='line_1_40' title="bbox 2393 1285 2836 1342; baseline 0.002 -3"><span class='ocrx_word' id='word_1_297' title='bbox 2393 1285 2678 1342; x_wconf 80' lang='lat' dir='ltr'><strong>HOMILIA</strong></span> <span class='ocrx_word' id='word_1_298' title='bbox 2717 1285 2836 1341; x_wconf 77' lang='lat' dir='ltr'><strong>XII.</strong></span> 
     </span>
    </p>
   </div>
   <div class='ocr_carea' id='block_1_41' title="bbox 1830 1377 3405 1450">
    <p class='ocr_par' dir='ltr' id='par_1_41' title="bbox 1830 1377 3405 1450">
     <span class='ocr_line' id='line_1_41' title="bbox 1830 1377 3405 1450; baseline 0.001 -17"><span class='ocrx_word' id='word_1_299' title='bbox 1830 1378 1905 1433; x_wconf 86' lang='lat' dir='ltr'><strong>De</strong></span> <span class='ocrx_word' id='word_1_300' title='bbox 1934 1378 2079 1434; x_wconf 80' lang='lat' dir='ltr'><strong>vultu</strong></span> <span class='ocrx_word' id='word_1_301' title='bbox 2111 1377 2287 1449; x_wconf 79' lang='lat' dir='ltr'><strong>Moysi</strong></span> <span class='ocrx_word' id='word_1_302' title='bbox 2308 1378 2629 1449; x_wconf 73' lang='lat' dir='ltr'><strong>gloriﬁcato,</strong></span> <span class='ocrx_word' id='word_1_303' title='bbox 2651 1387 2699 1432; x_wconf 83' lang='lat' dir='ltr'><strong>et</strong></span> <span class='ocrx_word' id='word_1_304' title='bbox 2732 1379 2989 1434; x_wconf 77' lang='lat' dir='ltr'><strong>velamine</strong></span> <span class='ocrx_word' id='word_1_305' title='bbox 3022 1380 3161 1450; x_wconf 83' lang='lat' dir='ltr'><strong>quod</strong></span> <span class='ocrx_word' id='word_1_306' title='bbox 3182 1380 3405 1448; x_wconf 81' lang='lat' dir='ltr'><strong>ponebat</strong></span> 
     </span>
    </p>
   </div>
   <div class='ocr_carea' id='block_1_42' title="bbox 2433 1469 2791 1538">
    <p class='ocr_par' dir='ltr' id='par_1_42' title="bbox 2433 1469 2791 1538">
     <span class='ocr_line' id='line_1_42' title="bbox 2433 1469 2791 1538; baseline 0.006 -17"><span class='ocrx_word' id='word_1_307' title='bbox 2433 1472 2485 1523; x_wconf 82' lang='lat' dir='ltr'><strong>in</strong></span> <span class='ocrx_word' id='word_1_308' title='bbox 2512 1469 2647 1538; x_wconf 77' lang='lat' dir='ltr'><strong>facie</strong></span> <span class='ocrx_word' id='word_1_309' title='bbox 2672 1486 2791 1523; x_wconf 84' lang='lat' dir='ltr'><strong>sua.</strong></span> 
     </span>
    </p>
   </div>
   <div class='ocr_carea' id='block_1_43' title="bbox 1900 1562 3407 1632">
    <p class='ocr_par' dir='ltr' id='par_1_43' title="bbox 1900 1562 3407 1632">
     <span class='ocr_line' id='line_1_43' title="bbox 1900 1562 3407 1632; baseline -0.001 -13"><span class='ocrx_word' id='word_1_310' title='bbox 1900 1565 1953 1619; x_wconf 90' lang='grc'><strong>1.</strong></span> <span class='ocrx_word' id='word_1_311' title='bbox 1981 1563 2164 1619; x_wconf 90' lang='lat' dir='ltr'><strong>Lectio</strong></span> <span class='ocrx_word' id='word_1_312' title='bbox 2197 1563 2354 1617; x_wconf 92' lang='lat' dir='ltr'><strong>nobis</strong></span> <span class='ocrx_word' id='word_1_313' title='bbox 2385 1563 2553 1617; x_wconf 85' lang='lat' dir='ltr'><strong>Exodi</strong></span> <span class='ocrx_word' id='word_1_314' title='bbox 2591 1563 2815 1617; x_wconf 89' lang='lat' dir='ltr'><strong>recitata</strong></span> <span class='ocrx_word' id='word_1_315' title='bbox 2861 1572 2964 1627; x_wconf 90' lang='lat' dir='ltr'><strong>est,</strong></span> <span class='ocrx_word' id='word_1_316' title='bbox 3010 1579 3131 1632; x_wconf 71' lang='lat' dir='ltr'><strong>qua:</strong></span> <span class='ocrx_word' id='word_1_317' title='bbox 3182 1578 3282 1618; x_wconf 92' lang='lat' dir='ltr'><strong>nos</strong></span> <span class='ocrx_word' id='word_1_318' title='bbox 3337 1562 3407 1618; x_wconf 90' lang='lat' dir='ltr'><strong>ad</strong></span> 
     </span>
    </p>
   </div>
   <div class='ocr_carea' id='block_1_44' title="bbox 1827 1655 3404 1727">
    <p class='ocr_par' dir='ltr' id='par_1_44' title="bbox 1827 1655 3404 1727">
     <span class='ocr_line' id='line_1_44' title="bbox 1827 1655 3404 1727; baseline 0.001 -17"><span class='ocrx_word' id='word_1_319' title='bbox 1827 1656 2199 1727; x_wconf 66' lang='lat' dir='ltr'><strong>intelligentiae</strong></span> <span class='ocrx_word' id='word_1_320' title='bbox 2223 1655 2654 1727; x_wconf 89' lang='lat' dir='ltr'><strong>inquisitionem,</strong></span> <span class='ocrx_word' id='word_1_321' title='bbox 2688 1656 2772 1710; x_wconf 89' lang='lat' dir='ltr'><strong>vel</strong></span> <span class='ocrx_word' id='word_1_322' title='bbox 2803 1656 3013 1723; x_wconf 87' lang='lat' dir='ltr'><strong>incitet,</strong></span> <span class='ocrx_word' id='word_1_323' title='bbox 3042 1656 3126 1711; x_wconf 88' lang='lat' dir='ltr'><strong>vel</strong></span> <span class='ocrx_word' id='word_1_324' title='bbox 3159 1656 3404 1725; x_wconf 88' lang='lat' dir='ltr'><strong>repellat.</strong></span> 
     </span>
    </p>
   </div>
   <div class='ocr_carea' id='block_1_45' title="bbox 1828 1746 3407 1812">
    <p class='ocr_par' dir='ltr' id='par_1_45' title="bbox 1828 1746 3407 1812">
     <span class='ocr_line' id='line_1_45' title="bbox 1828 1746 3407 1812; baseline -0.001 -10"><span class='ocrx_word' id='word_1_325' title='bbox 1828 1748 2021 1803; x_wconf 87' lang='lat' dir='ltr'><strong>Incitat</strong></span> <span class='ocrx_word' id='word_1_326' title='bbox 2055 1760 2265 1803; x_wconf 87' lang='lat' dir='ltr'><strong>mentes</strong></span> <span class='ocrx_word' id='word_1_327' title='bbox 2315 1750 2585 1804; x_wconf 85' lang='lat' dir='ltr'><strong>studiosas</strong></span> <span class='ocrx_word' id='word_1_328' title='bbox 2634 1758 2688 1803; x_wconf 93' lang='lat' dir='ltr'><strong>et</strong></span> <span class='ocrx_word' id='word_1_329' title='bbox 2750 1746 2988 1812; x_wconf 84' lang='lat' dir='ltr'><strong>liberas;</strong></span> <span class='ocrx_word' id='word_1_330' title='bbox 3066 1748 3288 1804; x_wconf 86' lang='lat' dir='ltr'><strong>desides</strong></span> <span class='ocrx_word' id='word_1_331' title='bbox 3350 1756 3407 1802; x_wconf 88' lang='lat' dir='ltr'><strong>et</strong></span> 
     </span>
    </p>
   </div>
   <div class='ocr_carea' id='block_1_46' title="bbox 1826 1839 3403 1911">
    <p class='ocr_par' dir='ltr' id='par_1_46' title="bbox 1826 1839 3403 1911">
     <span class='ocr_line' id='line_1_46' title="bbox 1826 1839 3403 1911; baseline -0.003 -15"><span class='ocrx_word' id='word_1_332' title='bbox 1826 1849 2118 1910; x_wconf 88' lang='lat' dir='ltr'><strong>occupatas</strong></span> <span class='ocrx_word' id='word_1_333' title='bbox 2170 1839 2405 1911; x_wconf 88' lang='lat' dir='ltr'><strong>repellit,</strong></span> <span class='ocrx_word' id='word_1_334' title='bbox 2436 1841 2715 1910; x_wconf 59' lang='lat' dir='ltr'><strong>:scriptum</strong></span> <span class='ocrx_word' id='word_1_335' title='bbox 2766 1851 2848 1898; x_wconf 90' lang='lat' dir='ltr'><strong>est</strong></span> <span class='ocrx_word' id='word_1_336' title='bbox 2906 1840 3051 1896; x_wconf 92' lang='lat' dir='ltr'><strong>enim</strong></span> <span class='ocrx_word' id='word_1_337' title='bbox 3085 1840 3128 1872; x_wconf 81' lang='grc'><strong>³⁸</strong></span> <span class='ocrx_word' id='word_1_338' title='bbox 3163 1859 3177 1895; x_wconf 75' lang='grc' dir='ltr'>ε</span> <span class='ocrx_word' id='word_1_339' title='bbox 3217 1858 3235 1891; x_wconf 73' lang='grc' dir='ltr'>ι</span> <span class='ocrx_word' id='word_1_340' title='bbox 3265 1839 3403 1907; x_wconf 83' lang='lat' dir='ltr'><strong>Quia</strong></span> 
     </span>
    </p>
   </div>
   <div class='ocr_carea' id='block_1_47' title="bbox 1825 1934 3406 2003">
    <p class='ocr_par' dir='ltr' id='par_1_47' title="bbox 1825 1934 3406 2003">
     <span class='ocr_line' id='line_1_47' title="bbox 1825 1934 3406 2003; baseline -0.001 -15"><span class='ocrx_word' id='word_1_341' title='bbox 1825 1935 2158 1989; x_wconf 76' lang='lat' dir='ltr'><strong>viditAaron</strong></span> <span class='ocrx_word' id='word_1_342' title='bbox 2196 1943 2251 1990; x_wconf 90' lang='lat' dir='ltr'><strong>et</strong></span> <span class='ocrx_word' id='word_1_343' title='bbox 2301 1949 2490 1990; x_wconf 87' lang='lat' dir='ltr'><strong>omnes</strong></span> <span class='ocrx_word' id='word_1_344' title='bbox 2521 1936 2613 1990; x_wconf 82' lang='lat' dir='ltr'><strong>filii</strong></span> <span class='ocrx_word' id='word_1_345' title='bbox 2649 1936 2815 1991; x_wconf 87' lang='lat' dir='ltr'><strong>Israel</strong></span> <span class='ocrx_word' id='word_1_346' title='bbox 2878 1934 3119 2003; x_wconf 81' lang='lat' dir='ltr'><strong>Moysen,</strong></span> <span class='ocrx_word' id='word_1_347' title='bbox 3169 1944 3224 1991; x_wconf 92' lang='lat' dir='ltr'><strong>et</strong></span> <span class='ocrx_word' id='word_1_348' title='bbox 3283 1945 3406 1989; x_wconf 87' lang='lat' dir='ltr'><strong>erat</strong></span> 
     </span>
    </p>
   </div>
   <div class='ocr_carea' id='block_1_48' title="bbox 1826 2024 3407 2095">
    <p class='ocr_par' dir='ltr' id='par_1_48' title="bbox 1826 2024 3407 2095">
     <span class='ocr_line' id='line_1_48' title="bbox 1826 2024 3407 2095; baseline -0.002 -16"><span class='ocrx_word' id='word_1_349' title='bbox 1826 2026 2122 2095; x_wconf 84' lang='lat' dir='ltr'><strong>glorificata</strong></span> <span class='ocrx_word' id='word_1_350' title='bbox 2152 2024 2321 2080; x_wconf 80' lang='lat' dir='ltr'><strong>facies</strong></span> <span class='ocrx_word' id='word_1_351' title='bbox 2348 2027 2486 2095; x_wconf 84' lang='lat' dir='ltr'><strong>ejus,</strong></span> <span class='ocrx_word' id='word_1_352' title='bbox 2514 2034 2569 2080; x_wconf 90' lang='lat' dir='ltr'><strong>et</strong></span> <span class='ocrx_word' id='word_1_353' title='bbox 2592 2024 2742 2080; x_wconf 92' lang='lat' dir='ltr'><strong>color</strong></span> <span class='ocrx_word' id='word_1_354' title='bbox 2768 2024 2951 2081; x_wconf 90' lang='lat' dir='ltr'><strong>vultus</strong></span> <span class='ocrx_word' id='word_1_355' title='bbox 2972 2025 3109 2095; x_wconf 84' lang='lat' dir='ltr'><strong>ejus,</strong></span> <span class='ocrx_word' id='word_1_356' title='bbox 3134 2034 3187 2079; x_wconf 90' lang='lat' dir='ltr'><strong>et</strong></span> <span class='ocrx_word' id='word_1_357' title='bbox 3210 2024 3407 2077; x_wconf 89' lang='lat' dir='ltr'><strong>timue-</strong></span> 
     </span>
    </p>
   </div>
   <div class='ocr_carea' id='block_1_49' title="bbox 1825 2117 3403 2189">
    <p class='ocr_par' dir='ltr' id='par_1_49' title="bbox 1825 2117 3403 2189">
     <span class='ocr_line' id='line_1_49' title="bbox 1825 2117 3403 2189; baseline -0.005 -15"><span class='ocrx_word' id='word_1_358' title='bbox 1825 2130 1951 2174; x_wconf 91' lang='lat' dir='ltr'><strong>runt</strong></span> <span class='ocrx_word' id='word_1_359' title='bbox 1978 2119 2238 2174; x_wconf 89' lang='lat' dir='ltr'><strong>accedere</strong></span> <span class='ocrx_word' id='word_1_360' title='bbox 2274 2118 2342 2173; x_wconf 88' lang='lat' dir='ltr'><strong>ad</strong></span> <span class='ocrx_word' id='word_1_361' title='bbox 2372 2118 2542 2173; x_wconf 91' lang='lat' dir='ltr'><strong>illum.</strong></span> <span class='ocrx_word' id='word_1_362' title='bbox 2570 2136 2591 2172; x_wconf 71' lang='grc' dir='ltr'>ι</span> <span class='ocrx_word' id='word_1_363' title='bbox 2639 2119 2701 2173; x_wconf 89' lang='lat' dir='ltr'><strong>Et</strong></span> <span class='ocrx_word' id='word_1_364' title='bbox 2732 2128 2852 2189; x_wconf 92' lang='lat' dir='ltr'><strong>post</strong></span> <span class='ocrx_word' id='word_1_365' title='bbox 2877 2133 3086 2187; x_wconf 82' lang='lat' dir='ltr'><strong>pauca:</strong></span> <span class='ocrx_word' id='word_1_366' title='bbox 3112 2117 3403 2181; x_wconf 71' lang='lat' dir='ltr'><strong>«Ponehat,</strong></span> 
     </span>
    </p>
   </div>
   <div class='ocr_carea' id='block_1_50' title="bbox 1824 2208 3403 2282">
    <p class='ocr_par' dir='ltr' id='par_1_50' title="bbox 1824 2208 3403 2282">
     <span class='ocr_line' id='line_1_50' title="bbox 1824 2208 3403 2282; baseline -0.002 -15"><span class='ocrx_word' id='word_1_367' title='bbox 1824 2212 2001 2281; x_wconf 85' lang='lat' dir='ltr'><strong>inquit</strong></span> <span class='ocrx_word' id='word_1_368' title='bbox 2031 2212 2099 2277; x_wconf 81' lang='lat'><strong>‘°,</strong></span> <span class='ocrx_word' id='word_1_369' title='bbox 2136 2209 2350 2282; x_wconf 85' lang='lat' dir='ltr'><strong>Moyses</strong></span> <span class='ocrx_word' id='word_1_370' title='bbox 2373 2211 2617 2265; x_wconf 90' lang='lat' dir='ltr'><strong>velamen</strong></span> <span class='ocrx_word' id='word_1_371' title='bbox 2647 2226 2808 2281; x_wconf 90' lang='lat' dir='ltr'><strong>super</strong></span> <span class='ocrx_word' id='word_1_372' title='bbox 2833 2210 3029 2265; x_wconf 79' lang='lat' dir='ltr'><strong>faciem</strong></span> <span class='ocrx_word' id='word_1_373' title='bbox 3062 2223 3240 2264; x_wconf 88' lang='lat' dir='ltr'><strong>suam.</strong></span> <span class='ocrx_word' id='word_1_374' title='bbox 3268 2208 3403 2264; x_wconf 82' lang='lat' dir='ltr'><strong>Cum</strong></span> 
     </span>
    </p>
   </div>
   <div class='ocr_carea' id='block_1_51' title="bbox 1826 2302 3406 2377">
    <p class='ocr_par' dir='ltr' id='par_1_51' title="bbox 1826 2302 3406 2377">
     <span class='ocr_line' id='line_1_51' title="bbox 1826 2302 3406 2377; baseline -0.003 -20"><span class='ocrx_word' id='word_1_375' title='bbox 1826 2315 2011 2358; x_wconf 87' lang='lat' dir='ltr'><strong>autem</strong></span> <span class='ocrx_word' id='word_1_376' title='bbox 2061 2305 2313 2359; x_wconf 90' lang='lat' dir='ltr'><strong>introiret</strong></span> <span class='ocrx_word' id='word_1_377' title='bbox 2374 2304 2488 2377; x_wconf 70' lang='grc'><strong>(74)</strong></span> <span class='ocrx_word' id='word_1_378' title='bbox 2543 2305 2593 2358; x_wconf 90' lang='lat' dir='ltr'><strong>in</strong></span> <span class='ocrx_word' id='word_1_379' title='bbox 2653 2312 3008 2375; x_wconf 79' lang='lat' dir='ltr'><strong>conSpectum</strong></span> <span class='ocrx_word' id='word_1_380' title='bbox 3068 2302 3299 2366; x_wconf 89' lang='lat' dir='ltr'><strong>Domini,</strong></span> <span class='ocrx_word' id='word_1_381' title='bbox 3346 2311 3406 2354; x_wconf 93' lang='lat' dir='ltr'><strong>ut</strong></span> 
     </span>
    </p>
   </div>
   <div class='ocr_carea' id='block_1_52' title="bbox 1825 2394 3402 2467">
    <p class='ocr_par' dir='ltr' id='par_1_52' title="bbox 1825 2394 3402 2467">
     <span class='ocr_line' id='line_1_52' title="bbox 1825 2394 3402 2467; baseline -0.004 -16"><span class='ocrx_word' id='word_1_382' title='bbox 1825 2397 2140 2467; x_wconf 85' lang='lat' dir='ltr'><strong>loqueretur</strong></span> <span class='ocrx_word' id='word_1_383' title='bbox 2181 2396 2289 2462; x_wconf 87' lang='lat' dir='ltr'><strong>illi,</strong></span> <span class='ocrx_word' id='word_1_384' title='bbox 2340 2397 2646 2467; x_wconf 87' lang='lat' dir='ltr'><strong>deponebat</strong></span> <span class='ocrx_word' id='word_1_385' title='bbox 2676 2396 2992 2451; x_wconf 60' lang='lat' dir='ltr'><strong>velamenu</strong></span> <span class='ocrx_word' id='word_1_386' title='bbox 3042 2394 3170 2449; x_wconf 66' lang='lat' dir='ltr'><strong>Ilaec</strong></span> <span class='ocrx_word' id='word_1_387' title='bbox 3221 2402 3402 2447; x_wconf 90' lang='lat' dir='ltr'><strong>autem</strong></span> 
     </span>
    </p>
   </div>
   <div class='ocr_carea' id='block_1_53' title="bbox 1825 2485 3406 2562">
    <p class='ocr_par' dir='ltr' id='par_1_53' title="bbox 1825 2485 3406 2562">
     <span class='ocr_line' id='line_1_53' title="bbox 1825 2485 3406 2562; baseline 0.006 -24"><span class='ocrx_word' id='word_1_388' title='bbox 1825 2485 2116 2554; x_wconf 82' lang='lat' dir='ltr'><strong>Apostolus</strong></span> <span class='ocrx_word' id='word_1_389' title='bbox 2143 2485 2419 2544; x_wconf 88' lang='lat' dir='ltr'><strong>disserens</strong></span> <span class='ocrx_word' id='word_1_390' title='bbox 2455 2490 2745 2560; x_wconf 89' lang='lat' dir='ltr'><strong>magnifico</strong></span> <span class='ocrx_word' id='word_1_391' title='bbox 2782 2490 2875 2548; x_wconf 89' lang='lat' dir='ltr'><strong>illo</strong></span> <span class='ocrx_word' id='word_1_392' title='bbox 2895 2507 3060 2547; x_wconf 89' lang='lat' dir='ltr'><strong>sensu</strong></span> <span class='ocrx_word' id='word_1_393' title='bbox 3088 2507 3193 2562; x_wconf 90' lang='lat' dir='ltr'><strong>quo</strong></span> <span class='ocrx_word' id='word_1_394' title='bbox 3216 2492 3268 2546; x_wconf 92' lang='lat' dir='ltr'><strong>in</strong></span> <span class='ocrx_word' id='word_1_395' title='bbox 3299 2505 3406 2547; x_wconf 65' lang='lat' dir='ltr'><strong>ca:-</strong></span> 
     </span>
    </p>
   </div>
   <div class='ocr_carea' id='block_1_54' title="bbox 1824 2576 3403 2651">
    <p class='ocr_par' dir='ltr' id='par_1_54' title="bbox 1824 2576 3403 2651">
     <span class='ocr_line' id='line_1_54' title="bbox 1824 2576 3403 2651; baseline 0.005 -20"><span class='ocrx_word' id='word_1_396' title='bbox 1824 2576 1957 2632; x_wconf 88' lang='lat' dir='ltr'><strong>teris</strong></span> <span class='ocrx_word' id='word_1_397' title='bbox 1991 2577 2195 2644; x_wconf 88' lang='lat' dir='ltr'><strong>utitur,</strong></span> <span class='ocrx_word' id='word_1_398' title='bbox 2233 2580 2302 2636; x_wconf 84' lang='lat' dir='ltr'><strong>de</strong></span> <span class='ocrx_word' id='word_1_399' title='bbox 2340 2595 2451 2651; x_wconf 89' lang='lat' dir='ltr'><strong>quo</strong></span> <span class='ocrx_word' id='word_1_400' title='bbox 2493 2581 2691 2636; x_wconf 70' lang='lat' dir='ltr'><strong>dixit“</strong></span> <span class='ocrx_word' id='word_1_401' title='bbox 2726 2601 2739 2638; x_wconf 96' lang='lat'><strong>:</strong></span> <span class='ocrx_word' id='word_1_402' title='bbox 2779 2601 2799 2636; x_wconf 76' lang='grc' dir='ltr'>ι</span> <span class='ocrx_word' id='word_1_403' title='bbox 2825 2582 2936 2638; x_wconf 86' lang='lat' dir='ltr'><strong>Nos</strong></span> <span class='ocrx_word' id='word_1_404' title='bbox 2965 2594 3147 2639; x_wconf 90' lang='lat' dir='ltr'><strong>autem</strong></span> <span class='ocrx_word' id='word_1_405' title='bbox 3182 2598 3403 2639; x_wconf 86' lang='lat' dir='ltr'><strong>sensum</strong></span> 
     </span>
    </p>
   </div>
   <div class='ocr_carea' id='block_1_55' title="bbox 1824 2667 3405 2740">
    <p class='ocr_par' dir='ltr' id='par_1_55' title="bbox 1824 2667 3405 2740">
     <span class='ocr_line' id='line_1_55' title="bbox 1824 2667 3405 2740; baseline 0.004 -15"><span class='ocrx_word' id='word_1_406' title='bbox 1824 2667 2026 2725; x_wconf 89' lang='lat' dir='ltr'><strong>Christi</strong></span> <span class='ocrx_word' id='word_1_407' title='bbox 2065 2671 2351 2739; x_wconf 91' lang='lat' dir='ltr'><strong>habemus,</strong></span> <span class='ocrx_word' id='word_1_408' title='bbox 2379 2673 2456 2727; x_wconf 88' lang='lat' dir='ltr'><strong>ait</strong></span> <span class='ocrx_word' id='word_1_409' title='bbox 2487 2689 2502 2727; x_wconf 90' lang='lat'><strong>:</strong></span> <span class='ocrx_word' id='word_1_410' title='bbox 2539 2672 2694 2740; x_wconf 86' lang='lat' dir='ltr'><strong>Quod</strong></span> <span class='ocrx_word' id='word_1_411' title='bbox 2730 2675 2779 2732; x_wconf 91' lang='lat' dir='ltr'><strong>si</strong></span> <span class='ocrx_word' id='word_1_412' title='bbox 2814 2676 3178 2732; x_wconf 89' lang='lat' dir='ltr'><strong>ministerium</strong></span> <span class='ocrx_word' id='word_1_413' title='bbox 3213 2675 3405 2732; x_wconf 89' lang='lat' dir='ltr'><strong>mortis</strong></span> 
     </span>
    </p>
   </div>
   <div class='ocr_carea' id='block_1_56' title="bbox 1826 2758 3406 2838">
    <p class='ocr_par' dir='ltr' id='par_1_56' title="bbox 1826 2758 3406 2838">
     <span class='ocr_line' id='line_1_56' title="bbox 1826 2758 3406 2838; baseline 0.007 -26"><span class='ocrx_word' id='word_1_414' title='bbox 1826 2758 2128 2816; x_wconf 68' lang='lat' dir='ltr'><strong>in&#39;litteris</strong></span> <span class='ocrx_word' id='word_1_415' title='bbox 2184 2761 2548 2819; x_wconf 89' lang='lat' dir='ltr'><strong>deformatum</strong></span> <span class='ocrx_word' id='word_1_416' title='bbox 2587 2764 2697 2838; x_wconf 90' lang='lat'><strong>(75)</strong></span> <span class='ocrx_word' id='word_1_417' title='bbox 2741 2766 2796 2822; x_wconf 92' lang='lat' dir='ltr'><strong>in</strong></span> <span class='ocrx_word' id='word_1_418' title='bbox 2851 2767 3123 2838; x_wconf 85' lang='lat' dir='ltr'><strong>lapidibus</strong></span> <span class='ocrx_word' id='word_1_419' title='bbox 3177 2766 3278 2821; x_wconf 89' lang='lat' dir='ltr'><strong>fuit</strong></span> <span class='ocrx_word' id='word_1_420' title='bbox 3334 2765 3406 2823; x_wconf 85' lang='lat' dir='ltr'><strong>ad</strong></span> 
     </span>
    </p>
   </div>
   <div class='ocr_carea' id='block_1_57' title="bbox 1825 2851 3403 2929">
    <p class='ocr_par' dir='ltr' id='par_1_57' title="bbox 1825 2851 3403 2929">
     <span class='ocr_line' id='line_1_57' title="bbox 1825 2851 3403 2929; baseline 0.004 -23"><span class='ocrx_word' id='word_1_421' title='bbox 1825 2851 2076 2922; x_wconf 87' lang='lat' dir='ltr'><strong>gloriam,</strong></span> <span class='ocrx_word' id='word_1_422' title='bbox 2105 2853 2181 2909; x_wconf 90' lang='lat' dir='ltr'><strong>ita</strong></span> <span class='ocrx_word' id='word_1_423' title='bbox 2207 2866 2265 2911; x_wconf 91' lang='lat' dir='ltr'><strong>ut</strong></span> <span class='ocrx_word' id='word_1_424' title='bbox 2289 2871 2396 2911; x_wconf 92' lang='lat' dir='ltr'><strong>non</strong></span> <span class='ocrx_word' id='word_1_425' title='bbox 2428 2871 2655 2929; x_wconf 90' lang='lat' dir='ltr'><strong>possent</strong></span> <span class='ocrx_word' id='word_1_426' title='bbox 2694 2859 2977 2918; x_wconf 90' lang='lat' dir='ltr'><strong>intendere</strong></span> <span class='ocrx_word' id='word_1_427' title='bbox 3002 2861 3098 2917; x_wconf 80' lang='lat' dir='ltr'><strong>ﬁlii</strong></span> <span class='ocrx_word' id='word_1_428' title='bbox 3138 2859 3307 2915; x_wconf 89' lang='lat' dir='ltr'><strong>Israel</strong></span> <span class='ocrx_word' id='word_1_429' title='bbox 3348 2858 3403 2914; x_wconf 93' lang='lat' dir='ltr'><strong>in</strong></span> 
     </span>
    </p>
   </div>
   <div class='ocr_carea' id='block_1_58' title="bbox 1827 2942 3406 3021">
    <p class='ocr_par' dir='ltr' id='par_1_58' title="bbox 1827 2942 3406 3021">
     <span class='ocr_line' id='line_1_58' title="bbox 1827 2942 3406 3021; baseline 0.005 -24"><span class='ocrx_word' id='word_1_430' title='bbox 1827 2942 2026 3000; x_wconf 78' lang='lat' dir='ltr'><strong>faciem</strong></span> <span class='ocrx_word' id='word_1_431' title='bbox 2055 2944 2225 3018; x_wconf 85' lang='lat' dir='ltr'><strong>Moysi</strong></span> <span class='ocrx_word' id='word_1_432' title='bbox 2259 2958 2483 3020; x_wconf 87' lang='lat' dir='ltr'><strong>propter</strong></span> <span class='ocrx_word' id='word_1_433' title='bbox 2509 2951 2736 3021; x_wconf 77' lang='lat' dir='ltr'><strong>gloriam</strong></span> <span class='ocrx_word' id='word_1_434' title='bbox 2762 2952 2942 3007; x_wconf 86' lang='lat' dir='ltr'><strong>vultus</strong></span> <span class='ocrx_word' id='word_1_435' title='bbox 2970 2953 3106 3021; x_wconf 86' lang='lat' dir='ltr'><strong>ejus,</strong></span> <span class='ocrx_word' id='word_1_436' title='bbox 3134 2966 3253 3020; x_wconf 81' lang='lat' dir='ltr'><strong>quae</strong></span> <span class='ocrx_word' id='word_1_437' title='bbox 3275 2952 3406 3006; x_wconf 86' lang='lat' dir='ltr'><strong>abo-</strong></span> 
     </span>
    </p>
   </div>
   <div class='ocr_carea' id='block_1_59' title="bbox 1827 3034 3408 3112">
    <p class='ocr_par' dir='ltr' id='par_1_59' title="bbox 1827 3034 3408 3112">
     <span class='ocr_line' id='line_1_59' title="bbox 1827 3034 3408 3112; baseline 0.004 -24"><span class='ocrx_word' id='word_1_438' title='bbox 1827 3034 1989 3100; x_wconf 88' lang='lat' dir='ltr'><strong>letur,</strong></span> <span class='ocrx_word' id='word_1_439' title='bbox 2010 3037 2283 3105; x_wconf 90' lang='lat' dir='ltr'><strong>quomodo</strong></span> <span class='ocrx_word' id='word_1_440' title='bbox 2311 3054 2417 3095; x_wconf 93' lang='lat' dir='ltr'><strong>non</strong></span> <span class='ocrx_word' id='word_1_441' title='bbox 2452 3042 2623 3112; x_wconf 90' lang='lat' dir='ltr'><strong>magis</strong></span> <span class='ocrx_word' id='word_1_442' title='bbox 2651 3040 3009 3097; x_wconf 90' lang='lat' dir='ltr'><strong>ministerium</strong></span> <span class='ocrx_word' id='word_1_443' title='bbox 3032 3042 3270 3112; x_wconf 88' lang='lat' dir='ltr'><strong>Spiritus</strong></span> <span class='ocrx_word' id='word_1_444' title='bbox 3300 3040 3408 3095; x_wconf 91' lang='lat' dir='ltr'><strong>erit</strong></span> 
     </span>
    </p>
   </div>
   <div class='ocr_carea' id='block_1_60' title="bbox 150 3122 3402 3215">
    <p class='ocr_par' dir='ltr' id='par_1_60' title="bbox 150 3122 3402 3215">
     <span class='ocr_line' id='line_1_60' title="bbox 150 3122 3402 3215; baseline 0.007 -41"><span class='ocrx_word' id='word_1_445' title='bbox 150 3122 516 3181; x_wconf 83' lang='lat' dir='ltr'><strong>sanctificatus</strong></span> <span class='ocrx_word' id='word_1_446' title='bbox 557 3127 749 3183; x_wconf 88' lang='lat' dir='ltr'><strong>venire</strong></span> <span class='ocrx_word' id='word_1_447' title='bbox 788 3129 949 3185; x_wconf 86' lang='lat' dir='ltr'><strong>debet</strong></span> <span class='ocrx_word' id='word_1_448' title='bbox 981 3132 1050 3186; x_wconf 91' lang='lat' dir='ltr'><strong>ad</strong></span> <span class='ocrx_word' id='word_1_449' title='bbox 1098 3134 1428 3189; x_wconf 90' lang='lat' dir='ltr'><strong>audiendum</strong></span> <span class='ocrx_word' id='word_1_450' title='bbox 1474 3138 1719 3207; x_wconf 82' lang='lat' dir='ltr'><strong>verbum,</strong></span> <span class='ocrx_word' id='word_1_451' title='bbox 1750 3152 1799 3215; x_wconf 75' lang='grc' dir='ltr'>ο</span> <span class='ocrx_word' id='word_1_452' title='bbox 1830 3128 1883 3181; x_wconf 69' lang='lat' dir='ltr'><strong>ill</strong></span> <span class='ocrx_word' id='word_1_453' title='bbox 1925 3128 2133 3198; x_wconf 75' lang='lat' dir='ltr'><strong>gloria?</strong></span> <span class='ocrx_word' id='word_1_454' title='bbox 2164 3149 2182 3183; x_wconf 69' lang='grc'><strong><em>³</em></strong></span> <span class='ocrx_word' id='word_1_455' title='bbox 2218 3131 2286 3185; x_wconf 71' lang='lat' dir='ltr'><strong>Et</strong></span> <span class='ocrx_word' id='word_1_456' title='bbox 2330 3130 2530 3189; x_wconf 76' lang='lat' dir='ltr'><strong>iterum</strong></span> <span class='ocrx_word' id='word_1_457' title='bbox 2574 3136 2734 3204; x_wconf 81' lang='lat' dir='ltr'><strong>paulo</strong></span> <span class='ocrx_word' id='word_1_458' title='bbox 2787 3146 2906 3207; x_wconf 83' lang='lat' dir='ltr'><strong>post</strong></span> <span class='ocrx_word' id='word_1_459' title='bbox 2930 3136 3103 3192; x_wconf 78' lang='lat' dir='ltr'><strong>dicit:</strong></span> <span class='ocrx_word' id='word_1_460' title='bbox 3138 3153 3157 3188; x_wconf 71' lang='grc' dir='ltr'>ι</span> <span class='ocrx_word' id='word_1_461' title='bbox 3189 3136 3255 3191; x_wconf 77' lang='lat' dir='ltr'><strong>Et</strong></span> <span class='ocrx_word' id='word_1_462' title='bbox 3294 3150 3402 3191; x_wconf 80' lang='lat' dir='ltr'><strong>non</strong></span> 
     </span>
    </p>
   </div>
   <div class='ocr_carea' id='block_1_61' title="bbox 149 3211 1723 3286">
    <p class='ocr_par' dir='ltr' id='par_1_61' title="bbox 149 3211 1723 3286">
     <span class='ocr_line' id='line_1_61' title="bbox 149 3211 1723 3286; baseline 0.013 -21"><span class='ocrx_word' id='word_1_463' title='bbox 149 3211 320 3268; x_wconf 86' lang='lat' dir='ltr'><strong>lavare</strong></span> <span class='ocrx_word' id='word_1_464' title='bbox 344 3215 513 3271; x_wconf 88' lang='lat' dir='ltr'><strong>debet</strong></span> <span class='ocrx_word' id='word_1_465' title='bbox 541 3219 862 3276; x_wconf 90' lang='lat' dir='ltr'><strong>vestimenta</strong></span> <span class='ocrx_word' id='word_1_466' title='bbox 895 3237 1014 3276; x_wconf 91' lang='lat' dir='ltr'><strong>sua.</strong></span> <span class='ocrx_word' id='word_1_467' title='bbox 1065 3224 1121 3279; x_wconf 91' lang='lat' dir='ltr'><strong>Si</strong></span> <span class='ocrx_word' id='word_1_468' title='bbox 1169 3226 1312 3280; x_wconf 89' lang='lat' dir='ltr'><strong>enim</strong></span> <span class='ocrx_word' id='word_1_469' title='bbox 1362 3231 1580 3283; x_wconf 90' lang='lat' dir='ltr'><strong>sordida</strong></span> <span class='ocrx_word' id='word_1_470' title='bbox 1615 3230 1723 3286; x_wconf 90' lang='lat' dir='ltr'><strong>huc</strong></span> 
     </span>
    </p>
   </div>
   <div class='ocr_carea' id='block_1_62' title="bbox 152 3303 1720 3387">
    <p class='ocr_par' dir='ltr' id='par_1_62' title="bbox 152 3303 1720 3387">
     <span class='ocr_line' id='line_1_62' title="bbox 152 3303 1720 3387; baseline 0.015 -32"><span class='ocrx_word' id='word_1_471' title='bbox 152 3303 399 3362; x_wconf 79' lang='lat' dir='ltr'><strong>detuleris</strong></span> <span class='ocrx_word' id='word_1_472' title='bbox 447 3311 810 3377; x_wconf 86' lang='lat' dir='ltr'><strong>vestimenta,</strong></span> <span class='ocrx_word' id='word_1_473' title='bbox 868 3316 1057 3371; x_wconf 89' lang='lat' dir='ltr'><strong>audies</strong></span> <span class='ocrx_word' id='word_1_474' title='bbox 1107 3326 1159 3370; x_wconf 90' lang='lat' dir='ltr'><strong>et</strong></span> <span class='ocrx_word' id='word_1_475' title='bbox 1214 3328 1268 3372; x_wconf 91' lang='lat' dir='ltr'><strong>tu</strong></span> <span class='ocrx_word' id='word_1_476' title='bbox 1310 3319 1355 3350; x_wconf 88' lang='grc'>³³</span> <span class='ocrx_word' id='word_1_477' title='bbox 1398 3337 1411 3373; x_wconf 91' lang='lat'><strong>:</strong></span> <span class='ocrx_word' id='word_1_478' title='bbox 1460 3338 1477 3370; x_wconf 74' lang='grc' dir='ltr'><em>α</em></span> <span class='ocrx_word' id='word_1_479' title='bbox 1511 3322 1720 3387; x_wconf 84' lang='lat' dir='ltr'><strong>Amice,</strong></span> 
     </span>
    </p>
   </div>
   <div class='ocr_carea' id='block_1_63' title="bbox 150 3399 1721 3476">
    <p class='ocr_par' dir='ltr' id='par_1_63' title="bbox 150 3399 1721 3476">
     <span class='ocr_line' id='line_1_63' title="bbox 150 3399 1721 3476; baseline 0.011 -26"><span class='ocrx_word' id='word_1_480' title='bbox 150 3399 413 3464; x_wconf 80' lang='lat' dir='ltr'><strong>quomodo</strong></span> <span class='ocrx_word' id='word_1_481' title='bbox 461 3400 569 3456; x_wconf 88' lang='lat' dir='ltr'><strong>huc</strong></span> <span class='ocrx_word' id='word_1_482' title='bbox 616 3401 852 3457; x_wconf 87' lang='lat' dir='ltr'><strong>introisti</strong></span> <span class='ocrx_word' id='word_1_483' title='bbox 896 3420 1001 3459; x_wconf 94' lang='lat' dir='ltr'><strong>non</strong></span> <span class='ocrx_word' id='word_1_484' title='bbox 1054 3407 1212 3476; x_wconf 77' lang='lat'><strong>172</strong></span> <span class='ocrx_word' id='word_1_485' title='bbox 1266 3409 1471 3464; x_wconf 84' lang='lat' dir='ltr'><strong>habens</strong></span> <span class='ocrx_word' id='word_1_486' title='bbox 1520 3422 1721 3467; x_wconf 87' lang='lat' dir='ltr'><strong>vestem</strong></span> 
     </span>
    </p>
   </div>
   <div class='ocr_carea' id='block_1_64' title="bbox 151 3488 1721 3567">
    <p class='ocr_par' dir='ltr' id='par_1_64' title="bbox 151 3488 1721 3567">
     <span class='ocr_line' id='line_1_64' title="bbox 151 3488 1721 3567; baseline 0.012 -28"><span class='ocrx_word' id='word_1_487' title='bbox 151 3488 487 3557; x_wconf 71' lang='lat' dir='ltr'><strong>nuptialem?</strong></span> <span class='ocrx_word' id='word_1_488' title='bbox 529 3511 548 3544; x_wconf 74' lang='grc' dir='ltr'><strong><em>ι</em></strong></span> <span class='ocrx_word' id='word_1_489' title='bbox 608 3492 775 3549; x_wconf 83' lang='lat' dir='ltr'><strong>Nemo</strong></span> <span class='ocrx_word' id='word_1_490' title='bbox 828 3511 957 3565; x_wconf 90' lang='lat' dir='ltr'><strong>ergo</strong></span> <span class='ocrx_word' id='word_1_491' title='bbox 1010 3508 1188 3567; x_wconf 90' lang='lat' dir='ltr'><strong>potest</strong></span> <span class='ocrx_word' id='word_1_492' title='bbox 1248 3501 1440 3555; x_wconf 89' lang='lat' dir='ltr'><strong>audire</strong></span> <span class='ocrx_word' id='word_1_493' title='bbox 1498 3505 1721 3558; x_wconf 85' lang='lat' dir='ltr'><strong>verbum</strong></span> 
     </span>
    </p>
   </div>
   <div class='ocr_carea' id='block_1_65' title="bbox 149 3578 1725 3655">
    <p class='ocr_par' dir='ltr' id='par_1_65' title="bbox 149 3578 1725 3655">
     <span class='ocr_line' id='line_1_65' title="bbox 149 3578 1725 3655; baseline 0.011 -20"><span class='ocrx_word' id='word_1_494' title='bbox 149 3578 257 3648; x_wconf 88' lang='lat' dir='ltr'><strong>Dei,</strong></span> <span class='ocrx_word' id='word_1_495' title='bbox 288 3582 392 3639; x_wconf 91' lang='lat' dir='ltr'><strong>nisi</strong></span> <span class='ocrx_word' id='word_1_496' title='bbox 423 3585 580 3654; x_wconf 90' lang='lat' dir='ltr'><strong>prius</strong></span> <span class='ocrx_word' id='word_1_497' title='bbox 608 3586 775 3642; x_wconf 91' lang='lat' dir='ltr'><strong>fuerit</strong></span> <span class='ocrx_word' id='word_1_498' title='bbox 798 3590 1169 3645; x_wconf 82' lang='lat' dir='ltr'><strong>sanctiﬁcatus</strong></span> <span class='ocrx_word' id='word_1_499' title='bbox 1189 3631 1204 3655; x_wconf 96' lang='lat'><strong>,</strong></span> <span class='ocrx_word' id='word_1_500' title='bbox 1234 3591 1285 3645; x_wconf 92' lang='lat' dir='ltr'><strong>id</strong></span> <span class='ocrx_word' id='word_1_501' title='bbox 1314 3602 1394 3646; x_wconf 90' lang='lat' dir='ltr'><strong>est</strong></span> <span class='ocrx_word' id='word_1_502' title='bbox 1430 3594 1532 3649; x_wconf 87' lang='lat' dir='ltr'><strong>nisi</strong></span> <span class='ocrx_word' id='word_1_503' title='bbox 1561 3596 1725 3652; x_wconf 90' lang='lat' dir='ltr'><strong>fuerit</strong></span> 
     </span>
    </p>
   </div>
   <div class='ocr_carea' id='block_1_66' title="bbox 147 3679 1724 3750">
    <p class='ocr_par' dir='ltr' id='par_1_66' title="bbox 147 3679 1724 3750">
     <span class='ocr_line' id='line_1_66' title="bbox 147 3679 1724 3750; baseline 0.011 -25"><span class='ocrx_word' id='word_1_504' title='bbox 147 3682 363 3730; x_wconf 84' lang='lat' dir='ltr'><strong>sanctus</strong></span> <span class='ocrx_word' id='word_1_505' title='bbox 407 3689 644 3746; x_wconf 87' lang='lat' dir='ltr'><strong>corpore</strong></span> <span class='ocrx_word' id='word_1_506' title='bbox 694 3685 749 3733; x_wconf 87' lang='lat' dir='ltr'><strong>et</strong></span> <span class='ocrx_word' id='word_1_507' title='bbox 800 3679 1032 3750; x_wconf 85' lang='lat' dir='ltr'><strong>spiritu,</strong></span> <span class='ocrx_word' id='word_1_508' title='bbox 1081 3682 1185 3736; x_wconf 88' lang='lat' dir='ltr'><strong>nisi</strong></span> <span class='ocrx_word' id='word_1_509' title='bbox 1241 3684 1565 3740; x_wconf 86' lang='lat' dir='ltr'><strong>vestimenta</strong></span> <span class='ocrx_word' id='word_1_510' title='bbox 1627 3703 1724 3743; x_wconf 89' lang='lat' dir='ltr'><strong>sua</strong></span> 
     </span>
    </p>
   </div>
   <div class='ocr_carea' id='block_1_67' title="bbox 146 3764 1723 3843">
    <p class='ocr_par' dir='ltr' id='par_1_67' title="bbox 146 3764 1723 3843">
     <span class='ocr_line' id='line_1_67' title="bbox 146 3764 1723 3843; baseline 0.009 -24"><span class='ocrx_word' id='word_1_511' title='bbox 146 3764 347 3822; x_wconf 85' lang='lat' dir='ltr'><strong>laverit.</strong></span> <span class='ocrx_word' id='word_1_512' title='bbox 382 3765 734 3838; x_wconf 90' lang='lat' dir='ltr'><strong>Ingressurus</strong></span> <span class='ocrx_word' id='word_1_513' title='bbox 761 3782 845 3825; x_wconf 88' lang='lat' dir='ltr'><strong>est</strong></span> <span class='ocrx_word' id='word_1_514' title='bbox 868 3773 1011 3827; x_wconf 89' lang='lat' dir='ltr'><strong>enim</strong></span> <span class='ocrx_word' id='word_1_515' title='bbox 1047 3773 1208 3843; x_wconf 90' lang='lat' dir='ltr'><strong>paulo</strong></span> <span class='ocrx_word' id='word_1_516' title='bbox 1255 3784 1375 3843; x_wconf 89' lang='lat' dir='ltr'><strong>post</strong></span> <span class='ocrx_word' id='word_1_517' title='bbox 1409 3777 1473 3829; x_wconf 92' lang='lat' dir='ltr'><strong>ad</strong></span> <span class='ocrx_word' id='word_1_518' title='bbox 1510 3792 1723 3833; x_wconf 65' lang='lat' dir='ltr'><strong>caenam</strong></span> 
     </span>
    </p>
   </div>
   <div class='ocr_carea' id='block_1_68' title="bbox 146 3858 1721 3939">
    <p class='ocr_par' dir='ltr' id='par_1_68' title="bbox 146 3858 1721 3939">
     <span class='ocr_line' id='line_1_68' title="bbox 146 3858 1721 3939; baseline 0.008 -29"><span class='ocrx_word' id='word_1_519' title='bbox 146 3858 474 3927; x_wconf 89' lang='lat' dir='ltr'><strong>nuptialem,</strong></span> <span class='ocrx_word' id='word_1_520' title='bbox 539 3862 961 3918; x_wconf 83' lang='lat' dir='ltr'><strong>manducaturus</strong></span> <span class='ocrx_word' id='word_1_521' title='bbox 1008 3875 1090 3919; x_wconf 92' lang='lat' dir='ltr'><strong>est</strong></span> <span class='ocrx_word' id='word_1_522' title='bbox 1141 3868 1207 3921; x_wconf 89' lang='lat' dir='ltr'><strong>de</strong></span> <span class='ocrx_word' id='word_1_523' title='bbox 1260 3867 1517 3922; x_wconf 89' lang='lat' dir='ltr'><strong>carnibus</strong></span> <span class='ocrx_word' id='word_1_524' title='bbox 1562 3870 1721 3939; x_wconf 85' lang='lat' dir='ltr'><strong>Agui,</strong></span> 
     </span>
    </p>
   </div>
   <div class='ocr_carea' id='block_1_69' title="bbox 144 3954 1723 4024">
    <p class='ocr_par' dir='ltr' id='par_1_69' title="bbox 144 3954 1723 4024">
     <span class='ocr_line' id='line_1_69' title="bbox 144 3954 1723 4024; baseline 0.008 -22"><span class='ocrx_word' id='word_1_525' title='bbox 144 3958 424 4017; x_wconf 81' lang='lat' dir='ltr'><strong>potaturus</strong></span> <span class='ocrx_word' id='word_1_526' title='bbox 460 3962 549 4008; x_wconf 88' lang='lat' dir='ltr'><strong>est</strong></span> <span class='ocrx_word' id='word_1_527' title='bbox 596 3954 849 4024; x_wconf 89' lang='lat' dir='ltr'><strong>poculum</strong></span> <span class='ocrx_word' id='word_1_528' title='bbox 893 3956 1169 4011; x_wconf 85' lang='lat' dir='ltr'><strong>salutaris.</strong></span> <span class='ocrx_word' id='word_1_529' title='bbox 1226 3957 1394 4012; x_wconf 86' lang='lat' dir='ltr'><strong>Nemo</strong></span> <span class='ocrx_word' id='word_1_530' title='bbox 1440 3960 1605 4015; x_wconf 91' lang='lat' dir='ltr'><strong>intret</strong></span> <span class='ocrx_word' id='word_1_531' title='bbox 1657 3960 1723 4015; x_wconf 87' lang='lat' dir='ltr'><strong>ad</strong></span> 
     </span>
    </p>
   </div>
   <div class='ocr_carea' id='block_1_70' title="bbox 144 4040 1725 4107">
    <p class='ocr_par' dir='ltr' id='par_1_70' title="bbox 144 4040 1725 4107">
     <span class='ocr_line' id='line_1_70' title="bbox 144 4040 1725 4107; baseline 0.009 -14"><span class='ocrx_word' id='word_1_532' title='bbox 144 4040 279 4098; x_wconf 87' lang='lat' dir='ltr'><strong>hanc</strong></span> <span class='ocrx_word' id='word_1_533' title='bbox 315 4059 537 4100; x_wconf 73' lang='lat' dir='ltr'><strong>cmuam</strong></span> <span class='ocrx_word' id='word_1_534' title='bbox 591 4048 827 4102; x_wconf 86' lang='lat' dir='ltr'><strong>sordidis</strong></span> <span class='ocrx_word' id='word_1_535' title='bbox 882 4048 1240 4104; x_wconf 85' lang='lat' dir='ltr'><strong>vestimentis.</strong></span> <span class='ocrx_word' id='word_1_536' title='bbox 1307 4049 1419 4106; x_wconf 90' lang='lat' dir='ltr'><strong>lloc</strong></span> <span class='ocrx_word' id='word_1_537' title='bbox 1466 4052 1612 4106; x_wconf 91' lang='lat' dir='ltr'><strong>enim</strong></span> <span class='ocrx_word' id='word_1_538' title='bbox 1668 4062 1725 4107; x_wconf 89' lang='lat' dir='ltr'><strong>et</strong></span> 
     </span>
    </p>
   </div>
   <div class='ocr_carea' id='block_1_71' title="bbox 142 4134 1719 4209">
    <p class='ocr_par' dir='ltr' id='par_1_71' title="bbox 142 4134 1719 4209">
     <span class='ocr_line' id='line_1_71' title="bbox 142 4134 1719 4209; baseline 0.008 -22"><span class='ocrx_word' id='word_1_539' title='bbox 142 4134 263 4191; x_wconf 90' lang='lat' dir='ltr'><strong>alibi</strong></span> <span class='ocrx_word' id='word_1_540' title='bbox 296 4136 585 4207; x_wconf 87' lang='lat' dir='ltr'><strong>Sapientia</strong></span> <span class='ocrx_word' id='word_1_541' title='bbox 618 4142 872 4209; x_wconf 71' lang='lat' dir='ltr'><strong>przecepit</strong></span> <span class='ocrx_word' id='word_1_542' title='bbox 902 4142 1087 4195; x_wconf 88' lang='lat' dir='ltr'><strong>dicens</strong></span> <span class='ocrx_word' id='word_1_543' title='bbox 1117 4141 1202 4195; x_wconf 74' lang='grc' dir='ltr'><strong>³⁵ε</strong></span> <span class='ocrx_word' id='word_1_544' title='bbox 1248 4160 1265 4193; x_wconf 71' lang='grc' dir='ltr'>ι</span> <span class='ocrx_word' id='word_1_545' title='bbox 1292 4142 1348 4197; x_wconf 93' lang='lat' dir='ltr'><strong>In</strong></span> <span class='ocrx_word' id='word_1_546' title='bbox 1387 4145 1533 4198; x_wconf 90' lang='lat' dir='ltr'><strong>omni</strong></span> <span class='ocrx_word' id='word_1_547' title='bbox 1583 4157 1719 4199; x_wconf 91' lang='lat' dir='ltr'><strong>tem-</strong></span> 
     </span>
    </p>
   </div>
   <div class='ocr_carea' id='block_1_72' title="bbox 143 4231 1723 4296">
    <p class='ocr_par' dir='ltr' id='par_1_72' title="bbox 143 4231 1723 4296">
     <span class='ocr_line' id='line_1_72' title="bbox 143 4231 1723 4296; baseline 0.009 -17"><span class='ocrx_word' id='word_1_548' title='bbox 143 4242 267 4296; x_wconf 85' lang='lat' dir='ltr'><strong>pore</strong></span> <span class='ocrx_word' id='word_1_549' title='bbox 290 4231 400 4285; x_wconf 84' lang='lat' dir='ltr'><strong>sint</strong></span> <span class='ocrx_word' id='word_1_550' title='bbox 442 4232 777 4287; x_wconf 89' lang='lat' dir='ltr'><strong>vestimenta</strong></span> <span class='ocrx_word' id='word_1_551' title='bbox 823 4244 908 4286; x_wconf 91' lang='lat' dir='ltr'><strong>tua</strong></span> <span class='ocrx_word' id='word_1_552' title='bbox 949 4235 1171 4289; x_wconf 90' lang='lat' dir='ltr'><strong>munda.</strong></span> <span class='ocrx_word' id='word_1_553' title='bbox 1198 4255 1217 4287; x_wconf 84' lang='grc'>›</span> <span class='ocrx_word' id='word_1_554' title='bbox 1258 4235 1387 4290; x_wconf 89' lang='lat' dir='ltr'><strong>Lota</strong></span> <span class='ocrx_word' id='word_1_555' title='bbox 1424 4247 1551 4293; x_wconf 86' lang='lat' dir='ltr'><strong>sunt</strong></span> <span class='ocrx_word' id='word_1_556' title='bbox 1579 4240 1723 4293; x_wconf 88' lang='lat' dir='ltr'><strong>enim</strong></span> 
     </span>
    </p>
   </div>
   <div class='ocr_carea' id='block_1_73' title="bbox 142 4322 1722 4399">
    <p class='ocr_par' dir='ltr' id='par_1_73' title="bbox 142 4322 1722 4399">
     <span class='ocr_line' id='line_1_73' title="bbox 142 4322 1722 4399; baseline 0.005 -23"><span class='ocrx_word' id='word_1_557' title='bbox 142 4322 302 4377; x_wconf 85' lang='lat' dir='ltr'><strong>semel</strong></span> <span class='ocrx_word' id='word_1_558' title='bbox 365 4325 696 4379; x_wconf 86' lang='lat' dir='ltr'><strong>vestimenta</strong></span> <span class='ocrx_word' id='word_1_559' title='bbox 747 4335 837 4378; x_wconf 88' lang='lat' dir='ltr'><strong>tua</strong></span> <span class='ocrx_word' id='word_1_560' title='bbox 894 4341 1014 4380; x_wconf 86' lang='lat' dir='ltr'><strong>cum</strong></span> <span class='ocrx_word' id='word_1_561' title='bbox 1090 4328 1288 4381; x_wconf 84' lang='lat' dir='ltr'><strong>venisti</strong></span> <span class='ocrx_word' id='word_1_562' title='bbox 1351 4330 1417 4383; x_wconf 91' lang='lat' dir='ltr'><strong>ad</strong></span> <span class='ocrx_word' id='word_1_563' title='bbox 1490 4331 1722 4399; x_wconf 83' lang='lat' dir='ltr'><strong>gratiam</strong></span> 
     </span>
    </p>
   </div>
   <div class='ocr_carea' id='block_1_74' title="bbox 140 4412 1724 4486">
    <p class='ocr_par' dir='ltr' id='par_1_74' title="bbox 140 4412 1724 4486">
     <span class='ocr_line' id='line_1_74' title="bbox 140 4412 1724 4486; baseline 0.007 -22"><span class='ocrx_word' id='word_1_564' title='bbox 140 4412 415 4481; x_wconf 86' lang='lat' dir='ltr'><strong>baptismi,</strong></span> <span class='ocrx_word' id='word_1_565' title='bbox 454 4416 776 4484; x_wconf 84' lang='lat' dir='ltr'><strong>purificatus</strong></span> <span class='ocrx_word' id='word_1_566' title='bbox 822 4432 881 4469; x_wconf 79' lang='lat' dir='ltr'><strong>es</strong></span> <span class='ocrx_word' id='word_1_567' title='bbox 931 4432 1180 4486; x_wconf 89' lang='lat' dir='ltr'><strong>corpore,</strong></span> <span class='ocrx_word' id='word_1_568' title='bbox 1227 4419 1520 4474; x_wconf 88' lang='lat' dir='ltr'><strong>mundatus</strong></span> <span class='ocrx_word' id='word_1_569' title='bbox 1562 4435 1620 4475; x_wconf 91' lang='lat' dir='ltr'><strong>es</strong></span> <span class='ocrx_word' id='word_1_570' title='bbox 1656 4422 1724 4475; x_wconf 91' lang='lat' dir='ltr'><strong>ab</strong></span> 
     </span>
    </p>
   </div>
   <div class='ocr_carea' id='block_1_75' title="bbox 1827 3220 3404 3300">
    <p class='ocr_par' dir='ltr' id='par_1_75' title="bbox 1827 3220 3404 3300">
     <span class='ocr_line' id='line_1_75' title="bbox 1827 3220 3404 3300; baseline 0.005 -27"><span class='ocrx_word' id='word_1_571' title='bbox 1827 3220 2204 3293; x_wconf 90' lang='lat' dir='ltr'><strong>sicutMoyscs</strong></span> <span class='ocrx_word' id='word_1_572' title='bbox 2243 3225 2478 3292; x_wconf 89' lang='lat' dir='ltr'><strong>ponebat</strong></span> <span class='ocrx_word' id='word_1_573' title='bbox 2513 3228 2756 3283; x_wconf 89' lang='lat' dir='ltr'><strong>velamen</strong></span> <span class='ocrx_word' id='word_1_574' title='bbox 2794 3244 2958 3300; x_wconf 90' lang='lat' dir='ltr'><strong>super</strong></span> <span class='ocrx_word' id='word_1_575' title='bbox 2992 3229 3189 3284; x_wconf 79' lang='lat' dir='ltr'><strong>faciem</strong></span> <span class='ocrx_word' id='word_1_576' title='bbox 3226 3243 3404 3295; x_wconf 89' lang='lat' dir='ltr'><strong>suam,</strong></span> 
     </span>
    </p>
   </div>
   <div class='ocr_carea' id='block_1_76' title="bbox 1826 3312 3403 3390">
    <p class='ocr_par' dir='ltr' id='par_1_76' title="bbox 1826 3312 3403 3390">
     <span class='ocr_line' id='line_1_76' title="bbox 1826 3312 3403 3390; baseline 0.005 -25"><span class='ocrx_word' id='word_1_577' title='bbox 1826 3322 1886 3365; x_wconf 93' lang='lat' dir='ltr'><strong>ut</strong></span> <span class='ocrx_word' id='word_1_578' title='bbox 1914 3326 2018 3366; x_wconf 91' lang='lat' dir='ltr'><strong>non</strong></span> <span class='ocrx_word' id='word_1_579' title='bbox 2045 3312 2390 3370; x_wconf 86' lang='lat' dir='ltr'><strong>intenderent</strong></span> <span class='ocrx_word' id='word_1_580' title='bbox 2420 3316 2513 3372; x_wconf 85' lang='lat' dir='ltr'><strong>lilii</strong></span> <span class='ocrx_word' id='word_1_581' title='bbox 2558 3318 2721 3374; x_wconf 87' lang='lat' dir='ltr'><strong>Israel</strong></span> <span class='ocrx_word' id='word_1_582' title='bbox 2750 3321 2803 3375; x_wconf 94' lang='lat' dir='ltr'><strong>in</strong></span> <span class='ocrx_word' id='word_1_583' title='bbox 2834 3319 3028 3375; x_wconf 82' lang='lat' dir='ltr'><strong>faciem</strong></span> <span class='ocrx_word' id='word_1_584' title='bbox 3056 3320 3236 3375; x_wconf 86' lang='lat' dir='ltr'><strong>vultus</strong></span> <span class='ocrx_word' id='word_1_585' title='bbox 3263 3320 3403 3390; x_wconf 88' lang='lat' dir='ltr'><strong>ejus.</strong></span> 
     </span>
    </p>
   </div>
   <div class='ocr_carea' id='block_1_77' title="bbox 1827 3402 3403 3483">
    <p class='ocr_par' dir='ltr' id='par_1_77' title="bbox 1827 3402 3403 3483">
     <span class='ocr_line' id='line_1_77' title="bbox 1827 3402 3403 3483; baseline 0.007 -25"><span class='ocrx_word' id='word_1_586' title='bbox 1827 3402 2017 3460; x_wconf 90' lang='lat' dir='ltr'><strong>Obtusi</strong></span> <span class='ocrx_word' id='word_1_587' title='bbox 2037 3410 2323 3463; x_wconf 90' lang='lat' dir='ltr'><strong>suntenim</strong></span> <span class='ocrx_word' id='word_1_588' title='bbox 2343 3425 2535 3467; x_wconf 87' lang='lat' dir='ltr'><strong>sensus</strong></span> <span class='ocrx_word' id='word_1_589' title='bbox 2554 3428 2765 3478; x_wconf 91' lang='lat' dir='ltr'><strong>eorum,</strong></span> <span class='ocrx_word' id='word_1_590' title='bbox 2792 3428 2962 3483; x_wconf 89' lang='lat' dir='ltr'><strong>usque</strong></span> <span class='ocrx_word' id='word_1_591' title='bbox 2993 3413 3045 3467; x_wconf 94' lang='lat' dir='ltr'><strong>in</strong></span> <span class='ocrx_word' id='word_1_592' title='bbox 3074 3414 3403 3469; x_wconf 87' lang='lat' dir='ltr'><strong>hodiernum</strong></span> 
     </span>
    </p>
   </div>
   <div class='ocr_carea' id='block_1_78' title="bbox 1827 3498 3406 3576">
    <p class='ocr_par' dir='ltr' id='par_1_78' title="bbox 1827 3498 3406 3576">
     <span class='ocr_line' id='line_1_78' title="bbox 1827 3498 3406 3576; baseline 0.007 -27"><span class='ocrx_word' id='word_1_593' title='bbox 1827 3498 1992 3551; x_wconf 89' lang='lat' dir='ltr'><strong>diem.</strong></span> <span class='ocrx_word' id='word_1_594' title='bbox 2011 3498 2144 3554; x_wconf 88' lang='lat' dir='ltr'><strong>Cum</strong></span> <span class='ocrx_word' id='word_1_595' title='bbox 2166 3502 2309 3556; x_wconf 92' lang='lat' dir='ltr'><strong>enim</strong></span> <span class='ocrx_word' id='word_1_596' title='bbox 2328 3503 2523 3573; x_wconf 88' lang='lat' dir='ltr'><strong>legitur</strong></span> <span class='ocrx_word' id='word_1_597' title='bbox 2545 3504 2776 3574; x_wconf 83' lang='lat' dir='ltr'><strong>Moyses,</strong></span> <span class='ocrx_word' id='word_1_598' title='bbox 2799 3505 3043 3562; x_wconf 89' lang='lat' dir='ltr'><strong>velamen</strong></span> <span class='ocrx_word' id='word_1_599' title='bbox 3063 3516 3149 3562; x_wconf 89' lang='lat' dir='ltr'><strong>est</strong></span> <span class='ocrx_word' id='word_1_600' title='bbox 3172 3506 3406 3576; x_wconf 89' lang='lat' dir='ltr'><strong>positum</strong></span> 
     </span>
    </p>
   </div>
   <div class='ocr_carea' id='block_1_79' title="bbox 1826 3593 3405 3665">
    <p class='ocr_par' dir='ltr' id='par_1_79' title="bbox 1826 3593 3405 3665">
     <span class='ocr_line' id='line_1_79' title="bbox 1826 3593 3405 3665; baseline 0.003 -20"><span class='ocrx_word' id='word_1_601' title='bbox 1826 3603 1991 3659; x_wconf 80' lang='lat' dir='ltr'><strong>super</strong></span> <span class='ocrx_word' id='word_1_602' title='bbox 2023 3605 2118 3645; x_wconf 92' lang='lat' dir='ltr'><strong>cor</strong></span> <span class='ocrx_word' id='word_1_603' title='bbox 2168 3607 2381 3649; x_wconf 89' lang='lat' dir='ltr'><strong>eorum.</strong></span> <span class='ocrx_word' id='word_1_604' title='bbox 2412 3611 2434 3645; x_wconf 73' lang='grc' dir='ltr'><strong><em>ι</em></strong></span> <span class='ocrx_word' id='word_1_605' title='bbox 2500 3593 2633 3660; x_wconf 83' lang='lat' dir='ltr'><strong>Quis</strong></span> <span class='ocrx_word' id='word_1_606' title='bbox 2690 3609 2796 3649; x_wconf 92' lang='lat' dir='ltr'><strong>non</strong></span> <span class='ocrx_word' id='word_1_607' title='bbox 2849 3595 3153 3649; x_wconf 89' lang='lat' dir='ltr'><strong>admiretur</strong></span> <span class='ocrx_word' id='word_1_608' title='bbox 3200 3604 3405 3665; x_wconf 88' lang='lat' dir='ltr'><strong>myste-</strong></span> 
     </span>
    </p>
   </div>
   <div class='ocr_carea' id='block_1_80' title="bbox 1828 3681 3404 3757">
    <p class='ocr_par' dir='ltr' id='par_1_80' title="bbox 1828 3681 3404 3757">
     <span class='ocr_line' id='line_1_80' title="bbox 1828 3681 3404 3757; baseline 0.003 -22"><span class='ocrx_word' id='word_1_609' title='bbox 1828 3681 2034 3736; x_wconf 89' lang='lat' dir='ltr'><strong>riorum</strong></span> <span class='ocrx_word' id='word_1_610' title='bbox 2057 3683 2526 3753; x_wconf 82' lang='lat' dir='ltr'><strong>magnitudinem?</strong></span> <span class='ocrx_word' id='word_1_611' title='bbox 2560 3687 2681 3755; x_wconf 91' lang='lat' dir='ltr'><strong>quis</strong></span> <span class='ocrx_word' id='word_1_612' title='bbox 2706 3700 2815 3740; x_wconf 90' lang='lat' dir='ltr'><strong>non</strong></span> <span class='ocrx_word' id='word_1_613' title='bbox 2842 3686 3192 3757; x_wconf 87' lang='lat' dir='ltr'><strong>pertimescat</strong></span> <span class='ocrx_word' id='word_1_614' title='bbox 3223 3695 3404 3740; x_wconf 87' lang='lat' dir='ltr'><strong>notam</strong></span> 
     </span>
    </p>
   </div>
   <div class='ocr_carea' id='block_1_81' title="bbox 1828 3774 3405 3847">
    <p class='ocr_par' dir='ltr' id='par_1_81' title="bbox 1828 3774 3405 3847">
     <span class='ocr_line' id='line_1_81' title="bbox 1828 3774 3405 3847; baseline 0.002 -19"><span class='ocrx_word' id='word_1_615' title='bbox 1828 3774 2008 3829; x_wconf 89' lang='lat' dir='ltr'><strong>cordis</strong></span> <span class='ocrx_word' id='word_1_616' title='bbox 2058 3775 2240 3830; x_wconf 88' lang='lat' dir='ltr'><strong>obtusi</strong></span> <span class='ocrx_word' id='word_1_617' title='bbox 2277 3775 2439 3846; x_wconf 80' lang='lat'><strong>(76)?</strong></span> <span class='ocrx_word' id='word_1_618' title='bbox 2494 3776 2808 3832; x_wconf 87' lang='lat' dir='ltr'><strong>Glorilicata</strong></span> <span class='ocrx_word' id='word_1_619' title='bbox 2847 3788 2932 3833; x_wconf 89' lang='lat' dir='ltr'><strong>est</strong></span> <span class='ocrx_word' id='word_1_620' title='bbox 2987 3775 3158 3833; x_wconf 81' lang='lat' dir='ltr'><strong>facies</strong></span> <span class='ocrx_word' id='word_1_621' title='bbox 3209 3777 3405 3847; x_wconf 87' lang='lat' dir='ltr'><strong>Moysi,</strong></span> 
     </span>
    </p>
   </div>
   <div class='ocr_carea' id='block_1_82' title="bbox 1831 3867 3408 3940">
    <p class='ocr_par' dir='ltr' id='par_1_82' title="bbox 1831 3867 3408 3940">
     <span class='ocr_line' id='line_1_82' title="bbox 1831 3867 3408 3940; baseline 0.004 -19"><span class='ocrx_word' id='word_1_622' title='bbox 1831 3867 1926 3921; x_wconf 89' lang='lat' dir='ltr'><strong>sed</strong></span> <span class='ocrx_word' id='word_1_623' title='bbox 1962 3882 2066 3920; x_wconf 91' lang='lat' dir='ltr'><strong>non</strong></span> <span class='ocrx_word' id='word_1_624' title='bbox 2097 3876 2348 3935; x_wconf 87' lang='lat' dir='ltr'><strong>poterant</strong></span> <span class='ocrx_word' id='word_1_625' title='bbox 2388 3868 2672 3925; x_wconf 89' lang='lat' dir='ltr'><strong>intendere</strong></span> <span class='ocrx_word' id='word_1_626' title='bbox 2717 3869 2770 3923; x_wconf 93' lang='lat' dir='ltr'><strong>in</strong></span> <span class='ocrx_word' id='word_1_627' title='bbox 2815 3868 3010 3924; x_wconf 89' lang='lat' dir='ltr'><strong>faciem</strong></span> <span class='ocrx_word' id='word_1_628' title='bbox 3054 3871 3231 3925; x_wconf 90' lang='lat' dir='ltr'><strong>vultus</strong></span> <span class='ocrx_word' id='word_1_629' title='bbox 3288 3872 3408 3940; x_wconf 81' lang='lat' dir='ltr'><strong>ejus</strong></span> 
     </span>
    </p>
   </div>
   <div class='ocr_carea' id='block_1_83' title="bbox 1828 3954 3411 4032">
    <p class='ocr_par' dir='ltr' id='par_1_83' title="bbox 1828 3954 3411 4032">
     <span class='ocr_line' id='line_1_83' title="bbox 1828 3954 3411 4032; baseline 0.002 -24"><span class='ocrx_word' id='word_1_630' title='bbox 1828 3954 1922 4009; x_wconf 82' lang='lat' dir='ltr'><strong>filii</strong></span> <span class='ocrx_word' id='word_1_631' title='bbox 1964 3955 2154 4019; x_wconf 88' lang='lat' dir='ltr'><strong>Israel,</strong></span> <span class='ocrx_word' id='word_1_632' title='bbox 2193 3972 2300 4012; x_wconf 94' lang='lat' dir='ltr'><strong>non</strong></span> <span class='ocrx_word' id='word_1_633' title='bbox 2340 3967 2556 4027; x_wconf 88' lang='lat' dir='ltr'><strong>poterat</strong></span> <span class='ocrx_word' id='word_1_634' title='bbox 2598 3958 2878 4014; x_wconf 88' lang='lat' dir='ltr'><strong>intendere</strong></span> <span class='ocrx_word' id='word_1_635' title='bbox 2922 3960 3150 4029; x_wconf 85' lang='lat' dir='ltr'><strong>populus</strong></span> <span class='ocrx_word' id='word_1_636' title='bbox 3178 3960 3411 4032; x_wconf 84' lang='lat' dir='ltr'><strong>Synago-</strong></span> 
     </span>
    </p>
   </div>
   <div class='ocr_carea' id='block_1_84' title="bbox 1828 4045 3410 4117">
    <p class='ocr_par' dir='ltr' id='par_1_84' title="bbox 1828 4045 3410 4117">
     <span class='ocr_line' id='line_1_84' title="bbox 1828 4045 3410 4117; baseline 0.001 -19"><span class='ocrx_word' id='word_1_637' title='bbox 1828 4060 1927 4115; x_wconf 70' lang='lat' dir='ltr'><strong>gae.</strong></span> <span class='ocrx_word' id='word_1_638' title='bbox 1971 4045 2028 4101; x_wconf 88' lang='lat' dir='ltr'><strong>Si</strong></span> <span class='ocrx_word' id='word_1_639' title='bbox 2053 4048 2175 4116; x_wconf 92' lang='lat' dir='ltr'><strong>quis</strong></span> <span class='ocrx_word' id='word_1_640' title='bbox 2203 4057 2384 4101; x_wconf 89' lang='lat' dir='ltr'><strong>autem</strong></span> <span class='ocrx_word' id='word_1_641' title='bbox 2419 4047 2922 4116; x_wconf 87' lang='lat' dir='ltr'><strong>conversationem,</strong></span> <span class='ocrx_word' id='word_1_642' title='bbox 2949 4058 3002 4104; x_wconf 90' lang='lat' dir='ltr'><strong>et</strong></span> <span class='ocrx_word' id='word_1_643' title='bbox 3032 4050 3194 4102; x_wconf 91' lang='lat' dir='ltr'><strong>vitam</strong></span> <span class='ocrx_word' id='word_1_644' title='bbox 3229 4054 3410 4117; x_wconf 88' lang='lat' dir='ltr'><strong>potest</strong></span> 
     </span>
    </p>
   </div>
   <div class='ocr_carea' id='block_1_85' title="bbox 1828 4138 3408 4211">
    <p class='ocr_par' dir='ltr' id='par_1_85' title="bbox 1828 4138 3408 4211">
     <span class='ocr_line' id='line_1_85' title="bbox 1828 4138 3408 4211; baseline 0.001 -19"><span class='ocrx_word' id='word_1_645' title='bbox 1828 4138 2030 4193; x_wconf 82' lang='lat' dir='ltr'><strong>habere</strong></span> <span class='ocrx_word' id='word_1_646' title='bbox 2058 4139 2479 4194; x_wconf 89' lang='lat' dir='ltr'><strong>eminentiorem</strong></span> <span class='ocrx_word' id='word_1_647' title='bbox 2526 4156 2691 4209; x_wconf 90' lang='lat' dir='ltr'><strong>quam</strong></span> <span class='ocrx_word' id='word_1_648' title='bbox 2724 4140 2993 4209; x_wconf 89' lang='lat' dir='ltr'><strong>reliquum</strong></span> <span class='ocrx_word' id='word_1_649' title='bbox 3034 4140 3261 4211; x_wconf 87' lang='lat' dir='ltr'><strong>vulgus,</strong></span> <span class='ocrx_word' id='word_1_650' title='bbox 3305 4139 3408 4194; x_wconf 89' lang='lat' dir='ltr'><strong>iste</strong></span> 
     </span>
    </p>
   </div>
   <div class='ocr_carea' id='block_1_86' title="bbox 1827 4231 3409 4302">
    <p class='ocr_par' dir='ltr' id='par_1_86' title="bbox 1827 4231 3409 4302">
     <span class='ocr_line' id='line_1_86' title="bbox 1827 4231 3409 4302; baseline 0.001 -19"><span class='ocrx_word' id='word_1_651' title='bbox 1827 4238 2005 4299; x_wconf 91' lang='lat' dir='ltr'><strong>potest</strong></span> <span class='ocrx_word' id='word_1_652' title='bbox 2032 4231 2230 4286; x_wconf 91' lang='lat' dir='ltr'><strong>intueri</strong></span> <span class='ocrx_word' id='word_1_653' title='bbox 2259 4231 2487 4298; x_wconf 84' lang='lat' dir='ltr'><strong>gloriam</strong></span> <span class='ocrx_word' id='word_1_654' title='bbox 2518 4234 2702 4288; x_wconf 87' lang='lat' dir='ltr'><strong>vultus</strong></span> <span class='ocrx_word' id='word_1_655' title='bbox 2736 4232 2875 4302; x_wconf 89' lang='lat' dir='ltr'><strong>ejus.</strong></span> <span class='ocrx_word' id='word_1_656' title='bbox 2910 4250 2928 4285; x_wconf 72' lang='grc' dir='ltr'>ι</span> <span class='ocrx_word' id='word_1_657' title='bbox 2960 4233 3028 4287; x_wconf 88' lang='lat' dir='ltr'><strong>Et</strong></span> <span class='ocrx_word' id='word_1_658' title='bbox 3066 4247 3210 4287; x_wconf 91' lang='lat' dir='ltr'><strong>nunc</strong></span> <span class='ocrx_word' id='word_1_659' title='bbox 3234 4232 3409 4298; x_wconf 82' lang='lat' dir='ltr'><strong>enim,</strong></span> 
     </span>
    </p>
   </div>
   <div class='ocr_carea' id='block_1_87' title="bbox 1828 4322 3409 4395">
    <p class='ocr_par' dir='ltr' id='par_1_87' title="bbox 1828 4322 3409 4395">
     <span class='ocr_line' id='line_1_87' title="bbox 1828 4322 3409 4395; baseline 0.001 -18"><span class='ocrx_word' id='word_1_660' title='bbox 1828 4322 1970 4377; x_wconf 86' lang='lat' dir='ltr'><strong>sicut</strong></span> <span class='ocrx_word' id='word_1_661' title='bbox 2007 4322 2137 4377; x_wconf 87' lang='lat' dir='ltr'><strong>dicit</strong></span> <span class='ocrx_word' id='word_1_662' title='bbox 2170 4324 2471 4394; x_wconf 80' lang='lat' dir='ltr'><strong>Apostolus</strong></span> <span class='ocrx_word' id='word_1_663' title='bbox 2518 4323 2585 4391; x_wconf 80' lang='lat'><strong>“,</strong></span> <span class='ocrx_word' id='word_1_664' title='bbox 2639 4324 2890 4380; x_wconf 89' lang='lat' dir='ltr'><strong>velamen</strong></span> <span class='ocrx_word' id='word_1_665' title='bbox 2930 4333 3012 4380; x_wconf 88' lang='lat' dir='ltr'><strong>est</strong></span> <span class='ocrx_word' id='word_1_666' title='bbox 3065 4325 3300 4395; x_wconf 87' lang='lat' dir='ltr'><strong>positum</strong></span> <span class='ocrx_word' id='word_1_667' title='bbox 3354 4324 3409 4379; x_wconf 90' lang='lat' dir='ltr'><strong>in</strong></span> 
     </span>
    </p>
   </div>
   <div class='ocr_carea' id='block_1_88' title="bbox 1830 4415 3411 4488">
    <p class='ocr_par' dir='ltr' id='par_1_88' title="bbox 1830 4415 3411 4488">
     <span class='ocr_line' id='line_1_88' title="bbox 1830 4415 3411 4488; baseline 0.001 -20"><span class='ocrx_word' id='word_1_668' title='bbox 1830 4415 2061 4470; x_wconf 90' lang='lat' dir='ltr'><strong>lectione</strong></span> <span class='ocrx_word' id='word_1_669' title='bbox 2086 4416 2300 4472; x_wconf 84' lang='lat' dir='ltr'><strong>Veteris</strong></span> <span class='ocrx_word' id='word_1_670' title='bbox 2334 4416 2798 4474; x_wconf 61' lang='lat' dir='ltr'><strong>Testamentiziet</strong></span> <span class='ocrx_word' id='word_1_671' title='bbox 2823 4434 2966 4473; x_wconf 90' lang='lat' dir='ltr'><strong>nunc</strong></span> <span class='ocrx_word' id='word_1_672' title='bbox 2998 4417 3214 4481; x_wconf 71' lang='lat' dir='ltr'><strong>Moyses</strong></span> <span class='ocrx_word' id='word_1_673' title='bbox 3244 4416 3411 4488; x_wconf 84' lang='lat' dir='ltr'><strong>glori-</strong></span> 
     </span>
    </p>
   </div>
   <div class='ocr_carea' id='block_1_89' title="bbox 139 4503 3409 4582">
    <p class='ocr_par' dir='ltr' id='par_1_89' title="bbox 139 4503 3409 4582">
     <span class='ocr_line' id='line_1_89' title="bbox 139 4503 3409 4582; baseline 0.002 -26"><span class='ocrx_word' id='word_1_674' title='bbox 139 4504 279 4559; x_wconf 90' lang='lat' dir='ltr'><strong>omni</strong></span> <span class='ocrx_word' id='word_1_675' title='bbox 331 4506 755 4575; x_wconf 90' lang='lat' dir='ltr'><strong>inquinamento</strong></span> <span class='ocrx_word' id='word_1_676' title='bbox 799 4508 984 4561; x_wconf 88' lang='lat' dir='ltr'><strong>carnis</strong></span> <span class='ocrx_word' id='word_1_677' title='bbox 1027 4519 1080 4561; x_wconf 90' lang='lat' dir='ltr'><strong>et</strong></span> <span class='ocrx_word' id='word_1_678' title='bbox 1121 4510 1363 4577; x_wconf 82' lang='lat' dir='ltr'><strong>Spiritus.</strong></span> <span class='ocrx_word' id='word_1_679' title='bbox 1418 4510 1548 4577; x_wconf 73' lang='lat' dir='ltr'><strong>Quae</strong></span> <span class='ocrx_word' id='word_1_680' title='bbox 1586 4529 1717 4582; x_wconf 85' lang='lat' dir='ltr'><strong>ergo</strong></span> <span class='ocrx_word' id='word_1_681' title='bbox 1756 4503 1801 4557; x_wconf 86' lang='lat' dir='ltr'><strong>D</strong></span> <span class='ocrx_word' id='word_1_682' title='bbox 1834 4507 1993 4562; x_wconf 84' lang='lat' dir='ltr'><strong>ficato</strong></span> <span class='ocrx_word' id='word_1_683' title='bbox 2015 4507 2165 4562; x_wconf 91' lang='lat' dir='ltr'><strong>vultu</strong></span> <span class='ocrx_word' id='word_1_684' title='bbox 2198 4507 2461 4579; x_wconf 91' lang='lat' dir='ltr'><strong>loquitur,</strong></span> <span class='ocrx_word' id='word_1_685' title='bbox 2500 4510 2596 4564; x_wconf 89' lang='lat' dir='ltr'><strong>sed</strong></span> <span class='ocrx_word' id='word_1_686' title='bbox 2630 4509 2860 4579; x_wconf 88' lang='lat' dir='ltr'><strong>gloriam</strong></span> <span class='ocrx_word' id='word_1_687' title='bbox 2898 4524 3019 4578; x_wconf 70' lang='lat' dir='ltr'><strong>qua:</strong></span> <span class='ocrx_word' id='word_1_688' title='bbox 3052 4517 3137 4563; x_wconf 91' lang='lat' dir='ltr'><strong>est</strong></span> <span class='ocrx_word' id='word_1_689' title='bbox 3174 4508 3227 4561; x_wconf 90' lang='lat' dir='ltr'><strong>in</strong></span> <span class='ocrx_word' id='word_1_690' title='bbox 3260 4506 3409 4560; x_wconf 89' lang='lat' dir='ltr'><strong>vultu</strong></span> 
     </span>
    </p>
   </div>
   <div class='ocr_carea' id='block_1_90' title="bbox 140 4592 1723 4671">
    <p class='ocr_par' dir='ltr' id='par_1_90' title="bbox 140 4592 1723 4671">
     <span class='ocr_line' id='line_1_90' title="bbox 140 4592 1723 4671; baseline 0.006 -25"><span class='ocrx_word' id='word_1_691' title='bbox 140 4592 274 4649; x_wconf 90' lang='lat' dir='ltr'><strong>Deus</strong></span> <span class='ocrx_word' id='word_1_692' title='bbox 298 4598 615 4663; x_wconf 88' lang='lat' dir='ltr'><strong>mundavit,</strong></span> <span class='ocrx_word' id='word_1_693' title='bbox 649 4606 704 4651; x_wconf 90' lang='lat' dir='ltr'><strong>tu</strong></span> <span class='ocrx_word' id='word_1_694' title='bbox 741 4597 1016 4651; x_wconf 89' lang='lat' dir='ltr'><strong>immunda</strong></span> <span class='ocrx_word' id='word_1_695' title='bbox 1043 4614 1109 4652; x_wconf 88' lang='lat' dir='ltr'><strong>ne</strong></span> <span class='ocrx_word' id='word_1_696' title='bbox 1140 4599 1355 4657; x_wconf 85' lang='lat' dir='ltr'><strong>feceris.</strong></span> <span class='ocrx_word' id='word_1_697' title='bbox 1386 4602 1522 4656; x_wconf 87' lang='lat' dir='ltr'><strong>Audi</strong></span> <span class='ocrx_word' id='word_1_698' title='bbox 1554 4603 1723 4671; x_wconf 83' lang='lat' dir='ltr'><strong>igitur</strong></span> 
     </span>
    </p>
   </div>
   <div class='ocr_carea' id='block_1_91' title="bbox 136 4688 1722 4760">
    <p class='ocr_par' dir='ltr' id='par_1_91' title="bbox 136 4688 1722 4760">
     <span class='ocr_line' id='line_1_91' title="bbox 136 4688 1722 4760; baseline 0.006 -23"><span class='ocrx_word' id='word_1_699' title='bbox 136 4699 278 4741; x_wconf 90' lang='lat' dir='ltr'><strong>nunc</strong></span> <span class='ocrx_word' id='word_1_700' title='bbox 324 4696 383 4740; x_wconf 87' lang='lat' dir='ltr'><strong>et</strong></span> <span class='ocrx_word' id='word_1_701' title='bbox 424 4688 881 4743; x_wconf 82' lang='lat' dir='ltr'><strong>sanctificationis</strong></span> <span class='ocrx_word' id='word_1_702' title='bbox 937 4704 1107 4757; x_wconf 79' lang='lat' dir='ltr'><strong>genus</strong></span> <span class='ocrx_word' id='word_1_703' title='bbox 1150 4708 1210 4743; x_wconf 74' lang='grc' dir='ltr'><strong>τι</strong></span> <span class='ocrx_word' id='word_1_704' title='bbox 1243 4691 1317 4745; x_wconf 74' lang='lat' dir='ltr'><strong>Ne</strong></span> <span class='ocrx_word' id='word_1_705' title='bbox 1354 4695 1722 4760; x_wconf 80' lang='lat' dir='ltr'><strong>accesseritis,</strong></span> 
     </span>
    </p>
   </div>
   <div class='ocr_carea' id='block_1_92' title="bbox 136 4771 1722 4846">
    <p class='ocr_par' dir='ltr' id='par_1_92' title="bbox 136 4771 1722 4846">
     <span class='ocr_line' id='line_1_92' title="bbox 136 4771 1722 4846; baseline 0.008 -20"><span class='ocrx_word' id='word_1_706' title='bbox 136 4771 307 4843; x_wconf 91' lang='lat' dir='ltr'><strong>inquit</strong></span> <span class='ocrx_word' id='word_1_707' title='bbox 340 4775 413 4843; x_wconf 84' lang='grc'><strong>³⁵,</strong></span> <span class='ocrx_word' id='word_1_708' title='bbox 477 4776 545 4830; x_wconf 87' lang='lat' dir='ltr'><strong>ad</strong></span> <span class='ocrx_word' id='word_1_709' title='bbox 596 4777 877 4831; x_wconf 85' lang='lat' dir='ltr'><strong>mulierem</strong></span> <span class='ocrx_word' id='word_1_710' title='bbox 921 4777 1102 4842; x_wconf 86' lang='lat' dir='ltr'><strong>hodie,</strong></span> <span class='ocrx_word' id='word_1_711' title='bbox 1140 4789 1192 4833; x_wconf 90' lang='lat' dir='ltr'><strong>et</strong></span> <span class='ocrx_word' id='word_1_712' title='bbox 1216 4783 1482 4846; x_wconf 87' lang='lat' dir='ltr'><strong>crastina,</strong></span> <span class='ocrx_word' id='word_1_713' title='bbox 1527 4793 1585 4837; x_wconf 91' lang='lat' dir='ltr'><strong>ut</strong></span> <span class='ocrx_word' id='word_1_714' title='bbox 1633 4785 1722 4839; x_wconf 88' lang='lat' dir='ltr'><strong>die</strong></span> 
     </span>
    </p>
   </div>
   <div class='ocr_carea' id='block_1_93' title="bbox 144 4870 1723 4945">
    <p class='ocr_par' dir='ltr' id='par_1_93' title="bbox 144 4870 1723 4945">
     <span class='ocr_line' id='line_1_93' title="bbox 144 4870 1723 4945; baseline 0.008 -24"><span class='ocrx_word' id='word_1_715' title='bbox 144 4870 297 4924; x_wconf 83' lang='lat' dir='ltr'><strong>tertia</strong></span> <span class='ocrx_word' id='word_1_716' title='bbox 348 4872 595 4926; x_wconf 88' lang='lat' dir='ltr'><strong>audiatis</strong></span> <span class='ocrx_word' id='word_1_717' title='bbox 644 4875 869 4927; x_wconf 91' lang='lat' dir='ltr'><strong>verbum</strong></span> <span class='ocrx_word' id='word_1_718' title='bbox 934 4872 1048 4927; x_wconf 82' lang='lat' dir='ltr'><strong>Dei.</strong></span> <span class='ocrx_word' id='word_1_719' title='bbox 1092 4892 1111 4924; x_wconf 76' lang='grc' dir='ltr'><strong><em>ι</em></strong></span> <span class='ocrx_word' id='word_1_720' title='bbox 1166 4873 1280 4928; x_wconf 88' lang='lat' dir='ltr'><strong>Iloc</strong></span> <span class='ocrx_word' id='word_1_721' title='bbox 1341 4886 1423 4928; x_wconf 87' lang='lat' dir='ltr'><strong>est</strong></span> <span class='ocrx_word' id='word_1_722' title='bbox 1467 4877 1611 4945; x_wconf 93' lang='lat' dir='ltr'><strong>quod</strong></span> <span class='ocrx_word' id='word_1_723' title='bbox 1667 4888 1723 4932; x_wconf 91' lang='lat' dir='ltr'><strong>et</strong></span> 
     </span>
    </p>
   </div>
   <div class='ocr_carea' id='block_1_94' title="bbox 136 4960 1720 5029">
    <p class='ocr_par' dir='ltr' id='par_1_94' title="bbox 136 4960 1720 5029">
     <span class='ocr_line' id='line_1_94' title="bbox 136 4960 1720 5029; baseline 0.008 -17"><span class='ocrx_word' id='word_1_724' title='bbox 136 4960 435 5029; x_wconf 83' lang='lat' dir='ltr'><strong>Apostolus</strong></span> <span class='ocrx_word' id='word_1_725' title='bbox 472 4963 611 5019; x_wconf 90' lang='lat' dir='ltr'><strong>dicit</strong></span> <span class='ocrx_word' id='word_1_726' title='bbox 643 4963 726 5019; x_wconf 78' lang='lat'><strong>“:</strong></span> <span class='ocrx_word' id='word_1_727' title='bbox 769 4981 788 5015; x_wconf 70' lang='grc' dir='ltr'><strong><em>ι</em></strong></span> <span class='ocrx_word' id='word_1_728' title='bbox 818 4963 1023 5019; x_wconf 86' lang='lat' dir='ltr'><strong>Bonqu</strong></span> <span class='ocrx_word' id='word_1_729' title='bbox 1071 4975 1153 5020; x_wconf 88' lang='lat' dir='ltr'><strong>est</strong></span> <span class='ocrx_word' id='word_1_730' title='bbox 1193 4966 1401 5021; x_wconf 87' lang='lat' dir='ltr'><strong>homini</strong></span> <span class='ocrx_word' id='word_1_731' title='bbox 1441 4968 1720 5024; x_wconf 90' lang='lat' dir='ltr'><strong>mulierem</strong></span> 
     </span>
    </p>
   </div>
   <div class='ocr_carea' id='block_1_95' title="bbox 138 5056 1722 5133">
    <p class='ocr_par' dir='ltr' id='par_1_95' title="bbox 138 5056 1722 5133">
     <span class='ocr_line' id='line_1_95' title="bbox 138 5056 1722 5133; baseline 0.009 -29"><span class='ocrx_word' id='word_1_732' title='bbox 138 5067 240 5107; x_wconf 87' lang='lat' dir='ltr'><strong>non</strong></span> <span class='ocrx_word' id='word_1_733' title='bbox 286 5062 562 5126; x_wconf 88' lang='lat' dir='ltr'><strong>tangere;</strong></span> <span class='ocrx_word' id='word_1_734' title='bbox 595 5073 615 5107; x_wconf 69' lang='grc' dir='ltr'><strong><em>ι</em></strong></span> <span class='ocrx_word' id='word_1_735' title='bbox 641 5056 793 5112; x_wconf 90' lang='lat' dir='ltr'><strong>salvo</strong></span> <span class='ocrx_word' id='word_1_736' title='bbox 831 5065 1014 5112; x_wconf 90' lang='lat' dir='ltr'><strong>tamen</strong></span> <span class='ocrx_word' id='word_1_737' title='bbox 1071 5057 1312 5113; x_wconf 90' lang='lat' dir='ltr'><strong>remedio</strong></span> <span class='ocrx_word' id='word_1_738' title='bbox 1350 5058 1436 5114; x_wconf 88' lang='lat' dir='ltr'><strong>his</strong></span> <span class='ocrx_word' id='word_1_739' title='bbox 1482 5062 1573 5130; x_wconf 89' lang='lat' dir='ltr'><strong>qui</strong></span> <span class='ocrx_word' id='word_1_740' title='bbox 1624 5078 1722 5133; x_wconf 93' lang='lat' dir='ltr'><strong>pro</strong></span> 
     </span>
    </p>
   </div>
   <div class='ocr_carea' id='block_1_96' title="bbox 135 5147 1725 5221">
    <p class='ocr_par' dir='ltr' id='par_1_96' title="bbox 135 5147 1725 5221">
     <span class='ocr_line' id='line_1_96' title="bbox 135 5147 1725 5221; baseline 0.005 -20"><span class='ocrx_word' id='word_1_741' title='bbox 135 5147 462 5203; x_wconf 75' lang='lat' dir='ltr'><strong>inﬁrmitate</strong></span> <span class='ocrx_word' id='word_1_742' title='bbox 492 5164 586 5203; x_wconf 86' lang='lat' dir='ltr'><strong>sua</strong></span> <span class='ocrx_word' id='word_1_743' title='bbox 630 5151 872 5206; x_wconf 89' lang='lat' dir='ltr'><strong>remedio</strong></span> <span class='ocrx_word' id='word_1_744' title='bbox 904 5151 1152 5221; x_wconf 86' lang='lat' dir='ltr'><strong>indigent</strong></span> <span class='ocrx_word' id='word_1_745' title='bbox 1181 5152 1430 5218; x_wconf 87' lang='lat' dir='ltr'><strong>nuptiali.</strong></span> <span class='ocrx_word' id='word_1_746' title='bbox 1489 5153 1725 5210; x_wconf 82' lang='lat' dir='ltr'><strong>Verum-</strong></span> 
     </span>
    </p>
   </div>
   <div class='ocr_carea' id='block_1_97' title="bbox 138 5242 1721 5314">
    <p class='ocr_par' dir='ltr' id='par_1_97' title="bbox 138 5242 1721 5314">
     <span class='ocr_line' id='line_1_97' title="bbox 138 5242 1721 5314; baseline 0.008 -21"><span class='ocrx_word' id='word_1_747' title='bbox 138 5251 315 5295; x_wconf 84' lang='lat' dir='ltr'><strong>tamen</strong></span> <span class='ocrx_word' id='word_1_748' title='bbox 370 5242 666 5297; x_wconf 89' lang='lat' dir='ltr'><strong>consilium</strong></span> <span class='ocrx_word' id='word_1_749' title='bbox 722 5245 1012 5301; x_wconf 86' lang='lat' dir='ltr'><strong>audiamus</strong></span> <span class='ocrx_word' id='word_1_750' title='bbox 1061 5244 1305 5314; x_wconf 80' lang='lat' dir='ltr'><strong>Apostoli</strong></span> <span class='ocrx_word' id='word_1_751' title='bbox 1354 5245 1587 5302; x_wconf 88' lang='lat' dir='ltr'><strong>dicentis</strong></span> <span class='ocrx_word' id='word_1_752' title='bbox 1629 5247 1721 5305; x_wconf 72' lang='lat'><strong>’7:</strong></span> 
     </span>
    </p>
   </div>
   <div class='ocr_carea' id='block_1_98' title="bbox 1832 4599 3413 4671">
    <p class='ocr_par' dir='ltr' id='par_1_98' title="bbox 1832 4599 3413 4671">
     <span class='ocr_line' id='line_1_98' title="bbox 1832 4599 3413 4671; baseline -0.001 -18"><span class='ocrx_word' id='word_1_753' title='bbox 1832 4599 1949 4669; x_wconf 90' lang='lat' dir='ltr'><strong>ejus</strong></span> <span class='ocrx_word' id='word_1_754' title='bbox 1988 4614 2096 4655; x_wconf 90' lang='lat' dir='ltr'><strong>non</strong></span> <span class='ocrx_word' id='word_1_755' title='bbox 2122 4616 2410 4671; x_wconf 90' lang='lat' dir='ltr'><strong>possumus</strong></span> <span class='ocrx_word' id='word_1_756' title='bbox 2447 4601 2674 4656; x_wconf 90' lang='lat' dir='ltr'><strong>intueri.</strong></span> <span class='ocrx_word' id='word_1_757' title='bbox 2708 4599 2919 4655; x_wconf 87' lang='lat' dir='ltr'><strong>Idcirco</strong></span> <span class='ocrx_word' id='word_1_758' title='bbox 2955 4608 3133 4654; x_wconf 88' lang='lat' dir='ltr'><strong>autem</strong></span> <span class='ocrx_word' id='word_1_759' title='bbox 3162 4615 3267 4653; x_wconf 94' lang='lat' dir='ltr'><strong>non</strong></span> <span class='ocrx_word' id='word_1_760' title='bbox 3296 4614 3413 4669; x_wconf 69' lang='lat' dir='ltr'><strong>pes-</strong></span> 
     </span>
    </p>
   </div>
   <div class='ocr_carea' id='block_1_99' title="bbox 1832 4690 3408 4762">
    <p class='ocr_par' dir='ltr' id='par_1_99' title="bbox 1832 4690 3408 4762">
     <span class='ocr_line' id='line_1_99' title="bbox 1832 4690 3408 4762; baseline -0.003 -16"><span class='ocrx_word' id='word_1_761' title='bbox 1832 4707 2043 4757; x_wconf 88' lang='lat' dir='ltr'><strong>sumus,</strong></span> <span class='ocrx_word' id='word_1_762' title='bbox 2078 4693 2205 4762; x_wconf 89' lang='lat' dir='ltr'><strong>quia</strong></span> <span class='ocrx_word' id='word_1_763' title='bbox 2236 4693 2417 4746; x_wconf 90' lang='lat' dir='ltr'><strong>adhuc</strong></span> <span class='ocrx_word' id='word_1_764' title='bbox 2466 4691 2698 4762; x_wconf 80' lang='lat' dir='ltr'><strong>pepulus</strong></span> <span class='ocrx_word' id='word_1_765' title='bbox 2742 4708 2950 4755; x_wconf 90' lang='lat' dir='ltr'><strong>sumus,</strong></span> <span class='ocrx_word' id='word_1_766' title='bbox 2987 4700 3039 4745; x_wconf 88' lang='lat' dir='ltr'><strong>et</strong></span> <span class='ocrx_word' id='word_1_767' title='bbox 3064 4691 3198 4745; x_wconf 92' lang='lat' dir='ltr'><strong>nihil</strong></span> <span class='ocrx_word' id='word_1_768' title='bbox 3223 4690 3408 4753; x_wconf 88' lang='lat' dir='ltr'><strong>studii,</strong></span> 
     </span>
    </p>
   </div>
   <div class='ocr_carea' id='block_1_100' title="bbox 1833 4778 3412 4853">
    <p class='ocr_par' dir='ltr' id='par_1_100' title="bbox 1833 4778 3412 4853">
     <span class='ocr_line' id='line_1_100' title="bbox 1833 4778 3412 4853; baseline -0.004 -15"><span class='ocrx_word' id='word_1_769' title='bbox 1833 4783 1969 4838; x_wconf 91' lang='lat' dir='ltr'><strong>nihil</strong></span> <span class='ocrx_word' id='word_1_770' title='bbox 1997 4784 2196 4848; x_wconf 91' lang='lat' dir='ltr'><strong>meriti,</strong></span> <span class='ocrx_word' id='word_1_771' title='bbox 2230 4782 2517 4853; x_wconf 87' lang='lat' dir='ltr'><strong>plusquam</strong></span> <span class='ocrx_word' id='word_1_772' title='bbox 2550 4783 2757 4851; x_wconf 88' lang='lat' dir='ltr'><strong>reliqua</strong></span> <span class='ocrx_word' id='word_1_773' title='bbox 2786 4781 2962 4851; x_wconf 89' lang='lat' dir='ltr'><strong>plebs,</strong></span> <span class='ocrx_word' id='word_1_774' title='bbox 2990 4783 3273 4835; x_wconf 83' lang='lat' dir='ltr'><strong>habemus.</strong></span> <span class='ocrx_word' id='word_1_775' title='bbox 3308 4778 3412 4833; x_wconf 83' lang='lat' dir='ltr'><strong>Ve-</strong></span> 
     </span>
    </p>
   </div>
   <div class='ocr_carea' id='block_1_101' title="bbox 1831 4874 3409 4946">
    <p class='ocr_par' dir='ltr' id='par_1_101' title="bbox 1831 4874 3409 4946">
     <span class='ocr_line' id='line_1_101' title="bbox 1831 4874 3409 4946; baseline -0.004 -12"><span class='ocrx_word' id='word_1_776' title='bbox 1831 4895 1951 4935; x_wconf 88' lang='lat' dir='ltr'><strong>rum</strong></span> <span class='ocrx_word' id='word_1_777' title='bbox 1977 4878 2101 4946; x_wconf 92' lang='lat' dir='ltr'><strong>quia</strong></span> <span class='ocrx_word' id='word_1_778' title='bbox 2134 4878 2265 4930; x_wconf 89' lang='lat' dir='ltr'><strong>dicit</strong></span> <span class='ocrx_word' id='word_1_779' title='bbox 2288 4883 2509 4930; x_wconf 86' lang='lat' dir='ltr'><strong>sanctus</strong></span> <span class='ocrx_word' id='word_1_780' title='bbox 2539 4876 2827 4945; x_wconf 81' lang='lat' dir='ltr'><strong>ApOStolus</strong></span> <span class='ocrx_word' id='word_1_781' title='bbox 2861 4892 2875 4930; x_wconf 91' lang='lat'><strong>:</strong></span> <span class='ocrx_word' id='word_1_782' title='bbox 2910 4894 2930 4927; x_wconf 73' lang='grc' dir='ltr'><strong><em>ι</em></strong></span> <span class='ocrx_word' id='word_1_783' title='bbox 2957 4874 3191 4946; x_wconf 87' lang='lat' dir='ltr'><strong>ldipsum</strong></span> <span class='ocrx_word' id='word_1_784' title='bbox 3230 4882 3409 4928; x_wconf 87' lang='lat' dir='ltr'><strong>autem</strong></span> 
     </span>
    </p>
   </div>
   <div class='ocr_carea' id='block_1_102' title="bbox 1824 4956 3405 5029">
    <p class='ocr_par' dir='ltr' id='par_1_102' title="bbox 1824 4956 3405 5029">
     <span class='ocr_line' id='line_1_102' title="bbox 1824 4956 3405 5029; baseline -0.004 -8"><span class='ocrx_word' id='word_1_785' title='bbox 1824 4956 2069 5023; x_wconf 85' lang='lat' dir='ltr'><strong>velamen</strong></span> <span class='ocrx_word' id='word_1_786' title='bbox 2120 4967 2173 5022; x_wconf 94' lang='lat' dir='ltr'><strong>in</strong></span> <span class='ocrx_word' id='word_1_787' title='bbox 2218 4968 2454 5022; x_wconf 90' lang='lat' dir='ltr'><strong>lectione</strong></span> <span class='ocrx_word' id='word_1_788' title='bbox 2502 4963 2713 5019; x_wconf 85' lang='lat' dir='ltr'><strong>Veteris</strong></span> <span class='ocrx_word' id='word_1_789' title='bbox 2750 4964 3085 5021; x_wconf 80' lang='lat' dir='ltr'><strong>Testanienti</strong></span> <span class='ocrx_word' id='word_1_790' title='bbox 3130 4972 3347 5029; x_wconf 90' lang='lat' dir='ltr'><strong>manet,</strong></span> <span class='ocrx_word' id='word_1_791' title='bbox 3384 4981 3405 5015; x_wconf 72' lang='grc' dir='ltr'><strong><em>ι</em></strong></span> 
     </span>
    </p>
   </div>
   <div class='ocr_carea' id='block_1_103' title="bbox 1829 5055 3410 5131">
    <p class='ocr_par' dir='ltr' id='par_1_103' title="bbox 1829 5055 3410 5131">
     <span class='ocr_line' id='line_1_103' title="bbox 1829 5055 3410 5131; baseline -0.004 -15"><span class='ocrx_word' id='word_1_792' title='bbox 1829 5070 2139 5131; x_wconf 87' lang='lat' dir='ltr'><strong>amputaret</strong></span> <span class='ocrx_word' id='word_1_793' title='bbox 2174 5061 2334 5115; x_wconf 89' lang='lat' dir='ltr'><strong>nobis</strong></span> <span class='ocrx_word' id='word_1_794' title='bbox 2356 5075 2572 5115; x_wconf 87' lang='lat' dir='ltr'><strong>onmem</strong></span> <span class='ocrx_word' id='word_1_795' title='bbox 2600 5059 2973 5130; x_wconf 83' lang='lat' dir='ltr'><strong>intelligentiae</strong></span> <span class='ocrx_word' id='word_1_796' title='bbox 2999 5073 3150 5128; x_wconf 86' lang='lat' dir='ltr'><strong>spent</strong></span> <span class='ocrx_word' id='word_1_797' title='bbox 3178 5055 3317 5111; x_wconf 91' lang='lat' dir='ltr'><strong>tanti</strong></span> <span class='ocrx_word' id='word_1_798' title='bbox 3352 5063 3410 5110; x_wconf 88' lang='lat' dir='ltr'><strong>et</strong></span> 
     </span>
    </p>
   </div>
   <div class='ocr_carea' id='block_1_104' title="bbox 1829 5148 3410 5224">
    <p class='ocr_par' dir='ltr' id='par_1_104' title="bbox 1829 5148 3410 5224">
     <span class='ocr_line' id='line_1_104' title="bbox 1829 5148 3410 5224; baseline -0.008 -10"><span class='ocrx_word' id='word_1_799' title='bbox 1829 5156 1953 5214; x_wconf 88' lang='lat' dir='ltr'><strong>talis</strong></span> <span class='ocrx_word' id='word_1_800' title='bbox 1985 5154 2227 5224; x_wconf 85' lang='lat' dir='ltr'><strong>Apostoli</strong></span> <span class='ocrx_word' id='word_1_801' title='bbox 2268 5152 2481 5221; x_wconf 89' lang='lat' dir='ltr'><strong>prolata</strong></span> <span class='ocrx_word' id='word_1_802' title='bbox 2513 5152 2787 5207; x_wconf 90' lang='lat' dir='ltr'><strong>sententia</strong></span> <span class='ocrx_word' id='word_1_803' title='bbox 2811 5192 2828 5218; x_wconf 94' lang='lat'><strong>,</strong></span> <span class='ocrx_word' id='word_1_804' title='bbox 2856 5152 2959 5206; x_wconf 89' lang='lat' dir='ltr'><strong>nisi</strong></span> <span class='ocrx_word' id='word_1_805' title='bbox 2987 5150 3285 5205; x_wconf 89' lang='lat' dir='ltr'><strong>addidisset</strong></span> <span class='ocrx_word' id='word_1_806' title='bbox 3315 5148 3360 5180; x_wconf 76' lang='lat'><strong>“</strong></span> <span class='ocrx_word' id='word_1_807' title='bbox 3395 5165 3410 5201; x_wconf 88' lang='lat'><strong>:</strong></span> 
     </span>
    </p>
   </div>
   <div class='ocr_carea' id='block_1_105' title="bbox 1834 5242 3411 5318">
    <p class='ocr_par' dir='ltr' id='par_1_105' title="bbox 1834 5242 3411 5318">
     <span class='ocr_line' id='line_1_105' title="bbox 1834 5242 3411 5318; baseline -0.008 -13"><span class='ocrx_word' id='word_1_808' title='bbox 1834 5251 2009 5306; x_wconf 64' lang='lat' dir='ltr'><strong>«Cum</strong></span> <span class='ocrx_word' id='word_1_809' title='bbox 2049 5258 2228 5303; x_wconf 87' lang='lat' dir='ltr'><strong>autem</strong></span> <span class='ocrx_word' id='word_1_810' title='bbox 2286 5248 2408 5318; x_wconf 90' lang='lat' dir='ltr'><strong>quis</strong></span> <span class='ocrx_word' id='word_1_811' title='bbox 2441 5261 2739 5302; x_wconf 89' lang='lat' dir='ltr'><strong>conversus</strong></span> <span class='ocrx_word' id='word_1_812' title='bbox 2766 5244 3042 5316; x_wconf 19' lang='lat' dir='ltr'><strong>fucritgad</strong></span> <span class='ocrx_word' id='word_1_813' title='bbox 3094 5242 3411 5306; x_wconf 86' lang='lat' dir='ltr'><strong>Dominum,</strong></span> 
     </span>
    </p>
   </div>
   <div class='ocr_carea' id='block_1_106' title="bbox 199 5362 1722 5463">
    <p class='ocr_par' dir='ltr' id='par_1_106' title="bbox 199 5362 1713 5463">
     <span class='ocr_line' id='line_1_106' title="bbox 199 5362 1713 5463; baseline 0.009 -28"><span class='ocrx_word' id='word_1_814' title='bbox 199 5382 449 5463; x_wconf 47' lang='lat' dir='ltr'><strong>tNum.</strong></span> <span class='ocrx_word' id='word_1_815' title='bbox 482 5386 664 5463; x_wconf 53' lang='grc' dir='ltr'><strong>κιμξν.Δ</strong></span> <span class='ocrx_word' id='word_1_816' title='bbox 726 5384 956 5463; x_wconf 79' lang='lat' dir='ltr'><strong>&#39;°__Ron_i.</strong></span> <span class='ocrx_word' id='word_1_817' title='bbox 980 5402 1077 5442; x_wconf 87' lang='lat' dir='ltr'><strong>vn.</strong></span> <span class='ocrx_word' id='word_1_818' title='bbox 1148 5362 1588 5463; x_wconf 37' lang='lat' dir='ltr'><strong>“_Heb_r_.t_r,&#39;l9.</strong></span> <span class='ocrx_word' id='word_1_819' title='bbox 1668 5394 1713 5425; x_wconf 80' lang='grc'><strong>³²</strong></span> 
     </span>
    </p>
   </div>
   <div class='ocr_carea' id='block_1_107' title="bbox 1830 5362 3409 5463">
    <p class='ocr_par' dir='ltr' id='par_1_107' title="bbox 1830 5377 3409 5463">
     <span class='ocr_line' id='line_1_107' title="bbox 1830 5377 3409 5463; baseline -0.012 -12"><span class='ocrx_word' id='word_1_820' title='bbox 1830 5396 1906 5452; x_wconf 75' lang='lat' dir='ltr'><strong>3d.</strong></span> <span class='ocrx_word' id='word_1_821' title='bbox 1929 5411 1993 5463; x_wconf 69' lang='lat' dir='ltr'><strong>&#39;x,</strong></span> <span class='ocrx_word' id='word_1_822' title='bbox 2026 5395 2113 5458; x_wconf 81' lang='lat' dir='ltr'><strong>l0,</strong></span> <span class='ocrx_word' id='word_1_823' title='bbox 2142 5392 2229 5463; x_wconf 70' lang='lat' dir='ltr'><strong>II.</strong></span> <span class='ocrx_word' id='word_1_824' title='bbox 2278 5392 2353 5463; x_wconf 22' lang='lat' dir='ltr'><strong>ﬂ”</strong></span> <span class='ocrx_word' id='word_1_825' title='bbox 2381 5388 2571 5445; x_wconf 76' lang='lat' dir='ltr'><strong>Matth.</strong></span> <span class='ocrx_word' id='word_1_826' title='bbox 2603 5387 2857 5463; x_wconf 20' lang='lat'><strong>3411,92.</strong></span> <span class='ocrx_word' id='word_1_827' title='bbox 2883 5386 2980 5463; x_wconf 75' lang='lat'><strong>__“</strong></span> <span class='ocrx_word' id='word_1_828' title='bbox 3007 5383 3183 5463; x_wconf 65' lang='lat' dir='ltr'><strong>Eccle.</strong></span> <span class='ocrx_word' id='word_1_829' title='bbox 3212 5396 3286 5444; x_wconf 84' lang='lat' dir='ltr'><strong>Ix,</strong></span> <span class='ocrx_word' id='word_1_830' title='bbox 3315 5377 3409 5463; x_wconf 49' lang='grc' dir='ltr'><strong>ἔρ.</strong></span> 
     </span>
    </p>
   </div>
   <div class='ocr_carea' id='block_1_108' title="bbox 126 5449 1252 5523">
    <p class='ocr_par' dir='ltr' id='par_1_108' title="bbox 126 5449 1252 5523">
     <span class='ocr_line' id='line_1_108' title="bbox 126 5449 1252 5523; baseline 0.004 -16"><span class='ocrx_word' id='word_1_831' title='bbox 126 5449 170 5523; x_wconf 58' lang='grc' dir='ltr'><strong>ξ³</strong></span> <span class='ocrx_word' id='word_1_832' title='bbox 213 5452 391 5508; x_wconf 83' lang='lat' dir='ltr'><strong>Exod.</strong></span> <span class='ocrx_word' id='word_1_833' title='bbox 442 5449 574 5518; x_wconf 52' lang='grc' dir='ltr'><strong>χιι(</strong></span> <span class='ocrx_word' id='word_1_834' title='bbox 601 5457 688 5512; x_wconf 83' lang='grc'><strong>15.</strong></span> <span class='ocrx_word' id='word_1_835' title='bbox 765 5458 810 5488; x_wconf 75' lang='grc'>³⁸</span> <span class='ocrx_word' id='word_1_836' title='bbox 850 5458 1022 5513; x_wconf 89' lang='lat' dir='ltr'><strong>lCor.</strong></span> <span class='ocrx_word' id='word_1_837' title='bbox 1066 5473 1163 5523; x_wconf 84' lang='lat' dir='ltr'><strong>vlt,</strong></span> <span class='ocrx_word' id='word_1_838' title='bbox 1199 5459 1252 5511; x_wconf 87' lang='grc'><strong>1.</strong></span> 
     </span>
    </p>
   </div>
   <div class='ocr_carea' id='block_1_109' title="bbox 126 5520 1108 5596">
    <p class='ocr_par' dir='ltr' id='par_1_109' title="bbox 126 5520 1108 5596">
     <span class='ocr_line' id='line_1_109' title="bbox 126 5520 1108 5596; baseline 0.005 -18"><span class='ocrx_word' id='word_1_839' title='bbox 126 5520 171 5554; x_wconf 78' lang='grc'><strong>⁴³</strong></span> <span class='ocrx_word' id='word_1_840' title='bbox 211 5524 349 5581; x_wconf 82' lang='lat' dir='ltr'><strong>ibid.</strong></span> <span class='ocrx_word' id='word_1_841' title='bbox 393 5525 494 5580; x_wconf 77' lang='grc'><strong>54.</strong></span> <span class='ocrx_word' id='word_1_842' title='bbox 592 5528 634 5558; x_wconf 73' lang='grc'><strong>⁸⁸</strong></span> <span class='ocrx_word' id='word_1_843' title='bbox 675 5526 721 5581; x_wconf 89' lang='lat' dir='ltr'><strong>Il</strong></span> <span class='ocrx_word' id='word_1_844' title='bbox 766 5526 892 5584; x_wconf 86' lang='lat' dir='ltr'><strong>Cor.</strong></span> <span class='ocrx_word' id='word_1_845' title='bbox 938 5544 1017 5596; x_wconf 85' lang='lat' dir='ltr'><strong>Ill,</strong></span> <span class='ocrx_word' id='word_1_846' title='bbox 1055 5528 1108 5583; x_wconf 92' lang='lat'><strong>7.</strong></span> 
     </span>
    </p>
   </div>
   <div class='ocr_carea' id='block_1_110' title="bbox 223 5641 1712 5712">
    <p class='ocr_par' dir='ltr' id='par_1_110' title="bbox 223 5641 1712 5712">
     <span class='ocr_line' id='line_1_110' title="bbox 223 5641 1712 5712; baseline 0.006 -16"><span class='ocrx_word' id='word_1_847' title='bbox 223 5641 318 5712; x_wconf 73' lang='grc'><strong>74)</strong></span> <span class='ocrx_word' id='word_1_848' title='bbox 365 5641 536 5709; x_wconf 82' lang='lat' dir='ltr'><strong>Mss.,</strong></span> <span class='ocrx_word' id='word_1_849' title='bbox 571 5646 919 5703; x_wconf 65' lang='lat' dir='ltr'><strong>«introiret.»</strong></span> <span class='ocrx_word' id='word_1_850' title='bbox 956 5646 1100 5702; x_wconf 86' lang='lat' dir='ltr'><strong>Editi</strong></span> <span class='ocrx_word' id='word_1_851' title='bbox 1130 5647 1287 5711; x_wconf 90' lang='lat' dir='ltr'><strong>libb.,</strong></span> <span class='ocrx_word' id='word_1_852' title='bbox 1321 5664 1340 5698; x_wconf 73' lang='grc' dir='ltr'>ι</span> <span class='ocrx_word' id='word_1_853' title='bbox 1371 5647 1665 5707; x_wconf 89' lang='lat' dir='ltr'><strong>introierit.</strong></span> <span class='ocrx_word' id='word_1_854' title='bbox 1692 5670 1712 5705; x_wconf 75' lang='grc' dir='ltr'><strong><em>ι</em></strong></span> 
     </span>
    </p>
   </div>
   <div class='ocr_carea' id='block_1_111' title="bbox 128 5712 1721 5839">
    <p class='ocr_par' dir='ltr' id='par_1_111' title="bbox 128 5712 1721 5839">
     <span class='ocr_line' id='line_1_111' title="bbox 128 5712 1721 5839; baseline -0.006 -67"><span class='ocrx_word' id='word_1_855' title='bbox 128 5712 317 5839; x_wconf 49' lang='grc' dir='ltr'><strong>ωιξίὄζ</strong></span> <span class='ocrx_word' id='word_1_856' title='bbox 349 5713 519 5779; x_wconf 83' lang='lat' dir='ltr'><strong>Mss.,</strong></span> <span class='ocrx_word' id='word_1_857' title='bbox 556 5735 573 5770; x_wconf 74' lang='grc' dir='ltr'>ι</span> <span class='ocrx_word' id='word_1_858' title='bbox 599 5715 981 5775; x_wconf 88' lang='lat' dir='ltr'><strong>deformatum.</strong></span> <span class='ocrx_word' id='word_1_859' title='bbox 1006 5737 1026 5773; x_wconf 75' lang='grc' dir='ltr'><strong><em>ι</em></strong></span> <span class='ocrx_word' id='word_1_860' title='bbox 1064 5718 1221 5776; x_wconf 86' lang='lat' dir='ltr'><strong>Libb.</strong></span> <span class='ocrx_word' id='word_1_861' title='bbox 1248 5717 1416 5800; x_wconf 87' lang='lat' dir='ltr'><strong>editi,</strong></span> <span class='ocrx_word' id='word_1_862' title='bbox 1447 5737 1487 5801; x_wconf 17' lang='grc' dir='ltr'><strong>ἢ(</strong></span> <span class='ocrx_word' id='word_1_863' title='bbox 1516 5720 1721 5780; x_wconf 88' lang='lat' dir='ltr'><strong>forma-</strong></span> 
     </span>
    </p>
   </div>
   <div class='ocr_carea' id='block_1_112' title="bbox 1329 5458 2110 5531">
    <p class='ocr_par' dir='ltr' id='par_1_112' title="bbox 1329 5458 2110 5531">
     <span class='ocr_line' id='line_1_112' title="bbox 1329 5458 2110 5531; baseline 0.008 -19"><span class='ocrx_word' id='word_1_864' title='bbox 1329 5458 1372 5489; x_wconf 84' lang='grc'><strong>³⁷</strong></span> <span class='ocrx_word' id='word_1_865' title='bbox 1400 5459 1426 5531; x_wconf 90' lang='lat' dir='ltr'><strong>_I</strong></span> <span class='ocrx_word' id='word_1_866' title='bbox 1462 5462 1587 5515; x_wconf 77' lang='lat' dir='ltr'><strong>Cor.</strong></span> <span class='ocrx_word' id='word_1_867' title='bbox 1617 5479 1714 5528; x_wconf 85' lang='lat' dir='ltr'><strong>vn,</strong></span> <span class='ocrx_word' id='word_1_868' title='bbox 1757 5467 1849 5531; x_wconf 72' lang='lat'><strong>29,</strong></span> <span class='ocrx_word' id='word_1_869' title='bbox 1888 5458 1989 5528; x_wconf 74' lang='lat'><strong>30,</strong></span> <span class='ocrx_word' id='word_1_870' title='bbox 2022 5465 2110 5518; x_wconf 78' lang='grc'><strong>31.</strong></span> 
     </span>
    </p>
   </div>
   <div class='ocr_carea' id='block_1_113' title="bbox 1188 5527 2201 5599">
    <p class='ocr_par' dir='ltr' id='par_1_113' title="bbox 1188 5527 2201 5599">
     <span class='ocr_line' id='line_1_113' title="bbox 1188 5527 2201 5599; baseline 0.006 -17"><span class='ocrx_word' id='word_1_871' title='bbox 1188 5528 1232 5559; x_wconf 68' lang='grc'>⁸³</span> <span class='ocrx_word' id='word_1_872' title='bbox 1284 5527 1329 5583; x_wconf 92' lang='lat' dir='ltr'><strong>ll</strong></span> <span class='ocrx_word' id='word_1_873' title='bbox 1386 5529 1512 5586; x_wconf 87' lang='lat' dir='ltr'><strong>Cor.</strong></span> <span class='ocrx_word' id='word_1_874' title='bbox 1550 5547 1633 5599; x_wconf 87' lang='lat' dir='ltr'><strong>nt,</strong></span> <span class='ocrx_word' id='word_1_875' title='bbox 1678 5536 1767 5593; x_wconf 77' lang='grc'><strong>14.</strong></span> <span class='ocrx_word' id='word_1_876' title='bbox 1835 5527 1891 5571; x_wconf 70' lang='grc'><strong>’⁸³</strong></span> <span class='ocrx_word' id='word_1_877' title='bbox 1938 5527 2070 5592; x_wconf 86' lang='lat' dir='ltr'><strong>ibid.</strong></span> <span class='ocrx_word' id='word_1_878' title='bbox 2113 5533 2201 5589; x_wconf 87' lang='grc'><strong>16.</strong></span> 
     </span>
    </p>
   </div>
   <div class='ocr_carea' id='block_1_114' title="bbox 2190 5450 3409 5526">
    <p class='ocr_par' dir='ltr' id='par_1_114' title="bbox 2190 5450 3409 5526">
     <span class='ocr_line' id='line_1_114' title="bbox 2190 5450 3409 5526; baseline -0.008 -8"><span class='ocrx_word' id='word_1_879' title='bbox 2190 5461 2235 5494; x_wconf 81' lang='grc'><em>³³</em></span> <span class='ocrx_word' id='word_1_880' title='bbox 2270 5461 2461 5518; x_wconf 87' lang='lat' dir='ltr'><strong>Matth.</strong></span> <span class='ocrx_word' id='word_1_881' title='bbox 2505 5477 2579 5526; x_wconf 77' lang='lat' dir='ltr'><strong>vr,</strong></span> <span class='ocrx_word' id='word_1_882' title='bbox 2630 5450 2765 5515; x_wconf 37' lang='lat'><strong>10.&quot;</strong></span> <span class='ocrx_word' id='word_1_883' title='bbox 2796 5458 2839 5490; x_wconf 81' lang='grc'><strong>³⁹</strong></span> <span class='ocrx_word' id='word_1_884' title='bbox 2881 5456 3053 5513; x_wconf 83' lang='lat' dir='ltr'><strong>Exod.</strong></span> <span class='ocrx_word' id='word_1_885' title='bbox 3091 5450 3409 5521; x_wconf 72' lang='lat' dir='ltr'><strong>xxxiv,._50.</strong></span> 
     </span>
    </p>
   </div>
   <div class='ocr_carea' id='block_1_115' title="bbox 1901 5640 3408 5726">
    <p class='ocr_par' dir='ltr' id='par_1_115' title="bbox 1901 5640 3408 5726">
     <span class='ocr_line' id='line_1_115' title="bbox 1901 5640 3408 5726; baseline -0.005 -20"><span class='ocrx_word' id='word_1_886' title='bbox 1901 5653 2014 5726; x_wconf 76' lang='lat'><strong>(76)</strong></span> <span class='ocrx_word' id='word_1_887' title='bbox 2057 5651 2252 5726; x_wconf 81' lang='lat' dir='ltr'><strong>Notam</strong></span> <span class='ocrx_word' id='word_1_888' title='bbox 2276 5642 2460 5709; x_wconf 78' lang='lat' dir='ltr'><strong>cerdis</strong></span> <span class='ocrx_word' id='word_1_889' title='bbox 2493 5648 2716 5726; x_wconf 60' lang='lat' dir='ltr'><strong>obtusi]</strong></span> <span class='ocrx_word' id='word_1_890' title='bbox 2752 5646 2832 5726; x_wconf 69' lang='lat' dir='ltr'><strong>sic</strong></span> <span class='ocrx_word' id='word_1_891' title='bbox 2862 5658 2993 5702; x_wconf 85' lang='lat' dir='ltr'><strong>mss.</strong></span> <span class='ocrx_word' id='word_1_892' title='bbox 3042 5640 3193 5700; x_wconf 84' lang='lat' dir='ltr'><strong>Libri</strong></span> <span class='ocrx_word' id='word_1_893' title='bbox 3226 5645 3408 5699; x_wconf 82' lang='lat' dir='ltr'><strong>autem</strong></span> 
     </span>
    </p>
   </div>
   <div class='ocr_carea' id='block_1_116' title="bbox 1828 5718 2833 5789">
    <p class='ocr_par' dir='ltr' id='par_1_116' title="bbox 1828 5718 2833 5789">
     <span class='ocr_line' id='line_1_116' title="bbox 1828 5718 2833 5789; baseline -0.015 -5"><span class='ocrx_word' id='word_1_894' title='bbox 1828 5718 2036 5789; x_wconf 53' lang='lat' dir='ltr'><strong>editijc</strong></span> <span class='ocrx_word' id='word_1_895' title='bbox 2058 5724 2306 5782; x_wconf 89' lang='lat' dir='ltr'><strong>velamen</strong></span> <span class='ocrx_word' id='word_1_896' title='bbox 2344 5722 2526 5781; x_wconf 87' lang='lat' dir='ltr'><strong>obtusi</strong></span> <span class='ocrx_word' id='word_1_897' title='bbox 2562 5718 2787 5777; x_wconf 84' lang='lat' dir='ltr'><strong>cordis?</strong></span> <span class='ocrx_word' id='word_1_898' title='bbox 2812 5735 2833 5769; x_wconf 77' lang='grc' dir='ltr'><strong><em>ι</em></strong></span> 
     </span>
    </p>
   </div>
  </div>
