3876 6504
514 316 625 374 383

1962 309 2287 372 ORIGENIS

3637 305 3722 361 εει

513 433 794 488 auferetur
865 433 1136 490 velamen.
1164 452 1185 486 ι
1266 434 1434 506 igitur
1504 449 1728 492 causam
1800 435 2081 490 auferendi
2114 432 2158 489 Α
2191 427 2245 483 Si
2275 426 2415 482 enim
2448 423 2646 494 ille'qui
2685 423 2857 488 adest,
2887 421 2976 493 qui
3009 421 3181 484 audit.
3209 429 3266 478 et
3315 421 3548 477 intentus
3570 428 3662 485 est,
3680 433 3723 475 et

514 524 820 589 velaminis,
882 527 1298 582 conversionem
1366 538 1608 583 noStram
1674 541 1796 584 esse
1848 527 1976 583 dicit
2020 525 2088 580 ad

514 610 824 668 Dominum.
879 614 956 669 Ex
1000 629 1106 685 quo
1147 617 1454 686 colligenda
1488 630 1615 674 sunt
1659 619 1816 674 nobis
1858 618 2085 682 indicia,

511 704 655 771 quod
702 704 875 760 donec
918 706 1161 777 legentes
1217 709 1531 780 Scripturas
1569 710 1783 766 divinas
1819 711 1945 764 latet
1990 726 2089 765 nos

513 791 840 862 intellectus,
873 798 1042 854 donec
1070 799 1302 855 obscura
1331 811 1455 855 sunt
1482 802 1641 856 nobis
1671 811 1724 857 et
1757 802 1939 856 clausa
1970 817 2088 870 qua:

511 882 714 952 scripta
739 894 887 952 sunt,
923 890 1160 944 nondum
1193 892 1443 946 conversi
1470 894 1534 947 ad
1561 895 1846 948 Dominum
1876 909 2082 949 sumus.

511 971 568 1028 Si
600 975 744 1028 enim
773 979 1019 1033 conversi
1045 994 1288 1037 essemus
1329 983 1393 1036 ad
1425 985 1738 1052 Dominum,
1767 987 1888 1041 sine
1923 986 2084 1041 dubio

509 1063 824 1120 auferretur
859 1067 1127 1124 velamen.

577 1153 631 1207 2.
666 1155 772 1211 Sed
802 1167 858 1212 et
895 1157 995 1213 hoc
1029 1161 1202 1230 ipsum
1241 1166 1492 1220 converti
1515 1167 1580 1221 ad
1616 1167 1897 1222 Dominum
1925 1169 2084 1240 quale

509 1246 580 1302 sit
606 1246 905 1303 videamus.
942 1250 1007 1304 Et
1044 1263 1102 1306 ut
1135 1254 1444 1311 evidentius
1474 1258 1614 1312 scire
1646 1261 1922 1327 possimus
1951 1261 2080 1328 quid

505 1335 576 1389 sit
609 1351 919 1402 conversus,
965 1342 1257 1398 dicendum
1296 1333 1454 1401 nobis
1485 1347 1598 1418 (77)
1646 1349 1798 1418 prius
1837 1361 1919 1404 est
1950 1353 2077 1421 quid

505 1425 576 1477 sit
606 1440 850 1482 aversus.
886 1429 1074 1486 Omnis
1106 1436 1220 1502 qui,
1248 1449 1371 1490 cum
1407 1439 1704 1492 recitantur
1731 1441 1888 1494 verba
1923 1440 2074 1510 legis,

503 1517 881 1572 communibus
908 1520 1106 1575 fabulis
1137 1534 1460 1593 occupatur,
1497 1543 1726 1582 aversus.
1742 1538 1844 1582 est.
1888 1531 2078 1586 Omnis

504 1605 618 1673 qui,
643 1621 764 1661 cum
792 1606 988 1678 legitur
1012 1610 1247 1683 Moyses,
1287 1614 1353 1670 de
1382 1617 1612 1685 negotiis
1641 1621 1849 1684 saeculi,
1877 1623 1944 1675 de
1984 1637 2077 1690 pe-

505 1697 685 1764 cunia,
729 1699 797 1754 de
835 1700 1002 1756 lucris
1045 1703 1458 1759 sollicitudinem
1492 1709 1668 1775 gerit,
1717 1725 1938 1764 aversus
1967 1724 2069 1765 est.

2195 536 2313 589 quae
2345 518 2495 572 audit
2524 524 2806 583 retractat,
2843 526 2894 570 et
2918 517 3158 580 discutit,
3187 524 3384 584 etquae
3412 513 3610 583 assequi
3635 528 3723 567 nou

2193 618 2390 678 potest,
2431 617 2800 676 percontatur,
2833 615 2888 661 et
2923 606 3104 672 discit,
3135 607 3223 658 vix
3257 614 3436 674 potest
3457 605 3519 658 ad
3541 605 3723 658 liberta-

2193 708 2297 752 tem
2347 698 2590 752 scientire
2635 698 2960 766 pervenire;
3015 696 3102 750 ille
3151 697 3245 766 qui
3288 696 3567 751 abscondit
3596 711 3724 751 aures

2188 806 2314 845 suas
2346 807 2412 844 ne
2439 790 2645 852 audiat,
2675 800 2727 844 et
2761 801 2909 858 terga
2939 789 2991 843 in
3027 780 3216 845 faciem
3250 789 3474 858 legentis
3507 787 3722 849 obvertit,

2188 882 2459 950 quomodo
2501 881 2762 935 dicendus
2803 888 2887 935 est
2922 881 3166 934 velamen
3216 881 3419 936 habere
3452 880 3724 947 superposi-

2188 980 2298 1026 tutn
2333 971 2579 1038 eordi,ad
2609 986 2767 1041 quem
2809 985 2876 1026 ne
2925 972 3100 1040 ipsum
3135 972 3351 1042 quidem
3392 972 3623 1026 velamen
3653 971 3721 1023 lit-

2187 1071 2315 1117 terae
2339 1078 2446 1131 quo
2473 1078 2665 1118 sensus
2691 1063 2918 1131 velatur,
2945 1064 3038 1135 qui
3072 1074 3148 1118 est
3177 1078 3341 1118 sonus
3373 1063 3541 1126 vocis,
3567 1076 3724 1116 acces-

2184 1153 2300 1208 sit?
2336 1154 2570 1209 Evidens
2628 1155 2790 1225 igitur
2838 1157 3007 1226 ﬁgura
3053 1164 3156 1221 est,
3206 1158 3477 1224 quomodo
3523 1155 3722 1225 gloriosa

2184 1244 2411 1299 ellieitur
2450 1247 2619 1302 facies
2649 1246 2816 1318 Moysi
2853 1264 2866 1300 :
2893 1247 3094 1303 habent
3120 1248 3264 1302 enim
3291 1249 3515 1318 gloriam
3543 1263 3602 1301 ea
3630 1264 3723 1316 qua

2183 1336 2424 1405 loquitur
2450 1355 2461 1389 :
2490 1340 2582 1392 sed
2610 1339 2724 1392 ιιωο
2754 1341 2974 1409 tegitur,
3000 1349 3054 1394 et
3079 1340 3404 1406 occultatur,
3437 1350 3490 1395 et
3527 1350 3605 1394 est
3626 1355 3721 1393 om-

2186 1429 2272 1482 nis
2297 1428 2465 1496 gloria
2510 1429 2628 1496 cjus
2661 1430 3007 1485 intrinsecus.

2253 1520 2303 1573 3.
2339 1521 2474 1575 Illud
2513 1536 2730 1591 quoque
2783 1524 2995 1579 intuere
3045 1526 3206 1593 quale
3264 1524 3358 1589 sit,
3381 1525 3523 1593 quod
3556 1525 3604 1577 in
3631 1523 3722 1596 lege

2181 1612 2360 1665 vultus
2391 1614 2613 1682 quidem
2653 1613 2822 1684 Moysi
2851 1615 3187 1684 gloriﬁcatus
3218 1617 3475 1681 refertur,
3511 1615 3626 1670 licet
3648 1631 3722 1670 ve-

2182 1705 2386 1758 lamine
2420 1715 2774 1772 contegatur;
2812 1722 3002 1761 manus
3029 1718 3209 1760 autem
3245 1706 3366 1774 ejus
3405 1710 3545 1762 intra
3574 1710 3724 1762 sinunt

499 1786 690 1843 ()mnis
739 1793 832 1860 qui
874 1798 1269 1862 possessionum
1301 1801 1447 1854 curis
1484 1803 1790 1872 stringitur,
1831 1814 1885 1858 et
1931 1807 2054 1861 divi.

2181 1798 2368 1864 missa,
2410 1797 2623 1866 leprosa
2669 1797 2814 1852 facta
2852 1808 3190 1852 memoratur
3227 1799 3370 1854 sicut
3406 1801 3521 1853 nix.
3557 1799 3609 1853 In
3637 1816 3726 1870 quo

499 1878 699 1933 tiarutn
735 1884 1026 1953 cupiditate
1061 1887 1402 1958 distenditur,
1439 1894 1532 1962 qui
1579 1893 1764 1963 gloria:
1804 1897 1986 1950 saeculi
2018 1909 2073 1954 et

505 1972 690 2024 mundi
724 1972 1021 2032 honoribus
1050 1980 1251 2046 studet,
1285 1996 1512 2039 aversus
1543 1995 1643 2039 est.
1675 1986 1778 2040 Sed
1807 1998 1859 2042 ct
1888 1991 1974 2057 qui
2007 1992 2072 2045 ab

498 2057 582 2112 his
617 2060 829 2128 quidem
859 2065 1068 2119 videtur
1101 2067 1331 2135 alienus,
1381 2072 1591 2127 assistit
1621 2084 1800 2128 autem
1838 2087 1894 2131 et
1920 2081 2070 2134 audit

498 2151 659 2203 verba
702 2152 835 2222 legis
859 2195 874 2220 ,
929 2166 981 2210 et
1008 2159 1156 2213 vultu
1191 2170 1354 2231 atque
1392 2165 1565 2220 oculis
1595 2168 1856 2233 intentus,
1908 2174 2072 2227 corde

498 2247 672 2293 tamen
703 2252 756 2296 et
787 2246 1205 2318 cogitationibus
1226 2263 1487 2322 evagatur
1534 2273 1761 2313 aversus
1792 2268 1897 2315 est.
1931 2261 2068 2328 Quid

492 2344 619 2400 ergo
649 2343 740 2387 est
761 2341 1002 2392 converti
1029 2338 1052 2392 ?
1084 2342 1139 2395 Si
1171 2344 1254 2397 h‘is
1292 2347 1542 2401 omnibus
1576 2358 1723 2420 terga
1770 2363 2064 2418 vertamus,

493 2431 544 2472 et
579 2424 782 2492 studio,
816 2426 1058 2496 actibus,
1099 2441 1311 2499 mente,
1347 2433 1739 2502 sollicitudine,
1775 2442 1939 2495 verbo
1975 2444 2063 2497 Dei

493 2525 718 2582 Operam
750 2513 970 2584 demus,
1005 2529 1058 2574 et
1095 2521 1145 2574 in
1179 2521 1292 2592 lege
1327 2522 1439 2592 ejus
1465 2526 1552 2580 die
1593 2544 1656 2582 ac
1689 2541 1846 2586 nocte
1894 2535 2064 2588 medi-

496 2611 690 2671 temur,
719 2609 932 2664 omissis
964 2613 1215 2668 omnibus
1255 2615 1367 2671 Deo
1404 2633 1678 2684 vacemus,
1712 2638 2068 2682 exerceamur

492 2693 546 2749 in
610 2698 933 2755 testimoniis
983 2701 1121 2770 ejus,
1182 2703 1283 2761 hoc
1342 2717 1425 2761 est
1469 2723 1786 2765 conversum
1830 2729 1951 2769 esse
1997 2716 2064 2771 ad

491 2785 812 2844 Dominum.
835 2791 912 2846 Tu
963 2809 1112 2864 ergo.
1169 2795 1212 2850 si
1251 2797 1487 2854 volueris
1535 2801 1701 2856 tilium
1735 2813 1878 2859 tuum
1923 2809 2066 2862 scire

488 2877 699 2947 litteras
720 2897 855 2950 quas
895 2883 1147 2942 liberales
1187 2899 1402 2955 vocant,
1433 2896 1576 2952 scire
1609 2903 2061 2971 grammaticam,

490 2970 646 3041 173
677 2975 761 3027 vel
804 2976 1128 3035 rhetoricam
1173 2982 1536 3057 disciplinam,
1573 2994 1813 3062 nunquid
1840 3011 1947 3052 non
1994 2970 2062 3052 ab

2179 1889 2308 1943 mihi
2334 1890 2547 1944 videtur
2572 1888 2742 1943 forma
2775 1890 2936 1942 totius
2960 1889 3093 1958 legis
3121 1890 3433 1957 plenissime
3455 1892 3725 1959 designari.

2177 1979 2231 2033 ln
2269 1979 2416 2034 vultu
2449 1981 2591 2035 enim
2615 1981 2734 2051 ejus
2767 1995 2950 2036 sermo
2981 1981 3133 2050 legis,
3172 1982 3225 2036 in
3260 1999 3423 2037 manu
3455 1999 3619 2053 opera
3648 1985 3726 2040 de-

2173 2073 2483 2142 signantur.
2521 2072 2656 2139 Quia
2689 2089 2816 2143 ergo
2845 2089 2907 2128 ex
2940 2075 3194 2143 operibus
3227 2074 3362 2144 legis
3406 2077 3586 2131 nullus
3627 2090 3727 2132 erat

2167 2165 2571 2234 justiticandus,
2602 2181 2700 2220 nec
2741 2166 2977 2234 aliquem
3007 2166 3075 2220 ad
3130 2166 3432 2236 perfectum
3485 2170 3728 2224 adducere

2173 2264 2390 2324 poterat
2424 2255 2535 2324 lex,
2560 2255 2766 2311 idcirco
2800 2273 2996 2313 manus
3041 2257 3209 2329 Moysi
3249 2259 3276 2310 Ιι
3297 2274 3462 2328 prosa
3512 2260 3589 2326 tit,
3619 2262 3727 2315 etin

2171 2348 2348 2400 sinunt
2406 2347 2742 2414 reconditur,
2796 2359 3053 2420 tanquam
3109 2353 3241 2405 nihil
3295 2352 3523 2421 perfecti
3571 2357 3728 2424 aperis

2175 2437 2423 2492 habitura
2452 2455 2466 2491 :
2497 2437 2665 2494 facies
2697 2455 2825 2495 vero
2853 2440 2968 2509 ejus
2995 2441 3298 2511 gloriﬁcata
3336 2453 3444 2506 est,
3478 2447 3574 2499 sed
3608 2446 3727 2499 vel:-

2172 2530 2316 2583 tnine
2390 2530 2637 2601 tegitur;
2683 2533 2807 2602 quia
2863 2548 3044 2587 sermo
3095 2535 3212 2603 ejus
3279 2536 3444 2590 habet
3508 2538 3726 2592 scientia

2170 2615 2420 2686 gloriam,
2467 2620 2561 2675 sed
2595 2624 2891 2678 occultam.
2927 2625 3081 2682 Unde
3115 2638 3168 2682 et
3201 2633 3464 2698 propheta
3495 2631 3622 2684 dicit
3650 2631 3723 2686 "z

2173 2726 2192 2760 ι
2232 2707 2345 2763 Nisi
2379 2712 2687 2782 audieritis,
2719 2717 2934 2771 occulte
2984 2719 3219 2786 plorabit
3263 2721 3376 2792 (80)
3433 2723 3613 2776 anima
3652 2739 3726 2777 ve-

2167 2809 2300 2864 Stra,
2330 2819 2348 2850 ι
2378 2813 2432 2855 et
2465 2802 2627 2857 David
2657 2804 2784 2858 dicit
2813 2805 2894 2860 ὀδε
2925 2825 2942 2858 ι
2978 2807 3186 2863 Incerta
3211 2819 3265 2863 et
3289 2811 3507 2865 occulta
3533 2813 3726 2881 sapien-

2171 2891 2254 2946 tiae
2283 2901 2386 2947 tuae
2422 2895 2783 2953 manifeStasti
2837 2899 2990 2954 mihi.
3031 2920 3051 2954 ι
3085 2902 3141 2957 ln
3195 2905 3328 2974 lege,
3351 2918 3488 2975 ergo
3536 2905 3727 2976 Moyses

2165 2983 2334 3038 solam
2361 2985 2554 3041 faciem
2588 2989 2748 3044 habet
2779 2989 3163 3060 glorificatam,
3197 3011 3375 3066 neque
3412 3013 3608 3054 manus
3628 2999 3726 3068 ejus

484 3064 733 3121 Omnibus
764 3083 885 3124 eum
915 3087 1142 3129 vacuum
1173 3087 1228 3132 et
1259 3079 1488 3136 liberum
1532 3085 1750 3143 reddis?
1781 3087 2054 3158 Nunquid,

2168 3075 2368 3133 habent
2397 3081 2666 3148 gloriam,
2712 3085 2820 3138 imo
2869 3086 3050 3154 potius
3081 3095 3136 3141 et
3175 3089 3562 3144 contumeliam
3603 3093 3726 3147 :setl

485 3167 592 3206 non
617 3157 834 3214 omissis
858 3165 1090 3230 caeteris,
1127 3168 1252 3224 huic
1303 3173 1394 3237 uni
1451 3175 1629 3231 studio
1655 3178 1786 3233 dare
1829 3157 2054 3249 operam

484 3241 652 3339 lacis?
678 3246 1028 3325 Paedagogos,
1064 3261 1370 3330 magistros,
1418 3263 1606 3331 libros,
1638 3241 1931 3339 impensas,
1968 3275 2053 3328 ni-

484 3331 560 3388 hil
619 3353 840 3406 prorsus
892 3346 1082 3403 deesse
1133 3351 1309 3421 facis,
1363 3358 1713 3427 quoadusque
1754 3360 2051 3429 perfectum

485 3433 748 3498 propositi
778 3439 939 3492 studii
965 3455 1100 3510 opus
1133 3453 1389 3513 reportet.
1436 3447 1568 3514 Quis
1609 3460 1852 3505 nostrum
1890 3453 1963 3530 ita
1993 3469 2053 3509 se

481 3521 550 3573 ad
580 3523 773 3581 divina;
801 3526 934 3596 legis
968 3535 1143 3594 studia
1177 3539 1448 3593 convertit
1473 3541 1498 3592 .’
1535 3542 1664 3608 Quis
1701 3521 1948 3598 nostruni
1979 3544 2048 3600 ita

479 3627 698 3677 operam
735 3617 924 3675 dedit?
971 3621 1102 3691 Quis
1136 3636 1285 3684 tanto
1313 3616 1505 3687 istudio
1549 3649 1614 3689 ac
1661 3635 1845 3690 labore
1870 3637 2048 3692 divina

478 3707 674 3773 qua-rit
719 3712 922 3802 studia,
971 3729 1174 3785 quanto
1221 3725 1470 3791 quaesivit
1507 3725 1783 3782 humana?
1829 3731 2048 3802 thuid

475 3801 864 3866 conquerimur
913 3805 957 3859 si
996 3809 1139 3875 quod
1192 3825 1299 3866 non
1348 3815 1652 3884 didicimus,
1691 3801 2048 3886 ignoramus?

471 3885 653 3956 Aliqui
691 3899 927 3949 vestrum
962 3897 1068 3968 (78)
1100 3910 1157 3955 ut
1180 3893 1694 3962 recitariaudierint
1715 3885 1835 3980 qua:
1865 3913 2047 3983 legun-

473 3987 582 4042 tur,
618 3984 797 4037 statim
825 3985 1128 4044 discedunt.
1164 3990 1315 4045 Nulla
1354 4010 1417 4047 ex
1459 3996 1539 4050 his
1581 4013 1702 4067 quae
1747 4001 1890 4056 dicta
1918 4014 2046 4058 sunt

472 4069 750 4138 inquisitio
785 4079 851 4132 ad
884 4078 1134 4148 invicem,
1159 4085 1301 4137 nulla
1346 4086 1588 4154 collatio,
1625 4107 1888 4160 nusquam
1934 4111 2046 4149 tne-

471 4165 644 4217 tnoria
675 4170 914 4223 mandati
951 4171 1117 4237 illius,
1145 4191 1252 4244 quo
1294 4170 1346 4232 te
1373 4180 1549 4233 divina
1581 4182 1665 4235 lex
1694 4196 2040 4242 commonet:

476 4271 496 4303 ι
525 4252 800 4329 Interroga
837 4271 1020 4330 patres
1054 4274 1192 4332 tuos,
1215 4277 1268 4322 et
1307 4270 1490 4326 dicent
1523 4273 1656 4337 tibi;
1699 4275 2043 4346 presbyteros

469 4352 611 4413 tuos,
636 4358 690 4404 et
717 4354 1117 4412 annuntiabunt
1141 4359 1234 4414 tibi
1255 4360 1484 4430 “.tAlii,
1509 4379 1577 4418 ne
1598 4365 1890 4436 hocipsum
1918 4371 2042 4438 qui-

2164 3184 2340 3239 neque
2379 3171 2544 3241 pedes
2576 3173 2709 3244 (81).
2749 3175 2991 3247 Denique
3029 3180 3242 3236 solvere
3279 3181 3507 3250 jubetur
3530 3182 3725 3238 calcea-

2163 3272 2401 3318 menlum
2441 3279 2618 3331 suum,
2671 3267 2750 3321 sic
2801 3269 2943 3323 nulla
2995 3281 3114 3326 erat
3177 3273 3353 3343 gloria
3411 3275 3468 3329 in
3522 3275 3727 3344 pedibus

2159 3355 2296 3424 ejus,
2324 3355 2451 3411 licet
2477 3366 2532 3412 et
2562 3359 2665 3412 hoe
2696 3358 2852 3414 ﬁeret
2881 3376 2984 3415 non
3018 3363 3136 3419 sine
3162 3364 3396 3432 alicujus
3423 3365 3604 3421 l‘orma
3625 3383 3723 3437 my-

2160 3447 2335 3500 sterii.
2365 3446 2668 3503 Novissima
2705 3466 2938 3520 namque
2968 3469 3095 3522 pars
3127 3455 3367 3510 hominis
3399 3459 3572 3526 pedes
3595 3467 3723 3513 sunt.

2158 3534 2558 3592 Ostendebatur
2592 3555 2723 3610 ergo
2763 3541 2906 3611 quod
2945 3544 2998 3597 in
3049 3547 3361 3602 novissimis
3405 3549 3724 3619 temporibus

2157 3628 2394 3684 solveret
2433 3629 2643 3701 Moyses
2690 3631 3119 3690 caleeameutum
3154 3654 3313 3693 suum
3371 3651 3429 3696 ut
3469 3642 3724 3711 acciperet

2156 3722 2298 3777 alius
2328 3737 2602 3793 sponsam,
2629 3733 2684 3779 et
2732 3726 2817 3779 illa
2851 3739 3142 3784 vocaretur
3173 3731 3365 3787 domus
3420 3734 3720 3790 diseatleeati

2159 3827 2330 3881 usque
2368 3813 2436 3867 in'
2458 3813 2782 3870 hodiernum
2813 3817 2976 3872 diem.
3003 3819 3145 3874 Nihil
3191 3838 3320 3891 ergo
3348 3824 3504 3880 aliud
3539 3827 3592 3880 in
3623 3827 3722 3896 lege

2155 3903 2447 3972 gloriosum
2510 3909 2672 3962 habet
2725 3909 2955 3982 Moyses,
3018 3913 3119 3966 nisi
3177 3915 3347 3969 Solam
3404 3916 3627 3971 faciem.
3674 3918 3720 3971 lu

2155 3995 2465 4066 Evangeliis
2532 4012 2714 4055 autem
2775 4012 2916 4058 totus
2975 4005 3316 4075 gloriﬁcatur
3370 4026 3439 4063 ex
3505 4012 3719 4080 integra.

2151 4090 2291 4144 Audi
2329 4092 2472 4145 enim
2507 4093 2636 4161 quid
2691 4095 2903 4150 dicatur
2939 4097 2989 4149 in
3020 4097 3329 4168 Evangeliis
3383 4102 3422 4133 ³⁷
3478 4121 3492 4155 :
3540 4122 3557 4153 ι
3603 4102 3720 4156 Cum

2152 4184 2491 4240 ascendisset
2529 4183 2687 4241 Jesus
2741 4189 2792 4242 in
2827 4199 3063 4244 montem
3107 4192 3408 4256 excelsum,
3453 4208 3720 4248 assumens

2151 4292 2332 4331 secum
2355 4276 2593 4345 Petrum,
2613 4288 2665 4332 et
2683 4277 2949 4335 Joannem
2994 4281 3348 4352 etJacobum,
3379 4285 3721 4342 transforma-

2153 4380 2238 4424 tus
2261 4381 2344 4426 est
2367 4371 2439 4426 ibi
2468 4387 2650 4426 coram
2679 4373 2810 4442 ipsis
2839 4391 2852 4426 :
2883 4384 2936 4428 et
2960 4389 3087 4429 ecce
3110 4389 3512 4446 apparuerunt,
3534 4379 3717 4448 inquit,

470 4439 588 4494 dem
613 4443 882 4509 patienter
905 4461 1243 4517 exspectant,
1271 4469 1550 4524 usquequo
1573 4458 1833 4516 lectiones
1853 4461 2036 4534 (79)in
2073 4457 2116 4512 D
2144 4461 2352 4544 Moyses
2386 4471 2440 4515 et
2478 4462 2624 4517 Elias
2656 4439 2713 4517 in
2760 4463 2950 4533 gloria,
2997 4464 3368 4534 colloquentes
3414 4483 3544 4522 cum
3583 4483 3664 4522 eo.
3697 4488 3713 4518 ι

468 4531 704 4588 Ecclesia
725 4539 1039 4595 recitantur.
1063 4543 1167 4596 Alii
1192 4561 1317 4600 vero
1337 4562 1434 4602 nec
1448 4550 1494 4602 si
1514 4551 1814 4607 recitantur
1830 4531 2030 4623 sciunt,

465 4624 560 4676 sed
583 4624 634 4677 in
663 4627 1040 4683 remotioribus
1074 4634 1359 4690 Dominicae
1378 4638 1569 4693 domus
1595 4642 1744 4708 locis,
1769 4645 2042 4702 smcula'ri-

465 4713 568 4769 bus
589 4715 784 4772 fabulis
798 4733 1146 4790 occupantur.
1176 4727 1246 4782 De
1271 4730 1466 4798 quibus
1489 4747 1618 4801 ergo
1634 4749 1796 4790 ausus
1818 4753 1934 4792 sum
1961 4741 2042 4793 di-

465 4809 768 4877 cere,quia,
786 4827 905 4866 cum
923 4814 1478 4891 legiturMoyses,jam
1499 4841 1602 4878 non
1622 4827 1861 4882 velamen
1877 4846 2040 4900 super

466 4911 560 4952 cor
588 4913 796 4966 eorum,
827 4906 917 4958 sed
949 4909 1128 4976 paries
1157 4912 1374 4978 quidam
1402 4925 1454 4968 et
1484 4932 1668 4971 murus
1697 4931 1777 4973 est
1807 4925 2032 4990 positus.

536 5013 582 5044 “
613 5015 763 5070 Deut.
793 5033 961 5080 xxxu.
991 5023 1043 5076 7.
1122 5024 1166 5057 "
1220 5023 1424 5083 Jerem.
1457 5047 1576 5099 χιιι,
1609 5033 1696 5088 17.

536 5128 650 5210 (Ti)
698 5130 984 5210 Dicendum
1015 5136 1178 5210 nobis,
1230 5149 1336 5210 etc.
1370 5143 1514 5197 Citat
1553 5146 1698 5203 hunc
1730 5149 1904 5204 locum
1939 5154 2030 5210 Jo-

461 5201 864 5288 nasqéur‘el'ian.
908 5206 998 5288 lib.
1039 5221 1079 5267 ι,
1112 5207 1187 5262 De
1231 5209 1413 5288 Instit.
1453 5215 1652 5288 laicnli,

533 5267 643 5351 (78)
675 5271 856 5351 Aliqui.
876 5284 1120 5351 uestrum,
1151 5288 1256 5336 etc.
1291 5267 1503 5338 Citatur
1527 5267 1617 5340 hic
1639 5267 1804 5345 ἶοῖὲὶῖέ
1939 5311 2030 5351 e0-

442 5341 508 5396 de
530 5355 580 5391 nt
615 5339 751 5392 .Iona
774 5339 1008 5398 ibidem.

513 5409 783 5501 (7?):111'!
817 5429 879 5466 ne
924 5415 1234 5501 liocipsum
1290 5421 1497 5501 quidem
1544 5427 1802 5501 patienter
1850 5448 2030 5501 exspe-

441 5489 524 5532 cta
547 5490 927 5557 nt_,__urquequo
960 5486 1226 5552 lectiones,
1263 5486 1370 5544 eic.
1419 5486 1630 5548 (litatur
1661 5499 1746 5552 hic
1779 5486 2022 5557 locus'in

444 5551 693 5604 concilio
723 5551 1036 5640 Parisiensii
1071 5551 1349 5640 sextolib.
1402 5579 1464 5640 ιι2
1503 5580 1620 5640 cap.
1660 5551 1746 5621 127.
1790 5551 2024 5640 Ubi—pro

447 5633 745 5711 eaqueque,
759 5623 1423 5711 male'vulgataﬁcriptura
1449 5623 1632 5711 habet,
1659 5643 1817 5707 quod,
1843 5623 2020 5711 leg'en;

450 5687 576 5741 dum
611 5687 728 5745 erat
749 5695 942 5764 quoad.
971 5687 1102 5753 na...
1133 5687 1294 5755 lectio
1323 5687 1477 5770 quod
1503 5687 1823 5777 p‘rb'éti’ééti
1843 5687 2020 5767 'E‘éiéi.

1776 5037 1821 5068 ιο
1855 5038 1999 5097 Psal.
2039 5064 2084 5112 .,,
2125 5047 2190 5113 8,.

2147 4554 2246 4610 Hic
2283 4571 2387 4610 non
2429 4555 2666 4609 refertur
2697 4556 2821 4623 quia
2873 4556 3208 4625 gloriticatus
3240 4567 3325 4612 est
3373 4562 3562 4616 vultus
3590 4560 3715 4628 ejus,

2146 4649 2239 4700 seti
2275 4647 2402 4716 quia
2437 4659 2581 4700 lotus
2609 4648 2860 4717 apparuit
2909 4648 2958 4700 in
3015 4649 3208 4716 gloria,
3243 4650 3567 4720 colloquens
3606 4669 3714 4706 cum

2144 4740 2292 4805 Jesu,
2325 4751 2378 4796 et
2408 4742 2479 4795 ibi
2511 4741 2562 4795 ei
2588 4739 2890 4809 completur
2919 4741 3006 4794 illa
3035 4743 3348 4811 promissio,
3378 4761 3542 4814 quam
3570 4760 3715 4801 acce-

2144 4837 2220 4905 pit
2248 4837 2299 4889 in
2349 4844 2532 4889 monte
2563 4834 2717 4900 Sina,
2753 4848 2873 4889 cum
2907 4835 3104 4889 dictum
3137 4845 3220 4890 est
3242 4837 3290 4890 ei
3340 4838 3385 4869 ⁸⁸
3421 4857 3436 4892 :
3480 4857 3499 4888 ι
3547 4838 3716 4892 Postc-

2143 4931 2285 4984 riora
2321 4943 2438 4982 mea
2490 4927 2715 4982 videbis.
2763 4945 2782 4977 ι
2829 4927 2977 4981 Vidit
3036 4941 3169 4998 ergo
3220 4933 3532 4998 posteriora
3584 4933 3710 4998 ejus.

2268 5048 2311 5078 ³⁷
2343 5043 2532 5100 Matth.
2563 5059 2693 5110 xvu,
2721 5045 2772 5107 l,
2801 5045 2856 5111 2,
2891 5045 2944 5100 ὅ.

2129 5162 2260 5215 litur
2299 5174 2363 5213 ex
2397 5158 2650 5232 Origenis
2689 5159 2849 5215 libris
2907 5170 3017 5214 tum
3077 5161 3238 5216 editis
3285 5173 3397 5216 tum
3455 5178 3583 5218 mss.
3619 5161 3705 5232 qui

2132 5231 2711 5313 usqrtoqu‘o.exhibent.
2816 5300 2847 5313 μ
2919 5300 2974 5312 Η
3172 5301 3184 5313 _
3310 5302 3321 5313 _
3429 5303 3475 5313 Η

2205 5299 2316 5370 (80)
2346 5299 2516 5359 Alias,
2542 5317 2568 5371 ¢_
2590 5299 2700 5352 Nisi
2728 5300 3008 5356 audieritis
3029 5301 3243 5356 occulta
3271 5302 3519 5371 plorabit.
3550 5321 3570 5353 ι
3599 5311 3699 5354 etc.

2131 5369 2235 5424 Sed
2272 5384 2398 5422 mss.
2449 5378 2505 5422 ut
2558 5369 2608 5420 in
2673 5380 2859 5424 nostro
2919 5380 3092 5433 textu,
3125 5387 3224 5426 nec
3272 5369 3445 5425 aliter
3481 5371 3699 5436 Vulgata

2130 5441 2316 5513 Graeca
2367 5438 2567 5492 habent
2599 5457 2612 5491 :
2641 5437 2736 5492 ἐὰν
2769 5439 2826 5492 δὲ
2861 5440 2936 5511 μὴ
2961 5441 3231 5513 ἀκούσητε
3255 5482 3270 5508 ,
3307 5441 3697 5512 κεκρυμμένως

2132 5509 2448 5589 κλαύσεῖᾳι,
2480 5519 2586 5563 etc.
2684 5577 2697 5589 .
2866 5509 2873 5511 ⁷
2927 5509 2933 5510 ί
3005 5581 3018 5589 _
3154 5509 3166 5513 ⁷
3577 5581 3587 5587 .
3641 5578 3653 5586 υ

2203 5581 2312 5652 (81)
2347 5578 2501 5652 Mss,
2539 5596 2557 5628 ι
2601 5577 2781 5652 pedes,
2819 5599 2837 5631 ι
2889 5581 3085 5639 rectius
3115 5596 3280 5652 quam
3310 5581 3432 5638 editi
3465 5579 3588 5634 libri
3638 5578 3693 5628 in

2130 5651 2327 5721 quibus
2356 5649 2551 5719 legitur
2585 5669 2603 5701 ι
2635 5649 2882 5719 pedibus.
2920 5668 2940 5705 ι

3021 5045 3066 5077 ⁴⁸
3097 5046 3270 5101 Exod.
3296 5064 3490 5114 xxxiii,
3520 5051 3610 5103 23.
