3876 6494
130 419 224 477 585

1317 407 1383 462 ΙΝ
1424 404 1710 465 EXODUM
1751 403 2034 461 HOMILIA
2070 407 2189 463 ΧΠ.

3280 411 3384 467 386

135 539 267 594 Vidit
293 535 434 592 enim
470 547 589 604 qua:
620 533 672 586 in
701 529 1096 601 posterioribus
1138 536 1191 584 et
1223 528 1539 584 novissimis
1587 527 1701 581 die-
1731 530 1774 586 Α
1805 529 2073 597 parvitate
2123 525 2497 594 intelligentiae
2549 543 2682 584 mea!
2731 526 2936 584 sentire
2971 542 3210 598 possum,
3255 542 3385 598 puto

129 639 222 693 bus
259 632 401 686 facta
448 637 597 692 sunt,
636 638 685 682 et
723 626 939 694 gavisus
986 632 1089 679 cst.
1149 621 1305 677 Sicut
1350 621 1496 675 cnim
1529 619 1701 675 Abra-

130 728 246 781 ham
276 721 587 791 concupivit
609 719 794 774 videre
824 719 965 772 diem
1005 715 1240 782 Domini,
1270 723 1320 770 et
1347 713 1503 775 vidit,
1542 721 1596 766 et
1618 725 1704 780 ga-

129 822 268 875 visus
303 827 387 871 est
418 815 464 848 ¹⁵⁹
500 831 514 867 :
545 814 615 867 ita
647 822 700 866 et
733 811 940 881 Moyses
985 808 1301 877 concupivit
1348 808 1532 861 videre
1559 806 1700 860 diem

131 911 352 972 Domini,
393 920 446 964 et
477 907 633 971 vidit,
670 905 962 972 etgavisus
1010 911 1093 956 est
1128 921 1140 956 :
1183 912 1232 956 et
1268 899 1584 956 necessario
1610 915 1703 970 ga—

131 1004 269 1056 visus
309 1008 414 1063 est,
466 998 592 1067 quia
633 995 743 1062 jam
798 1007 904 1047 non
957 992 1138 1048 solum
1183 991 1332 1046 vultu
1370 991 1704 1062 glorificatus

127 1090 400 1146 descendit
432 1089 498 1141 de
529 1095 733 1149 monte,
767 1083 1039 1138 sed-totus
1085 1081 1424 1150 glorificatus
1456 1079 1704 1136 ascendit

126 1185 175 1239 in
212 1193 470 1236 montem.
506 1180 736 1235 Gavisus
781 1185 865 1232 est
923 1176 1041 1230 sine
1089 1176 1253 1230 dubio
1297 1174 1526 1245 Moyses,
1557 1174 1700 1243 quod

123 1292 238 1332 eum
275 1276 340 1329 de
372 1289 477 1342 quo
508 1273 720 1326 dixerat
757 1272 804 1304 '°
835 1291 848 1328 :
886 1290 904 1325 ι
947 1272 1276 1339 Prophetam
1329 1268 1482 1322 vobis
1529 1265 1704 1321 susci-

128 1357 255 1422 tabit
287 1365 551 1420 Dominus
593 1365 732 1418 Deus
756 1372 935 1418 vester
968 1378 1031 1417 ex
1059 1361 1316 1415 fratribus
1349 1357 1566 1416 vestris.
1600 1357 1702 1412 sic-

128 1469 183 1513 ut
222 1458 485 1525 meipsum
542 1455 772 1509 audietis
835 1469 933 1524 per
985 1455 1207 1518 omnia;
1261 1471 1280 1504 ι
1327 1468 1471 1506 nunc
1516 1451 1703 1504 adesse

122 1553 400 1615 cernebat,
433 1559 488 1604 et
521 1549 677 1602 (idem
718 1549 895 1604 facere
946 1547 1290 1602 sermonibus
1345 1546 1478 1600 suis.
1519 1544 1581 1597 Et
1628 1556 1696 1596 ne

123 1652 472 1700 cunctaretur
496 1643 548 1696 in
577 1642 783 1711 aliquo,
818 1641 967 1696 audit
993 1647 1269 1709 paternam
1300 1653 1487 1692 vocem
1516 1637 1705 1691 dicen-

126 1747 224 1792 tem
256 1736 303 1767 ⁸¹
342 1755 355 1790 :
391 1754 408 1787 ι
440 1727 537 1788 llic
566 1746 648 1788 est
677 1732 846 1787 Filius
878 1747 1031 1786 meus
1071 1731 1322 1793 dilectus,
1353 1731 1404 1784 in
1439 1745 1546 1799 quo
1572 1729 1701 1783 mihi

121 1831 254 1886 bene
305 1828 606 1898 complacui
644 1843 660 1883 :
705 1828 876 1897 ipsum
928 1825 1127 1880 audite.
1163 1843 1181 1877 ι
1232 1823 1444 1892 Moyses
1497 1821 1698 1876 dudum

122 1922 273 1984 dixit,
306 1937 330 1973 ι
359 1921 510 1974 illum
548 1919 823 1983 audietis;
863 1935 881 1969 ι
924 1930 1069 1970 nunc
1105 1914 1262 1970 Pater
1295 1915 1426 1969 dicit
1473 1931 1486 1967 :
1542 1931 1559 1964 ι
1609 1911 1706 1967 llic

119 2022 199 2068 est
227 2013 404 2067 Filius
435 2027 606 2074 meus,
649 2014 823 2079 ipsum
870 2009 1087 2070 audite;
1125 2025 1144 2058 ι
1199 2015 1250 2061 et
1286 2017 1604 2074 praesentem
1640 2005 1706 2058 de

121 2121 224 2177 quo
263 2107 421 2169 dicit,
478 2103 737 2160 osrendit.
782 2102 1030 2156 Gaudere
1061 2101 1224 2156 etiam
1281 2099 1408 2152 mihi
1447 2112 1545 2166 pro
1605 2098 1705 2150 hoc

121 2203 339 2255 videtur
369 2200 596 2270 Moyses,
627 2197 751 2267 quia
785 2203 838 2249 et
862 2196 975 2263 ipse
1012 2191 1415 2262 quodammodo
1444 2207 1586 2244 nunc
1611 2190 1706 2244 de-

118 2295 262 2362 ponit
299 2293 547 2347 velamen
576 2304 872 2347 conversus
897 2288 962 2341 ad
996 2286 1305 2351 Dominum,
1335 2299 1456 2337 cum
1481 2283 1706 2338 eviden-

117 2394 197 2439 ter
222 2400 350 2454 qua:
379 2383 628 2454 praedixit
679 2381 1003 2452 implentur;
1058 2378 1143 2432 vel
1179 2393 1301 2432 cum
1365 2385 1579 2446 tempus
1610 2375 1705 2428 ad-

118 2478 283 2542 venit,
314 2485 376 2530 ut
410 2491 506 2547 per
537 2474 800 2545 Spiritum
846 2481 1094 2527 sanctum
1136 2467 1261 2539 quae
1294 2468 1580 2523 obtexerat
1613 2481 1700 2520 re-

119 2569 389 2622 velentur.
1465 2600 1472 2606 .

184 2657 236 2710 ι.
266 2653 674 2710 Retractandus
703 2662 882 2708 tamen
906 2657 990 2706 est
1017 2648 1189 2705 sancti
1220 2646 1458 2718 Apostoli
1491 2659 1702 2711 sensus,

116 2759 169 2805 et
191 2746 654 2804 considerandum
673 2745 799 2813 quid
817 2743 866 2798 ei
894 2743 1067 2796 visum
1099 2741 1191 2804 sit,
1223 2756 1344 2793 cum
1373 2739 1600 2792 dixisset
1619 2736 1702 2790 ":

119 2861 138 2893 ι
181 2841 236 2896 Si
277 2851 469 2894 autem
500 2850 798 2892 conversus
827 2827 1142 2904 quis—fuerit
1174 2833 1239 2885 ad
1266 2831 1576 2896 Dominum,
1608 2844 1705 2883 au-

115 2935 326 2988 feretur
364 2931 638 2994 velamen,
680 2949 698 2982 ι
732 2935 789 2982 ut
833 2927 1051 2980 adderet
1089 2943 1102 2979 :
1141 2943 1157 2976 ι
1203 2923 1469 2978 Dominus
1519 2932 1704 2976 autem

115 3027 348 3098 spiritus
376 3036 496 3091 est;
540 3044 558 3076 ι
604 3039 702 3092 per
730 3022 875 3091 quod
907 3020 1064 3090 quasi
1103 3017 1448 3086 interpretari
1483 3016 1704 3070 videtur

119 3123 247 3191 quid
279 3131 374 3176 est
407 3119 682 3173 Dominus.
710 3115 844 3183 Quis
888 3115 1031 3168 enim
1067 3113 1238 3167 nescit
1265 3111 1410 3181 quod
1443 3109 1703 3163 Dominus

112 3215 346 3284 spiritus
364 3212 478 3267 est?
500 3210 604 3266 Sed
626 3207 784 3280 174
801 3207 1039 3275 nunquid
1065 3206 1116 3258 in
1145 3205 1246 3258 hoc
1265 3203 1382 3257 loco
1401 3203 1467 3257 de
1489 3199 1701 3256 Domini

115 3309 192 3364 vel
229 3317 457 3373 natura,
502 3304 586 3359 vel
632 3301 931 3357 substantia
979 3299 1337 3360 tractabatur,
1390 3307 1448 3348 ut
1494 3294 1706 3349 diceret

110 3403 233 3474 quia
271 3399 544 3455 Dominus
580 3396 805 3465 spiritus
839 3402 924 3447 est
943 3383 980 3444 ?'
1003 3391 1299 3446 Videamus
1329 3402 1460 3456 ergo
1494 3399 1562 3440 ne
1592 3400 1700 3439 non

111 3496 286 3551 solum
321 3509 452 3548 cum
482 3489 693 3557 Moyses
727 3489 939 3556 legitur,
972 3485 1066 3539 sed
1102 3493 1154 3536 et
1183 3499 1306 3536 cum
1344 3480 1541 3533 Paulus
1571 3477 1708 3548 legi.

111 3598 216 3653 tur,
274 3585 535 3639 velamen
584 3582 654 3638 sit
705 3581 937 3650 positum
989 3590 1154 3645 super
1200 3588 1294 3627 cor
1339 3581 1606 3625 nostrum.
1643 3568 1708 3622 Et

114 3677 433 3741 manifeste,
475 3677 519 3730 si
571 3674 906 3744 negligenter
938 3669 1209 3733 audimus,
1256 3666 1298 3718 si
1350 3663 1486 3717 nihil
1533 3661 1706 3716 studii

111 3774 176 3825 ad
218 3770 593 3826 eruditionem
642 3775 696 3820 et
744 3761 1168 3831 intelligentiam
1201 3757 1562 3824 conferimus,
1602 3771 1705 3810 non

111 3867 286 3919 solum
323 3862 462 3932 legis
496 3869 550 3913 et
581 3858 971 3930 pr0phetarum
1002 3855 1306 3924 Scriptura,
1345 3851 1438 3905 sed
1483 3860 1538 3904 et
1580 3863 1710 3918 apo.

109 3957 386 4012 stolorum
432 3963 488 4008 et
518 3949 940 4018 Evangeliorum
989 3945 1192 4016 grandi.
1243 3943 1400 3998 nobis
1439 3941 1708 3995 velamine

114 4051 348 4120 tegitur.
373 4048 485 4116 Ego
507 4052 686 4098 autem
715 4056 927 4106 vereor,
961 4054 1027 4093 ne
1057 4053 1154 4108 per
1187 4035 1405 4090 nimiam
1437 4033 1710 4103 negligen-

113 4148 243 4201 tiam
280 4154 347 4199 et
369 4139 723 4196 stoliditatem
758 4135 967 4201 cordis,
1004 4149 1110 4186 non
1168 4130 1340 4184 solum
1378 4128 1551 4182 velata
1605 4125 1712 4179 sint

112 4240 276 4295 nobis
303 4237 493 4292 divina
533 4231 828 4296 volumina,
864 4227 956 4282 sed
987 4234 1043 4280 et
1085 4223 1335 4294 signata;
1391 4230 1447 4273 ut
1477 4219 1521 4273 si
1555 4218 1710 4272 detur

110 4335 164 4391 in
204 4347 416 4389 tnanus
443 4327 680 4384 hominis
707 4321 1006 4381 nescientis
1031 4320 1242 4374 litteras
1268 4314 1403 4369 liber
1429 4311 1708 4382 legendus,

113 4432 266 4486 dicat
296 4427 433 4498 quia
494 4423 678 4479 nescio
724 4420 938 4474 litteras
977 4432 990 4470 :
1026 4414 1070 4469 si
1110 4414 1267 4468 detur
1302 4410 1356 4464 in
1392 4421 1584 4462 manus
1613 4404 1709 4457 ho-

112 4526 283 4581 minis
323 4520 550 4578 scientis
601 4519 832 4577 litteras,
886 4513 1034 4566 dicat
1089 4508 1213 4578 quia
1281 4506 1526 4573 signatus
1603 4506 1706 4553 est.

1804 621 1945 690 quod
1981 621 2217 674 Verbum
2250 617 2343 674 Dei
2377 634 2474 690 pro
2497 635 2562 675 eo
2592 621 2733 690 quod
2759 621 3098 675 auditoribus
3130 621 3381 684 interest,

1804 724 1862 767 ιιι
1893 729 2033 784 δειιρρ
2063 713 2173 782 jam
2203 713 2461 779 diximus,
2497 727 2640 767 nunc
2663 713 2770 776 via,
2806 727 2948 768 nunc
2979 715 3207 777 veritas,
3237 727 3384 765 nunc

1805 808 1935 872 vita,
1968 821 2109 860 nunc
2133 806 2464 860 resurrectio
2497 805 2834 871 nominatur,
2864 819 3010 859 nunc
3041 805 3204 859 etiam
3231 818 3382 871 caro,

1805 915 1947 953 nunc
1977 915 2104 954 vero
2131 901 2353 970 spiritus
2392 898 2617 954 dicitur.
2653 897 2914 964 Quamvis
2955 898 3100 952 enim
3145 913 3273 951 vere
3319 912 3386 952 ex

1803 991 2024 1062 Virgine
2051 991 2408 1046 substantiam
2440 989 2620 1044 carnis
2656 989 2925 1059 acceperit
2959 989 3011 1042 in
3051 1004 3156 1058 qua
3180 998 3234 1043 et
3263 1004 3388 1043 cru-

1804 1099 1922 1140 cem
1975 1083 2215 1154 pertulit,
2263 1091 2318 1137 et
2359 1084 2816 1136 resurrectionem
2855 1081 3129 1148 initiavit;
3195 1060 3403 1136 tamen.

1804 1186 1890 1231 est
1913 1175 2003 1229 ubi
2039 1174 2333 1245 Apostolus
2355 1173 2486 1228 dicit
2515 1175 2560 1205 ³⁵
2596 1191 2610 1226 :
2648 1191 2666 1223 ι
2694 1172 2806 1226 Etsi
2840 1172 3194 1239 cognovimus
3225 1172 3389 1226 ειη-ιν

1805 1278 1952 1322 stum
1988 1266 2286 1321 secundum
2319 1279 2561 1327 carnem,
2603 1262 2696 1316 sed
2728 1276 2871 1314 nunc
2920 1259 3032 1328 jam
3080 1276 3187 1315 non
3229 1260 3388 1314 novi-

1805 1375 1946 1416 mus.
1987 1378 2005 1410 ι
2050 1358 2186 1425 Quia
2215 1373 2346 1428 ergo
2382 1366 2436 1410 et
2475 1370 2617 1410 nunc
2648 1368 2829 1408 sermo
2874 1352 2990 1420 ejus
3033 1354 3100 1407 ad
3133 1353 3390 1408 subtilio-

1808 1469 1919 1507 rem
1946 1461 2000 1506 et
2031 1450 2328 1520 spiritalem
2357 1448 2770 1518 intelligentiam
2801 1457 3061 1517 provocat
3087 1447 3390 1514 auditores,

1805 1555 1859 1599 et
1899 1544 2014 1598 vult
2051 1559 2146 1597 eos
2188 1541 2322 1595 nihil
2372 1541 2592 1595 carnale
2640 1541 2694 1594 in
2729 1540 2843 1609 lege
2874 1540 3104 1606 sentire,
3145 1539 3386 1594 dicitur:

1807 1637 1907 1704 Qui
1949 1637 2061 1690 vult
2097 1635 2298 1689 auferri
2333 1637 2579 1688 velamen
2619 1634 2685 1688 de
2739 1631 2892 1686 corde
2943 1647 3062 1698 suo,
3098 1641 3389 1686 converta-
3457 1671 3462 1674 -

1810 1737 1896 1782 tur
1923 1729 1989 1782 ad
2027 1727 2339 1794 Dominum,
2377 1742 2482 1780 non
2517 1725 2672 1794 quasi
2714 1725 2781 1778 ad
2809 1739 3030 1778 carnem
3079 1721 3390 1787 Dominum,

1807 1828 1894 1872 est
1913 1820 2055 1872 enim
2081 1830 2133 1874 ct
2161 1819 2288 1885 hoc,
2310 1819 2435 1888 quia
2461 1838 2478 1869 ι
2500 1815 2740 1871 Verbum
2770 1832 2896 1869 caro
2912 1815 3111 1869 factum
3139 1823 3219 1870 est
3251 1815 3328 1882 ⁵ος
3366 1831 3388 1867 ι

1811 1911 1904 1965 sed
1938 1911 2090 1980 quasi
2122 1911 2189 1966 ad
2229 1913 2483 1981 spiritum
2517 1911 2824 1963 Dominum.
2859 1909 2914 1965 Si
2958 1908 3102 1963 cnim
3139 1906 3298 1975 quasi
3324 1907 3392 1962 ad

1810 2003 2059 2071 spiritum
2113 2001 2402 2055 Dominum
2440 2011 2817 2066 convertatur,
2860 2001 2925 2055 de
2974 1999 3285 2054 carnalibus
3324 1998 3393 2054 ad

1807 2090 2074 2160 spiritalia
2096 2091 2297 2156 veniet,
2324 2100 2378 2145 et
2407 2091 2473 2145 ad
2502 2091 2804 2146 libertatem
2832 2091 2896 2144 de
2924 2091 3186 2144 servitute
3215 2099 3394 2143 trans-

1809 2183 1954 2239 ibit:
1998 2202 2015 2236 ι
2055 2182 2143 2236 ubi
2187 2201 2206 2234 ι
2241 2184 2384 2236 enim
2424 2202 2442 2234 ι
2473 2183 2698 2250 spiritus
2748 2181 2994 2247 Domini,
3032 2181 3100 2235 ibi
3134 2189 3189 2235 et
3223 2180 3391 2234 liber-

1812 2283 1892 2327 tas
1923 2273 1989 2328 ⁸⁷.
2026 2293 2044 2325 ι
2079 2273 2144 2326 Ει
2192 2284 2250 2326 ιιι
2288 2273 2464 2327 adhuc
2510 2273 2815 2326 evidentius
2852 2271 2940 2325 ﬁat
2990 2271 3133 2341 quod
3170 2271 3392 2334 dicitur,

1809 2374 2028 2420 utamur
2051 2373 2105 2420 et
2128 2364 2248 2420 aliis
2279 2365 2521 2433 Aposmli
2553 2363 2824 2419 sensibus.
2855 2362 2938 2417 Ad
2972 2363 3232 2431 quosdam
3263 2361 3394 2416 dicit

1809 2472 1945 2528 quos
1984 2465 2229 2510 senserat
2274 2456 2582 2526 incapaces,
2629 2457 2754 2526 quia
2817 2475 2834 2506 ι
2877 2455 3010 2509 nihil
3045 2469 3129 2507 me
3153 2453 3393 2524 judicavi

1807 2549 1954 2602 aliud
1987 2549 2130 2603 scire
2167 2547 2312 2602 inter
2340 2563 2457 2612 vos,
2493 2547 2599 2601 nisi
2626 2547 2900 2602 Christum
2927 2545 3134 2610 Jesum,
3167 2554 3222 2599 et
3251 2545 3394 2599 hunc

1808 2641 2128 2698 crucifixum
2161 2641 2228 2694 ⁸⁸.
2271 2660 2290 2691 ι
2340 2641 2467 2694 Istis
2505 2640 2699 2694 talibus
2732 2656 2835 2693 non
2875 2639 3086 2693 dicebat
3119 2639 3244 2707 quia
3285 2637 3393 2692 Do-

1809 2737 1989 2792 minus
2019 2735 2245 2806 spiritus
2280 2743 2386 2798 esl,
2438 2748 2536 2788 nec
2587 2734 2804 2788 dicebat
2848 2733 2929 2788 eis
2961 2733 3085 2802 quia
3139 2731 3395 2788 Christus

1811 2827 1903 2882 Dei
1935 2826 2204 2897 sapientia
2235 2834 2321 2880 est
2353 2825 2422 2879 '9.
2459 2825 2575 2880 Non
2615 2826 2759 2878 enim
2791 2833 3043 2895 poterant
3089 2838 3391 2894 agnoscere

1808 2920 2089 2976 Christum
2115 2920 2414 2975 secundum
2440 2918 2543 2973 hoc
2579 2920 2724 2988 quod
2750 2917 3018 2987 sapientia
3054 2916 3145 2972 Dei
3170 2926 3274 2985 est,
3298 2915 3395 2972 sed

1810 3012 2107 3068 secundum
2141 3011 2246 3064 hoc
2276 3009 2419 3080 quod
2461 3009 2759 3064 cruciﬁxus
2808 3020 2912 3064 est.
2946 3008 3024 3062 Illi
3065 3019 3244 3064 autem
3274 3009 3396 3078 qui-

1809 3105 1910 3160 bus
1945 3103 2161 3157 diccbat
2191 3100 2274 3154 “z
2318 3119 2336 3151 ι
2368 3099 2705 3168 Sapientiam
2730 3099 3010 3166 loquimur
3038 3097 3182 3150 inter
3211 3095 3394 3167 perfe-

1810 3204 1947 3259 ctos,
1982 3192 2308 3263 sapientiam
2358 3201 2540 3245 autem
2590 3205 2696 3244 non
2746 3189 2906 3256 hujus
2952 3187 3165 3254 saeculi,
3220 3202 3397 3258 neque

1810 3287 2116 3357 principum
2160 3283 2320 3352 hujus
2369 3282 2582 3346 mundi,
2621 3281 2715 3350 qui
2759 3281 3134 3346 destruuntur,
3172 3278 3264 3334 sed
3313 3280 3397 3333 lo-

1808 3378 2032 3447 quimur
2070 3376 2161 3430 Dei
2194 3374 2514 3444 sapientiam
2554 3373 2606 3426 in
2643 3374 2905 3444 mysterio
2936 3371 3392 3437 absconditam”

1808 3484 1914 3524 non
1952 3468 2266 3536 indigebant
2289 3478 2345 3522 ut
2379 3465 2613 3519 Verbum
2642 3465 2733 3519 Dei
2762 3466 3057 3520 secundum
3091 3465 3191 3518 hoc
3217 3464 3394 3518 susci-

1809 3571 2020 3631 perent,
2055 3561 2194 3630 quod
2224 3575 2352 3614 caro
2399 3559 2600 3613 factum
2643 3567 2750 3622 est,
2785 3557 2877 3611 sed
2922 3554 3217 3610 secundum
3268 3554 3395 3620 hoc,

1809 3657 1951 3725 quod
1989 3656 2259 3723 sapientia
2291 3655 2343 3708 in
2375 3652 2640 3723 mysterio
2669 3651 2981 3704 abscondita
3009 3648 3112 3704 est.
3149 3647 3238 3702 Sic
3266 3661 3397 3717 ergo

1809 3759 1862 3804 et
1899 3751 1950 3803 in
1984 3751 2085 3802 hoc
2113 3749 2254 3815 loco,
2287 3748 2355 3802 iis
2387 3747 2476 3816 qui
2507 3747 2572 3801 de
2623 3743 2827 3799 carnali
2871 3744 2937 3797 ad
2981 3741 3282 3812 spiritalem
3317 3741 3399 3794 in-

1812 3843 2160 3913 telligentiam
2213 3848 2598 3910 provocantur,
2651 3838 2852 3892 dicitur
2887 3853 2899 3888 :
2939 3856 2960 3887 ‹
2996 3835 3258 3890 Dominus
3296 3848 3394 3886 au-

1814 3943 1919 3988 tem
1963 3932 2184 4002 spiritus
2216 3940 2338 3995 est;
2373 3929 2463 3985 ubi
2503 3938 2682 3982 autem
2717 3928 2940 3997 spiritus
2972 3925 3208 3990 Domini,
3244 3923 3315 3976 ibi
3342 3931 3396 3976 et

1811 4024 2054 4080 libertas.
2093 4043 2112 4077 ι
2146 4023 2215 4078 Ut
2241 4032 2422 4076 autem
2455 4023 2793 4084 ostenderet,
2825 4019 2949 4089 quia
2995 4019 3106 4087 ipse
3123 4002 3248 4087 ~jam
3278 4031 3400 4085 per-

1812 4118 1960 4173 venit
1993 4117 2058 4170 ad
2097 4114 2343 4170 scientia:
2375 4112 2713 4173 libertatem,
2746 4118 2800 4163 et
2831 4119 3026 4163 exutus
3053 4117 3130 4160 cst
3163 4105 3228 4159 de
3255 4106 3401 4157 vela-

1812 4212 1973 4266 minis
1997 4209 2284 4272 servitute,
2314 4206 2464 4260 addit
2497 4205 2602 4271 his,
2633 4213 2688 4258 et
2716 4202 2852 4256 dicit
2879 4202 2920 4232 °'
2961 4219 2976 4256 :
3010 4217 3029 4251 ι
3079 4200 3182 4252 Nos
3219 4205 3398 4250 autem

1811 4318 2020 4366 omnes,
2047 4299 2282 4356 revelata
2309 4297 2469 4362 facie,
2490 4297 2716 4368 glm-iani
2743 4292 2953 4348 Domini
2983 4289 3340 4361 speculantes.
3375 4301 3400 4339 ι

1813 4395 1870 4451 Si
1902 4409 2030 4464 ergo
2067 4403 2122 4448 et
2150 4407 2250 4448 nos
2283 4390 2576 4446 Dominum
2628 4389 3007 4457 deprecemur,
3055 4393 3113 4436 nt
3152 4380 3399 4434 velamen

1814 4489 1879 4543 de
1911 4486 2076 4543 corde
2111 4495 2305 4540 nostro
2336 4482 2587 4551 dignetur
2615 4479 2854 4542 auferre,
2888 4489 3082 4543 capere
3113 4464 3402 4541 possumus

112 4616 274 4673 Unde
308 4610 623 4668 ostenditur
648 4621 753 4660 non
779 4602 954 4658 solum
990 4563 1229 4656 studium
1261 4594 1416 4648 nobis
1448 4590 1711 4646 adhiben-
1743 4570 1787 4625 Ῑ)
1818 4581 2234 4657 intelligentiam
2266 4576 2594 4648 spiritalem,
2627 4573 2674 4627 si
2710 4581 2888 4625 tamen
2921 4575 3302 4622 convertamur
3333 4563 3402 4617 ad

2684 4665 2693 4673 .
2782 4662 2813 4673 Α.
3034 4658 3044 4669 .
3217 4671 3232 4673 _
3293 4652 3359 4673 ε,-
3383 4652 3400 4673 ,

110 4711 241 4764 dum
295 4719 426 4762 esse
473 4701 540 4758 ad
582 4698 869 4756 discendas
907 4695 1120 4748 litteras
1167 4701 1377 4750 sacras,
1418 4698 1606 4738 verum
1657 4689 1712 4736 ct

110 4797 539 4871 supplicandum
579 4792 827 4857 Domino,
865 4796 920 4842 et
950 4785 1139 4841 diebus
1171 4797 1235 4837 ac
1265 4776 1514 4834 noctibus
1546 4774 1714 4829 obse-

110 4867 421 4950 crandum.
458 4901 515 4942 ut
545 4885 728 4939 veniat
779 4883 964 4950 Agnus
1020 4893 1087 4932 ex
1134 4875 1280 4930 tribu
1313 4869 1474 4936 Juda,
1503 4873 1557 4922 et
1597 4867 1712 4933 ipse

113 4987 410 5058 accipiens
443 4983 638 5036 librmn
673 4979 944 5046 signatum
998 4970 1255 5040 dignetur
1306 4961 1539 5032 aperire.
1594 4956 1712 5027 Ipse

110 5091 200 5140 est
231 5050 392 5135 enim
418 5076 508 5146 qui
537 5073 854 5141 Scripturas
895 5063 1237 5132 adaperiens,
1272 5053 1522 5112 accendit
1548 5050 1712 5106 corda

111 5173 548 5244 discipulorum,
577 5167 650 5220 ita
678 5174 735 5218 ut
758 5162 940 5216 dicant
963 5157 1007 5189 ⁵³
1037 5177 1048 5212 :
1081 5173 1101 5207 ι
1131 5153 1320 5207 Nonne
1344 5165 1439 5203 cor
1468 5155 1713 5200 nostrum

109 5277 240 5325 erat
265 5238 482 5320 ardens
512 5264 653 5318 intra
685 5271 806 5319 nos,
841 5267 963 5307 cum
997 5248 1234 5319 aperiret
1267 5242 1427 5298 nobis
1466 5238 1713 5308 Scriptu-

115 5365 252 5422 ras?
285 5381 308 5416 ι
355 5361 472 5432 Ipse
502 5371 635 5426 ergo
660 5353 824 5407 etiam
855 5361 1002 5403 nunc
1036 5343 1192 5399 nobis
1218 5338 1434 5410 aperire
1467 5335 1718 5402 dignetur

113 5457 255 5530 quid
283 5423 543 5522 est-quod
570 5423 834 5517 Apostolo
861 5456 959 5497 suo
987 5433 1275 5504 inspiravit
1307 5441 1363 5484 ut
1391 5428 1601 5483 diceret
1633 5423 1715 5476 ἐς

117 5518 147 5603 ί
183 5518 467 5605 Dominus
494 5550 676 5597 autem
714 5538 943 5608 spiritus
976 5541 1080 5595 est,
1130 5527 1223 5582 ubi
1259 5534 1440 5578 autem
1494 5518 1718 5589 Spiritus

115 5640 384 5704 Domini,
423 5637 496 5692 ibi
543 5635 788 5690 libertas.
826 5647 845 5681 ι
893 5627 1006 5696 Ego
1051 5620 1270 5693 quidem
1314 5624 1575 5686 quantum
1620 5623 1724 5680 pro

188 5759 243 5790 δ’
277 5755 445 5810 Joan.
478 5766 592 5815 vtn,
642 5747 732 5802 56.
809 5744 856 5775 ⁸ο
887 5740 1042 5815 Deut.
1098 5750 1279 5815 xvnt‘,‘
1301 5731 1390 5815 15Σ

114 5831 166 5868 ⁸⁵
200 5829 248 5883 ιι
304 5827 437 5881 Cor.
498 5839 582 5885 ιιι,
643 5821 727 5874 ΓΙ.

109 5875 248 5959 2t."
301 5875 519 5951 “Evibid.
547 5875 623 5962 vi,
655 5893 708 5947 7.
791 5890 831 5921 “
867 5883 909 5939 ll
941 5884 1063 5938 Cor.
1096 5895 1173 5944 ιιι,
1205 5875 1289 5931 18.

1465 5729 1508 5760 ⁵³
1542 5724 1731 5780 Matth.
1783 5738 1914 5786 xvn,
1949 5722 2003 5776 5.

807 5816 853 5847 ⁵⁸
891 5813 928 5865 Il
953 5812 1082 5866 Cor.
1108 5823 1160 5868 v,
1213 5795 1302 5859 l6.
1373 5802 1422 5835 “
1447 5799 1605 5856 Joan.
1644 5812 1680 5864 ι,
1719 5795 1805 5852 M.

1819 4652 2130 4737 Dominum,
2176 4681 2231 4727 et
2270 4671 2575 4724 libertatem
2617 4662 2864 4718 scientia:
2896 4658 3259 4728 requiramus.
3293 4652 3403 4708 Sed

1819 4767 2092 4839 quomodo
2117 4764 2366 4819 invenire
2396 4772 2684 4831 possumus
2724 4755 3058 4817 libertatein,
3096 4749 3186 4820 qui
3224 4746 3404 4803 servis

1821 4878 1941 4916 nius
1980 4857 2200 4923 saaculo,
2249 4854 2341 4924 qui
2385 4852 2656 4907 servimus
2692 4845 2963 4916 pecuniae,
3011 4843 3101 4911 qui
3133 4839 3403 4895 servimus

1815 4953 2099 5009 desideriis
2121 4947 2336 5004 carnis?
2377 4945 2489 5015 Ego
2521 4942 2784 5011 meipsum
2830 4936 3085 5006 corripio,
3134 4931 3400 5002 meipsum

1810 5045 2017 5115 judico,
2045 5057 2144 5111 ego
2168 5053 2314 5093 meas
2340 5036 2524 5106 culpas
2550 5047 2742 5102 arguo,
2774 5027 3006 5084 viderint
3028 5025 3120 5096 qui
3148 5023 3404 5088 audiunt,

1818 5139 1947 5208 quid
2003 5136 2068 5191 de
2122 5131 2426 5200 semetipsis
2489 5126 2752 5181 sentiant.
2833 5121 2946 5192 Ego
3001 5117 3221 5175 interim
3281 5115 3430 5170 dico'

1817 5229 1985 5301 quod,
2024 5229 2196 5281 donec
2227 5222 2384 5276 alicui
2418 5222 2612 5275 hormn
2644 5215 2919 5280 deservio,
2969 5225 3072 5266 non
3107 5223 3227 5264 sum
3267 5221 3387 5262 con-

1821 5337 2010 5377 versus
2061 5323 2127 5374 ad
2160 5317 2470 5380 Dominum,
2531 5327 2631 5367 nec
2687 5311 2854 5367 ullam
2903 5311 3230 5362 consecutus
3282 5313 3402 5354 sum

1823 5417 2130 5472 libertatem
2167 5413 2338 5467 donec
2373 5407 2502 5463 talia
2535 5422 2623 5462 me
2655 5404 2867 5475 negotia
2905 5409 2962 5454 et
3009 5391 3409 5452 sollicitudines

1815 5509 2120 5579 'stringunt.
2155 5506 2300 5560 Illius
2326 5519 2356 5557 a
2385 5518 2490 5574 quo
2519 5500 2866 5567 constringor
2895 5489 3091 5562 negotii
3129 5496 3185 5540 et
3210 5480 3385 5538 sollici

1826 5603 2032 5660 tudinis
2062 5614 2252 5657 servus
2283 5573 2424 5653 sum.
2464 5593 2592 5649 Scio
2632 5590 2777 5645 enim
2810 5585 3070 5652 scriptum
3100 5593 3242 5643 esse,
3275 5573 3404 5644 quia

2096 5717 2140 5748 δ’
2167 5713 2210 5768 ll
2243 5712 2370 5768 Cor.
2433 5726 2514 5776 ιιι,
2568 5707 2653 5764 Hi.
2707 5704 2792 5757 l7.
2865 5699 2911 5731 ⁸³
2942 5695 3278 5776 Ιίιιε.“ιᾳιγ,
3312 5683 3401 5741 52.

1916 5760 2030 5844 “all
2079 5760 2210 5842 eo}:
2249 5760 2514 5850 ἷιῖζήῗ
2552 5778 2598 5810 ⁸⁸
2622 5760 2652 5831 ι’
2670 5776 2795 5831 Cor.
2839 5786 2900 5838 ιι,
2953 5767 3008 5823 2.
3081 5765 3128 5798 ”
3155 5763 3177 5819 ι
3205 5760 3331 5839 Cor.
3370 5784 3412 5838 ι,
