3876 6516
567 369 673 428 387

2030 377 2365 435 ‘ORIGENIS
3643 402 3708 460 338

567 489 943 561 unusquisque
970 505 998 544 a
1027 505 1133 561 quo
1157 491 1417 560 vincitur,
1456 495 1583 552 huic
1629 504 1683 553 et
1714 512 1907 554 servus
1935 499 2141 553 addici-
2169 504 2216 563 Α
2247 515 2371 556 reor
2391 499 2537 556 enim
2563 514 2632 557 ne
2659 499 2801 559 forte
2826 501 3039 558 etiarnsi
3068 501 3320 559 Dominus
3363 507 3567 567 revelare
3584 516 3708 587 digne-

572 590 662 635 tur
689 578 757 647 ⁸⁸,
792 581 956 635 etiam
978 582 1023 636 si
1056 597 1142 636 me
1164 598 1318 639 amor
1341 586 1587 655 pecuniae
1618 602 1725 643 non
1769 598 1997 658 superat
2016 589 2152 660 (εξ),

567 673 730 729 etiam
749 672 794 726 si
814 674 1216 741 possessionum
1233 684 1289 731 et
1304 677 1616 731 divitiarum
1635 694 1766 733 cura
1788 695 1892 735 non
1916 680 2151 752 stringit,

567 760 739 819 laudis
765 773 943 819 tamen
964 766 1193 833 cupidus
1225 782 1368 835 sum,
1400 776 1457 823 et
1508 770 1735 838 gloriam
1759 781 1937 826 sector
1966 773 2154 827 huma-

566 867 713 919 nam,
738 854 783 907 si
809 854 874 908 de
902 854 1183 910 hominum
1199 856 1435 912 vultibus
1462 868 1516 913 et
1543 861 1887 916 sermonibus
1917 864 2148 932 pendeo,

564 943 692 1013 quid
721 943 785 997 de
812 957 896 998 me
922 942 1014 999 ille
1040 946 1259 1011 sentiat,
1293 948 1563 1015 quomodo
1594 949 1683 1004 ille
1727 966 1812 1006 me
1834 950 2053 1019 habeat,
2084 968 2151 1009 ne

563 1033 639 1088 illi
672 1033 1010 1103 distiliceam,
1042 1036 1085 1090 si
1120 1036 1193 1090 illi
1224 1036 1484 1106 placeam.
1549 1039 1732 1096 Donec
1765 1044 1986 1112 requiro
2020 1044 2146 1111 ista,

560 1138 753 1180 servus
808 1128 1000 1182 borum
1059 1143 1202 1183 sum.
1241 1129 1347 1184 Sed
1382 1131 1739 1201 volebamvex
1799 1135 1901 1189 hoc
1954 1138 2145 1193 saltem

563 1215 698 1269 satis
737 1229 923 1285 agere,
961 1217 1006 1271 si
1043 1218 1244 1286 possim
1304 1218 1444 1274 liber
1497 1222 1639 1288 tieri,
1686 1224 1729 1278 si
1785 1226 1985 1295 possim
2017 1226 2145 1298 jugo

560 1301 721 1358 fedae
756 1304 912 1374 hujus
938 1309 1215 1365 servitutis
1241 1311 1450 1366 absolvi
1488 1313 1621 1385 (83),
1660 1326 1713 1371 et
1752 1319 2038 1387 pervenire
2074 1321 2141 1375 ad

560 1392 868 1449 libertatem
901 1398 1196 1452 secundum
1254 1400 1497 1471 Apostoli
1545 1407 2028 1463 commonitionem
2060 1410 2143 1464 di-

560 1487 735 1542 centis
773 1489 817 1519 ⁸³
855 1505 871 1542 :
911 1507 928 1540 v
960 1489 1016 1545 In
1050 1490 1356 1548 libertatem
1389 1497 1566 1551 vocati
1614 1499 1764 1565 estis,
1800 1501 1967 1556 nolite
2020 1502 2138 1559 ﬁeri

559 1576 702 1632 servi
735 1579 1037 1636 hominum.
1079 1599 1098 1633 ι
1134 1581 1241 1637 Sed
1271 1586 1392 1652 quis
1430 1587 1561 1641 mihi
1596 1588 1749 1645 dabit
1775 1592 1914 1647 hanc
1942 1610 2135 1650 manu-

564 1668 918 1724 missionem?
947 1671 1079 1739 Quis
1107 1691 1189 1729 me
1217 1675 1285 1729 ab
1310 1676 1412 1731 hac
1441 1678 1702 1733 servitute
1734 1683 2040 1750 turpissima
2069 1686 2137 1740 li-

556 1758 790 1827 berabit,
820 1763 922 1818 nisi
954 1764 1040 1820 ille
1064 1767 1152 1837 qui
1182 1767 1319 1822 dixit
1352 1787 1366 1823 :
1399 1769 1445 1799 “
1480 1788 1498 1821 ι
1540 1769 1596 1825 Si
1643 1787 1739 1826 vos
1784 1773 1956 1830 Filius
1998 1777 2136 1833 libe-

558 1852 783 1917 raverit,
816 1869 943 1910 vere
977 1855 1131 1912 liberi
1165 1859 1356 1915 eritis?
1391 1879 1409 1912 ›
1454 1861 1667 1917 Etenim
1701 1867 1817 1920 scio
1852 1867 1979 1936 quia
2016 1884 2135 1925 ser-
2168 1855 2210 1908 Β

556 1957 654 1999 vus
695 1959 800 1999 non
835 1957 1013 2015 potest
1061 1948 1309 2006 libertate
1338 1952 1554 2020 donari,
1604 1956 1708 2011 nisi
1748 1958 1983 2016 ﬁdeliter
2024 1976 2138 2017 ser-

554 2034 732 2103 viens,
770 2038 873 2093 nisi
919 2039 1203 2097 Dominum
1242 2045 1492 2115 diligens.
1544 2048 1611 2101 Et
1664 2049 1785 2105 ideo
1830 2051 1994 2106 etiam
2038 2069 2135 2109 nos

554 2127 783 2183 ﬁdeliter
836 2132 1156 2196 serviamus,
1212 2145 1266 2189 et
1300 2151 1367 2191 ex
1415 2146 1526 2193 toto
1576 2140 1761 2208 corde,
1819 2150 1872 2197 et
1905 2158 1971 2198 ex
2026 2154 2136 2200 toto

553 2222 752 2287 animo,
815 2232 871 2277 et
909 2238 974 2278 ex
1006 2234 1115 2280 tota
1177 2226 1381 2283 virtute
1412 2240 1596 2285 nostra
1633 2232 1919 2302 diligamus
1953 2236 2135 2291 Domi-

555 2326 679 2365 num
708 2312 876 2367 Deum
914 2324 1182 2383 nostrum,
1209 2326 1269 2372 ut
1308 2334 1619 2375 mereamur
1647 2321 1900 2379 libertate
1941 2325 2133 2381 donari

548 2419 579 2455 a
613 2403 836 2459 Christo
862 2405 989 2462 Jesu
1025 2409 1163 2466 Filio
1211 2411 1327 2481 ejus
1382 2412 1610 2469 Domino
1645 2426 1855 2483 nostro,
1912 2418 1997 2472 cui
2049 2430 2133 2474 est

548 2492 722 2563 gloria
755 2504 811 2551 et
846 2496 1134 2567 imperium
1173 2501 1225 2552 in
1256 2502 1449 2554 saecula
1486 2500 1831 2559 saeculorum.
1864 2504 2056 2559 Amen.
2146 2538 2147 2541 η

1009 2590 1166 2661 175
1202 2589 1486 2647 HOMlLIA
1524 2590 1661 2647 Xlll.

717 2677 804 2734 De
824 2679 907 2734 his
946 2698 1064 2752 qua:
1095 2684 1393 2752 offeruntur
1428 2685 1496 2740 ad
1542 2686 1965 2742 tabernaculum.

619 2790 674 2847 i.
704 2791 826 2849 Jam
858 2795 1074 2864 quidem
1106 2806 1161 2853 et
1191 2799 1343 2868 prius
1377 2799 1445 2857 de
1490 2801 1843 2859 tabernaculo
1873 2818 1970 2873 pro
2000 2804 2135 2860 viri-

547 2878 647 2936 bus
679 2880 1032 2953 dixeramus;
1073 2901 1261 2943 verum
1293 2890 1550 2960 quoniam
1597 2905 1738 2961 saepe
1777 2891 1831 2947 in
1863 2892 2028 2949 Exodi
2060 2894 2128 2948 li-

545 2971 645 3027 bro
694 2976 961 3045 repetitur
991 2977 1108 3047 ipsa
1144 2980 1471 3051 descriptio;
1502 2982 1699 3037 dicitur
1724 2984 1869 3039 enim
1921 2993 1977 3040 et
2004 3002 2129 3042 cum

546 3064 808 3121 Dominus
838 3070 1096 3140 praecepit
1142 3071 1316 3143 Moysi
1364 3073 1598 3143 qualiter
1646 3075 1765 3131 ﬁeri
1801 3077 2040 3146 debeat,
2077 3088 2134 3135 et

2263 603 2353 648 tur
2384 593 2589 661 alicui,
2624 595 2767 652 sicut
2812 596 2953 653 forte
2996 596 3251 668 dignatur
3276 598 3367 667 (de
3409 616 3482 658 me
3512 606 3621 661 enim
3643 628 3707 667 nou

2254 699 2375 739 sum
2405 699 2573 740 ausus
2602 686 2844 759 dicere),
2875 702 3070 744 vereor
3093 728 3109 755 ,
3143 688 3358 759 inquam
3382 732 3398 757 ,
3423 703 3474 749 et
3510 697 3628 754 valde
3650 704 3710 758 da.

2253 777 2369 831 bito
2394 817 2410 842 ,
2449 778 2494 832 si
2535 778 2772 833 inveniat
2803 779 3079 836 auditores
3114 781 3229 850 (85)
3256 798 3269 835 :
3299 790 3483 839 etcum
3508 788 3566 842 ita
3586 792 3651 856 sit,
3671 811 3711 851 ne

2254 866 2392 925 forte
2422 871 2489 925 ab
2523 884 2587 927 eo
2619 871 2713 942 qui
2764 874 3057 943 explanare
3108 875 3385 929 conabitur
3408 916 3423 942 ,
3454 881 3710 951 requiratur,

2253 959 2548 1018 Dominica:
2596 966 2906 1036 margaritae
2939 967 3054 1032 ubi,
3096 966 3180 1021 vel
3226 969 3511 1036 quomodo,
3548 975 3612 1028 vel
3633 993 3709 1037 ante

2250 1069 2387 1124 quos
2424 1056 2725 1113 mittantur.
2762 1057 2959 1113 Verum
2989 1060 3247 1129 quoniam
3276 1076 3563 1133 magnopere
3582 1083 3709 1139 exspe

2250 1148 2411 1203 ctatis
2442 1156 2498 1202 ut
2528 1148 2709 1219 aliqua
2741 1165 2808 1206 ex
2846 1151 2935 1206 his
2962 1166 3081 1220 qua:
3109 1151 3246 1206 lecta
3277 1162 3425 1219 sunt,
3452 1155 3709 1229 disserantar,

2246 1248 2300 1293 et
2327 1239 2572 1309 praecipit
2606 1240 2737 1295 mihi
2771 1241 3034 1297 Dominus
3064 1252 3218 1297 meus
3248 1242 3427 1299 dicens
3448 1245 3522 1301 “:
3565 1249 3711 1320 t0por.

2250 1331 2394 1385 tebat
2428 1342 2478 1386 te
2512 1333 2640 1388 dare
2668 1334 2954 1403 pecuniam
3001 1349 3181 1389 meam
3230 1335 3295 1389 ad
3328 1351 3571 1405 mensam,
3594 1353 3711 1415 etego

2251 1425 2477 1480 veniens
2507 1442 2629 1480 cum
2658 1429 2841 1484 usuris
2864 1428 3048 1499 utique
3077 1429 3375 1500 exegissem
3397 1444 3533 1485 eam:
3558 1452 3573 1486 ι
3600 1435 3711 1505 ipsum

2246 1517 2467 1587 rogabo,
2496 1527 2554 1570 ut
2579 1520 2799 1574 verbum
2829 1536 3006 1575 meum
3035 1536 3189 1577 suam
3216 1522 3487 1590 pecuniam
3511 1523 3646 1583 facere
3664 1532 3711 1582 di-

2243 1618 2459 1679 gnetur,
2494 1610 2569 1664 uti
2604 1626 2709 1667 non
2740 1628 2916 1668 meam
2943 1615 3250 1685 pecuniam,
3284 1629 3383 1668 non
3414 1630 3565 1671 meum
3585 1634 3711 1675 aurum

2240 1700 2394 1755 vobis
2418 1739 2434 1765 ,
2468 1701 2561 1756 sed
2604 1703 2775 1773 ipsius
2813 1703 3076 1761 {mlierem
3102 1747 3118 1773 ,
3154 1706 3324 1774 ipsius
3353 1708 3491 1762 vobis
3514 1710 3652 1774 verbo,
3681 1724 3714 1767 ct

2242 1794 2412 1863 ipsius
2440 1810 2602 1850 sensu
2635 1796 2862 1866 loquar,
2898 1808 2951 1853 et
2994 1799 3059 1853 ad
3090 1800 3308 1854 auditus
3338 1801 3486 1855 vestri
3512 1802 3602 1858 haec
3622 1806 3715 1861 dele-

2243 1902 2355 1940 ram
2386 1903 2650 1942 mensam.
2688 1888 2790 1944 Vos
2820 1888 2934 1956 jam
2967 1890 3216 1946 videritis
3246 1891 3575 1962 suscipientes
3598 1895 3714 1951 Domi.

2240 1979 2417 2034 nicam
2446 1980 2757 2049 pecuniam,
2788 1982 3061 2050 quomodo
3089 1998 3284 2038 usuras
3306 1982 3417 2052 ejus
3442 1985 3631 2041 venienti
3652 1988 3715 2042 llo-

2238 2072 2385 2126 mino
2412 2073 2752 2150 praeparetis.
2788 2074 2975 2131 Usurae
3004 2082 3183 2130 autem
3218 2084 3347 2131 sunt
3383 2077 3516 2131 verbi
3545 2076 3632 2143 Dei,
3654 2079 3714 2132 ha-

2236 2163 2366 2219 bere
2398 2164 2452 2219 in
2490 2149 2596 2219 usui
2622 2149 2744 2220 vita:
2775 2176 2829 2222 et
2855 2177 3075 2223 actuum
3111 2183 3173 2223 ea
3209 2183 3329 2237 quae
3357 2170 3713 2239 praecepitsenuo

2240 2256 2351 2310 Dei.
2380 2255 2436 2311 Si
2469 2272 2597 2326 ergo
2624 2259 2905 2314 audientes
2938 2259 3165 2314 verbum
3203 2259 3415 2315 utimini
3442 2275 3519 2327 eo,
3541 2271 3584 2315 et
3610 2263 3714 2328 agitis

2234 2350 2532 2406 secundum
2557 2367 2619 2406 ea
2650 2367 2770 2419 quae
2800 2352 3020 2420 auditis,
3056 2363 3113 2410 et
3136 2355 3431 2409 secundum
3460 2355 3558 2410 hac
3580 2356 3712 2418 vivitis,

2235 2456 2430 2497 usuras
2461 2441 2694 2499 Domino
2723 2445 3042 2515 praeparatis
3068 2461 3083 2499 :
3111 2454 3166 2500 et
3198 2456 3375 2516 potest
3400 2447 3505 2502 fieri
3535 2456 3581 2502 ut
3606 2464 3713 2503 unus

2234 2535 2466 2603 quisque
2506 2544 2745 2591 vestrum
2797 2536 2862 2592 de
2890 2536 3129 2607 quinque
3163 2537 3381 2593 talentis
3407 2537 3549 2593 l‘aciat
3573 2538 3713 2604 deceat,

2234 2634 2288 2680 et
2313 2626 2503 2681 audiat
2530 2642 2560 2682 a
2590 2628 2817 2686 Domino
2841 2630 2908 2682 ’τε
2941 2647 2959 2681 v
2986 2627 3156 2700 Euge,
3183 2645 3346 2686 serve
3373 2632 3501 2686 bone
3523 2640 3567 2685 et
3588 2631 3713 2695 ﬁdelis,

2233 2718 2344 2773 eris
2394 2727 2722 2788 potestatem
2773 2721 2982 2778 habens
3033 2737 3199 2792 super
3239 2722 3426 2779 decem
3474 2723 3711 2777 civitates.»

2233 2807 2470 2867 Tantum
2523 2811 2651 2867 illud
2702 2813 2938 2880 ,videte,
2985 2830 3053 2872 ne
3090 2816 3216 2886 quis
3264 2825 3494 2872 vestrum
3521 2824 3715 2884 accqium

2234 2901 2522 2969 pecuniam
2544 2940 2561 2968 ,
2592 2911 2687 2956 aut
2721 2903 2773 2957 in
2803 2904 3028 2960 sudario
3062 2907 3324 2978 colliget,
3358 2915 3447 2961 aut
3477 2904 3714 2961 deiodiatia

2237 3001 2463 3060 terram,
2494 2993 2618 3062 quia
2646 2993 2955 3063 huiusmodi
2985 2998 3223 3053 hominis
3254 2998 3310 3052 in
3342 2999 3554 3052 adventu
3576 2996 3715 3049 Domini

2233 3085 2359 3153 quis
2396 3085 2468 3139 sit
2498 3086 2681 3141 exitus
2715 3087 2852 3143 bene
2887 3090 3082 3147 nostis.
3120 3089 3472 3145 Tentabimus
3489 3088 3617 3160 igitur
3632 3102 3714 3156 pav-

546 3155 745 3211 iterum
774 3173 896 3214 cum
927 3160 1139 3233 Moyses
1161 3166 1417 3235 praecepit
1444 3170 1663 3237 pepulo,
1688 3177 1749 3223 ut
1777 3168 1973 3225 olIerat
1998 3187 2129 3228 con-
2153 3210 2197 3269 α
2232 3191 2295 3231 ca
2334 3178 2403 3232 de
2438 3178 2647 3245 multis,
2681 3180 2787 3237 imo
2823 3182 3083 3250 pauciora
3115 3182 3182 3237 de
3212 3182 3426 3252 paucis,
3456 3155 3717 3250 quippequi-

544 3252 808 3307 struendo
837 3256 988 3324 operi
1026 3258 1313 3324 materias,
1343 3259 1486 3314 sicut
1527 3260 1641 3315 haec
1668 3259 1831 3317 lectio
1860 3264 2121 3331 continet,

544 3354 667 3409 qua:
699 3342 857 3398 nobis
909 3343 1072 3399 modo
1103 3346 1331 3400 recitata
1379 3357 1503 3402 est:
1553 3347 1648 3402 sed
1681 3356 1737 3402 et
1780 3350 2124 3419 postmodum

544 3442 941 3489 enumerantur
962 3435 1195 3506 singula,
1221 3451 1344 3491 cum
1376 3452 1470 3506 per
1491 3437 1791 3505 Beselehel,
1814 3448 1870 3496 et
1898 3450 2125 3497 caeteros

542 3522 819 3591 sapientes
850 3525 999 3581 viros
1025 3525 1384 3593 fabricantur,
1402 3540 1457 3584 et
1488 3528 1709 3597 iterum,
1743 3544 1867 3585 cum
1900 3533 1968 3586 ad
1997 3546 2127 3587 con-

543 3624 791 3684 spectum
818 3615 985 3690 Moysi
1012 3606 1350 3687 deferuntur;
1380 3631 1433 3675 et
1457 3637 1695 3688 rursum,
1725 3639 1847 3678 cum
1870 3639 1966 3695 per
1987 3640 2127 3695 pra:-

542 3716 758 3777 ceptum
792 3708 903 3781 (84)
946 3710 1163 3766 Domini
1196 3713 1551 3779 dedicantur;
1594 3714 1653 3767 ﬁt
1683 3725 1946 3784 praetcrea
1984 3726 2037 3771 et
2067 3718 2121 3771 in

541 3799 686 3866 aliis,
722 3802 805 3855 vel
838 3802 1012 3868 libris,
1045 3804 1130 3858 vel
1155 3803 1313 3869 locis,
1349 3804 1542 3859 horum
1568 3810 2037 3874 commemoratio,
2069 3820 2125 3865 et

546 3890 861 3961 frequenter
899 3896 1203 3963 repetitur,
1241 3906 1430 3966 utpote
1458 3898 1599 3966 quod
1635 3901 1945 3956 necessario
1975 3915 2123 3956 com.

542 3998 818 4050 monetur;
856 4002 1000 4042 nunc
1029 4003 1169 4056 ,ergo
1200 3991 1458 4045 re‘citatus
1500 4001 1586 4046 est
1618 3992 1772 4048 nobis
1806 3994 1897 4049 ille
1918 4010 2117 4064 sermo,

542 4075 633 4129 ubi
676 4075 807 4129 dicit
838 4076 916 4131 “z
970 4095 989 4129 ‹
1012 4076 1078 4132 Ει
1110 4080 1245 4134 dixit
1279 4079 1493 4152 Moyses
1522 4082 1590 4137 ad
1629 4099 1847 4139 omnem
1891 4101 2122 4157 synago-

539 4182 663 4238 gam
702 4168 938 4223 tiliorum
972 4170 1161 4237 Israel,
1196 4173 1413 4229 dicens:
1458 4173 1572 4230 Hoc
1605 4184 1689 4231 est
1718 4177 1940 4233 verbum
1976 4179 2118 4249 quod

543 4259 803 4329 praecepit
835 4262 1097 4316 Dominus
1123 4263 1349 4319 dicens:
1384 4264 1594 4322 Sumite
1621 4281 1650 4319 a
1678 4267 1834 4322 vobis
1868 4268 1999 4338 ipsis
2036 4284 2121 4325 re-

539 4351 907 4422 demptionem
971 4354 1219 4411 Domino.
1258 4356 1450 4413 Omnis
1498 4358 1591 4427 qui
1638 4358 1888 4430 coneepit
1914 4361 2116 4429 corde,

538 4441 733 4496 olIerat
774 4444 928 4498 initia
966 4445 1235 4502 Domino:
1266 4462 1482 4514 aurum,
1518 4460 1826 4519 argentum,
1857 4466 2121 4506 :rramen-

2229 3267 2332 3323 bus
2363 3278 2417 3324 et
2456 3278 2640 3326 noster
2670 3286 2850 3328 sermo
2881 3272 3177 3337 librandus,
3205 3282 3261 3328 et
3293 3284 3471 3328 vester
3491 3270 3673 3326 auditus.

2299 3359 2355 3414 2.
2392 3361 2574 3419 Primo
2609 3362 2775 3434 igitur
2805 3365 3046 3420 omnium
3080 3365 3364 3421 videamus
3396 3363 3517 3435 quid
3545 3360 3715 3429 estquod

2228 3452 2361 3508 dicit
2407 3453 2621 3525 Moyses
2667 3456 2734 3510 ad
2774 3455 2914 3511 tilios
2947 3455 3114 3510 Israel
3146 3456 3225 3510 ‘3:
3284 3475 3303 3507 ι
3335 3455 3531 3511 Sumite
3560 3469 3583 3505 a
3617 3450 3717 3503 vobis

2228 3543 2360 3615 ipsis
2399 3546 2827 3614 redemptionem
2864 3547 3130 3613 Domino,
3168 3548 3350 3602 omnis
3378 3546 3464 3615 qui
3494 3540 3717 3611 conceperit

2227 3638 2408 3702 corde,
2447 3635 2643 3693 otl‘erat
2670 3638 2824 3692 initia
2860 3639 3106 3694 Domino.
3134 3658 3152 3691 ι
3194 3638 3313 3693 Non
3341 3637 3450 3692 vult
3477 3635 3660 3706 Moyses,
3682 3640 3717 3683 ut

2224 3730 2425 3801 aliquid
2453 3730 2648 3785 oll'eras
2668 3730 2775 3785 Deo
2802 3734 2944 3801 quod
2972 3741 3123 3785 extra
3146 3741 3196 3785 te
3224 3740 3333 3797 est,
3366 3748 3386 3783 ι
3411 3745 3440 3783 a
3466 3727 3597 3782 vobis
3619 3725 3719 3794 ipsis,

2224 3822 2419 3891 inquit,
2448 3822 2670 3889 sumite,
2702 3831 2758 3877 et
2786 3822 2937 3877 initia
2955 3822 3143 3878 otl‘erte
3176 3823 3424 3886 Domino,
3453 3828 3589 3891 prout
3607 3828 3717 3869 unua-

2222 3910 2451 3979 quisque
2487 3911 2735 3981 concepit
2778 3913 2963 3967 corde.
3002 3931 3021 3964 ι
3057 3913 3262 3966 Aurum
3291 3912 3503 3980 jubetur
3524 3918 3568 3964 et
3591 3918 3718 3975 περὶ·

2226 4008 2338 4052 tum
2371 3998 2567 4055 deferri
2599 4039 2614 4064 ,
2648 4015 2722 4055 res
2751 4010 2806 4055 et
2833 4012 3048 4055 ca‘terre
3081 4002 3328 4054 materia:
3359 4040 3374 4065 ,
3406 3996 3637 4067 quomodo
3656 3993 3718 4043 hoc

2222 4106 2442 4162 possum
2487 4107 2586 4163 ego
2614 4094 2681 4148 de
2727 4093 2935 4164 meipso
2969 4092 3209 4148 offerre?
3244 4091 3493 4161 Nunquid
3534 4089 3645 4142 intra
3667 4097 3719 4137 me

2223 4199 2419 4239 aurum
2442 4184 2686 4239 nascitur
2711 4193 2806 4238 aut
2831 4192 3138 4254 argentum,
3168 4193 3222 4238 et
3247 4193 3445 4238 caetera
3475 4178 3723 4249 qua:qu

2223 4274 2354 4330 tur?
2382 4274 2574 4329 Nonne
2606 4274 2710 4330 hoc
2742 4274 3115 4344 unusquisque
3145 4273 3210 4329 de
3246 4268 3605 4345 pfomptuariis
3626 4264 3721 4319 etde

2222 4367 2449 4423 scriniis
2478 4367 2594 4422 suis
2620 4366 2860 4438 profert?
2894 4366 3032 4433 Quid
3057 4376 3143 4422 est
3165 4383 3296 4437 ergo
3324 4367 3464 4436 quod
3497 4361 3605 4420 dicit
3628 4358 3723 4424 llos-

2221 4474 2329 4525 ses,
2366 4457 2557 4514 oﬂ‘erte
2584 4473 2614 4513 a
2650 4458 2803 4514 vobis
2830 4458 2980 4527 ipsis,
3015 4468 3073 4513 et
3104 4458 3475 4528 unusquisque
3498 4455 3618 4510 sicut
3639 4462 3723 4502 eou-

542 4542 677 4601 wm.
714 4535 1094 4606 hyacinlhum.
1127 4554 1452 4610 purpuram.
1485 4556 1706 4595 coccum
1742 4541 2111 4611 duplicatum.
2148 4562 2191 4618 υ
2222 4558 2365 4628 cepit
2397 4556 2611 4612 corde?
2645 4555 2776 4611 Illud
2812 4555 3026 4626 quidem
3062 4570 3255 4609 aurum
3291 4568 3347 4609 et
3376 4559 3627 4621 argentum
3654 4557 3722 4597 cz-

538 4632 594 4679 et
632 4625 851 4696 byssum
887 4637 1085 4684 tortam
1111 4672 1126 4698 ,
1157 4632 1298 4701 pilos
1323 4648 1615 4703 caprarum
1642 4673 1657 4699 ,
1691 4642 1747 4689 et
1779 4634 1943 4703 pelles
1974 4636 2117 4688 arie-

541 4724 654 4770 tum
686 4706 1009 4787 rubricatas,
1039 4732 1094 4779 et
1124 4724 1294 4794 pelles
1325 4725 1737 4795 hyacinthinus.
1769 4725 1911 4796 ligna
1944 4726 2118 4797 impu-

541 4808 773 4878 tribilia,
813 4822 869 4867 et
899 4812 1109 4883 lapides
1143 4816 1429 4882 sardinos,
1461 4827 1515 4873 et
1543 4812 1755 4888 lapides
1778 4819 1843 4872 ad
1876 4819 2118 4887 sculptu-

538 4914 656 4953 ram
690 4902 741 4955 in
770 4903 1036 4961 humerali
1066 4918 1120 4962 et
1153 4909 1385 4977 pedere;
1417 4918 1472 4964 et
1494 4909 1670 4965 omnis
1701 4909 1919 4979 sapiens
1950 4909 2115 4964 corde

540 4996 591 5049 in
627 4999 783 5055 vobis
819 5002 1038 5067 veniat,
1076 5012 1131 5059 et
1182 5014 1439 5074 operetur
1484 5006 1666 5061 omnia
1696 5021 1817 5075 quae
1859 5007 2117 5077 praecepit

520 5090 820 5150 Dominus.
850 5113 870 5148 ι
888 5095 1021 5152 Cum
1051 5101 1335 5155 considero
1357 5103 1618 5171 meipsum
1643 5105 1901 5175 primum,
1924 5115 1980 5160 et
2003 5104 2115 5160 dis-

535 5186 708 5255 cutio,
735 5187 886 5259 piget
907 5191 977 5246 ad
1002 5191 1120 5248 haec
1142 5196 1435 5264 aperienda
1484 5212 1704 5252 manum
1737 5198 1976 5257 mittere.
2010 5198 2114 5257 Ve-

2228 4656 2463 4718 teraeque
2511 4648 2758 4703 materiae
2788 4647 2932 4702 unde
2989 4646 3397 4701 tabernaculum
3432 4646 3721 4698 constructum

2224 4749 2341 4807 est,
2384 4749 2600 4796 constat
2625 4742 2692 4796 de
2720 4742 2939 4797 scriniis
2961 4751 3015 4796 et
3036 4739 3424 4811 promptuariis
3451 4730 3722 4828 uniuscujth

2222 4847 2328 4903 (Ιυο
2381 4833 2672 4903 prolatum.
2706 4833 2979 4905 Spiritalis
3013 4843 3190 4891 autem
3226 4834 3313 4887 lex
3347 4844 3527 4885 aurum
3558 4825 3723 4891 requirit

2227 4924 2293 4978 ad
2350 4924 2758 4979 tabernaculum
2785 4964 2800 4989 ,
2834 4924 2979 4994 quod
3030 4924 3178 4979 intra
3208 4937 3309 4978 nos
3347 4931 3427 4977 est
3456 4962 3470 4987 ,
3510 4920 3724 5010 argenlutn

2223 5018 2368 5087 quod
2398 5018 2538 5073 intra
2579 5032 2679 5073 nos
2711 5026 2828 5083 est,
2864 5027 2921 5072 et
2946 5032 3139 5073 omnes
3177 5016 3414 5086 reliquas
3442 5008 3657 5066 materias
3680 5000 3722 5052 il-

2220 5110 2301 5166 las
2324 5093 2588 5178 deposcit,
2623 5123 2759 5179 quas
2786 5119 2840 5165 et
2870 5109 3013 5163 intra
3042 5124 3142 5164 nos
3173 5108 3380 5163 habere
3409 5100 3727 5194 possumus?!

2219 5199 2467 5271 proferre
2521 5199 2588 5257 de
2626 5199 2804 5257 nobis.
2855 5200 2999 5255 Dicit
3048 5200 3192 5255 enim
3242 5197 3522 5267 Scriptura
3544 5192 3600 5259 ",
3637 5192 3722 5257 quia

608 5347 733 5428 ιλιι
758 5349 923 5428 _Petr.
964 5355 1143 5428 ",19.
1182 5356 1265 5428 ff
1291 5356 1409 5415 Gal.
1445 5374 1497 5425 v,
1527 5358 1615 5425 l3,
1647 5369 1703 5415 et
1743 5359 1763 5414 1
1798 5360 1923 5416 Cor.
1965 5377 2060 5428 vn,
2084 5362 2130 5416 2:

2255 5354 2302 5387 “
2327 5352 2487 5428 J_oa_n.
2520 5369 2632 5421 vttt,
2659 5353 2749 5428 5Q.
2790 5352 2871 5428 _"
2901 5352 3073 5409 Exod.
3110 5368 3271 5421 xxxv,
3301 5352 3359 5419 4,
3389 5351 3446 5419 5,
3478 5352 3528 5415 6,
3554 5349 3598 5414 7,
3622 5343 3663 5407 8,
3687 5340 3724 5395 9~

539 5415 588 5451 “
622 5418 814 5478 Matth.
848 5439 974 5493 xxv,
1005 5415 1101 5479 ‘27.
1173 5427 1217 5459 "’
1240 5426 1371 5483 Luc.
1402 5415 1552 5496 xxix,
1582 5415 1667 5486 1'7.
1745 5431 1789 5463 ⁸⁸
1816 5415 1988 5488 Exed.
2020 5415 2128 5487 x'xx

2233 5428 2269 5481 ι.
2349 5425 2391 5457 ⁸⁸
2422 5425 2584 5479 Rom.
2618 5415 2669 5489 ἰ,
2702 5425 2756 5489 8,
2785 5423 2837 5478 9.

632 5575 723 5655 ea)
747 5578 917 5655 Alias,
952 5600 973 5635 ι
1012 5593 1249 5655 superet,
1290 5605 1308 5637 ι
1342 5586 1436 5641 sed
1481 5601 1613 5642 mss.
1654 5604 1673 5637 ι
1704 5596 1941 5655 superat.
1979 5605 1999 5640 ι

631 5646 714 5727 82f!
734 5650 881 5727 Alias
917 5646 1188 5727 omittitur
1238 5646 1257 5707 v
1302 5656 1483 5727 foedae,
1531 5677 1550 5712 ι
1604 5665 1662 5710 et
1708 5646 1906 5727 legitur
1939 5682 1951 5713 ;
1990 5678 2008 5711 ι
2052 5659 2109 5713 Si

538 5718 742 5840 uossim
772 5720 836 5775 de
857 5722 987 5793 jugo
1018 5723 1177 5793 hujus
1202 5718 1483 5782 servitutis
1515 5718 1812 5797 absolvifv
1850 5729 1947 5785 sed
1972 5744 2105 5786 mss.

593 5795 824 5840 cttonem
856 5793 1026 5840 [nostri
1057 5803 1238 5840 l9.th
1264 5797 1540 5840 pxhilmnl-

593 5793 824 5844 etionem
855 5793 1027 5850 nostri
1057 5803 1239 5854 textus
1264 5797 1541 5855 exhibent.

2282 5588 2395 5661 (84)
2425 5588 2583 5656 Mss.,
2606 5606 2627 5640 ι
2660 5602 2755 5658 per
2784 5596 3133 5659 praeceptum.
3168 5605 3186 5640 ι
3221 5586 3381 5644 Libb.
3410 5583 3563 5648 editi,
3591 5587 3725 5648 «μην

2517 5732 2744 5815 inueniat
2775 5732 3066 5815 auditores,
3092 5739 3201 5815 etc.
3233 5718 3722 5815 Sicut‘nssslatbl’jfw

2214 5799 2324 5858 tem
2363 5802 2491 5857 editi
2531 5803 2754 5871 habent,
2792 5821 2810 5856 v
2841 5805 2884 5859 si
2922 5804 3195 5860 inveniam
3233 5800 3527 5861 auditores,
3560 5811 3576 5844 ι
3604 5799 3682 5845 etc.
