  <div class='ocr_page' id='page_1' title='image "/cluster/home/n/w/nwhite01/storage/ocr_20150623/12/hvd.32044019207638/198.png"; bbox 0 0 3876 6500; ppageno 0'>
   <div class='ocr_carea' id='block_1_1' title="bbox 121 376 1658 460">
    <p class='ocr_par' dir='ltr' id='par_1_1' title="bbox 121 380 1658 460">
     <span class='ocr_line' id='line_1_1' title="bbox 121 380 1658 460; baseline -0.016 -1"><span class='ocrx_word' id='word_1_1' title='bbox 121 400 199 460; x_wconf 71' lang='grc' dir='ltr'><strong>58ξ</strong></span> <span class='ocrx_word' id='word_1_2' title='bbox 1271 385 1339 442; x_wconf 84' lang='grc' dir='ltr'><strong>ΙΝ</strong></span> <span class='ocrx_word' id='word_1_3' title='bbox 1375 382 1605 440; x_wconf 69' lang='lat' dir='ltr'><strong>EXODU</strong></span> <span class='ocrx_word' id='word_1_4' title='bbox 1614 380 1658 436; x_wconf 83' lang='lat' dir='ltr'><strong>M</strong></span> 
     </span>
    </p>
   </div>
   <div class='ocr_carea' id='block_1_2' title="bbox 1760 376 2149 460">
    <p class='ocr_par' dir='ltr' id='par_1_2' title="bbox 1760 376 2149 435">
     <span class='ocr_line' id='line_1_2' title="bbox 1760 376 2149 435; baseline -0.008 0"><span class='ocrx_word' id='word_1_5' title='bbox 1760 379 1978 435; x_wconf 74' lang='lat' dir='ltr'><strong>JMILIA</strong></span> <span class='ocrx_word' id='word_1_6' title='bbox 2015 376 2149 433; x_wconf 78' lang='lat' dir='ltr'><strong>XIII.</strong></span> 
     </span>
    </p>
   </div>
   <div class='ocr_carea' id='block_1_3' title="bbox 3214 380 3326 439">
    <p class='ocr_par' dir='ltr' id='par_1_3' title="bbox 3214 380 3326 439">
     <span class='ocr_line' id='line_1_3' title="bbox 3214 380 3326 439; baseline 0.036 -3"><span class='ocrx_word' id='word_1_7' title='bbox 3214 380 3326 439; x_wconf 73' lang='lat'><strong>590</strong></span> 
     </span>
    </p>
   </div>
   <div class='ocr_carea' id='block_1_4' title="bbox 123 490 3327 591">
    <p class='ocr_par' dir='ltr' id='par_1_4' title="bbox 123 490 3327 591">
     <span class='ocr_line' id='line_1_4' title="bbox 123 490 3327 591; baseline -0.005 -19"><span class='ocrx_word' id='word_1_8' title='bbox 123 542 138 576; x_wconf 77' lang='grc' dir='ltr'><strong>ι</strong></span> <span class='ocrx_word' id='word_1_9' title='bbox 167 512 317 591; x_wconf 74' lang='lat' dir='ltr'><strong>prope</strong></span> <span class='ocrx_word' id='word_1_10' title='bbox 351 519 434 566; x_wconf 87' lang='lat' dir='ltr'><strong>est</strong></span> <span class='ocrx_word' id='word_1_11' title='bbox 463 509 687 566; x_wconf 78' lang='lat' dir='ltr'><strong>verbum</strong></span> <span class='ocrx_word' id='word_1_12' title='bbox 724 505 779 562; x_wconf 91' lang='lat' dir='ltr'><strong>in</strong></span> <span class='ocrx_word' id='word_1_13' title='bbox 824 522 920 563; x_wconf 91' lang='lat' dir='ltr'><strong>ore</strong></span> <span class='ocrx_word' id='word_1_14' title='bbox 952 515 1070 571; x_wconf 91' lang='lat' dir='ltr'><strong>tuo,</strong></span> <span class='ocrx_word' id='word_1_15' title='bbox 1097 507 1246 578; x_wconf 90' lang='lat' dir='ltr'><strong>quia,</strong></span> <span class='ocrx_word' id='word_1_16' title='bbox 1280 506 1325 562; x_wconf 87' lang='lat' dir='ltr'><strong>si</strong></span> <span class='ocrx_word' id='word_1_17' title='bbox 1370 504 1654 559; x_wconf 88' lang='lat' dir='ltr'><strong>confessus</strong></span> <span class='ocrx_word' id='word_1_18' title='bbox 1681 504 1725 561; x_wconf 78' lang='grc' dir='ltr'>Α</span> <span class='ocrx_word' id='word_1_19' title='bbox 1758 513 1876 567; x_wconf 80' lang='lat' dir='ltr'><strong>quae.</strong></span> <span class='ocrx_word' id='word_1_20' title='bbox 1922 499 2031 553; x_wconf 90' lang='lat' dir='ltr'><strong>sint</strong></span> <span class='ocrx_word' id='word_1_21' title='bbox 2064 496 2217 551; x_wconf 90' lang='lat' dir='ltr'><strong>initia</strong></span> <span class='ocrx_word' id='word_1_22' title='bbox 2269 496 2386 551; x_wconf 81' lang='lat' dir='ltr'><strong>auri</strong></span> <span class='ocrx_word' id='word_1_23' title='bbox 2416 535 2432 561; x_wconf 84' lang='lat'><strong>.</strong></span> <span class='ocrx_word' id='word_1_24' title='bbox 2470 497 2553 553; x_wconf 74' lang='lat' dir='ltr'><strong>vel</strong></span> <span class='ocrx_word' id='word_1_25' title='bbox 2604 513 2725 567; x_wconf 62' lang='lat' dir='ltr'><strong>quae</strong></span> <span class='ocrx_word' id='word_1_26' title='bbox 2769 499 3020 569; x_wconf 70' lang='lat' dir='ltr'><strong>primitiae</strong></span> <span class='ocrx_word' id='word_1_27' title='bbox 3069 502 3275 570; x_wconf 92' lang='lat' dir='ltr'><strong>argenti</strong></span> <span class='ocrx_word' id='word_1_28' title='bbox 3298 490 3327 545; x_wconf 63' lang='grc' dir='ltr'><strong>ν</strong></span> 
     </span>
    </p>
   </div>
   <div class='ocr_carea' id='block_1_5' title="bbox 118 595 1646 672">
    <p class='ocr_par' dir='ltr' id='par_1_5' title="bbox 118 595 1646 672">
     <span class='ocr_line' id='line_1_5' title="bbox 118 595 1646 672; baseline -0.014 -2"><span class='ocrx_word' id='word_1_29' title='bbox 118 612 257 672; x_wconf 82' lang='lat' dir='ltr'><strong>fueris</strong></span> <span class='ocrx_word' id='word_1_30' title='bbox 281 607 328 661; x_wconf 93' lang='lat' dir='ltr'><strong>in</strong></span> <span class='ocrx_word' id='word_1_31' title='bbox 360 618 454 658; x_wconf 89' lang='lat' dir='ltr'><strong>ore</strong></span> <span class='ocrx_word' id='word_1_32' title='bbox 486 613 577 657; x_wconf 90' lang='lat' dir='ltr'><strong>tuo</strong></span> <span class='ocrx_word' id='word_1_33' title='bbox 614 603 899 658; x_wconf 92' lang='lat' dir='ltr'><strong>Dominum</strong></span> <span class='ocrx_word' id='word_1_34' title='bbox 928 600 1111 657; x_wconf 87' lang='lat' dir='ltr'><strong>Jesum</strong></span> <span class='ocrx_word' id='word_1_35' title='bbox 1137 642 1151 666; x_wconf 93' lang='lat'><strong>,</strong></span> <span class='ocrx_word' id='word_1_36' title='bbox 1184 607 1241 654; x_wconf 89' lang='lat' dir='ltr'><strong>et</strong></span> <span class='ocrx_word' id='word_1_37' title='bbox 1271 596 1566 653; x_wconf 83' lang='lat' dir='ltr'><strong>credideris</strong></span> <span class='ocrx_word' id='word_1_38' title='bbox 1593 595 1646 651; x_wconf 88' lang='lat' dir='ltr'><strong>in</strong></span> 
     </span>
    </p>
   </div>
   <div class='ocr_carea' id='block_1_6' title="bbox 117 688 1648 765">
    <p class='ocr_par' dir='ltr' id='par_1_6' title="bbox 117 688 1648 765">
     <span class='ocr_line' id='line_1_6' title="bbox 117 688 1648 765; baseline -0.012 -6"><span class='ocrx_word' id='word_1_39' title='bbox 117 702 253 759; x_wconf 81' lang='lat' dir='ltr'><strong>conte</strong></span> <span class='ocrx_word' id='word_1_40' title='bbox 278 706 363 750; x_wconf 92' lang='lat' dir='ltr'><strong>tuo</strong></span> <span class='ocrx_word' id='word_1_41' title='bbox 388 737 403 762; x_wconf 92' lang='lat'><strong>,</strong></span> <span class='ocrx_word' id='word_1_42' title='bbox 435 695 578 765; x_wconf 87' lang='lat' dir='ltr'><strong>quod</strong></span> <span class='ocrx_word' id='word_1_43' title='bbox 624 696 764 750; x_wconf 92' lang='lat' dir='ltr'><strong>Deus</strong></span> <span class='ocrx_word' id='word_1_44' title='bbox 802 695 948 749; x_wconf 79' lang='lat' dir='ltr'><strong>ilium</strong></span> <span class='ocrx_word' id='word_1_45' title='bbox 984 692 1269 748; x_wconf 91' lang='lat' dir='ltr'><strong>suscitavit</strong></span> <span class='ocrx_word' id='word_1_46' title='bbox 1315 705 1343 743; x_wconf 92' lang='lat' dir='ltr'><strong>a</strong></span> <span class='ocrx_word' id='word_1_47' title='bbox 1376 688 1608 743; x_wconf 80' lang='lat' dir='ltr'><strong>mortuis</strong></span> <span class='ocrx_word' id='word_1_48' title='bbox 1632 726 1648 752; x_wconf 92' lang='lat'><strong>,</strong></span> 
     </span>
    </p>
   </div>
   <div class='ocr_carea' id='block_1_7' title="bbox 118 783 1651 856">
    <p class='ocr_par' dir='ltr' id='par_1_7' title="bbox 118 783 1651 856">
     <span class='ocr_line' id='line_1_7' title="bbox 118 783 1651 856; baseline -0.011 -6"><span class='ocrx_word' id='word_1_49' title='bbox 118 794 268 850; x_wconf 84' lang='lat' dir='ltr'><strong>salvus</strong></span> <span class='ocrx_word' id='word_1_50' title='bbox 302 789 429 844; x_wconf 87' lang='lat' dir='ltr'><strong>eris.</strong></span> <span class='ocrx_word' id='word_1_51' title='bbox 459 806 476 839; x_wconf 78' lang='grc' dir='ltr'><strong>ι</strong></span> <span class='ocrx_word' id='word_1_52' title='bbox 532 787 588 842; x_wconf 88' lang='lat' dir='ltr'><strong>Si</strong></span> <span class='ocrx_word' id='word_1_53' title='bbox 623 803 754 856; x_wconf 88' lang='lat' dir='ltr'><strong>ergo</strong></span> <span class='ocrx_word' id='word_1_54' title='bbox 783 786 1085 843; x_wconf 84' lang='lat' dir='ltr'><strong>credideris</strong></span> <span class='ocrx_word' id='word_1_55' title='bbox 1119 783 1172 838; x_wconf 94' lang='lat' dir='ltr'><strong>in</strong></span> <span class='ocrx_word' id='word_1_56' title='bbox 1202 783 1374 837; x_wconf 86' lang='lat' dir='ltr'><strong>corde</strong></span> <span class='ocrx_word' id='word_1_57' title='bbox 1410 792 1522 846; x_wconf 88' lang='lat' dir='ltr'><strong>tuo,</strong></span> <span class='ocrx_word' id='word_1_58' title='bbox 1556 794 1651 835; x_wconf 91' lang='lat' dir='ltr'><strong>cor</strong></span> 
     </span>
    </p>
   </div>
   <div class='ocr_carea' id='block_1_8' title="bbox 118 871 1653 948">
    <p class='ocr_par' dir='ltr' id='par_1_8' title="bbox 118 871 1653 948">
     <span class='ocr_line' id='line_1_8' title="bbox 118 871 1653 948; baseline -0.01 -8"><span class='ocrx_word' id='word_1_59' title='bbox 118 899 240 941; x_wconf 90' lang='lat' dir='ltr'><strong>tuum</strong></span> <span class='ocrx_word' id='word_1_60' title='bbox 266 922 280 948; x_wconf 93' lang='lat'><strong>,</strong></span> <span class='ocrx_word' id='word_1_61' title='bbox 311 890 362 935; x_wconf 89' lang='lat' dir='ltr'><strong>ct</strong></span> <span class='ocrx_word' id='word_1_62' title='bbox 414 895 608 935; x_wconf 88' lang='lat' dir='ltr'><strong>sensus</strong></span> <span class='ocrx_word' id='word_1_63' title='bbox 643 890 766 933; x_wconf 90' lang='lat' dir='ltr'><strong>tuus</strong></span> <span class='ocrx_word' id='word_1_64' title='bbox 809 893 1003 932; x_wconf 89' lang='lat' dir='ltr'><strong>aurum</strong></span> <span class='ocrx_word' id='word_1_65' title='bbox 1036 884 1140 931; x_wconf 88' lang='lat' dir='ltr'><strong>est.</strong></span> <span class='ocrx_word' id='word_1_66' title='bbox 1173 874 1427 932; x_wconf 88' lang='lat' dir='ltr'><strong>Obtulisti</strong></span> <span class='ocrx_word' id='word_1_67' title='bbox 1485 871 1653 943; x_wconf 85' lang='lat' dir='ltr'><strong>igitur</strong></span> 
     </span>
    </p>
   </div>
   <div class='ocr_carea' id='block_1_9' title="bbox 117 962 1649 1037">
    <p class='ocr_par' dir='ltr' id='par_1_9' title="bbox 117 962 1649 1037">
     <span class='ocr_line' id='line_1_9' title="bbox 117 962 1649 1037; baseline -0.01 -6"><span class='ocrx_word' id='word_1_68' title='bbox 117 990 277 1031; x_wconf 83' lang='lat' dir='ltr'><strong>aurum</strong></span> <span class='ocrx_word' id='word_1_69' title='bbox 306 974 367 1025; x_wconf 88' lang='lat' dir='ltr'><strong>ad</strong></span> <span class='ocrx_word' id='word_1_70' title='bbox 399 972 830 1037; x_wconf 78' lang='lat' dir='ltr'><strong>tabernaculum,</strong></span> <span class='ocrx_word' id='word_1_71' title='bbox 868 971 919 1024; x_wconf 91' lang='lat' dir='ltr'><strong>id</strong></span> <span class='ocrx_word' id='word_1_72' title='bbox 950 978 1034 1024; x_wconf 86' lang='lat' dir='ltr'><strong>est</strong></span> <span class='ocrx_word' id='word_1_73' title='bbox 1060 969 1216 1023; x_wconf 81' lang='lat' dir='ltr'><strong>ﬁdem</strong></span> <span class='ocrx_word' id='word_1_74' title='bbox 1251 967 1431 1021; x_wconf 85' lang='lat' dir='ltr'><strong>cordis</strong></span> <span class='ocrx_word' id='word_1_75' title='bbox 1462 965 1558 1018; x_wconf 92' lang='lat' dir='ltr'><strong>tui.</strong></span> <span class='ocrx_word' id='word_1_76' title='bbox 1591 962 1649 1016; x_wconf 88' lang='lat' dir='ltr'><strong>Si</strong></span> 
     </span>
    </p>
   </div>
   <div class='ocr_carea' id='block_1_10' title="bbox 116 1056 1649 1123">
    <p class='ocr_par' dir='ltr' id='par_1_10' title="bbox 116 1056 1649 1123">
     <span class='ocr_line' id='line_1_10' title="bbox 116 1056 1649 1123; baseline -0.007 -4"><span class='ocrx_word' id='word_1_77' title='bbox 116 1080 224 1119; x_wconf 89' lang='lat' dir='ltr'><strong>vero</strong></span> <span class='ocrx_word' id='word_1_78' title='bbox 252 1060 528 1116; x_wconf 88' lang='lat' dir='ltr'><strong>confessus</strong></span> <span class='ocrx_word' id='word_1_79' title='bbox 562 1060 751 1123; x_wconf 87' lang='lat' dir='ltr'><strong>fueris,</strong></span> <span class='ocrx_word' id='word_1_80' title='bbox 788 1073 1091 1113; x_wconf 86' lang='lat' dir='ltr'><strong>sermonem</strong></span> <span class='ocrx_word' id='word_1_81' title='bbox 1129 1056 1402 1121; x_wconf 81' lang='lat' dir='ltr'><strong>obtulisti,</strong></span> <span class='ocrx_word' id='word_1_82' title='bbox 1437 1069 1649 1109; x_wconf 85' lang='lat' dir='ltr'><strong>sermo-</strong></span> 
     </span>
    </p>
   </div>
   <div class='ocr_carea' id='block_1_11' title="bbox 116 1148 1651 1223">
    <p class='ocr_par' dir='ltr' id='par_1_11' title="bbox 116 1148 1651 1223">
     <span class='ocr_line' id='line_1_11' title="bbox 116 1148 1651 1223; baseline -0.008 -10"><span class='ocrx_word' id='word_1_83' title='bbox 116 1174 217 1213; x_wconf 89' lang='lat' dir='ltr'><strong>nem</strong></span> <span class='ocrx_word' id='word_1_84' title='bbox 245 1154 594 1209; x_wconf 78' lang='lat' dir='ltr'><strong>confessionis</strong></span> <span class='ocrx_word' id='word_1_85' title='bbox 623 1163 927 1223; x_wconf 73' lang='lat' dir='ltr'><strong>argentum.</strong></span> <span class='ocrx_word' id='word_1_86' title='bbox 955 1151 1162 1206; x_wconf 86' lang='lat' dir='ltr'><strong>idcirco</strong></span> <span class='ocrx_word' id='word_1_87' title='bbox 1188 1165 1320 1219; x_wconf 85' lang='lat' dir='ltr'><strong>ergo</strong></span> <span class='ocrx_word' id='word_1_88' title='bbox 1348 1151 1478 1204; x_wconf 88' lang='lat' dir='ltr'><strong>dicit</strong></span> <span class='ocrx_word' id='word_1_89' title='bbox 1509 1148 1651 1218; x_wconf 84' lang='lat' dir='ltr'><strong>Moy-</strong></span> 
     </span>
    </p>
   </div>
   <div class='ocr_carea' id='block_1_12' title="bbox 113 1242 1645 1317">
    <p class='ocr_par' dir='ltr' id='par_1_12' title="bbox 113 1242 1645 1317">
     <span class='ocr_line' id='line_1_12' title="bbox 113 1242 1645 1317; baseline -0.009 -11"><span class='ocrx_word' id='word_1_90' title='bbox 113 1267 187 1306; x_wconf 81' lang='lat' dir='ltr'><strong>ses</strong></span> <span class='ocrx_word' id='word_1_91' title='bbox 215 1249 295 1317; x_wconf 92' lang='lat' dir='ltr'><strong>qui</strong></span> <span class='ocrx_word' id='word_1_92' title='bbox 327 1258 411 1301; x_wconf 90' lang='lat' dir='ltr'><strong>est</strong></span> <span class='ocrx_word' id='word_1_93' title='bbox 456 1246 539 1300; x_wconf 78' lang='lat' dir='ltr'><strong>lex</strong></span> <span class='ocrx_word' id='word_1_94' title='bbox 569 1246 832 1316; x_wconf 86' lang='lat' dir='ltr'><strong>spiritalis</strong></span> <span class='ocrx_word' id='word_1_95' title='bbox 854 1288 868 1311; x_wconf 93' lang='lat'><strong>,</strong></span> <span class='ocrx_word' id='word_1_96' title='bbox 910 1246 937 1297; x_wconf 50' lang='lat' dir='ltr'><strong>c‘</strong></span> <span class='ocrx_word' id='word_1_97' title='bbox 963 1246 1160 1300; x_wconf 86' lang='lat' dir='ltr'><strong>sumite</strong></span> <span class='ocrx_word' id='word_1_98' title='bbox 1194 1258 1223 1296; x_wconf 91' lang='lat' dir='ltr'><strong>a</strong></span> <span class='ocrx_word' id='word_1_99' title='bbox 1256 1243 1411 1297; x_wconf 82' lang='lat' dir='ltr'><strong>vobis</strong></span> <span class='ocrx_word' id='word_1_100' title='bbox 1437 1242 1588 1312; x_wconf 87' lang='lat' dir='ltr'><strong>ipsis.</strong></span> <span class='ocrx_word' id='word_1_101' title='bbox 1626 1258 1645 1292; x_wconf 78' lang='grc' dir='ltr'><strong>ι</strong></span> 
     </span>
    </p>
   </div>
   <div class='ocr_carea' id='block_1_13' title="bbox 114 1332 1649 1409">
    <p class='ocr_par' dir='ltr' id='par_1_13' title="bbox 114 1332 1649 1409">
     <span class='ocr_line' id='line_1_13' title="bbox 114 1332 1649 1409; baseline -0.007 -11"><span class='ocrx_word' id='word_1_102' title='bbox 114 1343 218 1398; x_wconf 77' lang='lat' dir='ltr'><strong>Haec</strong></span> <span class='ocrx_word' id='word_1_103' title='bbox 245 1356 271 1395; x_wconf 86' lang='lat' dir='ltr'><strong>a</strong></span> <span class='ocrx_word' id='word_1_104' title='bbox 294 1348 341 1393; x_wconf 89' lang='lat' dir='ltr'><strong>te</strong></span> <span class='ocrx_word' id='word_1_105' title='bbox 372 1339 488 1409; x_wconf 88' lang='lat' dir='ltr'><strong>ipso</strong></span> <span class='ocrx_word' id='word_1_106' title='bbox 509 1340 700 1405; x_wconf 86' lang='lat' dir='ltr'><strong>sumis,</strong></span> <span class='ocrx_word' id='word_1_107' title='bbox 734 1339 849 1392; x_wconf 70' lang='lat' dir='ltr'><strong>haec</strong></span> <span class='ocrx_word' id='word_1_108' title='bbox 877 1339 1018 1391; x_wconf 80' lang='lat' dir='ltr'><strong>intra</strong></span> <span class='ocrx_word' id='word_1_109' title='bbox 1047 1346 1097 1392; x_wconf 89' lang='lat' dir='ltr'><strong>te</strong></span> <span class='ocrx_word' id='word_1_110' title='bbox 1120 1346 1270 1399; x_wconf 91' lang='lat' dir='ltr'><strong>sunt,</strong></span> <span class='ocrx_word' id='word_1_111' title='bbox 1297 1336 1408 1389; x_wconf 63' lang='lat' dir='ltr'><strong>haec</strong></span> <span class='ocrx_word' id='word_1_112' title='bbox 1434 1332 1649 1387; x_wconf 86' lang='lat' dir='ltr'><strong>etiamsi</strong></span> 
     </span>
    </p>
   </div>
   <div class='ocr_carea' id='block_1_14' title="bbox 112 1429 1653 1500">
    <p class='ocr_par' dir='ltr' id='par_1_14' title="bbox 112 1429 1653 1500">
     <span class='ocr_line' id='line_1_14' title="bbox 112 1429 1653 1500; baseline -0.006 -12"><span class='ocrx_word' id='word_1_113' title='bbox 112 1434 263 1488; x_wconf 89' lang='lat' dir='ltr'><strong>nudus</strong></span> <span class='ocrx_word' id='word_1_114' title='bbox 284 1432 374 1497; x_wconf 88' lang='lat' dir='ltr'><strong>sis,</strong></span> <span class='ocrx_word' id='word_1_115' title='bbox 406 1432 606 1485; x_wconf 89' lang='lat' dir='ltr'><strong>habere</strong></span> <span class='ocrx_word' id='word_1_116' title='bbox 629 1439 804 1500; x_wconf 74' lang='lat' dir='ltr'><strong>potes.</strong></span> <span class='ocrx_word' id='word_1_117' title='bbox 834 1431 940 1486; x_wconf 88' lang='lat' dir='ltr'><strong>Sed</strong></span> <span class='ocrx_word' id='word_1_118' title='bbox 967 1440 1021 1484; x_wconf 92' lang='lat' dir='ltr'><strong>et</strong></span> <span class='ocrx_word' id='word_1_119' title='bbox 1041 1430 1184 1500; x_wconf 84' lang='lat' dir='ltr'><strong>quod</strong></span> <span class='ocrx_word' id='word_1_120' title='bbox 1209 1429 1437 1491; x_wconf 86' lang='lat' dir='ltr'><strong>addidit,</strong></span> <span class='ocrx_word' id='word_1_121' title='bbox 1457 1441 1653 1480; x_wconf 71' lang='lat' dir='ltr'><strong>«unus-</strong></span> 
     </span>
    </p>
   </div>
   <div class='ocr_carea' id='block_1_15' title="bbox 110 1518 1649 1594">
    <p class='ocr_par' dir='ltr' id='par_1_15' title="bbox 110 1518 1649 1594">
     <span class='ocr_line' id='line_1_15' title="bbox 110 1518 1649 1594; baseline -0.004 -15"><span class='ocrx_word' id='word_1_122' title='bbox 110 1527 310 1594; x_wconf 86' lang='lat' dir='ltr'><strong>quisque</strong></span> <span class='ocrx_word' id='word_1_123' title='bbox 341 1523 484 1579; x_wconf 85' lang='lat' dir='ltr'><strong>sicut</strong></span> <span class='ocrx_word' id='word_1_124' title='bbox 527 1523 779 1593; x_wconf 87' lang='lat' dir='ltr'><strong>concepit</strong></span> <span class='ocrx_word' id='word_1_125' title='bbox 819 1521 1003 1588; x_wconf 91' lang='lat' dir='ltr'><strong>corde,</strong></span> <span class='ocrx_word' id='word_1_126' title='bbox 1052 1541 1070 1574; x_wconf 77' lang='grc' dir='ltr'><strong>ι</strong></span> <span class='ocrx_word' id='word_1_127' title='bbox 1112 1523 1214 1578; x_wconf 90' lang='lat' dir='ltr'><strong>huc</strong></span> <span class='ocrx_word' id='word_1_128' title='bbox 1249 1520 1489 1591; x_wconf 89' lang='lat' dir='ltr'><strong>respicit.</strong></span> <span class='ocrx_word' id='word_1_129' title='bbox 1537 1518 1649 1573; x_wconf 85' lang='lat' dir='ltr'><strong>Non</strong></span> 
     </span>
    </p>
   </div>
   <div class='ocr_carea' id='block_1_16' title="bbox 108 1610 1653 1685">
    <p class='ocr_par' dir='ltr' id='par_1_16' title="bbox 108 1610 1653 1685">
     <span class='ocr_line' id='line_1_16' title="bbox 108 1610 1653 1685; baseline -0.005 -14"><span class='ocrx_word' id='word_1_130' title='bbox 108 1618 231 1671; x_wconf 83' lang='lat' dir='ltr'><strong>enim</strong></span> <span class='ocrx_word' id='word_1_131' title='bbox 259 1616 457 1685; x_wconf 92' lang='lat' dir='ltr'><strong>poteris</strong></span> <span class='ocrx_word' id='word_1_132' title='bbox 490 1615 694 1684; x_wconf 85' lang='lat' dir='ltr'><strong>aliquid</strong></span> <span class='ocrx_word' id='word_1_133' title='bbox 744 1616 811 1669; x_wconf 91' lang='lat' dir='ltr'><strong>de</strong></span> <span class='ocrx_word' id='word_1_134' title='bbox 843 1630 1003 1670; x_wconf 91' lang='lat' dir='ltr'><strong>sensu</strong></span> <span class='ocrx_word' id='word_1_135' title='bbox 1043 1624 1133 1668; x_wconf 94' lang='lat' dir='ltr'><strong>tuo</strong></span> <span class='ocrx_word' id='word_1_136' title='bbox 1168 1612 1365 1669; x_wconf 73' lang='lat' dir='ltr'><strong>offerre</strong></span> <span class='ocrx_word' id='word_1_137' title='bbox 1398 1613 1536 1677; x_wconf 91' lang='lat' dir='ltr'><strong>Deo,</strong></span> <span class='ocrx_word' id='word_1_138' title='bbox 1567 1610 1653 1665; x_wconf 84' lang='lat' dir='ltr'><strong>vel</strong></span> 
     </span>
    </p>
   </div>
   <div class='ocr_carea' id='block_1_17' title="bbox 109 1705 1653 1774">
    <p class='ocr_par' dir='ltr' id='par_1_17' title="bbox 109 1705 1653 1774">
     <span class='ocr_line' id='line_1_17' title="bbox 109 1705 1653 1774; baseline -0.004 -13"><span class='ocrx_word' id='word_1_139' title='bbox 109 1709 165 1761; x_wconf 85' lang='lat' dir='ltr'><strong>de</strong></span> <span class='ocrx_word' id='word_1_140' title='bbox 188 1706 339 1761; x_wconf 85' lang='lat' dir='ltr'><strong>verbo</strong></span> <span class='ocrx_word' id='word_1_141' title='bbox 382 1712 513 1771; x_wconf 90' lang='lat' dir='ltr'><strong>tuo,</strong></span> <span class='ocrx_word' id='word_1_142' title='bbox 564 1705 665 1759; x_wconf 91' lang='lat' dir='ltr'><strong>nisi</strong></span> <span class='ocrx_word' id='word_1_143' title='bbox 701 1705 854 1774; x_wconf 88' lang='lat' dir='ltr'><strong>prius</strong></span> <span class='ocrx_word' id='word_1_144' title='bbox 898 1720 1020 1774; x_wconf 61' lang='lat' dir='ltr'><strong>quae</strong></span> <span class='ocrx_word' id='word_1_145' title='bbox 1053 1705 1254 1772; x_wconf 89' lang='lat' dir='ltr'><strong>scripta</strong></span> <span class='ocrx_word' id='word_1_146' title='bbox 1310 1712 1439 1757; x_wconf 92' lang='lat' dir='ltr'><strong>sunt</strong></span> <span class='ocrx_word' id='word_1_147' title='bbox 1489 1707 1653 1756; x_wconf 89' lang='lat' dir='ltr'><strong>corde</strong></span> 
     </span>
    </p>
   </div>
   <div class='ocr_carea' id='block_1_18' title="bbox 108 1794 1651 1866">
    <p class='ocr_par' dir='ltr' id='par_1_18' title="bbox 108 1794 1651 1866">
     <span class='ocr_line' id='line_1_18' title="bbox 108 1794 1651 1866; baseline -0.003 -15"><span class='ocrx_word' id='word_1_148' title='bbox 108 1797 420 1865; x_wconf 73' lang='lat' dir='ltr'><strong>conceperis,</strong></span> <span class='ocrx_word' id='word_1_149' title='bbox 455 1797 557 1851; x_wconf 92' lang='lat' dir='ltr'><strong>nisi</strong></span> <span class='ocrx_word' id='word_1_150' title='bbox 593 1797 836 1852; x_wconf 88' lang='lat' dir='ltr'><strong>intentus</strong></span> <span class='ocrx_word' id='word_1_151' title='bbox 859 1796 1048 1861; x_wconf 90' lang='lat' dir='ltr'><strong>fueris,</strong></span> <span class='ocrx_word' id='word_1_152' title='bbox 1080 1806 1133 1852; x_wconf 92' lang='lat' dir='ltr'><strong>et</strong></span> <span class='ocrx_word' id='word_1_153' title='bbox 1158 1796 1441 1866; x_wconf 85' lang='lat' dir='ltr'><strong>diligenter</strong></span> <span class='ocrx_word' id='word_1_154' title='bbox 1470 1794 1651 1848; x_wconf 88' lang='lat' dir='ltr'><strong>audie-</strong></span> 
     </span>
    </p>
   </div>
   <div class='ocr_carea' id='block_1_19' title="bbox 1750 588 3328 662">
    <p class='ocr_par' dir='ltr' id='par_1_19' title="bbox 1750 588 3328 662">
     <span class='ocr_line' id='line_1_19' title="bbox 1750 588 3328 662; baseline 0.003 -21"><span class='ocrx_word' id='word_1_155' title='bbox 1750 590 2028 657; x_wconf 88' lang='lat' dir='ltr'><strong>Quomodo</strong></span> <span class='ocrx_word' id='word_1_156' title='bbox 2060 598 2240 642; x_wconf 91' lang='lat' dir='ltr'><strong>autem</strong></span> <span class='ocrx_word' id='word_1_157' title='bbox 2272 588 2339 641; x_wconf 90' lang='lat' dir='ltr'><strong>de</strong></span> <span class='ocrx_word' id='word_1_158' title='bbox 2373 602 2557 653; x_wconf 92' lang='lat' dir='ltr'><strong>cocco,</strong></span> <span class='ocrx_word' id='word_1_159' title='bbox 2596 599 2645 643; x_wconf 91' lang='lat' dir='ltr'><strong>et</strong></span> <span class='ocrx_word' id='word_1_160' title='bbox 2684 606 2938 659; x_wconf 85' lang='lat' dir='ltr'><strong>purpura,</strong></span> <span class='ocrx_word' id='word_1_161' title='bbox 2974 600 3027 644; x_wconf 92' lang='lat' dir='ltr'><strong>et</strong></span> <span class='ocrx_word' id='word_1_162' title='bbox 3056 590 3217 662; x_wconf 81' lang='lat' dir='ltr'><strong>bysso</strong></span> <span class='ocrx_word' id='word_1_163' title='bbox 3244 592 3328 647; x_wconf 91' lang='lat' dir='ltr'><strong>vi-</strong></span> 
     </span>
    </p>
   </div>
   <div class='ocr_carea' id='block_1_20' title="bbox 1752 679 3326 748">
    <p class='ocr_par' dir='ltr' id='par_1_20' title="bbox 1752 679 3326 748">
     <span class='ocr_line' id='line_1_20' title="bbox 1752 679 3326 748; baseline 0.001 -12"><span class='ocrx_word' id='word_1_164' title='bbox 1752 684 1947 736; x_wconf 89' lang='lat' dir='ltr'><strong>dentur</strong></span> <span class='ocrx_word' id='word_1_165' title='bbox 1978 679 2212 735; x_wconf 84' lang='lat' dir='ltr'><strong>conferri</strong></span> <span class='ocrx_word' id='word_1_166' title='bbox 2247 679 2532 748; x_wconf 71' lang='lat' dir='ltr'><strong>primitiae?</strong></span> <span class='ocrx_word' id='word_1_167' title='bbox 2557 681 2662 734; x_wconf 84' lang='lat' dir='ltr'><strong>Aut</strong></span> <span class='ocrx_word' id='word_1_168' title='bbox 2688 682 2961 746; x_wconf 85' lang='lat' dir='ltr'><strong>quomodo</strong></span> <span class='ocrx_word' id='word_1_169' title='bbox 2988 684 3131 736; x_wconf 87' lang='lat' dir='ltr'><strong>sicut</strong></span> <span class='ocrx_word' id='word_1_170' title='bbox 3162 684 3326 738; x_wconf 86' lang='lat' dir='ltr'><strong>corde</strong></span> 
     </span>
    </p>
   </div>
   <div class='ocr_carea' id='block_1_21' title="bbox 1752 770 3322 842">
    <p class='ocr_par' dir='ltr' id='par_1_21' title="bbox 1752 770 3322 842">
     <span class='ocr_line' id='line_1_21' title="bbox 1752 770 3322 842; baseline 0 -13"><span class='ocrx_word' id='word_1_171' title='bbox 1752 772 2061 842; x_wconf 86' lang='lat' dir='ltr'><strong>conceperit</strong></span> <span class='ocrx_word' id='word_1_172' title='bbox 2091 774 2213 841; x_wconf 87' lang='lat' dir='ltr'><strong>quis</strong></span> <span class='ocrx_word' id='word_1_173' title='bbox 2261 771 2463 827; x_wconf 74' lang='lat' dir='ltr'><strong>offert?</strong></span> <span class='ocrx_word' id='word_1_174' title='bbox 2500 770 2613 824; x_wconf 81' lang='lat' dir='ltr'><strong>Hoc</strong></span> <span class='ocrx_word' id='word_1_175' title='bbox 2656 771 2767 837; x_wconf 89' lang='lat' dir='ltr'><strong>jam</strong></span> <span class='ocrx_word' id='word_1_176' title='bbox 2810 774 3050 842; x_wconf 86' lang='lat' dir='ltr'><strong>singulos</strong></span> <span class='ocrx_word' id='word_1_177' title='bbox 3083 784 3322 829; x_wconf 90' lang='lat' dir='ltr'><strong>nostrum</strong></span> 
     </span>
    </p>
   </div>
   <div class='ocr_carea' id='block_1_22' title="bbox 1753 862 3323 935">
    <p class='ocr_par' dir='ltr' id='par_1_22' title="bbox 1753 862 3323 935">
     <span class='ocr_line' id='line_1_22' title="bbox 1753 862 3323 935; baseline 0.003 -20"><span class='ocrx_word' id='word_1_178' title='bbox 1753 862 1954 931; x_wconf 86' lang='lat' dir='ltr'><strong>pulsat,</strong></span> <span class='ocrx_word' id='word_1_179' title='bbox 1990 864 2267 918; x_wconf 88' lang='lat' dir='ltr'><strong>videamus</strong></span> <span class='ocrx_word' id='word_1_180' title='bbox 2296 864 2454 918; x_wconf 88' lang='lat' dir='ltr'><strong>simul</strong></span> <span class='ocrx_word' id='word_1_181' title='bbox 2493 875 2547 918; x_wconf 92' lang='lat' dir='ltr'><strong>et</strong></span> <span class='ocrx_word' id='word_1_182' title='bbox 2578 866 2847 932; x_wconf 88' lang='lat' dir='ltr'><strong>quomodo</strong></span> <span class='ocrx_word' id='word_1_183' title='bbox 2878 867 3039 922; x_wconf 92' lang='lat' dir='ltr'><strong>corde</strong></span> <span class='ocrx_word' id='word_1_184' title='bbox 3070 867 3323 935; x_wconf 87' lang='lat' dir='ltr'><strong>concepi-</strong></span> 
     </span>
    </p>
   </div>
   <div class='ocr_carea' id='block_1_23' title="bbox 1753 955 3328 1024">
    <p class='ocr_par' dir='ltr' id='par_1_23' title="bbox 1753 955 3328 1024">
     <span class='ocr_line' id='line_1_23' title="bbox 1753 955 3328 1024; baseline 0.002 -16"><span class='ocrx_word' id='word_1_185' title='bbox 1753 969 1893 1009; x_wconf 91' lang='lat' dir='ltr'><strong>mus.</strong></span> <span class='ocrx_word' id='word_1_186' title='bbox 1936 955 2129 1020; x_wconf 84' lang='lat' dir='ltr'><strong>Quanti</strong></span> <span class='ocrx_word' id='word_1_187' title='bbox 2174 956 2333 1009; x_wconf 90' lang='lat' dir='ltr'><strong>modo</strong></span> <span class='ocrx_word' id='word_1_188' title='bbox 2364 956 2452 1009; x_wconf 93' lang='lat' dir='ltr'><strong>hic</strong></span> <span class='ocrx_word' id='word_1_189' title='bbox 2485 967 2779 1024; x_wconf 67' lang='lat' dir='ltr'><strong>praesentes</strong></span> <span class='ocrx_word' id='word_1_190' title='bbox 2812 972 3026 1021; x_wconf 90' lang='lat' dir='ltr'><strong>sumus,</strong></span> <span class='ocrx_word' id='word_1_191' title='bbox 3060 968 3109 1013; x_wconf 92' lang='lat' dir='ltr'><strong>et</strong></span> <span class='ocrx_word' id='word_1_192' title='bbox 3148 972 3328 1012; x_wconf 89' lang='lat' dir='ltr'><strong>sermo</strong></span> 
     </span>
    </p>
   </div>
   <div class='ocr_carea' id='block_1_24' title="bbox 1752 1046 3325 1119">
    <p class='ocr_par' dir='ltr' id='par_1_24' title="bbox 1752 1046 3325 1119">
     <span class='ocr_line' id='line_1_24' title="bbox 1752 1046 3325 1119; baseline 0.001 -18"><span class='ocrx_word' id='word_1_193' title='bbox 1752 1048 1846 1102; x_wconf 88' lang='lat' dir='ltr'><strong>Dei</strong></span> <span class='ocrx_word' id='word_1_194' title='bbox 1878 1048 2181 1103; x_wconf 87' lang='lat' dir='ltr'><strong>tractatur?</strong></span> <span class='ocrx_word' id='word_1_195' title='bbox 2211 1046 2350 1102; x_wconf 83' lang='lat' dir='ltr'><strong>Sunt</strong></span> <span class='ocrx_word' id='word_1_196' title='bbox 2379 1048 2468 1116; x_wconf 90' lang='lat' dir='ltr'><strong>qui</strong></span> <span class='ocrx_word' id='word_1_197' title='bbox 2500 1048 2816 1118; x_wconf 89' lang='lat' dir='ltr'><strong>concipiunt</strong></span> <span class='ocrx_word' id='word_1_198' title='bbox 2843 1049 3009 1104; x_wconf 86' lang='lat' dir='ltr'><strong>corde</strong></span> <span class='ocrx_word' id='word_1_199' title='bbox 3038 1065 3157 1119; x_wconf 73' lang='lat' dir='ltr'><strong>qua:</strong></span> <span class='ocrx_word' id='word_1_200' title='bbox 3190 1050 3325 1103; x_wconf 87' lang='lat' dir='ltr'><strong>lecta</strong></span> 
     </span>
    </p>
   </div>
   <div class='ocr_carea' id='block_1_25' title="bbox 1752 1136 3328 1206">
    <p class='ocr_par' dir='ltr' id='par_1_25' title="bbox 1752 1136 3328 1206">
     <span class='ocr_line' id='line_1_25' title="bbox 1752 1136 3328 1206; baseline -0.001 -12"><span class='ocrx_word' id='word_1_201' title='bbox 1752 1148 1896 1203; x_wconf 88' lang='lat' dir='ltr'><strong>sunt,</strong></span> <span class='ocrx_word' id='word_1_202' title='bbox 1936 1145 2062 1193; x_wconf 89' lang='lat' dir='ltr'><strong>sunt</strong></span> <span class='ocrx_word' id='word_1_203' title='bbox 2091 1136 2181 1204; x_wconf 90' lang='lat' dir='ltr'><strong>qui</strong></span> <span class='ocrx_word' id='word_1_204' title='bbox 2214 1138 2441 1191; x_wconf 88' lang='lat' dir='ltr'><strong>omnino</strong></span> <span class='ocrx_word' id='word_1_205' title='bbox 2480 1153 2584 1190; x_wconf 89' lang='lat' dir='ltr'><strong>non</strong></span> <span class='ocrx_word' id='word_1_206' title='bbox 2624 1138 2960 1206; x_wconf 88' lang='lat' dir='ltr'><strong>concipiunt,</strong></span> <span class='ocrx_word' id='word_1_207' title='bbox 2985 1153 3103 1206; x_wconf 70' lang='lat' dir='ltr'><strong>quae</strong></span> <span class='ocrx_word' id='word_1_208' title='bbox 3133 1139 3328 1193; x_wconf 78' lang='lat' dir='ltr'><strong>dicun-</strong></span> 
     </span>
    </p>
   </div>
   <div class='ocr_carea' id='block_1_26' title="bbox 1755 1230 3327 1299">
    <p class='ocr_par' dir='ltr' id='par_1_26' title="bbox 1755 1230 3327 1299">
     <span class='ocr_line' id='line_1_26' title="bbox 1755 1230 3327 1299; baseline -0.001 -15"><span class='ocrx_word' id='word_1_209' title='bbox 1755 1239 1863 1295; x_wconf 90' lang='lat' dir='ltr'><strong>tur,</strong></span> <span class='ocrx_word' id='word_1_210' title='bbox 1908 1235 2002 1286; x_wconf 90' lang='lat' dir='ltr'><strong>sed</strong></span> <span class='ocrx_word' id='word_1_211' title='bbox 2038 1242 2120 1287; x_wconf 89' lang='lat' dir='ltr'><strong>est</strong></span> <span class='ocrx_word' id='word_1_212' title='bbox 2152 1246 2303 1286; x_wconf 90' lang='lat' dir='ltr'><strong>mens</strong></span> <span class='ocrx_word' id='word_1_213' title='bbox 2336 1244 2524 1284; x_wconf 91' lang='lat' dir='ltr'><strong>eorum</strong></span> <span class='ocrx_word' id='word_1_214' title='bbox 2553 1239 2607 1284; x_wconf 91' lang='lat' dir='ltr'><strong>et</strong></span> <span class='ocrx_word' id='word_1_215' title='bbox 2637 1244 2731 1285; x_wconf 92' lang='lat' dir='ltr'><strong>cor</strong></span> <span class='ocrx_word' id='word_1_216' title='bbox 2764 1238 2856 1283; x_wconf 83' lang='lat' dir='ltr'><strong>aut</strong></span> <span class='ocrx_word' id='word_1_217' title='bbox 2892 1230 2942 1283; x_wconf 93' lang='lat' dir='ltr'><strong>in</strong></span> <span class='ocrx_word' id='word_1_218' title='bbox 2975 1231 3206 1299; x_wconf 85' lang='lat' dir='ltr'><strong>negotiis</strong></span> <span class='ocrx_word' id='word_1_219' title='bbox 3236 1238 3327 1283; x_wconf 89' lang='lat' dir='ltr'><strong>aut</strong></span> 
     </span>
    </p>
   </div>
   <div class='ocr_carea' id='block_1_27' title="bbox 1753 1320 3326 1391">
    <p class='ocr_par' dir='ltr' id='par_1_27' title="bbox 1753 1320 3326 1391">
     <span class='ocr_line' id='line_1_27' title="bbox 1753 1320 3326 1391; baseline 0 -14"><span class='ocrx_word' id='word_1_220' title='bbox 1753 1323 1806 1377; x_wconf 90' lang='lat' dir='ltr'><strong>in</strong></span> <span class='ocrx_word' id='word_1_221' title='bbox 1856 1324 2070 1377; x_wconf 87' lang='lat' dir='ltr'><strong>actibus</strong></span> <span class='ocrx_word' id='word_1_222' title='bbox 2123 1323 2347 1385; x_wconf 70' lang='lat' dir='ltr'><strong>smculi,</strong></span> <span class='ocrx_word' id='word_1_223' title='bbox 2385 1330 2479 1375; x_wconf 91' lang='lat' dir='ltr'><strong>aut</strong></span> <span class='ocrx_word' id='word_1_224' title='bbox 2538 1321 3012 1391; x_wconf 90' lang='lat' dir='ltr'><strong>supputatiouibus</strong></span> <span class='ocrx_word' id='word_1_225' title='bbox 3055 1320 3231 1375; x_wconf 88' lang='lat' dir='ltr'><strong>lucri:</strong></span> <span class='ocrx_word' id='word_1_226' title='bbox 3272 1330 3326 1377; x_wconf 90' lang='lat' dir='ltr'><strong>et</strong></span> 
     </span>
    </p>
   </div>
   <div class='ocr_carea' id='block_1_28' title="bbox 1752 1412 3327 1483">
    <p class='ocr_par' dir='ltr' id='par_1_28' title="bbox 1752 1412 3327 1483">
     <span class='ocr_line' id='line_1_28' title="bbox 1752 1412 3327 1483; baseline -0.002 -17"><span class='ocrx_word' id='word_1_227' title='bbox 1752 1414 2026 1483; x_wconf 65' lang='lat' dir='ltr'><strong>prmcipue</strong></span> <span class='ocrx_word' id='word_1_228' title='bbox 2049 1413 2325 1476; x_wconf 86' lang='lat' dir='ltr'><strong>mulieres,</strong></span> <span class='ocrx_word' id='word_1_229' title='bbox 2348 1412 2616 1481; x_wconf 92' lang='lat' dir='ltr'><strong>quomodo</strong></span> <span class='ocrx_word' id='word_1_230' title='bbox 2639 1418 2795 1479; x_wconf 85' lang='lat' dir='ltr'><strong>putas</strong></span> <span class='ocrx_word' id='word_1_231' title='bbox 2818 1412 2980 1465; x_wconf 88' lang='lat' dir='ltr'><strong>corde</strong></span> <span class='ocrx_word' id='word_1_232' title='bbox 2995 1412 3327 1479; x_wconf 87' lang='lat' dir='ltr'><strong>concipiunt,</strong></span> 
     </span>
    </p>
   </div>
   <div class='ocr_carea' id='block_1_29' title="bbox 1754 1502 3328 1577">
    <p class='ocr_par' dir='ltr' id='par_1_29' title="bbox 1754 1502 3328 1577">
     <span class='ocr_line' id='line_1_29' title="bbox 1754 1502 3328 1577; baseline -0.001 -19"><span class='ocrx_word' id='word_1_233' title='bbox 1754 1521 1875 1575; x_wconf 64' lang='lat' dir='ltr'><strong>quae</strong></span> <span class='ocrx_word' id='word_1_234' title='bbox 1908 1515 2114 1561; x_wconf 85' lang='lat' dir='ltr'><strong>tantum</strong></span> <span class='ocrx_word' id='word_1_235' title='bbox 2151 1507 2430 1577; x_wconf 89' lang='lat' dir='ltr'><strong>garriunt,</strong></span> <span class='ocrx_word' id='word_1_236' title='bbox 2466 1519 2583 1573; x_wconf 68' lang='lat' dir='ltr'><strong>quae</strong></span> <span class='ocrx_word' id='word_1_237' title='bbox 2618 1512 2827 1556; x_wconf 89' lang='lat' dir='ltr'><strong>tantum</strong></span> <span class='ocrx_word' id='word_1_238' title='bbox 2876 1502 3071 1557; x_wconf 89' lang='lat' dir='ltr'><strong>fabulis</strong></span> <span class='ocrx_word' id='word_1_239' title='bbox 3113 1504 3328 1557; x_wconf 78' lang='lat' dir='ltr'><strong>obstre-</strong></span> 
     </span>
    </p>
   </div>
   <div class='ocr_carea' id='block_1_30' title="bbox 1755 1594 3329 1669">
    <p class='ocr_par' dir='ltr' id='par_1_30' title="bbox 1755 1594 3329 1669">
     <span class='ocr_line' id='line_1_30' title="bbox 1755 1594 3329 1669; baseline 0 -20"><span class='ocrx_word' id='word_1_240' title='bbox 1755 1606 1887 1662; x_wconf 84' lang='lat' dir='ltr'><strong>punt</strong></span> <span class='ocrx_word' id='word_1_241' title='bbox 1912 1636 1926 1660; x_wconf 92' lang='lat'><strong>,</strong></span> <span class='ocrx_word' id='word_1_242' title='bbox 1963 1606 2020 1649; x_wconf 89' lang='lat' dir='ltr'><strong>ut</strong></span> <span class='ocrx_word' id='word_1_243' title='bbox 2054 1612 2158 1651; x_wconf 91' lang='lat' dir='ltr'><strong>non</strong></span> <span class='ocrx_word' id='word_1_244' title='bbox 2204 1598 2387 1651; x_wconf 88' lang='lat' dir='ltr'><strong>sinant</strong></span> <span class='ocrx_word' id='word_1_245' title='bbox 2430 1609 2548 1649; x_wconf 90' lang='lat' dir='ltr'><strong>esse</strong></span> <span class='ocrx_word' id='word_1_246' title='bbox 2592 1594 2913 1669; x_wconf 82' lang='lat' dir='ltr'><strong>silentium?</strong></span> <span class='ocrx_word' id='word_1_247' title='bbox 2947 1594 3064 1648; x_wconf 83' lang='lat' dir='ltr'><strong>Jam</strong></span> <span class='ocrx_word' id='word_1_248' title='bbox 3099 1596 3227 1663; x_wconf 86' lang='lat' dir='ltr'><strong>quid</strong></span> <span class='ocrx_word' id='word_1_249' title='bbox 3264 1597 3329 1649; x_wconf 87' lang='lat' dir='ltr'><strong>de</strong></span> 
     </span>
    </p>
   </div>
   <div class='ocr_carea' id='block_1_31' title="bbox 1755 1683 3330 1753">
    <p class='ocr_par' dir='ltr' id='par_1_31' title="bbox 1755 1683 3330 1753">
     <span class='ocr_line' id='line_1_31' title="bbox 1755 1683 3330 1753; baseline -0.001 -16"><span class='ocrx_word' id='word_1_250' title='bbox 1755 1691 1934 1737; x_wconf 87' lang='lat' dir='ltr'><strong>mente</strong></span> <span class='ocrx_word' id='word_1_251' title='bbox 1963 1698 2176 1745; x_wconf 89' lang='lat' dir='ltr'><strong>earum,</strong></span> <span class='ocrx_word' id='word_1_252' title='bbox 2206 1684 2334 1753; x_wconf 89' lang='lat' dir='ltr'><strong>quid</strong></span> <span class='ocrx_word' id='word_1_253' title='bbox 2358 1686 2423 1739; x_wconf 90' lang='lat' dir='ltr'><strong>de</strong></span> <span class='ocrx_word' id='word_1_254' title='bbox 2452 1683 2615 1737; x_wconf 86' lang='lat' dir='ltr'><strong>corde</strong></span> <span class='ocrx_word' id='word_1_255' title='bbox 2643 1684 2952 1748; x_wconf 86' lang='lat' dir='ltr'><strong>discutiam,</strong></span> <span class='ocrx_word' id='word_1_256' title='bbox 2979 1684 3024 1737; x_wconf 90' lang='lat' dir='ltr'><strong>si</strong></span> <span class='ocrx_word' id='word_1_257' title='bbox 3057 1685 3122 1737; x_wconf 91' lang='lat' dir='ltr'><strong>de</strong></span> <span class='ocrx_word' id='word_1_258' title='bbox 3154 1683 3330 1737; x_wconf 74' lang='lat' dir='ltr'><strong>infan-</strong></span> 
     </span>
    </p>
   </div>
   <div class='ocr_carea' id='block_1_32' title="bbox 1756 1774 3330 1843">
    <p class='ocr_par' dir='ltr' id='par_1_32' title="bbox 1756 1774 3330 1843">
     <span class='ocr_line' id='line_1_32' title="bbox 1756 1774 3330 1843; baseline -0.001 -13"><span class='ocrx_word' id='word_1_259' title='bbox 1756 1776 1900 1830; x_wconf 88' lang='lat' dir='ltr'><strong>tibus</strong></span> <span class='ocrx_word' id='word_1_260' title='bbox 1934 1776 2066 1841; x_wconf 92' lang='lat' dir='ltr'><strong>suis,</strong></span> <span class='ocrx_word' id='word_1_261' title='bbox 2105 1785 2197 1829; x_wconf 90' lang='lat' dir='ltr'><strong>aut</strong></span> <span class='ocrx_word' id='word_1_262' title='bbox 2228 1776 2292 1829; x_wconf 92' lang='lat' dir='ltr'><strong>de</strong></span> <span class='ocrx_word' id='word_1_263' title='bbox 2328 1776 2448 1828; x_wconf 86' lang='lat' dir='ltr'><strong>lana</strong></span> <span class='ocrx_word' id='word_1_264' title='bbox 2484 1774 2745 1843; x_wconf 78' lang='lat' dir='ltr'><strong>cogitent,</strong></span> <span class='ocrx_word' id='word_1_265' title='bbox 2784 1783 2881 1827; x_wconf 93' lang='lat' dir='ltr'><strong>aut</strong></span> <span class='ocrx_word' id='word_1_266' title='bbox 2911 1775 2977 1830; x_wconf 90' lang='lat' dir='ltr'><strong>de</strong></span> <span class='ocrx_word' id='word_1_267' title='bbox 3008 1775 3330 1829; x_wconf 88' lang='lat' dir='ltr'><strong>necessariis</strong></span> 
     </span>
    </p>
   </div>
   <div class='ocr_carea' id='block_1_33' title="bbox 106 1842 3329 1957">
    <p class='ocr_par' dir='ltr' id='par_1_33' title="bbox 106 1842 3329 1957">
     <span class='ocr_line' id='line_1_33' title="bbox 108 1842 2563 1866; baseline -0.004 -14"><span class='ocrx_word' id='word_1_268' title='bbox 108 1842 420 1865; x_wconf 65' lang='lat'><strong>.-..--,-..-,</strong></span> <span class='ocrx_word' id='word_1_269' title='bbox 458 1842 557 1851; x_wconf 66' lang='grc' dir='ltr'><strong>η.-.</strong></span> <span class='ocrx_word' id='word_1_270' title='bbox 593 1842 836 1852; x_wconf 72' lang='grc'><strong>...--..--,</strong></span> <span class='ocrx_word' id='word_1_271' title='bbox 862 1842 1048 1861; x_wconf 68' lang='grc' dir='ltr'><strong>...ν..-,</strong></span> <span class='ocrx_word' id='word_1_272' title='bbox 1082 1842 1133 1852; x_wconf 73' lang='grc'><strong>,-</strong></span> <span class='ocrx_word' id='word_1_273' title='bbox 1160 1842 1429 1866; x_wconf 65' lang='lat'><strong>-...,,-..--_</strong></span> <span class='ocrx_word' id='word_1_274' title='bbox 1470 1842 1620 1848; x_wconf 49' lang='grc' dir='ltr'><strong>κη--</strong></span> <span class='ocrx_word' id='word_1_275' title='bbox 2560 1842 2563 1843; x_wconf 30' lang='grc' dir='ltr'><em>ν</em></span> 
     </span>
     <span class='ocr_line' id='line_1_34' title="bbox 106 1842 3329 1957; baseline -0.002 -14"><span class='ocrx_word' id='word_1_276' title='bbox 106 1891 187 1955; x_wconf 91' lang='lat' dir='ltr'><strong>ris,</strong></span> <span class='ocrx_word' id='word_1_277' title='bbox 210 1903 306 1942; x_wconf 92' lang='lat' dir='ltr'><strong>non</strong></span> <span class='ocrx_word' id='word_1_278' title='bbox 334 1896 517 1957; x_wconf 89' lang='lat' dir='ltr'><strong>potest</strong></span> <span class='ocrx_word' id='word_1_279' title='bbox 557 1903 747 1942; x_wconf 90' lang='lat' dir='ltr'><strong>aurum</strong></span> <span class='ocrx_word' id='word_1_280' title='bbox 777 1897 927 1941; x_wconf 91' lang='lat' dir='ltr'><strong>tuum</strong></span> <span class='ocrx_word' id='word_1_281' title='bbox 958 1887 1238 1957; x_wconf 87' lang='lat' dir='ltr'><strong>probatum</strong></span> <span class='ocrx_word' id='word_1_282' title='bbox 1268 1901 1405 1949; x_wconf 90' lang='lat' dir='ltr'><strong>esse,</strong></span> <span class='ocrx_word' id='word_1_283' title='bbox 1437 1900 1539 1941; x_wconf 92' lang='lat' dir='ltr'><strong>nec</strong></span> <span class='ocrx_word' id='word_1_284' title='bbox 1566 1900 1653 1939; x_wconf 89' lang='lat' dir='ltr'><strong>ar-</strong></span> <span class='ocrx_word' id='word_1_285' title='bbox 1682 1842 1726 1897; x_wconf 77' lang='grc' dir='ltr'>Β</span> <span class='ocrx_word' id='word_1_286' title='bbox 1756 1868 1993 1923; x_wconf 58' lang='lat' dir='ltr'><strong>dom“?</strong></span> <span class='ocrx_word' id='word_1_287' title='bbox 2030 1867 2232 1921; x_wconf 65' lang='lat' dir='ltr'><strong>Vereor</strong></span> <span class='ocrx_word' id='word_1_288' title='bbox 2264 1866 2437 1935; x_wconf 73' lang='grc' dir='ltr'>ιηίιιιίε</span> <span class='ocrx_word' id='word_1_289' title='bbox 2475 1879 2543 1920; x_wconf 77' lang='grc' dir='ltr'><strong>ηθ</strong></span> <span class='ocrx_word' id='word_1_290' title='bbox 2586 1878 2888 1957; x_wconf 60' lang='lat' dir='ltr'><strong>sefiliam&quot;?</strong></span> <span class='ocrx_word' id='word_1_291' title='bbox 2922 1865 3069 1929; x_wconf 62' lang='lat'><strong>&quot;&#39;88.</strong></span> <span class='ocrx_word' id='word_1_292' title='bbox 3107 1866 3172 1920; x_wconf 76' lang='lat' dir='ltr'><strong>de</strong></span> <span class='ocrx_word' id='word_1_293' title='bbox 3207 1866 3329 1935; x_wconf 76' lang='grc' dir='ltr'>(ιιιί-</span> 
     </span>
    </p>
   </div>
   <div class='ocr_carea' id='block_1_34' title="bbox 104 1978 1652 2049">
    <p class='ocr_par' dir='ltr' id='par_1_34' title="bbox 104 1978 1652 2049">
     <span class='ocr_line' id='line_1_35' title="bbox 104 1978 1652 2049; baseline -0.001 -15"><span class='ocrx_word' id='word_1_294' title='bbox 104 1989 332 2049; x_wconf 85' lang='lat' dir='ltr'><strong>gentum:</strong></span> <span class='ocrx_word' id='word_1_295' title='bbox 390 1979 685 2045; x_wconf 82' lang='lat' dir='ltr'><strong>requiritur</strong></span> <span class='ocrx_word' id='word_1_296' title='bbox 734 1981 877 2034; x_wconf 89' lang='lat' dir='ltr'><strong>enim</strong></span> <span class='ocrx_word' id='word_1_297' title='bbox 932 1988 991 2033; x_wconf 92' lang='lat' dir='ltr'><strong>ut</strong></span> <span class='ocrx_word' id='word_1_298' title='bbox 1044 1981 1335 2049; x_wconf 89' lang='lat' dir='ltr'><strong>probatum</strong></span> <span class='ocrx_word' id='word_1_299' title='bbox 1370 1978 1460 2035; x_wconf 90' lang='lat' dir='ltr'><strong>sit.</strong></span> <span class='ocrx_word' id='word_1_300' title='bbox 1514 1979 1652 2033; x_wconf 86' lang='lat' dir='ltr'><strong>Audi</strong></span> 
     </span>
    </p>
   </div>
   <div class='ocr_carea' id='block_1_35' title="bbox 104 2068 1653 2139">
    <p class='ocr_par' dir='ltr' id='par_1_35' title="bbox 104 2068 1653 2139">
     <span class='ocr_line' id='line_1_36' title="bbox 104 2068 1653 2139; baseline 0.001 -16"><span class='ocrx_word' id='word_1_301' title='bbox 104 2070 413 2138; x_wconf 85' lang='lat' dir='ltr'><strong>Scripturam</strong></span> <span class='ocrx_word' id='word_1_302' title='bbox 443 2068 714 2123; x_wconf 88' lang='lat' dir='ltr'><strong>dicentem</strong></span> <span class='ocrx_word' id='word_1_303' title='bbox 746 2069 826 2122; x_wconf 72' lang='grc' dir='ltr'><strong>ὀε</strong></span> <span class='ocrx_word' id='word_1_304' title='bbox 867 2088 885 2120; x_wconf 73' lang='grc' dir='ltr'><strong>ι</strong></span> <span class='ocrx_word' id='word_1_305' title='bbox 911 2069 1135 2139; x_wconf 84' lang='lat' dir='ltr'><strong>Eloquia</strong></span> <span class='ocrx_word' id='word_1_306' title='bbox 1170 2068 1408 2133; x_wconf 91' lang='lat' dir='ltr'><strong>Domini,</strong></span> <span class='ocrx_word' id='word_1_307' title='bbox 1438 2068 1653 2139; x_wconf 88' lang='lat' dir='ltr'><strong>eloquia</strong></span> 
     </span>
    </p>
   </div>
   <div class='ocr_carea' id='block_1_36' title="bbox 103 2159 1653 2231">
    <p class='ocr_par' dir='ltr' id='par_1_36' title="bbox 103 2159 1653 2231">
     <span class='ocr_line' id='line_1_37' title="bbox 103 2159 1653 2231; baseline 0.002 -18"><span class='ocrx_word' id='word_1_308' title='bbox 103 2171 253 2224; x_wconf 80' lang='lat' dir='ltr'><strong>casta,</strong></span> <span class='ocrx_word' id='word_1_309' title='bbox 284 2169 567 2227; x_wconf 78' lang='lat' dir='ltr'><strong>argentum</strong></span> <span class='ocrx_word' id='word_1_310' title='bbox 614 2159 736 2230; x_wconf 92' lang='lat' dir='ltr'><strong>igne</strong></span> <span class='ocrx_word' id='word_1_311' title='bbox 770 2161 1059 2231; x_wconf 85' lang='lat' dir='ltr'><strong>probatum</strong></span> <span class='ocrx_word' id='word_1_312' title='bbox 1083 2202 1098 2227; x_wconf 93' lang='lat'><strong>,</strong></span> <span class='ocrx_word' id='word_1_313' title='bbox 1134 2169 1421 2231; x_wconf 91' lang='lat' dir='ltr'><strong>purgatum</strong></span> <span class='ocrx_word' id='word_1_314' title='bbox 1464 2169 1653 2231; x_wconf 87' lang='lat' dir='ltr'><strong>septu-</strong></span> 
     </span>
    </p>
   </div>
   <div class='ocr_carea' id='block_1_37' title="bbox 99 2250 1651 2323">
    <p class='ocr_par' dir='ltr' id='par_1_37' title="bbox 99 2250 1651 2323">
     <span class='ocr_line' id='line_1_38' title="bbox 99 2250 1651 2323; baseline 0.003 -18"><span class='ocrx_word' id='word_1_315' title='bbox 99 2252 246 2323; x_wconf 90' lang='lat' dir='ltr'><strong>plum.</strong></span> <span class='ocrx_word' id='word_1_316' title='bbox 276 2269 295 2302; x_wconf 78' lang='grc' dir='ltr'><strong>ι</strong></span> <span class='ocrx_word' id='word_1_317' title='bbox 331 2250 393 2304; x_wconf 86' lang='lat' dir='ltr'><strong>Si</strong></span> <span class='ocrx_word' id='word_1_318' title='bbox 428 2265 558 2320; x_wconf 89' lang='lat' dir='ltr'><strong>ergo</strong></span> <span class='ocrx_word' id='word_1_319' title='bbox 587 2267 706 2321; x_wconf 72' lang='lat' dir='ltr'><strong>qua:</strong></span> <span class='ocrx_word' id='word_1_320' title='bbox 736 2253 940 2322; x_wconf 90' lang='lat' dir='ltr'><strong>scripta</strong></span> <span class='ocrx_word' id='word_1_321' title='bbox 972 2262 1096 2307; x_wconf 90' lang='lat' dir='ltr'><strong>sunt</strong></span> <span class='ocrx_word' id='word_1_322' title='bbox 1124 2256 1285 2309; x_wconf 90' lang='lat' dir='ltr'><strong>corde</strong></span> <span class='ocrx_word' id='word_1_323' title='bbox 1314 2254 1651 2323; x_wconf 89' lang='lat' dir='ltr'><strong>conceperis,</strong></span> 
     </span>
    </p>
   </div>
   <div class='ocr_carea' id='block_1_38' title="bbox 101 2343 1655 2418">
    <p class='ocr_par' dir='ltr' id='par_1_38' title="bbox 101 2343 1655 2418">
     <span class='ocr_line' id='line_1_39' title="bbox 101 2343 1655 2418; baseline 0.001 -20"><span class='ocrx_word' id='word_1_324' title='bbox 101 2344 190 2399; x_wconf 88' lang='lat' dir='ltr'><strong>erit</strong></span> <span class='ocrx_word' id='word_1_325' title='bbox 214 2358 403 2397; x_wconf 82' lang='lat' dir='ltr'><strong>aurum</strong></span> <span class='ocrx_word' id='word_1_326' title='bbox 436 2353 609 2406; x_wconf 87' lang='lat' dir='ltr'><strong>tuum.</strong></span> <span class='ocrx_word' id='word_1_327' title='bbox 639 2343 691 2397; x_wconf 92' lang='lat' dir='ltr'><strong>id</strong></span> <span class='ocrx_word' id='word_1_328' title='bbox 720 2353 806 2398; x_wconf 90' lang='lat' dir='ltr'><strong>est</strong></span> <span class='ocrx_word' id='word_1_329' title='bbox 855 2360 1048 2402; x_wconf 88' lang='lat' dir='ltr'><strong>sensus</strong></span> <span class='ocrx_word' id='word_1_330' title='bbox 1080 2356 1200 2401; x_wconf 90' lang='lat' dir='ltr'><strong>tuus</strong></span> <span class='ocrx_word' id='word_1_331' title='bbox 1222 2348 1445 2418; x_wconf 86' lang='lat' dir='ltr'><strong>probus,</strong></span> <span class='ocrx_word' id='word_1_332' title='bbox 1478 2356 1532 2401; x_wconf 91' lang='lat' dir='ltr'><strong>et</strong></span> <span class='ocrx_word' id='word_1_333' title='bbox 1562 2363 1655 2400; x_wconf 91' lang='lat' dir='ltr'><strong>ar-</strong></span> 
     </span>
    </p>
   </div>
   <div class='ocr_carea' id='block_1_39' title="bbox 99 2437 1652 2511">
    <p class='ocr_par' dir='ltr' id='par_1_39' title="bbox 99 2437 1652 2511">
     <span class='ocr_line' id='line_1_40' title="bbox 99 2437 1652 2511; baseline 0.004 -20"><span class='ocrx_word' id='word_1_334' title='bbox 99 2447 292 2506; x_wconf 86' lang='lat' dir='ltr'><strong>gentum</strong></span> <span class='ocrx_word' id='word_1_335' title='bbox 322 2445 501 2502; x_wconf 91' lang='lat' dir='ltr'><strong>tuum,</strong></span> <span class='ocrx_word' id='word_1_336' title='bbox 530 2437 620 2506; x_wconf 89' lang='lat' dir='ltr'><strong>qui</strong></span> <span class='ocrx_word' id='word_1_337' title='bbox 649 2446 731 2491; x_wconf 88' lang='lat' dir='ltr'><strong>est</strong></span> <span class='ocrx_word' id='word_1_338' title='bbox 760 2452 938 2493; x_wconf 83' lang='lat' dir='ltr'><strong>sermo</strong></span> <span class='ocrx_word' id='word_1_339' title='bbox 974 2446 1114 2504; x_wconf 86' lang='lat' dir='ltr'><strong>tuus,</strong></span> <span class='ocrx_word' id='word_1_340' title='bbox 1158 2440 1318 2511; x_wconf 78' lang='lat'><strong>176</strong></span> <span class='ocrx_word' id='word_1_341' title='bbox 1347 2440 1652 2509; x_wconf 89' lang='lat' dir='ltr'><strong>probatum.</strong></span> 
     </span>
    </p>
   </div>
   <div class='ocr_carea' id='block_1_40' title="bbox 99 2528 1653 2599">
    <p class='ocr_par' dir='ltr' id='par_1_40' title="bbox 99 2528 1653 2599">
     <span class='ocr_line' id='line_1_41' title="bbox 99 2528 1653 2599; baseline 0.003 -16"><span class='ocrx_word' id='word_1_342' title='bbox 99 2528 221 2595; x_wconf 86' lang='lat' dir='ltr'><strong>Quid</strong></span> <span class='ocrx_word' id='word_1_343' title='bbox 248 2529 411 2583; x_wconf 87' lang='lat' dir='ltr'><strong>etiam</strong></span> <span class='ocrx_word' id='word_1_344' title='bbox 445 2529 510 2584; x_wconf 89' lang='lat' dir='ltr'><strong>de</strong></span> <span class='ocrx_word' id='word_1_345' title='bbox 535 2544 643 2584; x_wconf 66' lang='lat' dir='ltr'><strong>aere</strong></span> <span class='ocrx_word' id='word_1_346' title='bbox 676 2530 953 2585; x_wconf 89' lang='lat' dir='ltr'><strong>dicemus?</strong></span> <span class='ocrx_word' id='word_1_347' title='bbox 980 2545 1118 2599; x_wconf 92' lang='lat' dir='ltr'><strong>opus</strong></span> <span class='ocrx_word' id='word_1_348' title='bbox 1148 2542 1227 2587; x_wconf 91' lang='lat' dir='ltr'><strong>est</strong></span> <span class='ocrx_word' id='word_1_349' title='bbox 1256 2542 1310 2586; x_wconf 90' lang='lat' dir='ltr'><strong>et</strong></span> <span class='ocrx_word' id='word_1_350' title='bbox 1334 2547 1440 2588; x_wconf 72' lang='lat' dir='ltr'><strong>rere</strong></span> <span class='ocrx_word' id='word_1_351' title='bbox 1468 2533 1532 2586; x_wconf 87' lang='lat' dir='ltr'><strong>ad</strong></span> <span class='ocrx_word' id='word_1_352' title='bbox 1569 2541 1653 2587; x_wconf 84' lang='lat' dir='ltr'><strong>ta-</strong></span> 
     </span>
    </p>
   </div>
   <div class='ocr_carea' id='block_1_41' title="bbox 100 2618 1655 2692">
    <p class='ocr_par' dir='ltr' id='par_1_41' title="bbox 100 2618 1655 2692">
     <span class='ocr_line' id='line_1_42' title="bbox 100 2618 1655 2692; baseline 0.004 -21"><span class='ocrx_word' id='word_1_353' title='bbox 100 2618 346 2673; x_wconf 88' lang='lat' dir='ltr'><strong>hernaculi</strong></span> <span class='ocrx_word' id='word_1_354' title='bbox 385 2620 874 2676; x_wconf 88' lang='lat' dir='ltr'><strong>constructionem.</strong></span> <span class='ocrx_word' id='word_1_355' title='bbox 921 2621 1147 2676; x_wconf 82' lang='lat' dir='ltr'><strong>Videtur</strong></span> <span class='ocrx_word' id='word_1_356' title='bbox 1178 2623 1394 2692; x_wconf 77' lang='lat' dir='ltr'><strong>quidem</strong></span> <span class='ocrx_word' id='word_1_357' title='bbox 1432 2638 1506 2677; x_wconf 73' lang='lat' dir='ltr'><strong>res</strong></span> <span class='ocrx_word' id='word_1_358' title='bbox 1556 2637 1655 2692; x_wconf 80' lang='lat' dir='ltr'><strong>pro</strong></span> 
     </span>
    </p>
   </div>
   <div class='ocr_carea' id='block_1_42' title="bbox 98 2710 1655 2783">
    <p class='ocr_par' dir='ltr' id='par_1_42' title="bbox 98 2710 1655 2783">
     <span class='ocr_line' id='line_1_43' title="bbox 98 2710 1655 2783; baseline 0.004 -20"><span class='ocrx_word' id='word_1_359' title='bbox 98 2710 397 2765; x_wconf 84' lang='lat' dir='ltr'><strong>fortitudine</strong></span> <span class='ocrx_word' id='word_1_360' title='bbox 443 2712 643 2780; x_wconf 91' lang='lat' dir='ltr'><strong>suscipi</strong></span> <span class='ocrx_word' id='word_1_361' title='bbox 671 2752 687 2777; x_wconf 98' lang='lat'><strong>,</strong></span> <span class='ocrx_word' id='word_1_362' title='bbox 716 2722 771 2767; x_wconf 90' lang='lat' dir='ltr'><strong>et</strong></span> <span class='ocrx_word' id='word_1_363' title='bbox 805 2712 926 2766; x_wconf 92' lang='lat' dir='ltr'><strong>loco</strong></span> <span class='ocrx_word' id='word_1_364' title='bbox 960 2712 1085 2781; x_wconf 92' lang='lat' dir='ltr'><strong>poni</strong></span> <span class='ocrx_word' id='word_1_365' title='bbox 1119 2728 1284 2783; x_wconf 87' lang='lat' dir='ltr'><strong>posse</strong></span> <span class='ocrx_word' id='word_1_366' title='bbox 1322 2712 1655 2769; x_wconf 81' lang='lat' dir='ltr'><strong>fortitudinis</strong></span> 
     </span>
    </p>
   </div>
   <div class='ocr_carea' id='block_1_43' title="bbox 94 2804 1656 2869">
    <p class='ocr_par' dir='ltr' id='par_1_43' title="bbox 94 2804 1656 2869">
     <span class='ocr_line' id='line_1_44' title="bbox 94 2804 1656 2869; baseline 0.002 -13"><span class='ocrx_word' id='word_1_367' title='bbox 94 2811 142 2856; x_wconf 90' lang='lat' dir='ltr'><strong>et</strong></span> <span class='ocrx_word' id='word_1_368' title='bbox 171 2804 519 2860; x_wconf 70' lang='lat' dir='ltr'><strong>constantiae:</strong></span> <span class='ocrx_word' id='word_1_369' title='bbox 551 2804 642 2859; x_wconf 88' lang='lat' dir='ltr'><strong>sed</strong></span> <span class='ocrx_word' id='word_1_370' title='bbox 679 2820 745 2859; x_wconf 93' lang='lat' dir='ltr'><strong>ne</strong></span> <span class='ocrx_word' id='word_1_371' title='bbox 777 2805 899 2869; x_wconf 83' lang='lat' dir='ltr'><strong>quis</strong></span> <span class='ocrx_word' id='word_1_372' title='bbox 929 2805 1094 2869; x_wconf 88' lang='lat' dir='ltr'><strong>dicat,</strong></span> <span class='ocrx_word' id='word_1_373' title='bbox 1127 2805 1239 2860; x_wconf 89' lang='lat' dir='ltr'><strong>lloc</strong></span> <span class='ocrx_word' id='word_1_374' title='bbox 1263 2805 1509 2861; x_wconf 83' lang='lat' dir='ltr'><strong>divinare</strong></span> <span class='ocrx_word' id='word_1_375' title='bbox 1541 2820 1656 2860; x_wconf 87' lang='lat' dir='ltr'><strong>ma-</strong></span> 
     </span>
    </p>
   </div>
   <div class='ocr_carea' id='block_1_44' title="bbox 95 2892 1657 2965">
    <p class='ocr_par' dir='ltr' id='par_1_44' title="bbox 95 2892 1657 2965">
     <span class='ocr_line' id='line_1_45' title="bbox 95 2892 1657 2965; baseline 0.006 -22"><span class='ocrx_word' id='word_1_376' title='bbox 95 2892 167 2961; x_wconf 80' lang='lat' dir='ltr'><strong>gis</strong></span> <span class='ocrx_word' id='word_1_377' title='bbox 201 2902 278 2948; x_wconf 89' lang='lat' dir='ltr'><strong>est</strong></span> <span class='ocrx_word' id='word_1_378' title='bbox 305 2908 478 2962; x_wconf 87' lang='lat' dir='ltr'><strong>quam</strong></span> <span class='ocrx_word' id='word_1_379' title='bbox 508 2894 838 2965; x_wconf 77' lang='lat' dir='ltr'><strong>explanare,</strong></span> <span class='ocrx_word' id='word_1_380' title='bbox 871 2894 958 2949; x_wconf 91' lang='lat' dir='ltr'><strong>ubi</strong></span> <span class='ocrx_word' id='word_1_381' title='bbox 1000 2897 1143 2965; x_wconf 91' lang='lat' dir='ltr'><strong>quod</strong></span> <span class='ocrx_word' id='word_1_382' title='bbox 1183 2896 1380 2951; x_wconf 89' lang='lat' dir='ltr'><strong>dicitur</strong></span> <span class='ocrx_word' id='word_1_383' title='bbox 1401 2936 1416 2962; x_wconf 91' lang='lat'><strong>,</strong></span> <span class='ocrx_word' id='word_1_384' title='bbox 1455 2911 1561 2950; x_wconf 91' lang='lat' dir='ltr'><strong>non</strong></span> <span class='ocrx_word' id='word_1_385' title='bbox 1590 2895 1657 2952; x_wconf 87' lang='lat' dir='ltr'><strong>de</strong></span> 
     </span>
    </p>
   </div>
   <div class='ocr_carea' id='block_1_45' title="bbox 95 2983 1655 3059">
    <p class='ocr_par' dir='ltr' id='par_1_45' title="bbox 95 2983 1655 3059">
     <span class='ocr_line' id='line_1_46' title="bbox 95 2983 1655 3059; baseline 0.004 -22"><span class='ocrx_word' id='word_1_386' title='bbox 95 2983 481 3053; x_wconf 85' lang='lat' dir='ltr'><strong>Scripturarum</strong></span> <span class='ocrx_word' id='word_1_387' title='bbox 507 2987 830 3042; x_wconf 89' lang='lat' dir='ltr'><strong>auctoritate</strong></span> <span class='ocrx_word' id='word_1_388' title='bbox 856 2990 1117 3053; x_wconf 91' lang='lat' dir='ltr'><strong>munitur,</strong></span> <span class='ocrx_word' id='word_1_389' title='bbox 1150 2999 1280 3058; x_wconf 93' lang='lat' dir='ltr'><strong>puto</strong></span> <span class='ocrx_word' id='word_1_390' title='bbox 1302 3002 1433 3059; x_wconf 86' lang='lat' dir='ltr'><strong>ergo</strong></span> <span class='ocrx_word' id='word_1_391' title='bbox 1460 3004 1533 3043; x_wconf 78' lang='lat' dir='ltr'><strong>tes</strong></span> <span class='ocrx_word' id='word_1_392' title='bbox 1562 3003 1655 3043; x_wconf 86' lang='lat' dir='ltr'><strong>ac-</strong></span> 
     </span>
    </p>
   </div>
   <div class='ocr_carea' id='block_1_46' title="bbox 94 3072 1655 3144">
    <p class='ocr_par' dir='ltr' id='par_1_46' title="bbox 94 3072 1655 3144">
     <span class='ocr_line' id='line_1_47' title="bbox 94 3072 1655 3144; baseline 0.006 -20"><span class='ocrx_word' id='word_1_393' title='bbox 94 3072 185 3141; x_wconf 87' lang='lat' dir='ltr'><strong>cipi</strong></span> <span class='ocrx_word' id='word_1_394' title='bbox 214 3088 367 3143; x_wconf 86' lang='lat' dir='ltr'><strong>posse</strong></span> <span class='ocrx_word' id='word_1_395' title='bbox 420 3089 518 3144; x_wconf 90' lang='lat' dir='ltr'><strong>pro</strong></span> <span class='ocrx_word' id='word_1_396' title='bbox 548 3090 704 3131; x_wconf 77' lang='lat' dir='ltr'><strong>voce.</strong></span> <span class='ocrx_word' id='word_1_397' title='bbox 736 3076 897 3130; x_wconf 85' lang='lat' dir='ltr'><strong>Aliud</strong></span> <span class='ocrx_word' id='word_1_398' title='bbox 952 3078 1095 3132; x_wconf 91' lang='lat' dir='ltr'><strong>enim</strong></span> <span class='ocrx_word' id='word_1_399' title='bbox 1128 3088 1210 3132; x_wconf 93' lang='lat' dir='ltr'><strong>est</strong></span> <span class='ocrx_word' id='word_1_400' title='bbox 1243 3093 1424 3132; x_wconf 86' lang='lat' dir='ltr'><strong>sermo</strong></span> <span class='ocrx_word' id='word_1_401' title='bbox 1446 3118 1463 3142; x_wconf 93' lang='lat'><strong>,</strong></span> <span class='ocrx_word' id='word_1_402' title='bbox 1506 3076 1655 3133; x_wconf 90' lang='lat' dir='ltr'><strong>aliud</strong></span> 
     </span>
    </p>
   </div>
   <div class='ocr_carea' id='block_1_47' title="bbox 1753 1956 3333 2028">
    <p class='ocr_par' dir='ltr' id='par_1_47' title="bbox 1753 1956 3333 2028">
     <span class='ocr_line' id='line_1_48' title="bbox 1753 1956 3333 2028; baseline -0.003 -12"><span class='ocrx_word' id='word_1_403' title='bbox 1753 1960 1855 2017; x_wconf 89' lang='lat' dir='ltr'><strong>bus</strong></span> <span class='ocrx_word' id='word_1_404' title='bbox 1884 1959 2016 2015; x_wconf 87' lang='lat' dir='ltr'><strong>dicit</strong></span> <span class='ocrx_word' id='word_1_405' title='bbox 2043 1957 2333 2028; x_wconf 90' lang='lat' dir='ltr'><strong>Apostolus</strong></span> <span class='ocrx_word' id='word_1_406' title='bbox 2359 1959 2406 1989; x_wconf 71' lang='grc'><strong>⁷⁸</strong></span> <span class='ocrx_word' id='word_1_407' title='bbox 2429 1976 2444 2013; x_wconf 88' lang='lat'><strong>:</strong></span> <span class='ocrx_word' id='word_1_408' title='bbox 2493 1974 2510 2008; x_wconf 82' lang='lat' dir='ltr'><strong>t</strong></span> <span class='ocrx_word' id='word_1_409' title='bbox 2534 1959 2664 2023; x_wconf 69' lang='lat' dir='ltr'><strong>Qua:</strong></span> <span class='ocrx_word' id='word_1_410' title='bbox 2688 1956 2901 2012; x_wconf 87' lang='lat' dir='ltr'><strong>discunt</strong></span> <span class='ocrx_word' id='word_1_411' title='bbox 2929 1956 3211 2012; x_wconf 87' lang='lat' dir='ltr'><strong>circumire</strong></span> <span class='ocrx_word' id='word_1_412' title='bbox 3236 1957 3333 2012; x_wconf 90' lang='lat' dir='ltr'><strong>do-</strong></span> 
     </span>
    </p>
   </div>
   <div class='ocr_carea' id='block_1_48' title="bbox 1755 2048 3329 2117">
    <p class='ocr_par' dir='ltr' id='par_1_48' title="bbox 1755 2048 3329 2117">
     <span class='ocr_line' id='line_1_49' title="bbox 1755 2048 3329 2117; baseline -0.002 -11"><span class='ocrx_word' id='word_1_413' title='bbox 1755 2067 1891 2115; x_wconf 91' lang='lat' dir='ltr'><strong>mos,</strong></span> <span class='ocrx_word' id='word_1_414' title='bbox 1922 2068 2026 2106; x_wconf 90' lang='lat' dir='ltr'><strong>non</strong></span> <span class='ocrx_word' id='word_1_415' title='bbox 2060 2051 2234 2105; x_wconf 90' lang='lat' dir='ltr'><strong>solum</strong></span> <span class='ocrx_word' id='word_1_416' title='bbox 2263 2051 2526 2113; x_wconf 75' lang='lat' dir='ltr'><strong>verbosre,</strong></span> <span class='ocrx_word' id='word_1_417' title='bbox 2559 2049 2651 2103; x_wconf 90' lang='lat' dir='ltr'><strong>sed</strong></span> <span class='ocrx_word' id='word_1_418' title='bbox 2681 2059 2737 2102; x_wconf 89' lang='lat' dir='ltr'><strong>et</strong></span> <span class='ocrx_word' id='word_1_419' title='bbox 2766 2049 3018 2112; x_wconf 65' lang='lat' dir='ltr'><strong>curiosae,</strong></span> <span class='ocrx_word' id='word_1_420' title='bbox 3051 2048 3329 2117; x_wconf 74' lang='lat' dir='ltr'><strong>loquente:</strong></span> 
     </span>
    </p>
   </div>
   <div class='ocr_carea' id='block_1_49' title="bbox 1756 2141 3332 2213">
    <p class='ocr_par' dir='ltr' id='par_1_49' title="bbox 1756 2141 3332 2213">
     <span class='ocr_line' id='line_1_50' title="bbox 1756 2141 3332 2213; baseline -0.001 -16"><span class='ocrx_word' id='word_1_421' title='bbox 1756 2157 1875 2213; x_wconf 86' lang='lat' dir='ltr'><strong>quae</strong></span> <span class='ocrx_word' id='word_1_422' title='bbox 1908 2158 2014 2196; x_wconf 94' lang='lat' dir='ltr'><strong>non</strong></span> <span class='ocrx_word' id='word_1_423' title='bbox 2046 2152 2285 2211; x_wconf 89' lang='lat' dir='ltr'><strong>oportet.</strong></span> <span class='ocrx_word' id='word_1_424' title='bbox 2316 2160 2334 2193; x_wconf 86' lang='grc'><strong>›</strong></span> <span class='ocrx_word' id='word_1_425' title='bbox 2372 2141 2654 2208; x_wconf 85' lang='lat' dir='ltr'><strong>Quomodo</strong></span> <span class='ocrx_word' id='word_1_426' title='bbox 2684 2155 2816 2211; x_wconf 84' lang='lat' dir='ltr'><strong>ergo</strong></span> <span class='ocrx_word' id='word_1_427' title='bbox 2852 2141 2967 2195; x_wconf 73' lang='lat' dir='ltr'><strong>ista:</strong></span> <span class='ocrx_word' id='word_1_428' title='bbox 2998 2142 3134 2195; x_wconf 87' lang='lat' dir='ltr'><strong>tales</strong></span> <span class='ocrx_word' id='word_1_429' title='bbox 3167 2141 3332 2195; x_wconf 88' lang='lat' dir='ltr'><strong>corde</strong></span> 
     </span>
    </p>
   </div>
   <div class='ocr_carea' id='block_1_50' title="bbox 1755 2232 3334 2305">
    <p class='ocr_par' dir='ltr' id='par_1_50' title="bbox 1755 2232 3334 2305">
     <span class='ocr_line' id='line_1_51' title="bbox 1755 2232 3334 2305; baseline -0.004 -14"><span class='ocrx_word' id='word_1_430' title='bbox 1755 2235 2114 2305; x_wconf 76' lang='lat' dir='ltr'><strong>concipiunt?</strong></span> <span class='ocrx_word' id='word_1_431' title='bbox 2162 2233 2278 2287; x_wconf 87' lang='lat' dir='ltr'><strong>Non</strong></span> <span class='ocrx_word' id='word_1_432' title='bbox 2327 2234 2605 2302; x_wconf 79' lang='lat' dir='ltr'><strong>concipiet</strong></span> <span class='ocrx_word' id='word_1_433' title='bbox 2654 2234 2816 2288; x_wconf 87' lang='lat' dir='ltr'><strong>corde</strong></span> <span class='ocrx_word' id='word_1_434' title='bbox 2852 2234 2975 2302; x_wconf 87' lang='lat' dir='ltr'><strong>quis</strong></span> <span class='ocrx_word' id='word_1_435' title='bbox 3027 2232 3127 2287; x_wconf 90' lang='lat' dir='ltr'><strong>nisi</strong></span> <span class='ocrx_word' id='word_1_436' title='bbox 3178 2242 3334 2285; x_wconf 90' lang='lat' dir='ltr'><strong>vacet</strong></span> 
     </span>
    </p>
   </div>
   <div class='ocr_carea' id='block_1_51' title="bbox 1756 2323 3330 2390">
    <p class='ocr_par' dir='ltr' id='par_1_51' title="bbox 1756 2323 3330 2390">
     <span class='ocr_line' id='line_1_52' title="bbox 1756 2323 3330 2390; baseline -0.004 -9"><span class='ocrx_word' id='word_1_437' title='bbox 1756 2330 1920 2381; x_wconf 85' lang='lat' dir='ltr'><strong>corde</strong></span> <span class='ocrx_word' id='word_1_438' title='bbox 1947 2368 1961 2390; x_wconf 90' lang='lat'><strong>,</strong></span> <span class='ocrx_word' id='word_1_439' title='bbox 1994 2326 2094 2381; x_wconf 91' lang='lat' dir='ltr'><strong>nisi</strong></span> <span class='ocrx_word' id='word_1_440' title='bbox 2133 2326 2204 2380; x_wconf 93' lang='lat' dir='ltr'><strong>sit</strong></span> <span class='ocrx_word' id='word_1_441' title='bbox 2236 2334 2415 2380; x_wconf 89' lang='lat' dir='ltr'><strong>mente</strong></span> <span class='ocrx_word' id='word_1_442' title='bbox 2449 2325 2586 2380; x_wconf 90' lang='lat' dir='ltr'><strong>liber</strong></span> <span class='ocrx_word' id='word_1_443' title='bbox 2624 2336 2678 2379; x_wconf 92' lang='lat' dir='ltr'><strong>et</strong></span> <span class='ocrx_word' id='word_1_444' title='bbox 2717 2334 2861 2378; x_wconf 90' lang='lat' dir='ltr'><strong>totus</strong></span> <span class='ocrx_word' id='word_1_445' title='bbox 2907 2325 3149 2378; x_wconf 86' lang='lat' dir='ltr'><strong>intentus</strong></span> <span class='ocrx_word' id='word_1_446' title='bbox 3172 2362 3188 2388; x_wconf 96' lang='lat'><strong>,</strong></span> <span class='ocrx_word' id='word_1_447' title='bbox 3226 2323 3330 2376; x_wconf 83' lang='lat' dir='ltr'><strong>nisi</strong></span> 
     </span>
    </p>
   </div>
   <div class='ocr_carea' id='block_1_52' title="bbox 1756 2412 3335 2486">
    <p class='ocr_par' dir='ltr' id='par_1_52' title="bbox 1756 2412 3335 2486">
     <span class='ocr_line' id='line_1_53' title="bbox 1756 2412 3335 2486; baseline -0.003 -13"><span class='ocrx_word' id='word_1_448' title='bbox 1756 2418 1919 2473; x_wconf 92' lang='lat' dir='ltr'><strong>corde</strong></span> <span class='ocrx_word' id='word_1_449' title='bbox 1948 2417 2154 2486; x_wconf 85' lang='lat' dir='ltr'><strong>vigilet,</strong></span> <span class='ocrx_word' id='word_1_450' title='bbox 2194 2432 2298 2472; x_wconf 92' lang='lat' dir='ltr'><strong>non</strong></span> <span class='ocrx_word' id='word_1_451' title='bbox 2327 2425 2505 2486; x_wconf 91' lang='lat' dir='ltr'><strong>potest</strong></span> <span class='ocrx_word' id='word_1_452' title='bbox 2528 2416 2692 2470; x_wconf 89' lang='lat' dir='ltr'><strong>corde</strong></span> <span class='ocrx_word' id='word_1_453' title='bbox 2723 2415 3031 2483; x_wconf 83' lang='lat' dir='ltr'><strong>concipere,</strong></span> <span class='ocrx_word' id='word_1_454' title='bbox 3057 2422 3110 2470; x_wconf 92' lang='lat' dir='ltr'><strong>et</strong></span> <span class='ocrx_word' id='word_1_455' title='bbox 3139 2412 3335 2470; x_wconf 74' lang='lat' dir='ltr'><strong>offerre</strong></span> 
     </span>
    </p>
   </div>
   <div class='ocr_carea' id='block_1_53' title="bbox 1757 2506 3334 2577">
    <p class='ocr_par' dir='ltr' id='par_1_53' title="bbox 1757 2506 3334 2577">
     <span class='ocr_line' id='line_1_54' title="bbox 1757 2506 3334 2577; baseline -0.004 -12"><span class='ocrx_word' id='word_1_456' title='bbox 1757 2514 1897 2565; x_wconf 89' lang='lat' dir='ltr'><strong>dona</strong></span> <span class='ocrx_word' id='word_1_457' title='bbox 1935 2509 2063 2564; x_wconf 87' lang='lat' dir='ltr'><strong>Deo.</strong></span> <span class='ocrx_word' id='word_1_458' title='bbox 2099 2508 2254 2575; x_wconf 87' lang='lat' dir='ltr'><strong>Quod</strong></span> <span class='ocrx_word' id='word_1_459' title='bbox 2299 2509 2344 2564; x_wconf 84' lang='lat' dir='ltr'><strong>si</strong></span> <span class='ocrx_word' id='word_1_460' title='bbox 2396 2507 2663 2562; x_wconf 88' lang='lat' dir='ltr'><strong>hactenus</strong></span> <span class='ocrx_word' id='word_1_461' title='bbox 2713 2506 3053 2577; x_wconf 56' lang='lat' dir='ltr'><strong>neglegimus</strong></span> <span class='ocrx_word' id='word_1_462' title='bbox 3078 2547 3093 2572; x_wconf 96' lang='lat'><strong>,</strong></span> <span class='ocrx_word' id='word_1_463' title='bbox 3134 2520 3197 2560; x_wconf 83' lang='lat' dir='ltr'><strong>ex</strong></span> <span class='ocrx_word' id='word_1_464' title='bbox 3231 2506 3334 2559; x_wconf 83' lang='lat' dir='ltr'><strong>hoe</strong></span> 
     </span>
    </p>
   </div>
   <div class='ocr_carea' id='block_1_54' title="bbox 1757 2596 3333 2669">
    <p class='ocr_par' dir='ltr' id='par_1_54' title="bbox 1757 2596 3333 2669">
     <span class='ocr_line' id='line_1_55' title="bbox 1757 2596 3333 2669; baseline -0.003 -14"><span class='ocrx_word' id='word_1_465' title='bbox 1757 2600 1950 2656; x_wconf 84' lang='lat' dir='ltr'><strong>saltem</strong></span> <span class='ocrx_word' id='word_1_466' title='bbox 1988 2600 2310 2655; x_wconf 88' lang='lat' dir='ltr'><strong>atlentiores</strong></span> <span class='ocrx_word' id='word_1_467' title='bbox 2350 2600 2541 2669; x_wconf 89' lang='lat' dir='ltr'><strong>simus,</strong></span> <span class='ocrx_word' id='word_1_468' title='bbox 2586 2611 2640 2653; x_wconf 90' lang='lat' dir='ltr'><strong>et</strong></span> <span class='ocrx_word' id='word_1_469' title='bbox 2686 2599 2914 2653; x_wconf 85' lang='lat' dir='ltr'><strong>sollicite</strong></span> <span class='ocrx_word' id='word_1_470' title='bbox 2945 2596 3286 2651; x_wconf 81' lang='lat' dir='ltr'><strong>intendamus</strong></span> <span class='ocrx_word' id='word_1_471' title='bbox 3314 2634 3333 2660; x_wconf 90' lang='lat'><strong>,</strong></span> 
     </span>
    </p>
   </div>
   <div class='ocr_carea' id='block_1_55' title="bbox 1758 2683 3337 2761">
    <p class='ocr_par' dir='ltr' id='par_1_55' title="bbox 1758 2683 3337 2761">
     <span class='ocr_line' id='line_1_56' title="bbox 1758 2683 3337 2761; baseline -0.006 -14"><span class='ocrx_word' id='word_1_472' title='bbox 1758 2701 1817 2747; x_wconf 89' lang='lat' dir='ltr'><strong>ut</strong></span> <span class='ocrx_word' id='word_1_473' title='bbox 1844 2691 2113 2761; x_wconf 87' lang='lat' dir='ltr'><strong>possimus</strong></span> <span class='ocrx_word' id='word_1_474' title='bbox 2142 2700 2322 2745; x_wconf 88' lang='lat' dir='ltr'><strong>mente</strong></span> <span class='ocrx_word' id='word_1_475' title='bbox 2362 2690 2675 2757; x_wconf 89' lang='lat' dir='ltr'><strong>concipere.</strong></span> <span class='ocrx_word' id='word_1_476' title='bbox 2701 2686 2913 2741; x_wconf 86' lang='lat' dir='ltr'><strong>Justum</strong></span> <span class='ocrx_word' id='word_1_477' title='bbox 2942 2694 3026 2739; x_wconf 88' lang='lat' dir='ltr'><strong>cst</strong></span> <span class='ocrx_word' id='word_1_478' title='bbox 3069 2683 3236 2748; x_wconf 88' lang='lat' dir='ltr'><strong>enim,</strong></span> <span class='ocrx_word' id='word_1_479' title='bbox 3277 2693 3337 2737; x_wconf 88' lang='lat' dir='ltr'><strong>ut</strong></span> 
     </span>
    </p>
   </div>
   <div class='ocr_carea' id='block_1_56' title="bbox 1758 2775 3339 2845">
    <p class='ocr_par' dir='ltr' id='par_1_56' title="bbox 1758 2775 3339 2845">
     <span class='ocr_line' id='line_1_57' title="bbox 1758 2775 3339 2845; baseline -0.007 -7"><span class='ocrx_word' id='word_1_480' title='bbox 1758 2784 1810 2838; x_wconf 92' lang='lat' dir='ltr'><strong>in</strong></span> <span class='ocrx_word' id='word_1_481' title='bbox 1850 2780 2203 2836; x_wconf 88' lang='lat' dir='ltr'><strong>tabernaculo</strong></span> <span class='ocrx_word' id='word_1_482' title='bbox 2234 2779 2446 2835; x_wconf 92' lang='lat' dir='ltr'><strong>Domini</strong></span> <span class='ocrx_word' id='word_1_483' title='bbox 2492 2780 2799 2835; x_wconf 88' lang='lat' dir='ltr'><strong>inveniatur</strong></span> <span class='ocrx_word' id='word_1_484' title='bbox 2832 2775 3203 2845; x_wconf 83' lang='lat' dir='ltr'><strong>unusquisque</strong></span> <span class='ocrx_word' id='word_1_485' title='bbox 3238 2776 3339 2829; x_wconf 79' lang='lat' dir='ltr'><strong>ha-</strong></span> 
     </span>
    </p>
   </div>
   <div class='ocr_carea' id='block_1_57' title="bbox 1758 2865 3338 2942">
    <p class='ocr_par' dir='ltr' id='par_1_57' title="bbox 1758 2865 3338 2942">
     <span class='ocr_line' id='line_1_58' title="bbox 1758 2865 3338 2942; baseline -0.005 -15"><span class='ocrx_word' id='word_1_486' title='bbox 1758 2872 1888 2927; x_wconf 91' lang='lat' dir='ltr'><strong>bere</strong></span> <span class='ocrx_word' id='word_1_487' title='bbox 1923 2873 2224 2942; x_wconf 90' lang='lat' dir='ltr'><strong>portionem</strong></span> <span class='ocrx_word' id='word_1_488' title='bbox 2255 2886 2432 2926; x_wconf 90' lang='lat' dir='ltr'><strong>suam.</strong></span> <span class='ocrx_word' id='word_1_489' title='bbox 2474 2870 2589 2925; x_wconf 90' lang='lat' dir='ltr'><strong>Non</strong></span> <span class='ocrx_word' id='word_1_490' title='bbox 2624 2870 2767 2924; x_wconf 90' lang='lat' dir='ltr'><strong>enim</strong></span> <span class='ocrx_word' id='word_1_491' title='bbox 2799 2868 2930 2922; x_wconf 87' lang='lat' dir='ltr'><strong>latet</strong></span> <span class='ocrx_word' id='word_1_492' title='bbox 2967 2865 3135 2921; x_wconf 90' lang='lat' dir='ltr'><strong>Deum</strong></span> <span class='ocrx_word' id='word_1_493' title='bbox 3166 2880 3338 2919; x_wconf 86' lang='lat' dir='ltr'><strong>unus-</strong></span> 
     </span>
    </p>
   </div>
   <div class='ocr_carea' id='block_1_58' title="bbox 1756 2957 3338 3031">
    <p class='ocr_par' dir='ltr' id='par_1_58' title="bbox 1756 2957 3338 3031">
     <span class='ocr_line' id='line_1_59' title="bbox 1756 2957 3338 3031; baseline -0.004 -16"><span class='ocrx_word' id='word_1_494' title='bbox 1756 2963 1983 3031; x_wconf 88' lang='lat' dir='ltr'><strong>quisque</strong></span> <span class='ocrx_word' id='word_1_495' title='bbox 2030 2963 2158 3031; x_wconf 90' lang='lat' dir='ltr'><strong>quid</strong></span> <span class='ocrx_word' id='word_1_496' title='bbox 2193 2963 2241 3017; x_wconf 90' lang='lat' dir='ltr'><strong>ei</strong></span> <span class='ocrx_word' id='word_1_497' title='bbox 2280 2960 2490 3016; x_wconf 82' lang='lat' dir='ltr'><strong>offerat.</strong></span> <span class='ocrx_word' id='word_1_498' title='bbox 2523 2962 2693 3029; x_wconf 88' lang='lat' dir='ltr'><strong>Quam</strong></span> <span class='ocrx_word' id='word_1_499' title='bbox 2736 2959 3031 3029; x_wconf 87' lang='lat' dir='ltr'><strong>gloriosum</strong></span> <span class='ocrx_word' id='word_1_500' title='bbox 3086 2957 3181 3013; x_wconf 86' lang='lat' dir='ltr'><strong>tibi</strong></span> <span class='ocrx_word' id='word_1_501' title='bbox 3212 2964 3338 3022; x_wconf 86' lang='lat' dir='ltr'><strong>est,</strong></span> 
     </span>
    </p>
   </div>
   <div class='ocr_carea' id='block_1_59' title="bbox 1756 3048 3337 3117">
    <p class='ocr_par' dir='ltr' id='par_1_59' title="bbox 1756 3048 3337 3117">
     <span class='ocr_line' id='line_1_60' title="bbox 1756 3048 3337 3117; baseline -0.004 -9"><span class='ocrx_word' id='word_1_502' title='bbox 1756 3053 1802 3108; x_wconf 92' lang='lat' dir='ltr'><strong>si</strong></span> <span class='ocrx_word' id='word_1_503' title='bbox 1850 3054 2063 3108; x_wconf 90' lang='lat' dir='ltr'><strong>dicatur</strong></span> <span class='ocrx_word' id='word_1_504' title='bbox 2118 3055 2170 3109; x_wconf 92' lang='lat' dir='ltr'><strong>in</strong></span> <span class='ocrx_word' id='word_1_505' title='bbox 2233 3053 2582 3109; x_wconf 89' lang='lat' dir='ltr'><strong>tabernaculo</strong></span> <span class='ocrx_word' id='word_1_506' title='bbox 2617 3053 2871 3108; x_wconf 88' lang='lat' dir='ltr'><strong>Domini:</strong></span> <span class='ocrx_word' id='word_1_507' title='bbox 2908 3048 3112 3105; x_wconf 84' lang='lat' dir='ltr'><strong>Aurum</strong></span> <span class='ocrx_word' id='word_1_508' title='bbox 3166 3050 3337 3117; x_wconf 86' lang='lat' dir='ltr'><strong>istud,</strong></span> 
     </span>
    </p>
   </div>
   <div class='ocr_carea' id='block_1_60' title="bbox 94 3139 3338 3238">
    <p class='ocr_par' dir='ltr' id='par_1_60' title="bbox 94 3139 3338 3238">
     <span class='ocr_line' id='line_1_61' title="bbox 94 3139 3338 3238; baseline -0.007 -23"><span class='ocrx_word' id='word_1_509' title='bbox 94 3139 232 3219; x_wconf 32' lang='lat' dir='ltr'><strong>vos;</strong></span> <span class='ocrx_word' id='word_1_510' title='bbox 254 3139 453 3221; x_wconf 77' lang='lat' dir='ltr'><strong>Sermo</strong></span> <span class='ocrx_word' id='word_1_511' title='bbox 506 3167 706 3222; x_wconf 90' lang='lat' dir='ltr'><strong>dicitur</strong></span> <span class='ocrx_word' id='word_1_512' title='bbox 742 3167 954 3236; x_wconf 91' lang='lat' dir='ltr'><strong>loquela</strong></span> <span class='ocrx_word' id='word_1_513' title='bbox 1000 3169 1195 3224; x_wconf 90' lang='lat' dir='ltr'><strong>rationi</strong></span> <span class='ocrx_word' id='word_1_514' title='bbox 1233 3139 1486 3225; x_wconf 76' lang='lat' dir='ltr'><strong>subnixa.</strong></span> <span class='ocrx_word' id='word_1_515' title='bbox 1538 3170 1654 3227; x_wconf 77' lang='lat' dir='ltr'><strong>Vox</strong></span> <span class='ocrx_word' id='word_1_516' title='bbox 1682 3178 1726 3238; x_wconf 74' lang='grc' dir='ltr'>α</span> <span class='ocrx_word' id='word_1_517' title='bbox 1760 3143 1911 3199; x_wconf 64' lang='lat' dir='ltr'><strong>Verbi</strong></span> <span class='ocrx_word' id='word_1_518' title='bbox 1945 3158 2111 3199; x_wconf 63' lang='lat' dir='ltr'><strong>causa</strong></span> <span class='ocrx_word' id='word_1_519' title='bbox 2138 3183 2152 3209; x_wconf 73' lang='grc' dir='ltr'><strong>ι</strong></span> <span class='ocrx_word' id='word_1_520' title='bbox 2187 3157 2295 3213; x_wconf 83' lang='grc' dir='ltr'><strong>(1υο</strong></span> <span class='ocrx_word' id='word_1_521' title='bbox 2328 3157 2459 3238; x_wconf 43' lang='lat' dir='ltr'><strong>arce</strong></span> <span class='ocrx_word' id='word_1_522' title='bbox 2509 3141 2817 3238; x_wconf 63' lang='lat' dir='ltr'><strong>leSlamettti</strong></span> <span class='ocrx_word' id='word_1_523' title='bbox 2852 3140 3156 3209; x_wconf 78' lang='lat' dir='ltr'><strong>obtegitur,</strong></span> <span class='ocrx_word' id='word_1_524' title='bbox 3186 3139 3338 3238; x_wconf 64' lang='lat' dir='ltr'><strong>illius</strong></span> 
     </span>
    </p>
   </div>
   <div class='ocr_carea' id='block_1_61' title="bbox 93 3258 1656 3328">
    <p class='ocr_par' dir='ltr' id='par_1_61' title="bbox 93 3258 1656 3328">
     <span class='ocr_line' id='line_1_62' title="bbox 93 3258 1656 3328; baseline 0.007 -21"><span class='ocrx_word' id='word_1_525' title='bbox 93 3269 209 3310; x_wconf 87' lang='lat' dir='ltr'><strong>vero</strong></span> <span class='ocrx_word' id='word_1_526' title='bbox 236 3266 337 3319; x_wconf 86' lang='lat' dir='ltr'><strong>est,</strong></span> <span class='ocrx_word' id='word_1_527' title='bbox 357 3258 518 3312; x_wconf 87' lang='lat' dir='ltr'><strong>verbi</strong></span> <span class='ocrx_word' id='word_1_528' title='bbox 549 3274 737 3325; x_wconf 88' lang='lat' dir='ltr'><strong>causa,</strong></span> <span class='ocrx_word' id='word_1_529' title='bbox 756 3261 799 3313; x_wconf 88' lang='lat' dir='ltr'><strong>si</strong></span> <span class='ocrx_word' id='word_1_530' title='bbox 818 3258 1029 3326; x_wconf 78' lang='lat' dir='ltr'><strong>Latine,</strong></span> <span class='ocrx_word' id='word_1_531' title='bbox 1062 3263 1105 3316; x_wconf 91' lang='lat' dir='ltr'><strong>si</strong></span> <span class='ocrx_word' id='word_1_532' title='bbox 1140 3261 1327 3317; x_wconf 61' lang='lat' dir='ltr'><strong>Graece</strong></span> <span class='ocrx_word' id='word_1_533' title='bbox 1343 3262 1580 3328; x_wconf 87' lang='lat' dir='ltr'><strong>dicatur,</strong></span> <span class='ocrx_word' id='word_1_534' title='bbox 1608 3262 1656 3318; x_wconf 91' lang='lat' dir='ltr'><strong>si</strong></span> 
     </span>
    </p>
   </div>
   <div class='ocr_carea' id='block_1_62' title="bbox 92 3346 1657 3419">
    <p class='ocr_par' dir='ltr' id='par_1_62' title="bbox 92 3346 1657 3419">
     <span class='ocr_line' id='line_1_63' title="bbox 92 3346 1657 3419; baseline 0.005 -17"><span class='ocrx_word' id='word_1_535' title='bbox 92 3346 334 3403; x_wconf 83' lang='lat' dir='ltr'><strong>elevatius</strong></span> <span class='ocrx_word' id='word_1_536' title='bbox 367 3389 383 3413; x_wconf 94' lang='lat'><strong>,</strong></span> <span class='ocrx_word' id='word_1_537' title='bbox 437 3349 485 3404; x_wconf 92' lang='lat' dir='ltr'><strong>si</strong></span> <span class='ocrx_word' id='word_1_538' title='bbox 536 3350 800 3419; x_wconf 85' lang='lat' dir='ltr'><strong>pressius.</strong></span> <span class='ocrx_word' id='word_1_539' title='bbox 846 3351 951 3408; x_wconf 89' lang='lat' dir='ltr'><strong>Sed</strong></span> <span class='ocrx_word' id='word_1_540' title='bbox 1010 3354 1123 3409; x_wconf 83' lang='lat' dir='ltr'><strong>haec</strong></span> <span class='ocrx_word' id='word_1_541' title='bbox 1156 3356 1469 3410; x_wconf 83' lang='lat' dir='ltr'><strong>necessario</strong></span> <span class='ocrx_word' id='word_1_542' title='bbox 1500 3364 1559 3409; x_wconf 92' lang='lat' dir='ltr'><strong>ut</strong></span> <span class='ocrx_word' id='word_1_543' title='bbox 1590 3356 1657 3411; x_wconf 90' lang='lat' dir='ltr'><strong>de</strong></span> 
     </span>
    </p>
   </div>
   <div class='ocr_carea' id='block_1_63' title="bbox 93 3438 1659 3517">
    <p class='ocr_par' dir='ltr' id='par_1_63' title="bbox 93 3438 1659 3517">
     <span class='ocr_line' id='line_1_64' title="bbox 93 3438 1659 3517; baseline 0.004 -23"><span class='ocrx_word' id='word_1_544' title='bbox 93 3438 376 3511; x_wconf 88' lang='lat' dir='ltr'><strong>Scripturis</strong></span> <span class='ocrx_word' id='word_1_545' title='bbox 432 3442 770 3511; x_wconf 88' lang='lat' dir='ltr'><strong>probemus,</strong></span> <span class='ocrx_word' id='word_1_546' title='bbox 828 3443 1086 3513; x_wconf 82' lang='lat' dir='ltr'><strong>exigitis.</strong></span> <span class='ocrx_word' id='word_1_547' title='bbox 1136 3447 1273 3502; x_wconf 83' lang='lat' dir='ltr'><strong>Audi</strong></span> <span class='ocrx_word' id='word_1_548' title='bbox 1330 3447 1460 3517; x_wconf 90' lang='lat' dir='ltr'><strong>quid</strong></span> <span class='ocrx_word' id='word_1_549' title='bbox 1511 3447 1659 3501; x_wconf 86' lang='lat' dir='ltr'><strong>dicat</strong></span> 
     </span>
    </p>
   </div>
   <div class='ocr_carea' id='block_1_64' title="bbox 92 3526 1656 3603">
    <p class='ocr_par' dir='ltr' id='par_1_64' title="bbox 92 3526 1656 3603">
     <span class='ocr_line' id='line_1_65' title="bbox 92 3526 1656 3603; baseline 0.006 -24"><span class='ocrx_word' id='word_1_550' title='bbox 92 3526 362 3595; x_wconf 80' lang='lat' dir='ltr'><strong>Apostolus</strong></span> <span class='ocrx_word' id='word_1_551' title='bbox 392 3529 478 3583; x_wconf 82' lang='lat'><strong>&quot;:</strong></span> <span class='ocrx_word' id='word_1_552' title='bbox 521 3546 541 3580; x_wconf 80' lang='grc' dir='ltr'><strong>ι</strong></span> <span class='ocrx_word' id='word_1_553' title='bbox 578 3528 634 3583; x_wconf 92' lang='lat' dir='ltr'><strong>Si</strong></span> <span class='ocrx_word' id='word_1_554' title='bbox 671 3530 868 3602; x_wconf 89' lang='lat' dir='ltr'><strong>linguis</strong></span> <span class='ocrx_word' id='word_1_555' title='bbox 916 3534 1199 3589; x_wconf 85' lang='lat' dir='ltr'><strong>hominum</strong></span> <span class='ocrx_word' id='word_1_556' title='bbox 1234 3535 1428 3603; x_wconf 88' lang='lat' dir='ltr'><strong>loquar</strong></span> <span class='ocrx_word' id='word_1_557' title='bbox 1474 3546 1527 3590; x_wconf 90' lang='lat' dir='ltr'><strong>et</strong></span> <span class='ocrx_word' id='word_1_558' title='bbox 1558 3551 1656 3589; x_wconf 86' lang='lat' dir='ltr'><strong>an-</strong></span> 
     </span>
    </p>
   </div>
   <div class='ocr_carea' id='block_1_65' title="bbox 92 3617 1656 3690">
    <p class='ocr_par' dir='ltr' id='par_1_65' title="bbox 92 3617 1656 3690">
     <span class='ocr_line' id='line_1_66' title="bbox 92 3617 1656 3690; baseline 0.007 -21"><span class='ocrx_word' id='word_1_559' title='bbox 92 3617 338 3683; x_wconf 85' lang='lat' dir='ltr'><strong>gelorum,</strong></span> <span class='ocrx_word' id='word_1_560' title='bbox 360 3619 688 3676; x_wconf 84' lang='lat' dir='ltr'><strong>charitatem</strong></span> <span class='ocrx_word' id='word_1_561' title='bbox 715 3631 892 3676; x_wconf 89' lang='lat' dir='ltr'><strong>autem</strong></span> <span class='ocrx_word' id='word_1_562' title='bbox 920 3639 1025 3679; x_wconf 93' lang='lat' dir='ltr'><strong>non</strong></span> <span class='ocrx_word' id='word_1_563' title='bbox 1050 3626 1305 3690; x_wconf 88' lang='lat' dir='ltr'><strong>habeam,</strong></span> <span class='ocrx_word' id='word_1_564' title='bbox 1338 3627 1516 3681; x_wconf 82' lang='lat' dir='ltr'><strong>factus</strong></span> <span class='ocrx_word' id='word_1_565' title='bbox 1541 3642 1656 3681; x_wconf 89' lang='lat' dir='ltr'><strong>smn</strong></span> 
     </span>
    </p>
   </div>
   <div class='ocr_carea' id='block_1_66' title="bbox 92 3717 1655 3789">
    <p class='ocr_par' dir='ltr' id='par_1_66' title="bbox 92 3717 1655 3789">
     <span class='ocr_line' id='line_1_67' title="bbox 92 3717 1655 3789; baseline 0.007 -29"><span class='ocrx_word' id='word_1_566' title='bbox 92 3717 144 3760; x_wconf 84' lang='lat' dir='ltr'><strong>ut</strong></span> <span class='ocrx_word' id='word_1_567' title='bbox 171 3722 528 3766; x_wconf 70' lang='lat' dir='ltr'><strong>teramcntum</strong></span> <span class='ocrx_word' id='word_1_568' title='bbox 561 3729 762 3769; x_wconf 89' lang='lat' dir='ltr'><strong>sonans</strong></span> <span class='ocrx_word' id='word_1_569' title='bbox 789 3756 806 3782; x_wconf 96' lang='lat'><strong>,</strong></span> <span class='ocrx_word' id='word_1_570' title='bbox 855 3726 951 3771; x_wconf 88' lang='lat' dir='ltr'><strong>aut</strong></span> <span class='ocrx_word' id='word_1_571' title='bbox 1000 3718 1306 3789; x_wconf 84' lang='lat' dir='ltr'><strong>cymbalum</strong></span> <span class='ocrx_word' id='word_1_572' title='bbox 1345 3719 1597 3773; x_wconf 90' lang='lat' dir='ltr'><strong>tinniens.</strong></span> <span class='ocrx_word' id='word_1_573' title='bbox 1635 3737 1655 3771; x_wconf 72' lang='grc' dir='ltr'><strong>ι</strong></span> 
     </span>
    </p>
   </div>
   <div class='ocr_carea' id='block_1_67' title="bbox 92 3799 1657 3879">
    <p class='ocr_par' dir='ltr' id='par_1_67' title="bbox 92 3799 1657 3879">
     <span class='ocr_line' id='line_1_68' title="bbox 92 3799 1657 3879; baseline 0.007 -25"><span class='ocrx_word' id='word_1_574' title='bbox 92 3799 159 3854; x_wconf 79' lang='lat' dir='ltr'><strong>Ita</strong></span> <span class='ocrx_word' id='word_1_575' title='bbox 180 3815 304 3871; x_wconf 83' lang='lat' dir='ltr'><strong>ergo</strong></span> <span class='ocrx_word' id='word_1_576' title='bbox 328 3806 480 3875; x_wconf 86' lang='lat' dir='ltr'><strong>loqui</strong></span> <span class='ocrx_word' id='word_1_577' title='bbox 508 3805 724 3877; x_wconf 87' lang='lat' dir='ltr'><strong>linguis,</strong></span> <span class='ocrx_word' id='word_1_578' title='bbox 749 3818 802 3864; x_wconf 92' lang='lat' dir='ltr'><strong>et</strong></span> <span class='ocrx_word' id='word_1_579' title='bbox 827 3811 1170 3879; x_wconf 88' lang='lat' dir='ltr'><strong>interpretari</strong></span> <span class='ocrx_word' id='word_1_580' title='bbox 1193 3826 1257 3864; x_wconf 87' lang='lat' dir='ltr'><strong>ex</strong></span> <span class='ocrx_word' id='word_1_581' title='bbox 1285 3810 1390 3864; x_wconf 90' lang='lat' dir='ltr'><strong>alia</strong></span> <span class='ocrx_word' id='word_1_582' title='bbox 1420 3811 1471 3865; x_wconf 91' lang='lat' dir='ltr'><strong>in</strong></span> <span class='ocrx_word' id='word_1_583' title='bbox 1497 3811 1657 3865; x_wconf 90' lang='lat' dir='ltr'><strong>aliam</strong></span> 
     </span>
    </p>
   </div>
   <div class='ocr_carea' id='block_1_68' title="bbox 94 3890 1660 3964">
    <p class='ocr_par' dir='ltr' id='par_1_68' title="bbox 94 3890 1660 3964">
     <span class='ocr_line' id='line_1_69' title="bbox 94 3890 1660 3964; baseline 0.008 -21"><span class='ocrx_word' id='word_1_584' title='bbox 94 3890 311 3964; x_wconf 90' lang='lat' dir='ltr'><strong>linguam</strong></span> <span class='ocrx_word' id='word_1_585' title='bbox 332 3937 346 3962; x_wconf 90' lang='lat'><strong>,</strong></span> <span class='ocrx_word' id='word_1_586' title='bbox 377 3897 509 3951; x_wconf 70' lang='lat' dir='ltr'><strong>teris</strong></span> <span class='ocrx_word' id='word_1_587' title='bbox 541 3898 743 3953; x_wconf 86' lang='lat' dir='ltr'><strong>oblatio</strong></span> <span class='ocrx_word' id='word_1_588' title='bbox 773 3910 877 3959; x_wconf 85' lang='lat' dir='ltr'><strong>est.</strong></span> <span class='ocrx_word' id='word_1_589' title='bbox 911 3900 1143 3956; x_wconf 84' lang='lat' dir='ltr'><strong>Necesse</strong></span> <span class='ocrx_word' id='word_1_590' title='bbox 1175 3912 1260 3955; x_wconf 89' lang='lat' dir='ltr'><strong>est</strong></span> <span class='ocrx_word' id='word_1_591' title='bbox 1296 3906 1443 3956; x_wconf 90' lang='lat' dir='ltr'><strong>enim</strong></span> <span class='ocrx_word' id='word_1_592' title='bbox 1475 3903 1660 3955; x_wconf 89' lang='lat' dir='ltr'><strong>omnia</strong></span> 
     </span>
    </p>
   </div>
   <div class='ocr_carea' id='block_1_69' title="bbox 92 3983 1661 4057">
    <p class='ocr_par' dir='ltr' id='par_1_69' title="bbox 92 3983 1661 4057">
     <span class='ocr_line' id='line_1_70' title="bbox 92 3983 1661 4057; baseline 0.008 -20"><span class='ocrx_word' id='word_1_593' title='bbox 92 3983 277 4040; x_wconf 83' lang='lat' dir='ltr'><strong>habere</strong></span> <span class='ocrx_word' id='word_1_594' title='bbox 309 3990 727 4044; x_wconf 86' lang='lat' dir='ltr'><strong>tabernaculum</strong></span> <span class='ocrx_word' id='word_1_595' title='bbox 759 3990 853 4046; x_wconf 91' lang='lat' dir='ltr'><strong>Dei</strong></span> <span class='ocrx_word' id='word_1_596' title='bbox 883 4031 900 4057; x_wconf 95' lang='lat'><strong>,</strong></span> <span class='ocrx_word' id='word_1_597' title='bbox 944 4002 997 4048; x_wconf 90' lang='lat' dir='ltr'><strong>et</strong></span> <span class='ocrx_word' id='word_1_598' title='bbox 1031 3993 1164 4048; x_wconf 89' lang='lat' dir='ltr'><strong>nihil</strong></span> <span class='ocrx_word' id='word_1_599' title='bbox 1197 3996 1382 4048; x_wconf 88' lang='lat' dir='ltr'><strong>deesse</strong></span> <span class='ocrx_word' id='word_1_600' title='bbox 1414 3995 1466 4048; x_wconf 95' lang='lat' dir='ltr'><strong>in</strong></span> <span class='ocrx_word' id='word_1_601' title='bbox 1502 3994 1661 4050; x_wconf 91' lang='lat' dir='ltr'><strong>domo</strong></span> 
     </span>
    </p>
   </div>
   <div class='ocr_carea' id='block_1_70' title="bbox 92 4073 1658 4151">
    <p class='ocr_par' dir='ltr' id='par_1_70' title="bbox 92 4073 1658 4151">
     <span class='ocr_line' id='line_1_71' title="bbox 92 4073 1658 4151; baseline 0.01 -25"><span class='ocrx_word' id='word_1_602' title='bbox 92 4073 309 4131; x_wconf 83' lang='lat' dir='ltr'><strong>Domini.</strong></span> <span class='ocrx_word' id='word_1_603' title='bbox 351 4079 453 4134; x_wconf 85' lang='lat' dir='ltr'><strong>Est</strong></span> <span class='ocrx_word' id='word_1_604' title='bbox 488 4082 689 4151; x_wconf 88' lang='lat' dir='ltr'><strong>igitur,</strong></span> <span class='ocrx_word' id='word_1_605' title='bbox 742 4091 802 4136; x_wconf 87' lang='lat' dir='ltr'><strong>ut</strong></span> <span class='ocrx_word' id='word_1_606' title='bbox 828 4084 1088 4150; x_wconf 87' lang='lat' dir='ltr'><strong>diximus,</strong></span> <span class='ocrx_word' id='word_1_607' title='bbox 1129 4085 1254 4140; x_wconf 82' lang='lat' dir='ltr'><strong>aeris</strong></span> <span class='ocrx_word' id='word_1_608' title='bbox 1301 4086 1503 4140; x_wconf 90' lang='lat' dir='ltr'><strong>oblatio</strong></span> <span class='ocrx_word' id='word_1_609' title='bbox 1533 4102 1658 4142; x_wconf 87' lang='lat' dir='ltr'><strong>vox.</strong></span> 
     </span>
    </p>
   </div>
   <div class='ocr_carea' id='block_1_71' title="bbox 90 4162 1662 4244">
    <p class='ocr_par' dir='ltr' id='par_1_71' title="bbox 90 4162 1662 4244">
     <span class='ocr_line' id='line_1_72' title="bbox 90 4162 1662 4244; baseline 0.008 -24"><span class='ocrx_word' id='word_1_610' title='bbox 90 4162 192 4221; x_wconf 76' lang='lat' dir='ltr'><strong>Vox</strong></span> <span class='ocrx_word' id='word_1_611' title='bbox 223 4181 409 4226; x_wconf 87' lang='lat' dir='ltr'><strong>autem</strong></span> <span class='ocrx_word' id='word_1_612' title='bbox 439 4184 528 4228; x_wconf 85' lang='lat' dir='ltr'><strong>est</strong></span> <span class='ocrx_word' id='word_1_613' title='bbox 556 4190 675 4244; x_wconf 72' lang='lat' dir='ltr'><strong>quae</strong></span> <span class='ocrx_word' id='word_1_614' title='bbox 708 4176 932 4231; x_wconf 88' lang='lat' dir='ltr'><strong>alterius</strong></span> <span class='ocrx_word' id='word_1_615' title='bbox 979 4193 1198 4233; x_wconf 89' lang='lat' dir='ltr'><strong>sensum</strong></span> <span class='ocrx_word' id='word_1_616' title='bbox 1230 4180 1281 4232; x_wconf 92' lang='lat' dir='ltr'><strong>in</strong></span> <span class='ocrx_word' id='word_1_617' title='bbox 1307 4181 1532 4234; x_wconf 90' lang='lat' dir='ltr'><strong>alteram</strong></span> <span class='ocrx_word' id='word_1_618' title='bbox 1560 4182 1662 4234; x_wconf 86' lang='lat' dir='ltr'><strong>lin-</strong></span> 
     </span>
    </p>
   </div>
   <div class='ocr_carea' id='block_1_72' title="bbox 89 4265 1660 4342">
    <p class='ocr_par' dir='ltr' id='par_1_72' title="bbox 89 4265 1660 4342">
     <span class='ocr_line' id='line_1_73' title="bbox 89 4265 1660 4342; baseline 0.009 -31"><span class='ocrx_word' id='word_1_619' title='bbox 89 4273 236 4325; x_wconf 79' lang='lat' dir='ltr'><strong>guam</strong></span> <span class='ocrx_word' id='word_1_620' title='bbox 268 4265 457 4319; x_wconf 87' lang='lat' dir='ltr'><strong>vertit.</strong></span> <span class='ocrx_word' id='word_1_621' title='bbox 496 4265 686 4324; x_wconf 92' lang='lat' dir='ltr'><strong>Sermo</strong></span> <span class='ocrx_word' id='word_1_622' title='bbox 720 4283 850 4323; x_wconf 89' lang='lat' dir='ltr'><strong>vero</strong></span> <span class='ocrx_word' id='word_1_623' title='bbox 880 4280 982 4334; x_wconf 88' lang='lat' dir='ltr'><strong>est,</strong></span> <span class='ocrx_word' id='word_1_624' title='bbox 1020 4272 1111 4339; x_wconf 91' lang='lat' dir='ltr'><strong>qui</strong></span> <span class='ocrx_word' id='word_1_625' title='bbox 1140 4286 1356 4324; x_wconf 89' lang='lat' dir='ltr'><strong>sensum</strong></span> <span class='ocrx_word' id='word_1_626' title='bbox 1385 4274 1660 4342; x_wconf 91' lang='lat' dir='ltr'><strong>proprium</strong></span> 
     </span>
    </p>
   </div>
   <div class='ocr_carea' id='block_1_73' title="bbox 86 4351 1661 4432">
    <p class='ocr_par' dir='ltr' id='par_1_73' title="bbox 86 4351 1661 4432">
     <span class='ocr_line' id='line_1_74' title="bbox 86 4351 1661 4432; baseline 0.01 -28"><span class='ocrx_word' id='word_1_627' title='bbox 86 4351 287 4418; x_wconf 86' lang='lat' dir='ltr'><strong>profert</strong></span> <span class='ocrx_word' id='word_1_628' title='bbox 313 4356 457 4428; x_wconf 87' lang='lat'><strong>(86).</strong></span> <span class='ocrx_word' id='word_1_629' title='bbox 493 4356 687 4415; x_wconf 88' lang='lat' dir='ltr'><strong>Omnia</strong></span> <span class='ocrx_word' id='word_1_630' title='bbox 716 4375 847 4431; x_wconf 85' lang='lat' dir='ltr'><strong>ergo</strong></span> <span class='ocrx_word' id='word_1_631' title='bbox 872 4360 1172 4418; x_wconf 62' lang='lat' dir='ltr'><strong>oderantur</strong></span> <span class='ocrx_word' id='word_1_632' title='bbox 1204 4363 1335 4430; x_wconf 90' lang='lat' dir='ltr'><strong>Deo,</strong></span> <span class='ocrx_word' id='word_1_633' title='bbox 1366 4374 1421 4418; x_wconf 90' lang='lat' dir='ltr'><strong>et</strong></span> <span class='ocrx_word' id='word_1_634' title='bbox 1446 4380 1661 4432; x_wconf 83' lang='lat' dir='ltr'><strong>sensus,</strong></span> 
     </span>
    </p>
   </div>
   <div class='ocr_carea' id='block_1_74' title="bbox 86 4455 608 4514">
    <p class='ocr_par' dir='ltr' id='par_1_74' title="bbox 86 4455 608 4514">
     <span class='ocr_line' id='line_1_75' title="bbox 86 4455 608 4514; baseline 0.013 -15"><span class='ocrx_word' id='word_1_635' title='bbox 86 4455 135 4499; x_wconf 86' lang='lat' dir='ltr'><strong>et</strong></span> <span class='ocrx_word' id='word_1_636' title='bbox 162 4459 364 4514; x_wconf 88' lang='lat' dir='ltr'><strong>sermo,</strong></span> <span class='ocrx_word' id='word_1_637' title='bbox 394 4458 455 4504; x_wconf 88' lang='lat' dir='ltr'><strong>et</strong></span> <span class='ocrx_word' id='word_1_638' title='bbox 484 4465 608 4506; x_wconf 83' lang='lat' dir='ltr'><strong>vox.</strong></span> 
     </span>
    </p>
   </div>
   <div class='ocr_carea' id='block_1_75' title="bbox 145 4534 1735 4611">
    <p class='ocr_par' dir='ltr' id='par_1_75' title="bbox 145 4534 1735 4611">
     <span class='ocr_line' id='line_1_76' title="bbox 145 4534 1735 4611; baseline 0.008 -22"><span class='ocrx_word' id='word_1_639' title='bbox 145 4534 197 4593; x_wconf 80' lang='lat'><strong>5.</strong></span> <span class='ocrx_word' id='word_1_640' title='bbox 227 4537 371 4604; x_wconf 89' lang='lat' dir='ltr'><strong>Quid</strong></span> <span class='ocrx_word' id='word_1_641' title='bbox 408 4540 481 4594; x_wconf 90' lang='lat' dir='ltr'><strong>de</strong></span> <span class='ocrx_word' id='word_1_642' title='bbox 510 4542 719 4597; x_wconf 65' lang='lat' dir='ltr'><strong>caeteris</strong></span> <span class='ocrx_word' id='word_1_643' title='bbox 760 4541 1037 4600; x_wconf 76' lang='lat' dir='ltr'><strong>dicemus?</strong></span> <span class='ocrx_word' id='word_1_644' title='bbox 1067 4544 1227 4599; x_wconf 83' lang='lat' dir='ltr'><strong>Multa</strong></span> <span class='ocrx_word' id='word_1_645' title='bbox 1257 4556 1383 4601; x_wconf 90' lang='lat' dir='ltr'><strong>sunt</strong></span> <span class='ocrx_word' id='word_1_646' title='bbox 1410 4548 1575 4611; x_wconf 92' lang='lat' dir='ltr'><strong>enim,</strong></span> <span class='ocrx_word' id='word_1_647' title='bbox 1607 4556 1660 4602; x_wconf 90' lang='lat' dir='ltr'><strong>et</strong></span> <span class='ocrx_word' id='word_1_648' title='bbox 1692 4554 1735 4608; x_wconf 80' lang='grc' dir='ltr'>Π</span> 
     </span>
    </p>
   </div>
   <div class='ocr_carea' id='block_1_76' title="bbox 86 4626 1661 4711">
    <p class='ocr_par' dir='ltr' id='par_1_76' title="bbox 86 4626 1661 4711">
     <span class='ocr_line' id='line_1_77' title="bbox 86 4626 1661 4711; baseline 0.01 -32"><span class='ocrx_word' id='word_1_649' title='bbox 86 4626 285 4698; x_wconf 86' lang='lat' dir='ltr'><strong>singula</strong></span> <span class='ocrx_word' id='word_1_650' title='bbox 312 4631 595 4688; x_wconf 88' lang='lat' dir='ltr'><strong>discutere</strong></span> <span class='ocrx_word' id='word_1_651' title='bbox 619 4652 753 4705; x_wconf 87' lang='lat' dir='ltr'><strong>opus</strong></span> <span class='ocrx_word' id='word_1_652' title='bbox 778 4648 862 4692; x_wconf 92' lang='lat' dir='ltr'><strong>est</strong></span> <span class='ocrx_word' id='word_1_653' title='bbox 892 4638 1103 4708; x_wconf 86' lang='lat' dir='ltr'><strong>ingens.</strong></span> <span class='ocrx_word' id='word_1_654' title='bbox 1124 4630 1466 4708; x_wconf 76' lang='lat' dir='ltr'><strong>verum&#39;quid</strong></span> <span class='ocrx_word' id='word_1_655' title='bbox 1494 4642 1661 4711; x_wconf 91' lang='lat' dir='ltr'><strong>prod-</strong></span> 
     </span>
    </p>
   </div>
   <div class='ocr_carea' id='block_1_77' title="bbox 84 4720 1663 4800">
    <p class='ocr_par' dir='ltr' id='par_1_77' title="bbox 84 4720 1663 4800">
     <span class='ocr_line' id='line_1_78' title="bbox 84 4720 1663 4800; baseline 0.011 -29"><span class='ocrx_word' id='word_1_656' title='bbox 84 4720 201 4785; x_wconf 83' lang='lat' dir='ltr'><strong>erit,</strong></span> <span class='ocrx_word' id='word_1_657' title='bbox 242 4732 302 4777; x_wconf 90' lang='lat' dir='ltr'><strong>ut</strong></span> <span class='ocrx_word' id='word_1_658' title='bbox 337 4734 539 4779; x_wconf 91' lang='lat' dir='ltr'><strong>nostro</strong></span> <span class='ocrx_word' id='word_1_659' title='bbox 569 4728 784 4795; x_wconf 90' lang='lat' dir='ltr'><strong>quidem</strong></span> <span class='ocrx_word' id='word_1_660' title='bbox 817 4730 1020 4800; x_wconf 87' lang='lat' dir='ltr'><strong>ingenti</strong></span> <span class='ocrx_word' id='word_1_661' title='bbox 1048 4730 1231 4784; x_wconf 90' lang='lat' dir='ltr'><strong>labore</strong></span> <span class='ocrx_word' id='word_1_662' title='bbox 1277 4733 1562 4797; x_wconf 92' lang='lat' dir='ltr'><strong>dicantur,</strong></span> <span class='ocrx_word' id='word_1_663' title='bbox 1595 4735 1663 4788; x_wconf 91' lang='lat' dir='ltr'><strong>ab</strong></span> 
     </span>
    </p>
   </div>
   <div class='ocr_carea' id='block_1_78' title="bbox 86 4814 1665 4894">
    <p class='ocr_par' dir='ltr' id='par_1_78' title="bbox 86 4814 1665 4894">
     <span class='ocr_line' id='line_1_79' title="bbox 86 4814 1665 4894; baseline 0.011 -33"><span class='ocrx_word' id='word_1_664' title='bbox 86 4814 359 4879; x_wconf 86' lang='lat' dir='ltr'><strong>occupatis</strong></span> <span class='ocrx_word' id='word_1_665' title='bbox 389 4831 529 4870; x_wconf 82' lang='lat' dir='ltr'><strong>vero</strong></span> <span class='ocrx_word' id='word_1_666' title='bbox 558 4819 917 4886; x_wconf 84' lang='lat' dir='ltr'><strong>auditoribus,</strong></span> <span class='ocrx_word' id='word_1_667' title='bbox 947 4831 1001 4874; x_wconf 90' lang='lat' dir='ltr'><strong>et</strong></span> <span class='ocrx_word' id='word_1_668' title='bbox 1034 4822 1118 4876; x_wconf 84' lang='lat' dir='ltr'><strong>vix</strong></span> <span class='ocrx_word' id='word_1_669' title='bbox 1155 4822 1315 4877; x_wconf 92' lang='lat' dir='ltr'><strong>unius</strong></span> <span class='ocrx_word' id='word_1_670' title='bbox 1350 4826 1499 4877; x_wconf 68' lang='lat' dir='ltr'><strong>horm</strong></span> <span class='ocrx_word' id='word_1_671' title='bbox 1527 4840 1665 4894; x_wconf 89' lang='lat' dir='ltr'><strong>pun-</strong></span> 
     </span>
    </p>
   </div>
   <div class='ocr_carea' id='block_1_79' title="bbox 86 4905 1667 4981">
    <p class='ocr_par' dir='ltr' id='par_1_79' title="bbox 86 4905 1667 4981">
     <span class='ocr_line' id='line_1_80' title="bbox 86 4905 1667 4981; baseline 0.01 -29"><span class='ocrx_word' id='word_1_672' title='bbox 86 4907 165 4953; x_wconf 90' lang='lat' dir='ltr'><strong>cto</strong></span> <span class='ocrx_word' id='word_1_673' title='bbox 201 4905 377 4960; x_wconf 87' lang='lat' dir='ltr'><strong>verbo</strong></span> <span class='ocrx_word' id='word_1_674' title='bbox 410 4905 509 4959; x_wconf 91' lang='lat' dir='ltr'><strong>Dei</strong></span> <span class='ocrx_word' id='word_1_675' title='bbox 540 4908 921 4964; x_wconf 90' lang='lat' dir='ltr'><strong>assistentibus</strong></span> <span class='ocrx_word' id='word_1_676' title='bbox 952 4920 1305 4979; x_wconf 88' lang='lat' dir='ltr'><strong>spernantur,</strong></span> <span class='ocrx_word' id='word_1_677' title='bbox 1328 4918 1383 4964; x_wconf 82' lang='lat' dir='ltr'><strong>&#39;et</strong></span> <span class='ocrx_word' id='word_1_678' title='bbox 1415 4915 1667 4981; x_wconf 85' lang='lat' dir='ltr'><strong>pereant?</strong></span> 
     </span>
    </p>
   </div>
   <div class='ocr_carea' id='block_1_80' title="bbox 91 4992 1664 5065">
    <p class='ocr_par' dir='ltr' id='par_1_80' title="bbox 91 4992 1664 5065">
     <span class='ocr_line' id='line_1_81' title="bbox 91 4992 1664 5065; baseline 0.012 -24"><span class='ocrx_word' id='word_1_679' title='bbox 91 5007 109 5041; x_wconf 78' lang='grc' dir='ltr'><strong>ι</strong></span> <span class='ocrx_word' id='word_1_680' title='bbox 129 4992 234 5048; x_wconf 80' lang='lat' dir='ltr'><strong>Nisi</strong></span> <span class='ocrx_word' id='word_1_681' title='bbox 263 4997 416 5050; x_wconf 89' lang='lat' dir='ltr'><strong>enim</strong></span> <span class='ocrx_word' id='word_1_682' title='bbox 449 4998 707 5053; x_wconf 85' lang='lat' dir='ltr'><strong>Dominus</strong></span> <span class='ocrx_word' id='word_1_683' title='bbox 731 5001 1079 5055; x_wconf 68' lang='lat' dir='ltr'><strong>aediﬁcaverit</strong></span> <span class='ocrx_word' id='word_1_684' title='bbox 1107 5003 1349 5065; x_wconf 89' lang='lat' dir='ltr'><strong>domum,</strong></span> <span class='ocrx_word' id='word_1_685' title='bbox 1385 5005 1438 5059; x_wconf 93' lang='lat' dir='ltr'><strong>in</strong></span> <span class='ocrx_word' id='word_1_686' title='bbox 1468 5020 1664 5060; x_wconf 90' lang='lat' dir='ltr'><strong>vanum</strong></span> 
     </span>
    </p>
   </div>
   <div class='ocr_carea' id='block_1_81' title="bbox 84 5089 1673 5166">
    <p class='ocr_par' dir='ltr' id='par_1_81' title="bbox 84 5089 1673 5166">
     <span class='ocr_line' id='line_1_82' title="bbox 84 5089 1673 5166; baseline 0.008 -23"><span class='ocrx_word' id='word_1_687' title='bbox 84 5089 473 5151; x_wconf 84' lang='lat' dir='ltr'><strong>laboraverunt</strong></span> <span class='ocrx_word' id='word_1_688' title='bbox 508 5096 599 5166; x_wconf 87' lang='lat' dir='ltr'><strong>qui</strong></span> <span class='ocrx_word' id='word_1_689' title='bbox 618 5095 908 5152; x_wconf 71' lang='lat' dir='ltr'><strong>“aedificant</strong></span> <span class='ocrx_word' id='word_1_690' title='bbox 950 5112 1069 5153; x_wconf 88' lang='lat' dir='ltr'><strong>eam</strong></span> <span class='ocrx_word' id='word_1_691' title='bbox 1107 5099 1172 5152; x_wconf 68' lang='lat'><strong>7’.</strong></span> <span class='ocrx_word' id='word_1_692' title='bbox 1224 5116 1243 5149; x_wconf 79' lang='grc' dir='ltr'><strong>ι</strong></span> <span class='ocrx_word' id='word_1_693' title='bbox 1293 5099 1673 5155; x_wconf 76' lang='lat' dir='ltr'><strong>Verumtamen</strong></span> 
     </span>
    </p>
   </div>
   <div class='ocr_carea' id='block_1_82' title="bbox 86 5189 1674 5263">
    <p class='ocr_par' dir='ltr' id='par_1_82' title="bbox 86 5189 1674 5263">
     <span class='ocr_line' id='line_1_83' title="bbox 86 5189 1674 5263; baseline 0.006 -26"><span class='ocrx_word' id='word_1_694' title='bbox 86 5200 199 5246; x_wconf 84' lang='lat' dir='ltr'><strong>nos,</strong></span> <span class='ocrx_word' id='word_1_695' title='bbox 224 5197 284 5241; x_wconf 87' lang='lat' dir='ltr'><strong>ut</strong></span> <span class='ocrx_word' id='word_1_696' title='bbox 306 5203 486 5258; x_wconf 88' lang='lat' dir='ltr'><strong>supra</strong></span> <span class='ocrx_word' id='word_1_697' title='bbox 508 5190 710 5243; x_wconf 89' lang='lat' dir='ltr'><strong>dictum</strong></span> <span class='ocrx_word' id='word_1_698' title='bbox 734 5198 837 5253; x_wconf 91' lang='lat' dir='ltr'><strong>est,</strong></span> <span class='ocrx_word' id='word_1_699' title='bbox 861 5189 1126 5245; x_wconf 86' lang='lat' dir='ltr'><strong>tradimus</strong></span> <span class='ocrx_word' id='word_1_700' title='bbox 1150 5191 1216 5245; x_wconf 90' lang='lat' dir='ltr'><strong>ad</strong></span> <span class='ocrx_word' id='word_1_701' title='bbox 1237 5207 1478 5247; x_wconf 90' lang='lat' dir='ltr'><strong>mensam</strong></span> <span class='ocrx_word' id='word_1_702' title='bbox 1508 5209 1674 5263; x_wconf 89' lang='lat' dir='ltr'><strong>pecu-</strong></span> 
     </span>
    </p>
   </div>
   <div class='ocr_carea' id='block_1_83' title="bbox 86 5274 1673 5351">
    <p class='ocr_par' dir='ltr' id='par_1_83' title="bbox 86 5274 1673 5351">
     <span class='ocr_line' id='line_1_84' title="bbox 86 5274 1673 5351; baseline 0.006 -23"><span class='ocrx_word' id='word_1_703' title='bbox 86 5274 220 5331; x_wconf 87' lang='lat' dir='ltr'><strong>niam</strong></span> <span class='ocrx_word' id='word_1_704' title='bbox 259 5278 512 5342; x_wconf 90' lang='lat' dir='ltr'><strong>Domini,</strong></span> <span class='ocrx_word' id='word_1_705' title='bbox 538 5279 718 5334; x_wconf 89' lang='lat' dir='ltr'><strong>videat</strong></span> <span class='ocrx_word' id='word_1_706' title='bbox 753 5280 897 5334; x_wconf 87' lang='lat' dir='ltr'><strong>enim</strong></span> <span class='ocrx_word' id='word_1_707' title='bbox 938 5282 1308 5351; x_wconf 88' lang='lat' dir='ltr'><strong>unusquisque</strong></span> <span class='ocrx_word' id='word_1_708' title='bbox 1344 5283 1673 5351; x_wconf 90' lang='lat' dir='ltr'><strong>auditorum,</strong></span> 
     </span>
    </p>
   </div>
   <div class='ocr_carea' id='block_1_84' title="bbox 84 5370 1676 5443">
    <p class='ocr_par' dir='ltr' id='par_1_84' title="bbox 84 5370 1676 5443">
     <span class='ocr_line' id='line_1_85' title="bbox 84 5370 1676 5443; baseline 0.005 -22"><span class='ocrx_word' id='word_1_709' title='bbox 84 5371 354 5437; x_wconf 89' lang='lat' dir='ltr'><strong>quomodo</strong></span> <span class='ocrx_word' id='word_1_710' title='bbox 393 5370 661 5440; x_wconf 87' lang='lat' dir='ltr'><strong>suscipiat</strong></span> <span class='ocrx_word' id='word_1_711' title='bbox 707 5386 827 5440; x_wconf 67' lang='lat' dir='ltr'><strong>qum</strong></span> <span class='ocrx_word' id='word_1_712' title='bbox 877 5371 1181 5426; x_wconf 88' lang='lat' dir='ltr'><strong>traduntur.</strong></span> <span class='ocrx_word' id='word_1_713' title='bbox 1244 5391 1262 5422; x_wconf 84' lang='grc' dir='ltr'><strong>ι</strong></span> <span class='ocrx_word' id='word_1_714' title='bbox 1295 5371 1676 5443; x_wconf 85' lang='lat' dir='ltr'><strong>Unusquisque</strong></span> 
     </span>
    </p>
   </div>
   <div class='ocr_carea' id='block_1_85' title="bbox 83 5461 1675 5544">
    <p class='ocr_par' dir='ltr' id='par_1_85' title="bbox 83 5461 1675 5544">
     <span class='ocr_line' id='line_1_86' title="bbox 83 5461 1675 5544; baseline 0.007 -34"><span class='ocrx_word' id='word_1_715' title='bbox 83 5467 254 5515; x_wconf 89' lang='lat' dir='ltr'><strong>autem</strong></span> <span class='ocrx_word' id='word_1_716' title='bbox 287 5503 304 5526; x_wconf 96' lang='lat'><strong>,</strong></span> <span class='ocrx_word' id='word_1_717' title='bbox 361 5461 549 5544; x_wconf 68' lang='lat' dir='ltr'><strong>inquit</strong></span> <span class='ocrx_word' id='word_1_718' title='bbox 600 5461 647 5492; x_wconf 84' lang='grc'><strong>⁷³</strong></span> <span class='ocrx_word' id='word_1_719' title='bbox 675 5502 691 5527; x_wconf 86' lang='grc'><em>,</em></span> <span class='ocrx_word' id='word_1_720' title='bbox 739 5471 984 5516; x_wconf 87' lang='lat' dir='ltr'><strong>nostrum</strong></span> <span class='ocrx_word' id='word_1_721' title='bbox 1012 5503 1026 5527; x_wconf 92' lang='lat'><strong>,</strong></span> <span class='ocrx_word' id='word_1_722' title='bbox 1071 5462 1212 5517; x_wconf 89' lang='lat' dir='ltr'><strong>sicut</strong></span> <span class='ocrx_word' id='word_1_723' title='bbox 1265 5464 1426 5518; x_wconf 83' lang='lat' dir='ltr'><strong>corde</strong></span> <span class='ocrx_word' id='word_1_724' title='bbox 1475 5480 1675 5521; x_wconf 85' lang='lat' dir='ltr'><strong>conce-</strong></span> 
     </span>
    </p>
   </div>
   <div class='ocr_carea' id='block_1_86' title="bbox 80 5551 1665 5625">
    <p class='ocr_par' dir='ltr' id='par_1_86' title="bbox 80 5551 1665 5625">
     <span class='ocr_line' id='line_1_87' title="bbox 80 5551 1665 5625; baseline 0.003 -20"><span class='ocrx_word' id='word_1_725' title='bbox 80 5551 172 5620; x_wconf 89' lang='lat' dir='ltr'><strong>pit,</strong></span> <span class='ocrx_word' id='word_1_726' title='bbox 195 5555 398 5611; x_wconf 84' lang='lat' dir='ltr'><strong>oﬂ&#39;erat</strong></span> <span class='ocrx_word' id='word_1_727' title='bbox 427 5556 582 5611; x_wconf 90' lang='lat' dir='ltr'><strong>initia</strong></span> <span class='ocrx_word' id='word_1_728' title='bbox 608 5556 854 5612; x_wconf 92' lang='lat' dir='ltr'><strong>Domino.</strong></span> <span class='ocrx_word' id='word_1_729' title='bbox 877 5575 896 5610; x_wconf 76' lang='grc' dir='ltr'><strong>ι</strong></span> <span class='ocrx_word' id='word_1_730' title='bbox 931 5556 1087 5625; x_wconf 88' lang='lat' dir='ltr'><strong>Quod</strong></span> <span class='ocrx_word' id='word_1_731' title='bbox 1109 5555 1248 5611; x_wconf 83' lang='lat' dir='ltr'><strong>dixit</strong></span> <span class='ocrx_word' id='word_1_732' title='bbox 1271 5554 1449 5619; x_wconf 86' lang='lat' dir='ltr'><strong>initia,</strong></span> <span class='ocrx_word' id='word_1_733' title='bbox 1480 5568 1665 5624; x_wconf 73' lang='lat' dir='ltr'><strong>qumro</strong></span> 
     </span>
    </p>
   </div>
   <div class='ocr_carea' id='block_1_87' title="bbox 175 5691 1205 5762">
    <p class='ocr_par' dir='ltr' id='par_1_87' title="bbox 175 5691 1205 5762">
     <span class='ocr_line' id='line_1_88' title="bbox 175 5691 1205 5762; baseline 0 -15"><span class='ocrx_word' id='word_1_734' title='bbox 175 5691 221 5723; x_wconf 71' lang='grc' dir='ltr'><strong>τ’</strong></span> <span class='ocrx_word' id='word_1_735' title='bbox 257 5691 409 5748; x_wconf 85' lang='lat' dir='ltr'><strong>Psal.</strong></span> <span class='ocrx_word' id='word_1_736' title='bbox 451 5707 557 5760; x_wconf 79' lang='lat' dir='ltr'><strong>xu,</strong></span> <span class='ocrx_word' id='word_1_737' title='bbox 586 5692 641 5754; x_wconf 89' lang='lat'><strong>6.</strong></span> <span class='ocrx_word' id='word_1_738' title='bbox 713 5693 759 5726; x_wconf 87' lang='lat'>&#39;“</span> <span class='ocrx_word' id='word_1_739' title='bbox 794 5691 967 5752; x_wconf 88' lang='lat' dir='ltr'><strong>lCor.</strong></span> <span class='ocrx_word' id='word_1_740' title='bbox 998 5707 1115 5762; x_wconf 79' lang='lat' dir='ltr'><strong>xm,</strong></span> <span class='ocrx_word' id='word_1_741' title='bbox 1149 5692 1205 5748; x_wconf 77' lang='lat' dir='ltr'><strong>l.</strong></span> 
     </span>
    </p>
   </div>
   <div class='ocr_carea' id='block_1_88' title="bbox 147 5827 1364 5907">
    <p class='ocr_par' dir='ltr' id='par_1_88' title="bbox 147 5827 1364 5907">
     <span class='ocr_line' id='line_1_89' title="bbox 147 5827 1364 5907; baseline -0.001 -22"><span class='ocrx_word' id='word_1_742' title='bbox 147 5827 262 5903; x_wconf 82' lang='lat'><strong>(86)</strong></span> <span class='ocrx_word' id='word_1_743' title='bbox 298 5830 470 5898; x_wconf 61' lang='lat'><strong>1153.,</strong></span> <span class='ocrx_word' id='word_1_744' title='bbox 509 5848 528 5883; x_wconf 78' lang='grc' dir='ltr'><strong>ι</strong></span> <span class='ocrx_word' id='word_1_745' title='bbox 556 5833 779 5904; x_wconf 89' lang='lat' dir='ltr'><strong>profert,</strong></span> <span class='ocrx_word' id='word_1_746' title='bbox 818 5831 1034 5907; x_wconf 57' lang='lat' dir='ltr'><strong>tZalias,</strong></span> <span class='ocrx_word' id='word_1_747' title='bbox 1071 5850 1090 5884; x_wconf 75' lang='grc' dir='ltr'><strong>ι</strong></span> <span class='ocrx_word' id='word_1_748' title='bbox 1124 5831 1311 5889; x_wconf 86' lang='lat' dir='ltr'><strong>refert.</strong></span> <span class='ocrx_word' id='word_1_749' title='bbox 1345 5848 1364 5884; x_wconf 79' lang='grc' dir='ltr'><strong>ι</strong></span> 
     </span>
    </p>
   </div>
   <div class='ocr_carea' id='block_1_89' title="bbox 1275 5690 1798 5761">
    <p class='ocr_par' dir='ltr' id='par_1_89' title="bbox 1275 5690 1798 5761">
     <span class='ocr_line' id='line_1_90' title="bbox 1275 5690 1798 5761; baseline 0.004 -14"><span class='ocrx_word' id='word_1_750' title='bbox 1275 5694 1322 5726; x_wconf 74' lang='grc' dir='ltr'><strong>τ’</strong></span> <span class='ocrx_word' id='word_1_751' title='bbox 1344 5690 1491 5748; x_wconf 75' lang='lat' dir='ltr'><strong>Psal.</strong></span> <span class='ocrx_word' id='word_1_752' title='bbox 1522 5706 1708 5761; x_wconf 77' lang='lat' dir='ltr'><strong>cxxvr,</strong></span> <span class='ocrx_word' id='word_1_753' title='bbox 1747 5694 1798 5749; x_wconf 78' lang='lat' dir='ltr'><strong>i.</strong></span> 
     </span>
    </p>
   </div>
   <div class='ocr_carea' id='block_1_90' title="bbox 1759 3231 3331 3303">
    <p class='ocr_par' dir='ltr' id='par_1_90' title="bbox 1759 3231 3331 3303">
     <span class='ocr_line' id='line_1_91' title="bbox 1759 3231 3331 3303; baseline -0.003 -14"><span class='ocrx_word' id='word_1_754' title='bbox 1759 3243 1881 3299; x_wconf 87' lang='lat' dir='ltr'><strong>est;</strong></span> <span class='ocrx_word' id='word_1_755' title='bbox 1910 3242 2193 3303; x_wconf 80' lang='lat' dir='ltr'><strong>argentum</strong></span> <span class='ocrx_word' id='word_1_756' title='bbox 2216 3247 2281 3287; x_wconf 82' lang='lat' dir='ltr'><strong>ex</strong></span> <span class='ocrx_word' id='word_1_757' title='bbox 2308 3247 2418 3303; x_wconf 92' lang='lat' dir='ltr'><strong>quo</strong></span> <span class='ocrx_word' id='word_1_758' title='bbox 2445 3232 2605 3288; x_wconf 86' lang='lat' dir='ltr'><strong>bases</strong></span> <span class='ocrx_word' id='word_1_759' title='bbox 2651 3241 2704 3288; x_wconf 90' lang='lat' dir='ltr'><strong>et</strong></span> <span class='ocrx_word' id='word_1_760' title='bbox 2724 3232 2987 3288; x_wconf 68' lang='lat' dir='ltr'><strong>columna:</strong></span> <span class='ocrx_word' id='word_1_761' title='bbox 3008 3239 3155 3295; x_wconf 90' lang='lat' dir='ltr'><strong>sunt,</strong></span> <span class='ocrx_word' id='word_1_762' title='bbox 3186 3231 3331 3285; x_wconf 86' lang='lat' dir='ltr'><strong>illius</strong></span> 
     </span>
    </p>
   </div>
   <div class='ocr_carea' id='block_1_91' title="bbox 1757 3322 3340 3393">
    <p class='ocr_par' dir='ltr' id='par_1_91' title="bbox 1757 3322 3340 3393">
     <span class='ocr_line' id='line_1_92' title="bbox 1757 3322 3340 3393; baseline -0.001 -13"><span class='ocrx_word' id='word_1_763' title='bbox 1757 3335 1867 3392; x_wconf 84' lang='lat' dir='ltr'><strong>est;</strong></span> <span class='ocrx_word' id='word_1_764' title='bbox 1900 3340 1972 3380; x_wconf 68' lang='lat' dir='ltr'><strong>res</strong></span> <span class='ocrx_word' id='word_1_765' title='bbox 1999 3324 2066 3379; x_wconf 91' lang='lat' dir='ltr'><strong>de</strong></span> <span class='ocrx_word' id='word_1_766' title='bbox 2088 3339 2196 3393; x_wconf 92' lang='lat' dir='ltr'><strong>quo</strong></span> <span class='ocrx_word' id='word_1_767' title='bbox 2225 3324 2432 3389; x_wconf 91' lang='lat' dir='ltr'><strong>annuli,</strong></span> <span class='ocrx_word' id='word_1_768' title='bbox 2467 3334 2521 3378; x_wconf 90' lang='lat' dir='ltr'><strong>et</strong></span> <span class='ocrx_word' id='word_1_769' title='bbox 2552 3324 2959 3389; x_wconf 81' lang='lat' dir='ltr'><strong>candelabrum,</strong></span> <span class='ocrx_word' id='word_1_770' title='bbox 2985 3333 3037 3377; x_wconf 89' lang='lat' dir='ltr'><strong>et</strong></span> <span class='ocrx_word' id='word_1_771' title='bbox 3066 3322 3340 3378; x_wconf 70' lang='lat' dir='ltr'><strong>nonnulla:</strong></span> 
     </span>
    </p>
   </div>
   <div class='ocr_carea' id='block_1_92' title="bbox 1758 3415 3341 3482">
    <p class='ocr_par' dir='ltr' id='par_1_92' title="bbox 1758 3415 3341 3482">
     <span class='ocr_line' id='line_1_93' title="bbox 1758 3415 3341 3482; baseline -0.003 -9"><span class='ocrx_word' id='word_1_772' title='bbox 1758 3418 2134 3473; x_wconf 89' lang='lat' dir='ltr'><strong>columnarum</strong></span> <span class='ocrx_word' id='word_1_773' title='bbox 2168 3417 2330 3471; x_wconf 87' lang='lat' dir='ltr'><strong>bases</strong></span> <span class='ocrx_word' id='word_1_774' title='bbox 2360 3416 2518 3469; x_wconf 72' lang='lat' dir='ltr'><strong>facta:</strong></span> <span class='ocrx_word' id='word_1_775' title='bbox 2551 3426 2696 3482; x_wconf 90' lang='lat' dir='ltr'><strong>sunt,</strong></span> <span class='ocrx_word' id='word_1_776' title='bbox 2726 3415 2869 3470; x_wconf 91' lang='lat' dir='ltr'><strong>illius</strong></span> <span class='ocrx_word' id='word_1_777' title='bbox 2897 3425 3015 3481; x_wconf 85' lang='lat' dir='ltr'><strong>est;</strong></span> <span class='ocrx_word' id='word_1_778' title='bbox 3045 3418 3139 3470; x_wconf 89' lang='lat' dir='ltr'><strong>sed</strong></span> <span class='ocrx_word' id='word_1_779' title='bbox 3175 3424 3227 3469; x_wconf 90' lang='lat' dir='ltr'><strong>et</strong></span> <span class='ocrx_word' id='word_1_780' title='bbox 3263 3415 3341 3468; x_wconf 89' lang='lat' dir='ltr'><strong>Ia-</strong></span> 
     </span>
    </p>
   </div>
   <div class='ocr_carea' id='block_1_93' title="bbox 1759 3505 3341 3578">
    <p class='ocr_par' dir='ltr' id='par_1_93' title="bbox 1759 3505 3341 3578">
     <span class='ocr_line' id='line_1_94' title="bbox 1759 3505 3341 3578; baseline -0.004 -15"><span class='ocrx_word' id='word_1_781' title='bbox 1759 3509 1916 3578; x_wconf 88' lang='lat' dir='ltr'><strong>pides</strong></span> <span class='ocrx_word' id='word_1_782' title='bbox 1954 3509 2039 3562; x_wconf 89' lang='lat' dir='ltr'><strong>isti</strong></span> <span class='ocrx_word' id='word_1_783' title='bbox 2070 3507 2388 3573; x_wconf 88' lang='lat' dir='ltr'><strong>humeralis,</strong></span> <span class='ocrx_word' id='word_1_784' title='bbox 2425 3516 2477 3560; x_wconf 89' lang='lat' dir='ltr'><strong>et</strong></span> <span class='ocrx_word' id='word_1_785' title='bbox 2506 3506 2655 3577; x_wconf 88' lang='lat' dir='ltr'><strong>logii,</strong></span> <span class='ocrx_word' id='word_1_786' title='bbox 2691 3505 2834 3561; x_wconf 87' lang='lat' dir='ltr'><strong>illius</strong></span> <span class='ocrx_word' id='word_1_787' title='bbox 2858 3515 3018 3571; x_wconf 90' lang='lat' dir='ltr'><strong>sunt;</strong></span> <span class='ocrx_word' id='word_1_788' title='bbox 3050 3514 3102 3560; x_wconf 89' lang='lat' dir='ltr'><strong>et</strong></span> <span class='ocrx_word' id='word_1_789' title='bbox 3138 3521 3341 3575; x_wconf 80' lang='lat' dir='ltr'><strong>purpu-</strong></span> 
     </span>
    </p>
   </div>
   <div class='ocr_carea' id='block_1_94' title="bbox 1761 3597 3341 3670">
    <p class='ocr_par' dir='ltr' id='par_1_94' title="bbox 1761 3597 3341 3670">
     <span class='ocr_line' id='line_1_95' title="bbox 1761 3597 3341 3670; baseline -0.003 -15"><span class='ocrx_word' id='word_1_790' title='bbox 1761 3616 1817 3655; x_wconf 90' lang='lat' dir='ltr'><strong>ra</strong></span> <span class='ocrx_word' id='word_1_791' title='bbox 1851 3615 1954 3670; x_wconf 90' lang='lat' dir='ltr'><strong>qua</strong></span> <span class='ocrx_word' id='word_1_792' title='bbox 1990 3608 2223 3655; x_wconf 89' lang='lat' dir='ltr'><strong>ornatur</strong></span> <span class='ocrx_word' id='word_1_793' title='bbox 2258 3598 2501 3667; x_wconf 70' lang='lat' dir='ltr'><strong>pontifex</strong></span> <span class='ocrx_word' id='word_1_794' title='bbox 2528 3638 2542 3662; x_wconf 91' lang='lat'><strong>,</strong></span> <span class='ocrx_word' id='word_1_795' title='bbox 2583 3598 2727 3653; x_wconf 90' lang='lat' dir='ltr'><strong>illius</strong></span> <span class='ocrx_word' id='word_1_796' title='bbox 2757 3606 2861 3662; x_wconf 88' lang='lat' dir='ltr'><strong>est,</strong></span> <span class='ocrx_word' id='word_1_797' title='bbox 2890 3608 2943 3651; x_wconf 89' lang='lat' dir='ltr'><strong>et</strong></span> <span class='ocrx_word' id='word_1_798' title='bbox 2969 3612 3166 3651; x_wconf 88' lang='lat' dir='ltr'><strong>coecus</strong></span> <span class='ocrx_word' id='word_1_799' title='bbox 3197 3597 3341 3651; x_wconf 82' lang='lat' dir='ltr'><strong>illius</strong></span> 
     </span>
    </p>
   </div>
   <div class='ocr_carea' id='block_1_95' title="bbox 1759 3689 3339 3761">
    <p class='ocr_par' dir='ltr' id='par_1_95' title="bbox 1759 3689 3339 3761">
     <span class='ocr_line' id='line_1_96' title="bbox 1759 3689 3339 3761; baseline -0.005 -12"><span class='ocrx_word' id='word_1_800' title='bbox 1759 3703 1864 3760; x_wconf 89' lang='lat' dir='ltr'><strong>est,</strong></span> <span class='ocrx_word' id='word_1_801' title='bbox 1893 3704 1945 3747; x_wconf 89' lang='lat' dir='ltr'><strong>et</strong></span> <span class='ocrx_word' id='word_1_802' title='bbox 1970 3703 2169 3749; x_wconf 70' lang='lat' dir='ltr'><strong>caetera</strong></span> <span class='ocrx_word' id='word_1_803' title='bbox 2198 3705 2427 3761; x_wconf 64' lang='lat' dir='ltr'><strong>quaeque</strong></span> <span class='ocrx_word' id='word_1_804' title='bbox 2460 3705 2557 3761; x_wconf 90' lang='lat' dir='ltr'><strong>per</strong></span> <span class='ocrx_word' id='word_1_805' title='bbox 2582 3689 2818 3759; x_wconf 84' lang='lat' dir='ltr'><strong>singula.</strong></span> <span class='ocrx_word' id='word_1_806' title='bbox 2848 3689 2915 3743; x_wconf 83' lang='lat' dir='ltr'><strong>Et</strong></span> <span class='ocrx_word' id='word_1_807' title='bbox 2937 3703 3154 3743; x_wconf 89' lang='lat' dir='ltr'><strong>rursum</strong></span> <span class='ocrx_word' id='word_1_808' title='bbox 3176 3702 3339 3758; x_wconf 88' lang='lat' dir='ltr'><strong>quam</strong></span> 
     </span>
    </p>
   </div>
   <div class='ocr_carea' id='block_1_96' title="bbox 1762 3780 3339 3853">
    <p class='ocr_par' dir='ltr' id='par_1_96' title="bbox 1762 3780 3339 3853">
     <span class='ocr_line' id='line_1_97' title="bbox 1762 3780 3339 3853; baseline -0.006 -14"><span class='ocrx_word' id='word_1_809' title='bbox 1762 3787 2068 3840; x_wconf 88' lang='lat' dir='ltr'><strong>indecorum</strong></span> <span class='ocrx_word' id='word_1_810' title='bbox 2101 3825 2116 3850; x_wconf 96' lang='lat'><strong>,</strong></span> <span class='ocrx_word' id='word_1_811' title='bbox 2157 3799 2319 3853; x_wconf 89' lang='lat' dir='ltr'><strong>quam</strong></span> <span class='ocrx_word' id='word_1_812' title='bbox 2354 3782 2615 3836; x_wconf 91' lang='lat' dir='ltr'><strong>miserum</strong></span> <span class='ocrx_word' id='word_1_813' title='bbox 2664 3782 2809 3846; x_wconf 86' lang='lat' dir='ltr'><strong>erit,</strong></span> <span class='ocrx_word' id='word_1_814' title='bbox 2858 3781 2901 3835; x_wconf 92' lang='lat' dir='ltr'><strong>si</strong></span> <span class='ocrx_word' id='word_1_815' title='bbox 2952 3780 3212 3834; x_wconf 87' lang='lat' dir='ltr'><strong>Dominus</strong></span> <span class='ocrx_word' id='word_1_816' title='bbox 3246 3793 3339 3831; x_wconf 90' lang='lat' dir='ltr'><strong>ve-</strong></span> 
     </span>
    </p>
   </div>
   <div class='ocr_carea' id='block_1_97' title="bbox 1763 3871 3342 3946">
    <p class='ocr_par' dir='ltr' id='par_1_97' title="bbox 1763 3871 3342 3946">
     <span class='ocr_line' id='line_1_98' title="bbox 1763 3871 3342 3946; baseline -0.006 -14"><span class='ocrx_word' id='word_1_817' title='bbox 1763 3879 1919 3932; x_wconf 89' lang='lat' dir='ltr'><strong>niens</strong></span> <span class='ocrx_word' id='word_1_818' title='bbox 1948 3878 2224 3946; x_wconf 90' lang='lat' dir='ltr'><strong>requirere</strong></span> <span class='ocrx_word' id='word_1_819' title='bbox 2246 3876 2535 3930; x_wconf 64' lang='lat' dir='ltr'><strong>aedificium</strong></span> <span class='ocrx_word' id='word_1_820' title='bbox 2562 3873 2917 3937; x_wconf 88' lang='lat' dir='ltr'><strong>tabernaculi,</strong></span> <span class='ocrx_word' id='word_1_821' title='bbox 2946 3871 3077 3926; x_wconf 84' lang='lat' dir='ltr'><strong>nihil</strong></span> <span class='ocrx_word' id='word_1_822' title='bbox 3101 3871 3342 3925; x_wconf 86' lang='lat' dir='ltr'><strong>muneris</strong></span> 
     </span>
    </p>
   </div>
   <div class='ocr_carea' id='block_1_98' title="bbox 1764 3962 3344 4033">
    <p class='ocr_par' dir='ltr' id='par_1_98' title="bbox 1764 3962 3344 4033">
     <span class='ocr_line' id='line_1_99' title="bbox 1764 3962 3344 4033; baseline -0.007 -8"><span class='ocrx_word' id='word_1_823' title='bbox 1764 3972 1838 4025; x_wconf 91' lang='lat' dir='ltr'><strong>tui</strong></span> <span class='ocrx_word' id='word_1_824' title='bbox 1872 3970 2109 4024; x_wconf 90' lang='lat' dir='ltr'><strong>inveniat</strong></span> <span class='ocrx_word' id='word_1_825' title='bbox 2139 3970 2192 4022; x_wconf 92' lang='lat' dir='ltr'><strong>in</strong></span> <span class='ocrx_word' id='word_1_826' title='bbox 2221 3984 2306 4030; x_wconf 92' lang='lat' dir='ltr'><strong>eo,</strong></span> <span class='ocrx_word' id='word_1_827' title='bbox 2334 3967 2472 4021; x_wconf 90' lang='lat' dir='ltr'><strong>nihil</strong></span> <span class='ocrx_word' id='word_1_828' title='bbox 2501 3984 2529 4020; x_wconf 93' lang='lat' dir='ltr'><strong>a</strong></span> <span class='ocrx_word' id='word_1_829' title='bbox 2570 3975 2619 4020; x_wconf 88' lang='lat' dir='ltr'><strong>te</strong></span> <span class='ocrx_word' id='word_1_830' title='bbox 2649 3972 2938 4033; x_wconf 82' lang='lat' dir='ltr'><strong>cognoscat</strong></span> <span class='ocrx_word' id='word_1_831' title='bbox 2958 3962 3225 4018; x_wconf 90' lang='lat' dir='ltr'><strong>oblatum.</strong></span> <span class='ocrx_word' id='word_1_832' title='bbox 3251 3962 3344 4015; x_wconf 87' lang='lat' dir='ltr'><strong>Sic</strong></span> 
     </span>
    </p>
   </div>
   <div class='ocr_carea' id='block_1_99' title="bbox 1764 4055 3343 4128">
    <p class='ocr_par' dir='ltr' id='par_1_99' title="bbox 1764 4055 3343 4128">
     <span class='ocr_line' id='line_1_100' title="bbox 1764 4055 3343 4128; baseline -0.005 -12"><span class='ocrx_word' id='word_1_833' title='bbox 1764 4063 2050 4117; x_wconf 88' lang='lat' dir='ltr'><strong>indevotus</strong></span> <span class='ocrx_word' id='word_1_834' title='bbox 2073 4104 2087 4128; x_wconf 91' lang='lat'><strong>,</strong></span> <span class='ocrx_word' id='word_1_835' title='bbox 2121 4061 2201 4115; x_wconf 93' lang='lat' dir='ltr'><strong>sic</strong></span> <span class='ocrx_word' id='word_1_836' title='bbox 2255 4060 2489 4113; x_wconf 83' lang='lat' dir='ltr'><strong>inﬁdelis</strong></span> <span class='ocrx_word' id='word_1_837' title='bbox 2544 4058 2760 4119; x_wconf 78' lang='lat' dir='ltr'><strong>vixisti,</strong></span> <span class='ocrx_word' id='word_1_838' title='bbox 2793 4064 2852 4110; x_wconf 94' lang='lat' dir='ltr'><strong>ut</strong></span> <span class='ocrx_word' id='word_1_839' title='bbox 2886 4055 3019 4110; x_wconf 88' lang='lat' dir='ltr'><strong>nihil</strong></span> <span class='ocrx_word' id='word_1_840' title='bbox 3068 4055 3343 4108; x_wconf 60' lang='lat' dir='ltr'><strong>memoria</strong></span> 
     </span>
    </p>
   </div>
   <div class='ocr_carea' id='block_1_100' title="bbox 1767 4146 3340 4219">
    <p class='ocr_par' dir='ltr' id='par_1_100' title="bbox 1767 4146 3340 4219">
     <span class='ocr_line' id='line_1_101' title="bbox 1767 4146 3340 4219; baseline -0.004 -12"><span class='ocrx_word' id='word_1_841' title='bbox 1767 4164 1870 4209; x_wconf 70' lang='lat' dir='ltr'><strong>tua:</strong></span> <span class='ocrx_word' id='word_1_842' title='bbox 1919 4155 1970 4209; x_wconf 93' lang='lat' dir='ltr'><strong>in</strong></span> <span class='ocrx_word' id='word_1_843' title='bbox 2006 4154 2355 4208; x_wconf 85' lang='lat' dir='ltr'><strong>tabernaculo</strong></span> <span class='ocrx_word' id='word_1_844' title='bbox 2402 4152 2490 4205; x_wconf 90' lang='lat' dir='ltr'><strong>Dei</strong></span> <span class='ocrx_word' id='word_1_845' title='bbox 2528 4165 2646 4205; x_wconf 85' lang='lat' dir='ltr'><strong>esse</strong></span> <span class='ocrx_word' id='word_1_846' title='bbox 2677 4148 2973 4219; x_wconf 86' lang='lat' dir='ltr'><strong>gestieris?</strong></span> <span class='ocrx_word' id='word_1_847' title='bbox 3008 4146 3162 4203; x_wconf 89' lang='lat' dir='ltr'><strong>Sicut</strong></span> <span class='ocrx_word' id='word_1_848' title='bbox 3194 4148 3340 4201; x_wconf 89' lang='lat' dir='ltr'><strong>enim</strong></span> 
     </span>
    </p>
   </div>
   <div class='ocr_carea' id='block_1_101' title="bbox 1765 4243 3339 4317">
    <p class='ocr_par' dir='ltr' id='par_1_101' title="bbox 1765 4243 3339 4317">
     <span class='ocr_line' id='line_1_102' title="bbox 1765 4243 3339 4317; baseline -0.006 -15"><span class='ocrx_word' id='word_1_849' title='bbox 1765 4249 2015 4317; x_wconf 90' lang='lat' dir='ltr'><strong>princeps</strong></span> <span class='ocrx_word' id='word_1_850' title='bbox 2046 4245 2206 4315; x_wconf 86' lang='lat' dir='ltr'><strong>hujus</strong></span> <span class='ocrx_word' id='word_1_851' title='bbox 2256 4243 2442 4298; x_wconf 90' lang='lat' dir='ltr'><strong>mundi</strong></span> <span class='ocrx_word' id='word_1_852' title='bbox 2478 4244 2628 4297; x_wconf 86' lang='lat' dir='ltr'><strong>venit</strong></span> <span class='ocrx_word' id='word_1_853' title='bbox 2676 4244 2739 4296; x_wconf 87' lang='lat' dir='ltr'><strong>ad</strong></span> <span class='ocrx_word' id='word_1_854' title='bbox 2775 4254 3216 4309; x_wconf 88' lang='lat' dir='ltr'><strong>unumquemque</strong></span> <span class='ocrx_word' id='word_1_855' title='bbox 3247 4254 3339 4292; x_wconf 57' lang='lat' dir='ltr'><strong>no.</strong></span> 
     </span>
    </p>
   </div>
   <div class='ocr_carea' id='block_1_102' title="bbox 1766 4330 3341 4408">
    <p class='ocr_par' dir='ltr' id='par_1_102' title="bbox 1766 4330 3341 4408">
     <span class='ocr_line' id='line_1_103' title="bbox 1766 4330 3341 4408; baseline -0.007 -15"><span class='ocrx_word' id='word_1_856' title='bbox 1766 4348 1962 4403; x_wconf 90' lang='lat' dir='ltr'><strong>strum,</strong></span> <span class='ocrx_word' id='word_1_857' title='bbox 1995 4346 2054 4392; x_wconf 87' lang='lat' dir='ltr'><strong>et-</strong></span> <span class='ocrx_word' id='word_1_858' title='bbox 2077 4337 2269 4408; x_wconf 55' lang='lat' dir='ltr'><strong>quaerit</strong></span> <span class='ocrx_word' id='word_1_859' title='bbox 2298 4336 2341 4390; x_wconf 90' lang='lat' dir='ltr'><strong>si</strong></span> <span class='ocrx_word' id='word_1_860' title='bbox 2375 4336 2503 4404; x_wconf 85' lang='lat' dir='ltr'><strong>quid</strong></span> <span class='ocrx_word' id='word_1_861' title='bbox 2536 4335 2601 4389; x_wconf 91' lang='lat' dir='ltr'><strong>de</strong></span> <span class='ocrx_word' id='word_1_862' title='bbox 2629 4333 2742 4387; x_wconf 90' lang='lat' dir='ltr'><strong>suis</strong></span> <span class='ocrx_word' id='word_1_863' title='bbox 2776 4333 2989 4387; x_wconf 87' lang='lat' dir='ltr'><strong>actibus</strong></span> <span class='ocrx_word' id='word_1_864' title='bbox 3023 4331 3259 4384; x_wconf 90' lang='lat' dir='ltr'><strong>inveniat</strong></span> <span class='ocrx_word' id='word_1_865' title='bbox 3288 4330 3341 4382; x_wconf 92' lang='lat' dir='ltr'><strong>in</strong></span> 
     </span>
    </p>
   </div>
   <div class='ocr_carea' id='block_1_103' title="bbox 1766 4421 3343 4498">
    <p class='ocr_par' dir='ltr' id='par_1_103' title="bbox 1766 4421 3343 4498">
     <span class='ocr_line' id='line_1_104' title="bbox 1766 4421 3343 4498; baseline -0.006 -14"><span class='ocrx_word' id='word_1_866' title='bbox 1766 4431 1944 4495; x_wconf 88' lang='lat' dir='ltr'><strong>nobis,</strong></span> <span class='ocrx_word' id='word_1_867' title='bbox 1975 4437 2030 4484; x_wconf 91' lang='lat' dir='ltr'><strong>et</strong></span> <span class='ocrx_word' id='word_1_868' title='bbox 2059 4430 2104 4484; x_wconf 89' lang='lat' dir='ltr'><strong>si</strong></span> <span class='ocrx_word' id='word_1_869' title='bbox 2132 4427 2351 4498; x_wconf 89' lang='lat' dir='ltr'><strong>quidem</strong></span> <span class='ocrx_word' id='word_1_870' title='bbox 2388 4425 2679 4491; x_wconf 86' lang='lat' dir='ltr'><strong>invenerit,</strong></span> <span class='ocrx_word' id='word_1_871' title='bbox 2706 4424 2809 4479; x_wconf 90' lang='lat' dir='ltr'><strong>sibi</strong></span> <span class='ocrx_word' id='word_1_872' title='bbox 2842 4437 2941 4477; x_wconf 92' lang='lat' dir='ltr'><strong>nos</strong></span> <span class='ocrx_word' id='word_1_873' title='bbox 2966 4422 3240 4476; x_wconf 88' lang='lat' dir='ltr'><strong>vindicat:</strong></span> <span class='ocrx_word' id='word_1_874' title='bbox 3271 4421 3343 4474; x_wconf 84' lang='lat' dir='ltr'><strong>ita</strong></span> 
     </span>
    </p>
   </div>
   <div class='ocr_carea' id='block_1_104' title="bbox 1766 4511 3344 4581">
    <p class='ocr_par' dir='ltr' id='par_1_104' title="bbox 1766 4511 3344 4581">
     <span class='ocr_line' id='line_1_105' title="bbox 1766 4511 3344 4581; baseline -0.006 -6"><span class='ocrx_word' id='word_1_875' title='bbox 1766 4532 1819 4575; x_wconf 91' lang='lat' dir='ltr'><strong>et</strong></span> <span class='ocrx_word' id='word_1_876' title='bbox 1852 4521 2163 4575; x_wconf 88' lang='lat' dir='ltr'><strong>econtrario</strong></span> <span class='ocrx_word' id='word_1_877' title='bbox 2208 4519 2256 4574; x_wconf 90' lang='lat' dir='ltr'><strong>si</strong></span> <span class='ocrx_word' id='word_1_878' title='bbox 2306 4520 2529 4572; x_wconf 90' lang='lat' dir='ltr'><strong>veniens</strong></span> <span class='ocrx_word' id='word_1_879' title='bbox 2565 4516 2824 4572; x_wconf 91' lang='lat' dir='ltr'><strong>Dominus</strong></span> <span class='ocrx_word' id='word_1_880' title='bbox 2865 4514 3105 4569; x_wconf 88' lang='lat' dir='ltr'><strong>inveniat</strong></span> <span class='ocrx_word' id='word_1_881' title='bbox 3136 4511 3344 4581; x_wconf 86' lang='lat' dir='ltr'><strong>aliquid</strong></span> 
     </span>
    </p>
   </div>
   <div class='ocr_carea' id='block_1_105' title="bbox 1767 4598 3343 4675">
    <p class='ocr_par' dir='ltr' id='par_1_105' title="bbox 1767 4598 3343 4675">
     <span class='ocr_line' id='line_1_106' title="bbox 1767 4598 3343 4675; baseline -0.005 -10"><span class='ocrx_word' id='word_1_882' title='bbox 1767 4623 1915 4666; x_wconf 91' lang='lat' dir='ltr'><strong>tuum</strong></span> <span class='ocrx_word' id='word_1_883' title='bbox 1952 4613 2002 4665; x_wconf 93' lang='lat' dir='ltr'><strong>in</strong></span> <span class='ocrx_word' id='word_1_884' title='bbox 2038 4608 2392 4667; x_wconf 84' lang='lat' dir='ltr'><strong>tabernaculo</strong></span> <span class='ocrx_word' id='word_1_885' title='bbox 2423 4624 2523 4665; x_wconf 91' lang='lat' dir='ltr'><strong>suo</strong></span> <span class='ocrx_word' id='word_1_886' title='bbox 2550 4649 2566 4675; x_wconf 90' lang='lat'><strong>,</strong></span> <span class='ocrx_word' id='word_1_887' title='bbox 2610 4598 2681 4663; x_wconf 90' lang='lat' dir='ltr'><strong>ibi</strong></span> <span class='ocrx_word' id='word_1_888' title='bbox 2720 4616 2771 4662; x_wconf 93' lang='lat' dir='ltr'><strong>te</strong></span> <span class='ocrx_word' id='word_1_889' title='bbox 2799 4606 3075 4672; x_wconf 75' lang='lat' dir='ltr'><strong>defendit,</strong></span> <span class='ocrx_word' id='word_1_890' title='bbox 3102 4617 3156 4660; x_wconf 92' lang='lat' dir='ltr'><strong>et</strong></span> <span class='ocrx_word' id='word_1_891' title='bbox 3185 4620 3343 4658; x_wconf 90' lang='lat' dir='ltr'><strong>suum</strong></span> 
     </span>
    </p>
   </div>
   <div class='ocr_carea' id='block_1_106' title="bbox 1769 4696 3344 4771">
    <p class='ocr_par' dir='ltr' id='par_1_106' title="bbox 1769 4696 3344 4771">
     <span class='ocr_line' id='line_1_107' title="bbox 1769 4696 3344 4771; baseline -0.008 -11"><span class='ocrx_word' id='word_1_892' title='bbox 1769 4717 1820 4762; x_wconf 91' lang='lat' dir='ltr'><strong>te</strong></span> <span class='ocrx_word' id='word_1_893' title='bbox 1856 4707 2008 4760; x_wconf 89' lang='lat' dir='ltr'><strong>dicit.</strong></span> <span class='ocrx_word' id='word_1_894' title='bbox 2042 4704 2270 4761; x_wconf 86' lang='lat' dir='ltr'><strong>Domine</strong></span> <span class='ocrx_word' id='word_1_895' title='bbox 2303 4702 2455 4769; x_wconf 82' lang='lat' dir='ltr'><strong>Jesu,</strong></span> <span class='ocrx_word' id='word_1_896' title='bbox 2489 4711 2681 4771; x_wconf 68' lang='lat' dir='ltr'><strong>prtesta</strong></span> <span class='ocrx_word' id='word_1_897' title='bbox 2714 4700 2865 4765; x_wconf 90' lang='lat' dir='ltr'><strong>mihi,</strong></span> <span class='ocrx_word' id='word_1_898' title='bbox 2894 4707 2952 4753; x_wconf 90' lang='lat' dir='ltr'><strong>ut</strong></span> <span class='ocrx_word' id='word_1_899' title='bbox 2984 4696 3191 4769; x_wconf 89' lang='lat' dir='ltr'><strong>aliquid</strong></span> <span class='ocrx_word' id='word_1_900' title='bbox 3222 4712 3344 4751; x_wconf 88' lang='lat' dir='ltr'><strong>mo-</strong></span> 
     </span>
    </p>
   </div>
   <div class='ocr_carea' id='block_1_107' title="bbox 1767 4790 3346 4859">
    <p class='ocr_par' dir='ltr' id='par_1_107' title="bbox 1767 4790 3346 4859">
     <span class='ocr_line' id='line_1_108' title="bbox 1767 4790 3346 4859; baseline -0.008 -6"><span class='ocrx_word' id='word_1_901' title='bbox 1767 4799 2007 4853; x_wconf 89' lang='lat' dir='ltr'><strong>numenti</strong></span> <span class='ocrx_word' id='word_1_902' title='bbox 2054 4798 2256 4853; x_wconf 89' lang='lat' dir='ltr'><strong>habere</strong></span> <span class='ocrx_word' id='word_1_903' title='bbox 2305 4809 2518 4851; x_wconf 88' lang='lat' dir='ltr'><strong>merear</strong></span> <span class='ocrx_word' id='word_1_904' title='bbox 2570 4794 2623 4847; x_wconf 92' lang='lat' dir='ltr'><strong>in</strong></span> <span class='ocrx_word' id='word_1_905' title='bbox 2676 4791 3025 4848; x_wconf 89' lang='lat' dir='ltr'><strong>tabernaculo</strong></span> <span class='ocrx_word' id='word_1_906' title='bbox 3077 4790 3346 4859; x_wconf 69' lang='lat' dir='ltr'><strong>tuo.&#39;Ego</strong></span> 
     </span>
    </p>
   </div>
   <div class='ocr_carea' id='block_1_108' title="bbox 1767 4884 3344 4961">
    <p class='ocr_par' dir='ltr' id='par_1_108' title="bbox 1767 4884 3344 4961">
     <span class='ocr_line' id='line_1_109' title="bbox 1767 4884 3344 4961; baseline -0.007 -15"><span class='ocrx_word' id='word_1_907' title='bbox 1767 4900 2031 4961; x_wconf 79' lang='lat' dir='ltr'><strong>Optarem,</strong></span> <span class='ocrx_word' id='word_1_908' title='bbox 2069 4893 2112 4945; x_wconf 91' lang='lat' dir='ltr'><strong>si</strong></span> <span class='ocrx_word' id='word_1_909' title='bbox 2149 4890 2264 4945; x_wconf 86' lang='lat' dir='ltr'><strong>fieri</strong></span> <span class='ocrx_word' id='word_1_910' title='bbox 2301 4896 2518 4958; x_wconf 90' lang='lat' dir='ltr'><strong>posset,</strong></span> <span class='ocrx_word' id='word_1_911' title='bbox 2553 4902 2675 4942; x_wconf 86' lang='lat' dir='ltr'><strong>esse</strong></span> <span class='ocrx_word' id='word_1_912' title='bbox 2704 4886 2910 4954; x_wconf 84' lang='lat' dir='ltr'><strong>aliquid</strong></span> <span class='ocrx_word' id='word_1_913' title='bbox 2954 4901 3131 4939; x_wconf 90' lang='lat' dir='ltr'><strong>meum</strong></span> <span class='ocrx_word' id='word_1_914' title='bbox 3160 4884 3212 4937; x_wconf 93' lang='lat' dir='ltr'><strong>in</strong></span> <span class='ocrx_word' id='word_1_915' title='bbox 3253 4884 3344 4939; x_wconf 90' lang='lat' dir='ltr'><strong>illo</strong></span> 
     </span>
    </p>
   </div>
   <div class='ocr_carea' id='block_1_109' title="bbox 1771 4974 3339 5051">
    <p class='ocr_par' dir='ltr' id='par_1_109' title="bbox 1771 4974 3339 5051">
     <span class='ocr_line' id='line_1_110' title="bbox 1771 4974 3339 5051; baseline -0.006 -14"><span class='ocrx_word' id='word_1_916' title='bbox 1771 4998 1924 5049; x_wconf 90' lang='lat' dir='ltr'><strong>auro,</strong></span> <span class='ocrx_word' id='word_1_917' title='bbox 1954 4997 2022 5037; x_wconf 78' lang='lat' dir='ltr'><strong>ex</strong></span> <span class='ocrx_word' id='word_1_918' title='bbox 2057 4996 2163 5051; x_wconf 89' lang='lat' dir='ltr'><strong>quo</strong></span> <span class='ocrx_word' id='word_1_919' title='bbox 2194 4979 2628 5050; x_wconf 79' lang='lat' dir='ltr'><strong>prOpilintorium</strong></span> <span class='ocrx_word' id='word_1_920' title='bbox 2667 4977 2983 5039; x_wconf 86' lang='lat' dir='ltr'><strong>fabricatur,</strong></span> <span class='ocrx_word' id='word_1_921' title='bbox 3018 4974 3101 5029; x_wconf 91' lang='lat' dir='ltr'><strong>vel</strong></span> <span class='ocrx_word' id='word_1_922' title='bbox 3136 4989 3202 5028; x_wconf 81' lang='lat' dir='ltr'><strong>cx</strong></span> <span class='ocrx_word' id='word_1_923' title='bbox 3232 4989 3339 5042; x_wconf 90' lang='lat' dir='ltr'><strong>quo</strong></span> 
     </span>
    </p>
   </div>
   <div class='ocr_carea' id='block_1_110' title="bbox 1772 5088 3344 5166">
    <p class='ocr_par' dir='ltr' id='par_1_110' title="bbox 1772 5088 3344 5166">
     <span class='ocr_line' id='line_1_111' title="bbox 1772 5088 3344 5166; baseline -0.006 -14"><span class='ocrx_word' id='word_1_924' title='bbox 1772 5113 1898 5153; x_wconf 90' lang='lat' dir='ltr'><strong>arca</strong></span> <span class='ocrx_word' id='word_1_925' title='bbox 1931 5096 2268 5166; x_wconf 86' lang='lat' dir='ltr'><strong>contegitur,</strong></span> <span class='ocrx_word' id='word_1_926' title='bbox 2307 5094 2389 5150; x_wconf 91' lang='lat' dir='ltr'><strong>vel</strong></span> <span class='ocrx_word' id='word_1_927' title='bbox 2423 5110 2487 5149; x_wconf 82' lang='lat' dir='ltr'><strong>ex</strong></span> <span class='ocrx_word' id='word_1_928' title='bbox 2530 5108 2636 5162; x_wconf 90' lang='lat' dir='ltr'><strong>quo</strong></span> <span class='ocrx_word' id='word_1_929' title='bbox 2672 5090 3060 5145; x_wconf 88' lang='lat' dir='ltr'><strong>candelabrum</strong></span> <span class='ocrx_word' id='word_1_930' title='bbox 3096 5088 3155 5142; x_wconf 84' lang='lat' dir='ltr'><strong>fit</strong></span> <span class='ocrx_word' id='word_1_931' title='bbox 3189 5088 3344 5142; x_wconf 89' lang='lat' dir='ltr'><strong>lumi-</strong></span> 
     </span>
    </p>
   </div>
   <div class='ocr_carea' id='block_1_111' title="bbox 1773 5183 3342 5250">
    <p class='ocr_par' dir='ltr' id='par_1_111' title="bbox 1773 5183 3342 5250">
     <span class='ocr_line' id='line_1_112' title="bbox 1773 5183 3342 5250; baseline -0.009 -5"><span class='ocrx_word' id='word_1_932' title='bbox 1773 5191 1859 5245; x_wconf 88' lang='lat' dir='ltr'><strong>nis</strong></span> <span class='ocrx_word' id='word_1_933' title='bbox 1888 5199 1942 5245; x_wconf 92' lang='lat' dir='ltr'><strong>et</strong></span> <span class='ocrx_word' id='word_1_934' title='bbox 1970 5189 2227 5243; x_wconf 64' lang='lat' dir='ltr'><strong>lucernae.</strong></span> <span class='ocrx_word' id='word_1_935' title='bbox 2263 5187 2370 5242; x_wconf 84' lang='lat' dir='ltr'><strong>Aut</strong></span> <span class='ocrx_word' id='word_1_936' title='bbox 2400 5186 2444 5241; x_wconf 88' lang='lat' dir='ltr'><strong>si</strong></span> <span class='ocrx_word' id='word_1_937' title='bbox 2482 5201 2670 5239; x_wconf 89' lang='lat' dir='ltr'><strong>aurum</strong></span> <span class='ocrx_word' id='word_1_938' title='bbox 2699 5200 2804 5239; x_wconf 92' lang='lat' dir='ltr'><strong>non</strong></span> <span class='ocrx_word' id='word_1_939' title='bbox 2830 5183 3027 5243; x_wconf 87' lang='lat' dir='ltr'><strong>habeo,</strong></span> <span class='ocrx_word' id='word_1_940' title='bbox 3058 5189 3342 5250; x_wconf 85' lang='lat' dir='ltr'><strong>argentum</strong></span> 
     </span>
    </p>
   </div>
   <div class='ocr_carea' id='block_1_112' title="bbox 1771 5273 3345 5353">
    <p class='ocr_par' dir='ltr' id='par_1_112' title="bbox 1771 5273 3345 5353">
     <span class='ocr_line' id='line_1_113' title="bbox 1771 5273 3345 5353; baseline -0.01 -15"><span class='ocrx_word' id='word_1_941' title='bbox 1771 5282 1961 5338; x_wconf 87' lang='lat' dir='ltr'><strong>saltem</strong></span> <span class='ocrx_word' id='word_1_942' title='bbox 1989 5281 2190 5353; x_wconf 54' lang='lat' dir='ltr'><strong>aliquid</strong></span> <span class='ocrx_word' id='word_1_943' title='bbox 2218 5278 2463 5334; x_wconf 87' lang='lat' dir='ltr'><strong>inveniar</strong></span> <span class='ocrx_word' id='word_1_944' title='bbox 2497 5276 2695 5332; x_wconf 67' lang='lat' dir='ltr'><strong>olferre</strong></span> <span class='ocrx_word' id='word_1_945' title='bbox 2725 5277 2868 5346; x_wconf 91' lang='lat' dir='ltr'><strong>quod</strong></span> <span class='ocrx_word' id='word_1_946' title='bbox 2901 5273 3149 5344; x_wconf 81' lang='lat' dir='ltr'><strong>proficiat</strong></span> <span class='ocrx_word' id='word_1_947' title='bbox 3177 5273 3229 5325; x_wconf 94' lang='lat' dir='ltr'><strong>in</strong></span> <span class='ocrx_word' id='word_1_948' title='bbox 3253 5285 3345 5324; x_wconf 84' lang='lat' dir='ltr'><strong>co-</strong></span> 
     </span>
    </p>
   </div>
   <div class='ocr_carea' id='block_1_113' title="bbox 1769 5359 3347 5437">
    <p class='ocr_par' dir='ltr' id='par_1_113' title="bbox 1769 5359 3347 5437">
     <span class='ocr_line' id='line_1_114' title="bbox 1769 5359 3347 5437; baseline -0.008 -11"><span class='ocrx_word' id='word_1_949' title='bbox 1769 5372 2017 5437; x_wconf 87' lang='lat' dir='ltr'><strong>lumnas,</strong></span> <span class='ocrx_word' id='word_1_950' title='bbox 2052 5369 2134 5423; x_wconf 83' lang='lat' dir='ltr'><strong>vel</strong></span> <span class='ocrx_word' id='word_1_951' title='bbox 2184 5369 2235 5423; x_wconf 91' lang='lat' dir='ltr'><strong>in</strong></span> <span class='ocrx_word' id='word_1_952' title='bbox 2284 5367 2444 5423; x_wconf 89' lang='lat' dir='ltr'><strong>bases</strong></span> <span class='ocrx_word' id='word_1_953' title='bbox 2492 5382 2703 5422; x_wconf 91' lang='lat' dir='ltr'><strong>earum.</strong></span> <span class='ocrx_word' id='word_1_954' title='bbox 2753 5368 2866 5420; x_wconf 81' lang='lat' dir='ltr'><strong>Aut</strong></span> <span class='ocrx_word' id='word_1_955' title='bbox 2910 5374 3058 5419; x_wconf 86' lang='lat' dir='ltr'><strong>certe</strong></span> <span class='ocrx_word' id='word_1_956' title='bbox 3089 5359 3171 5415; x_wconf 91' lang='lat' dir='ltr'><strong>vel</strong></span> <span class='ocrx_word' id='word_1_957' title='bbox 3218 5360 3347 5414; x_wconf 73' lang='lat' dir='ltr'><strong>reris</strong></span> 
     </span>
    </p>
   </div>
   <div class='ocr_carea' id='block_1_114' title="bbox 1771 5452 3345 5534">
    <p class='ocr_par' dir='ltr' id='par_1_114' title="bbox 1771 5452 3345 5534">
     <span class='ocr_line' id='line_1_115' title="bbox 1771 5452 3345 5534; baseline -0.008 -15"><span class='ocrx_word' id='word_1_958' title='bbox 1771 5463 1972 5534; x_wconf 91' lang='lat' dir='ltr'><strong>aliquid</strong></span> <span class='ocrx_word' id='word_1_959' title='bbox 2003 5462 2202 5516; x_wconf 87' lang='lat' dir='ltr'><strong>habere</strong></span> <span class='ocrx_word' id='word_1_960' title='bbox 2235 5475 2446 5516; x_wconf 90' lang='lat' dir='ltr'><strong>merear</strong></span> <span class='ocrx_word' id='word_1_961' title='bbox 2484 5460 2535 5514; x_wconf 93' lang='lat' dir='ltr'><strong>in</strong></span> <span class='ocrx_word' id='word_1_962' title='bbox 2576 5456 2950 5526; x_wconf 88' lang='lat' dir='ltr'><strong>tabernaculo,</strong></span> <span class='ocrx_word' id='word_1_963' title='bbox 2980 5455 3122 5511; x_wconf 85' lang='lat' dir='ltr'><strong>unde</strong></span> <span class='ocrx_word' id='word_1_964' title='bbox 3151 5452 3345 5510; x_wconf 87' lang='lat' dir='ltr'><strong>circuli</strong></span> 
     </span>
    </p>
   </div>
   <div class='ocr_carea' id='block_1_115' title="bbox 1772 5542 3347 5623">
    <p class='ocr_par' dir='ltr' id='par_1_115' title="bbox 1772 5542 3347 5623">
     <span class='ocr_line' id='line_1_116' title="bbox 1772 5542 3347 5623; baseline -0.007 -12"><span class='ocrx_word' id='word_1_965' title='bbox 1772 5558 1940 5623; x_wconf 86' lang='lat' dir='ltr'><strong>tiant,</strong></span> <span class='ocrx_word' id='word_1_966' title='bbox 1981 5563 2037 5610; x_wconf 89' lang='lat' dir='ltr'><strong>et</strong></span> <span class='ocrx_word' id='word_1_967' title='bbox 2073 5560 2268 5608; x_wconf 64' lang='lat' dir='ltr'><strong>caetera</strong></span> <span class='ocrx_word' id='word_1_968' title='bbox 2302 5565 2423 5621; x_wconf 67' lang='lat' dir='ltr'><strong>quae</strong></span> <span class='ocrx_word' id='word_1_969' title='bbox 2453 5565 2634 5607; x_wconf 88' lang='lat' dir='ltr'><strong>sermo</strong></span> <span class='ocrx_word' id='word_1_970' title='bbox 2669 5548 2885 5605; x_wconf 88' lang='lat' dir='ltr'><strong>divinus</strong></span> <span class='ocrx_word' id='word_1_971' title='bbox 2920 5544 3195 5604; x_wconf 88' lang='lat' dir='ltr'><strong>describit.</strong></span> <span class='ocrx_word' id='word_1_972' title='bbox 3228 5542 3347 5601; x_wconf 59' lang='lat' dir='ltr'><strong>Uti»:</strong></span> 
     </span>
    </p>
   </div>
   <div class='ocr_carea' id='block_1_116' title="bbox 1818 5680 2933 5767">
    <p class='ocr_par' dir='ltr' id='par_1_116' title="bbox 1818 5680 2933 5767">
     <span class='ocr_line' id='line_1_117' title="bbox 1818 5680 2933 5767; baseline -0.012 -20"><span class='ocrx_word' id='word_1_973' title='bbox 1818 5752 1836 5767; x_wconf 35' lang='grc' dir='ltr'><em>λ</em></span> <span class='ocrx_word' id='word_1_974' title='bbox 1872 5691 1919 5724; x_wconf 85' lang='grc'><strong>⁷³</strong></span> <span class='ocrx_word' id='word_1_975' title='bbox 1954 5689 2126 5747; x_wconf 77' lang='lat' dir='ltr'><strong>Exod.</strong></span> <span class='ocrx_word' id='word_1_976' title='bbox 2156 5700 2321 5758; x_wconf 77' lang='lat' dir='ltr'><strong>x-xxv,</strong></span> <span class='ocrx_word' id='word_1_977' title='bbox 2353 5684 2409 5745; x_wconf 79' lang='grc'><strong>5.</strong></span> <span class='ocrx_word' id='word_1_978' title='bbox 2486 5683 2533 5718; x_wconf 73' lang='grc'><strong>⁷⁸</strong></span> <span class='ocrx_word' id='word_1_979' title='bbox 2565 5684 2729 5739; x_wconf 90' lang='lat' dir='ltr'><strong>lTim</strong></span> <span class='ocrx_word' id='word_1_980' title='bbox 2760 5697 2815 5747; x_wconf 87' lang='lat' dir='ltr'><strong>v,</strong></span> <span class='ocrx_word' id='word_1_981' title='bbox 2853 5680 2933 5736; x_wconf 79' lang='lat' dir='ltr'><strong>l3.</strong></span> 
     </span>
    </p>
   </div>
  </div>
