3876 6516
581 368 684 428 39!

2061 361 2386 421 ORIGENIS
3647 374 3710 429 δη

582 503 710 545 nam
754 488 880 543 mihi
917 499 1060 543 esset
1090 486 1348 556 possibile
1380 501 1542 540 unum
1575 501 1692 540 esse
1721 500 1784 540 ex
1822 485 2152 556 principibus

2260 484 2553 552 plicatum.’
2593 479 2833 536 Dimcilia
2885 480 3000 536 hatc
3048 481 3115 534 ad
3164 480 3562 554 intelligendum,
3599 505 3638 548 et
3668 506 3708 555 ιι

583 587 640 636 et
668 578 863 632 oﬂ‘erre
890 593 1132 645 gemmas
1159 579 1224 631 ad
1258 586 1635 631 ornamentum
1669 577 1939 646 pontiﬁcis
1969 579 2153 632 hume-

584 668 733 732 ralis,
766 678 820 722 et
852 668 998 736 logiil
1040 669 1144 723 Sed
1179 669 1304 737 quia
1338 669 1452 724 hac
1485 683 1645 737 supra
1679 683 1764 722 me
1801 678 1927 721 sunt
1957 709 1970 732 ,
2007 677 2156 722 certe

583 761 668 813 vel
696 759 831 829 pilos
877 774 1162 826 caprarum
1215 759 1414 814 habere
1463 773 1677 812 merear
1712 759 1762 813 in
1805 757 2154 812 tabernaculo

589 847 680 900 Dei
707 887 722 911 ,
751 856 955 900 tantum
985 861 1053 900 ne
1102 847 1153 899 in
1187 847 1440 900 omnibus
1467 847 1684 916 jejunus
1719 860 1775 902 et
1831 847 2154 902 infecundus

586 939 849 993 inveniar.
888 959 904 989 ι
933 938 1311 1008 Unusquisque
1333 953 1459 1006 ergo
1489 940 1628 993 sicut
1650 940 1896 1009 concepit
1924 940 2102 993 corde.
2131 958 2150 991 ι

583 1028 774 1084 Videte
804 1031 847 1084 si
882 1030 1163 1098 concipitis
1188 1068 1203 1093 ,
1234 1030 1413 1083 videte
1460 1032 1502 1083 si
1542 1031 1736 1086 tenetis
1764 1073 1777 1096 ,
1811 1048 1876 1086 ne
1912 1032 2054 1086 forte
2078 1031 2156 1085 ef-

583 1116 752 1172 ﬂuant
777 1134 894 1188 quze
926 1118 1200 1182 dicuntur,
1223 1127 1278 1171 ct
1305 1126 1544 1184 pereant.
1579 1115 1711 1172 Volo
1738 1134 1833 1172 vos
1865 1120 2156 1172 admonere

585 1211 862 1279 religionis
909 1218 1097 1263 vestrae
1124 1207 1424 1277 exemplis:
1463 1209 1634 1264 nostis
1668 1209 1758 1279 qui
1796 1209 1992 1263 divinis
2035 1224 2153 1278 my-

585 1303 768 1357 steriis
801 1303 1060 1355 interesse
1096 1299 1401 1354 consuestis
1426 1342 1439 1366 ,
1475 1301 1744 1368 quomodo
1773 1317 1892 1354 cum
1921 1300 2154 1369 suscipi-

588 1393 660 1446 tis
682 1407 876 1460 corpus
907 1391 1140 1453 Domini,
1165 1407 1288 1446 cum
1319 1391 1462 1445 omni
1487 1391 1697 1445 cautela
1729 1401 1782 1446 et
1810 1393 2155 1446 veneratione

585 1482 837 1545 servatis,
865 1495 932 1534 ne
958 1495 1022 1534 ex
1044 1494 1107 1534 eo
1129 1495 1317 1548 parum
1343 1483 1470 1551 quid
1502 1482 1732 1548 decidat,
1757 1497 1825 1536 ne
1849 1484 2152 1538 consecrati

585 1570 826 1625 muneris
854 1570 1056 1640 aliquid
1090 1570 1360 1624 dilabatur
1387 1570 1520 1642 (87).
1555 1572 1697 1627 Reos
1731 1573 1870 1627 enim
1912 1587 2005 1626 vos
2035 1588 2156 1627 cre-

586 1661 738 1724 ditis,
763 1670 818 1714 et
846 1669 990 1714 recte
1014 1660 1252 1724 creditis,
1277 1660 1320 1712 si
1349 1662 1476 1730 quid
1503 1661 1626 1716 inde
1653 1678 1749 1730 per
1772 1662 2154 1732 negligentiam

585 1752 814 1806 decidat.
863 1751 1013 1817 Quod
1062 1752 1102 1804 si
1129 1752 1272 1806 circa
1322 1765 1514 1818 corpus
1570 1752 1685 1820 ejus
1729 1753 2154 1807 conservandum

587 1853 735 1898 tanta
773 1844 985 1898 utimini
1023 1841 1252 1906 cautela,
1283 1853 1338 1895 et
1371 1843 1563 1898 merito
1597 1843 1811 1898 utimini
1839 1861 1853 1909 ;
1885 1845 2154 1913 quomodo

585 1935 784 2003 putatis
821 1935 1044 1992 minoris
1069 1948 1189 1989 esse
1212 1933 1409 2002 piaculi
1447 1937 1672 1990 verbum
1703 1936 1794 1990 Dei
1831 1937 2151 2006 neglexisse,

589 2026 745 2096 177
779 2042 936 2096 quain
969 2040 1163 2095 corpus
1200 2023 1350 2091 ejus?
1395 2024 1548 2080 Initia
1597 2042 1729 2096 ergo
1757 2027 2018 2096 jubentur
2067 2029 2153 2083 of-

583 2119 748 2183 ferre,
782 2119 883 2172 hoc
927 2129 1012 2172 est
1045 2118 1332 2186 primitias.
1376 2119 1474 2184 Qui
1519 2117 1684 2172 oﬂcrt
1726 2121 1868 2188 quod
1918 2120 2153 2189 primum

581 2220 698 2272 est,
753 2211 1062 2264 necessario
1120 2210 1318 2264 habeat
1373 2215 1488 2276 ipse
1530 2211 1673 2279 quod
1738 2209 2002 2280 reliquum
2050 2221 2151 2266 est.

586 2297 716 2351 Vide
756 2308 1017 2368 quantum
1070 2314 1168 2353 nos
1215 2308 1431 2367 oportet
1473 2299 1751 2354 abundare
1787 2316 1940 2362 auro.
1983 2316 2156 2370 quan-

585 2395 694 2439 tum
747 2398 996 2457 argento,
1045 2404 1110 2442 ac
1167 2388 1389 2456 reliquis
1438 2391 1690 2444 omnibus
1737 2407 1856 2459 qua:
1897 2389 2158 2458 jubeutur

581 2477 788 2544 oﬂ‘erri,
818 2488 877 2534 ut.
903 2491 957 2534 et
1007 2481 1234 2535 Domino
1265 2480 1579 2547 offeramus,
1620 2491 1675 2538 ct
1704 2484 1866 2538 nobis
1896 2483 2154 2552 supersit.

581 2567 768 2624 Primo
797 2571 939 2624 enim
967 2571 1208 2626 omnium
1236 2571 1396 2626 debet
1425 2587 1618 2628 sensus
1651 2589 1805 2628 meus
1852 2574 2156 2646 intelligere

586 2660 775 2729 Deum,
817 2671 872 2716 et
911 2663 1011 2732 ipsi
1047 2661 1243 2718 otTerre
1291 2664 1558 2732 primitias
1607 2665 1920 2722 intellectus
1953 2668 2060 2734 sui,
2098 2677 2158 2724 ιιι

585 2769 708 2809 cum
741 2757 906 2810 Deum
955 2755 1089 2812 bene
1127 2757 1470 2822 intellexerit,
1506 2758 1713 2828 reliqua
1761 2773 2158 2828 consequenter

583 2857 864 2915 agnoscat.
909 2847 1022 2902 Hoc
1050 2847 1216 2902 etiam
1270 2862 1454 2902 sermo
1500 2848 1697 2915 faciat,
1739 2849 1844 2904 hoc
1879 2858 1934 2903 et
1975 2850 2157 2904 omnia

586 2953 705 3006 quae
745 2939 796 2993 in
831 2940 987 2994 nobis
1016 2948 1161 3004 sunt,
1189 2949 1371 3008 agant.
1403 2940 1509 2995 Sed
1545 2941 1825 2996 videamus
1853 2953 1908 2996 et
1938 2953 2155 3010 caetera,

587 3031 938 3101 hyacinthum
971 3043 1024 3086 et
1058 3049 1374 3102 purpuram,
1420 3043 1477 3088 et
1523 3049 1753 3090 coccum
1788 3035 2155 3105 duplicatum,

584 3133 641 3176 et
693 3124 911 3192 hyssutn
948 3133 1168 3178 tortam.
1217 3122 1464 3190 Quatuor
1509 3126 1612 3180 ista
1665 3135 1792 3182 sunt
1843 3141 1910 3181 ex
1959 3127 2156 3196 quibus

585 3215 951 3268 coniiciuntur
1005 3215 1088 3270 vel
1128 3216 1398 3284 pontificis
1459 3218 1774 3273 indumenta
1826 3219 1912 3274 vel
1961 3231 2155 3275 caetera

585 3321 708 3376 qua:
735 3307 800 3361 ad
825 3322 1037 3362 sacrum
1072 3318 1329 3376 parantur
1352 3319 1626 3364 ornatum.
1664 3309 1739 3364 De
1775 3311 1861 3365 his
1903 3311 2160 3366 dixerunt

584 3399 806 3468 quidatu
842 3409 966 3455 ante
999 3417 1096 3456 nos
1143 3400 1256 3471 (88)
1284 3419 1298 3456 :
1329 3413 1383 3456 et
1429 3402 1572 3456 sicut
1623 3417 1730 3457 non
1781 3404 1941 3458 decet
1985 3404 2158 3458 aliena

579 3489 794 3556 furari,
842 3492 914 3545 ita
967 3495 1298 3549 conveniens
1349 3504 1478 3564 puto
1517 3494 1658 3550 bene
1711 3492 1874 3549 dictis
1936 3493 2161 3550 alterius

581 3599 690 3639 non
725 3585 873 3639 abuti
915 3585 1198 3642 fatentem.
1250 3585 1355 3641 Ista
1395 3603 1546 3657 ergo,
1582 3595 1722 3642 utet
1764 3589 2038 3658 prioribus
2085 3587 2162 3640 vi-

579 3693 702 3734 sum
755 3691 874 3746 est,
923 3691 1159 3749 quatuor
1225 3683 1658 3746 elementorum,
1715 3693 1780 3734 ex
1857 3680 2052 3749 quibus
2106 3689 2162 3734 et

586 3777 820 3830 numdus
855 3787 1065 3831 constat
1094 3789 1148 3833 et
1185 3792 1383 3846 corpus
1435 3777 1756 3838 humanum,
1794 3783 1977 3829 tenent
2020 3775 2159 3844 ligu-

583 3883 736 3932 ram,
784 3868 834 3921 id
880 3879 964 3923 est
1006 3871 1186 3935 aeris,
1231 3871 1395 3940 ignis.
1425 3883 1579 3938 aqua:
1610 3878 1665 3923 et
1711 3877 1888 3922 terrae.
1927 3865 2160 3937 Hyacin-

587 3964 714 4017 thus
737 3977 865 4033 ergo
895 3964 961 4019 ad
997 3979 1178 4020 aerem
1209 3963 1469 4029 refertur,
1501 3965 1604 4018 hoc
1633 3963 1777 4019 enim
1816 3964 1931 4033 ipse
1959 3963 2162 4017 indicat

589 4054 763 4120 color,
807 4056 942 4109 sicut
994 4065 1051 4110 et
1099 4071 1298 4110 coccus
1341 4057 1408 4108 ad
1464 4055 1667 4126 ignem.
1717 4054 1964 4124 Purpura
2009 4069 2163 4124 aqua:

593 4156 741 4202 tenet
769 4147 1016 4216 figuram,
1047 4147 1202 4224 quasi
1235 4161 1353 4216 qua:
1381 4147 1448 4201 de
1485 4145 1641 4214 aquis
1686 4145 1918 4214 accipiat
1954 4145 2160 4200 fucum.

583 4240 785 4313 Byssus
820 4249 997 4304 terrae,
1035 4241 1161 4310 quia
1191 4239 1368 4293 oritur
1407 4255 1471 4294 ex
1521 4247 1685 4293 terra.
1719 4238 1992 4294 Habemus
2033 4254 2162 4309 ergo

583 4343 640 4385 et
686 4347 786 4386 nos
830 4331 944 4384 haec
988 4330 1171 4383 omnia
1219 4327 1271 4381 in
1311 4327 1487 4389 nobis,
1535 4337 1590 4381 et
1637 4329 1760 4398 quia
1804 4344 1870 4383 ex
1918 4330 2002 4384 his
2054 4331 2164 4399 pri-

585 4424 766 4478 mitias
823 4423 1051 4478 Domiuo
1101 4421 1354 4490 jubetnur
1411 4420 1646 4488 offerre,
1699 4422 1819 4475 ideo
1876 4421 2010 4476 dicit
2052 4424 2097 4456 ⁷⁸
2142 4440 2156 4476 :

2261 571 2639 641 proferendum
2671 571 2838 624 multo
2865 569 3188 624 tlilIiciIiora.
3231 571 3584 643 Verumtamen,
3608 598 3708 650 ρτυυι

2259 664 2516 718 Dominus
2573 661 2817 727 dederit,
2875 661 3204 716 tentabimus
3251 661 3532 732 explanare.
3561 669 3710 741 Oportet

2255 755 2398 808 enim
2431 762 2484 808 et
2515 753 2618 808 diei
2651 753 2854 821 aliqua,
2883 762 2938 806 et
2970 751 3248 822 aliquanta
3276 757 3482 811 servari.
3508 757 3709 826 Videamus

2255 861 2386 916 ergo
2421 861 2525 915 qua
2559 846 2772 900 ratione
2802 860 3028 900 coccum
3060 845 3257 899 dixerit
3286 847 3591 916 duplicatum.
3608 857 3711 918 color

2259 937 2382 1001 iste,
2422 947 2480 990 ut
2519 933 2786 1003 diximus,
2828 937 2970 1006 ignis
3026 937 3229 991 iudicat
3277 937 3582 997 elementum.
3620 948 3710 1019 Ignis

2258 1037 2437 1082 autem
2485 1028 2756 1097 duplicem
2806 1029 2970 1082 habet
3017 1028 3306 1094 virtutem,
3347 1045 3492 1085 uuam
3520 1049 3603 1103 qua
3639 1041 3712 1094 illa.

2258 1120 2448 1184 minat,
2478 1119 2639 1173 aliam
2682 1133 2786 1189 qua
2823 1119 3080 1174 incendit.
3109 1118 3232 1174 lltec
3262 1130 3341 1174 cst
3383 1122 3583 1180 historiae
3605 1131 3711 1188 ratio.

2263 1209 2549 1266 Veniamus
2573 1221 2628 1265 et
2661 1211 2727 1264 ad
2766 1210 3171 1265 intellectualia.
3200 1210 3374 1264 Etiam
3415 1213 3462 1267 in
3498 1216 3600 1285 ipsis
3626 1221 3714 1286 ignis

2257 1301 2451 1368 duplex
2484 1311 2570 1356 est
2618 1301 2753 1373 (89).
2787 1302 2880 1356 Est
2925 1302 3063 1372 ignis
3105 1304 3327 1372 quidam
3368 1305 3415 1357 in
3451 1307 3537 1361 hoc
3569 1317 3713 1378 κείων,

2256 1403 2340 1448 est
2387 1403 2440 1447 et
2484 1395 2536 1447 in
2585 1394 2785 1448 futuro.
2823 1393 3080 1448 Dominus
3118 1393 3276 1447 Jesus
3316 1396 3438 1448 dicit
3461 1397 3535 1452 7°:
3566 1401 3716 1470 (Ignem

2259 1487 2376 1541 veni
2416 1488 2630 1540 mittere
2662 1488 2714 1540 iu
2749 1497 2969 1540 terram.
3003 1507 3021 1540 ι
3060 1487 3200 1555 Ignis
3235 1487 3333 1542 iste
3363 1488 3610 1549 illuminat.
3635 1497 3716 1552 Item

2260 1593 2447 1632 rursus
2486 1579 2743 1633 Dominus
2797 1580 2939 1634 dicet
2984 1579 3038 1633 iu
3089 1581 3271 1633 l'tttnro
3317 1583 3554 1649 Operariis
3583 1586 3715 1656 iniqui-

2261 1671 2388 1724 tatis
2411 1671 2455 1702 ⁷⁷
2485 1687 2500 1723 :
2539 1689 2558 1724 ι
2585 1670 2662 1725 lte
2691 1671 2744 1726 in
2776 1672 2953 1742 ignem
2984 1681 3274 1736 aeternum,
3306 1687 3455 1741 quem
3490 1683 3719 1746 pmpamit

2258 1760 2415 1814 Pater
2449 1777 2600 1815 meus
2633 1761 2847 1817 diabolo
2888 1771 2943 1817 et
2977 1761 3185 1833 angelis
3214 1760 3354 1830 eius.
3380 1781 3399 1815 ι
3427 1762 3510 1820 Illo
3539 1766 3644 1834 ignis
3671 1773 3719 1824 itt-

2258 1854 2456 1908 cendit.
2491 1851 2874 1908 Verumtamen
2916 1855 3018 1910 iste
3052 1854 3214 1922 ignis,
3244 1869 3402 1924 quem
3431 1859 3557 1912 venit
3579 1862 3720 1916 mittere

2257 1945 2435 2013 Jesus,
2470 1946 2734 2001 illuminat
2768 1947 2985 2016 quidem
3017 1961 3232 2004 omnem
3288 1949 3538 2005 hominem
3572 1954 3718 2007 veitier

2260 2047 2364 2092 tem
2398 2039 2450 2092 itt
2487 2039 2634 2094 hunc
2659 2037 2916 2093 mundum
2943 2039 3010 2104 ⁷⁸,
3043 2039 3203 2095 habet
3233 2049 3412 2094 tamen
3449 2042 3614 2112 aliquid
3633 2050 3719 2113 quot

2258 2140 2311 2186 et
2361 2130 2650 2196 incendat,
2700 2133 2842 2187 sicut
2885 2132 3220 2189 conﬁtentur
3259 2134 3336 2188 illi
3376 2135 3461 2204 qui
3512 2135 3718 2190 dicunt":

2264 2241 2282 2274 ι
2322 2222 2512 2278 Nonne
2551 2239 2647 2280 cor
2696 2232 2939 2279 nostrum
2991 2226 3190 2280 ardens
3223 2234 3343 2280 erat
3380 2228 3508 2282 intra
3537 2244 3721 2294 nos,cam

2257 2311 2567 2377 adaperiret
2611 2312 2768 2367 nobis
2818 2313 3170 2382 Scripturas?
3205 2333 3225 2366 ι
3273 2315 3444 2370 Simul
3485 2331 3592 2388 ergo
3613 2321 3720 2374 etin-

2257 2401 2528 2456 cendebat
2577 2411 2634 2457 et
2691 2402 3068 2469 illuminabat,
3121 2405 3438 2475 adaperiens
3487 2408 3723 2480 Scriptum.

2256 2492 2454 2550 Nescio
2489 2503 2672 2549 autem
2715 2494 2760 2550 si
2796 2505 2852 2551 et
2879 2495 2968 2550 ille
3005 2496 3146 2566 ignis
3180 2498 3232 2551 in
3285 2498 3463 2552 futuro
3495 2502 3651 2555 sacqu
3670 2506 3725 2569 qui

2257 2583 2528 2652 incendit,
2586 2584 2781 2640 habeat
2831 2585 3032 2654 aliquid
3090 2589 3230 2656 quod
3288 2597 3346 2643 et
3393 2571 3638 2645 illuminat.
3672 2593 3728 2647 Est

2257 2686 2407 2742 ergo,
2451 2683 2507 2726 ut
2539 2674 2894 2742 ostendimus,
2933 2685 3121 2730 natura
3153 2677 3298 2748 ignis
3349 2679 3550 2748 duplex,
3584 2693 3625 2736 et
3654 2684 3726 2735 ideo

2253 2759 2475 2828 jubetur
2519 2759 2705 2816 olTerri
2753 2777 2952 2820 coccus
2999 2765 3328 2836 duplicatus.
3377 2768 3618 2832 Quomodo
3651 2788 3729 2840 ergo

2261 2867 2356 2906 nos
2385 2851 2582 2909 offerre
2624 2869 2910 2925 possumus
2954 2857 3130 2926 ignem
3179 2858 3342 2913 istum
3391 2859 3662 2930 duplicatum
3689 2863 3727 2915 id

2258 2945 2542 3000 aedilicium
2577 2947 2931 3014 tabernaculi,
2959 2949 3262 3004 videamus.
3307 2951 3366 3004 Si
3402 2952 3570 3008 doctor
3595 2969 3653 3016 es,
3676 2970 3729 3007 ei-

2260 3037 2424 3092 struis
2464 3037 2868 3094 tabernaculum
2901 3037 3176 3097 aadilicans
3207 3041 3500 3098 Ecclesiam
3528 3045 3626 3108 Dei;
3652 3049 3732 3098 dicit

2260 3139 2392 3193 ergo
2418 3135 2472 3181 et
2512 3128 2579 3182 ad
2617 3136 2667 3182 te
2699 3128 2840 3184 Deus
2872 3130 3015 3198 quod
3046 3141 3101 3186 et
3138 3134 3207 3186 ad
3240 3131 3525 3190 Jeremiam
3563 3136 3730 3192 dixit”:

2264 3235 2283 3268 ι
2313 3215 2454 3273 Ecce
2485 3218 2604 3274 dedi
2645 3220 2811 3276 verba
2840 3235 2957 3277 mea
2989 3221 3042 3276 in
3082 3238 3145 3278 os
3179 3231 3356 3291 tuum,
3384 3245 3401 3277 ι
3432 3227 3478 3282 id
3504 3238 3574 3283 est
3599 3228 3731 3298 ignem.

2263 3311 2318 3366 Si
2346 3325 2476 3380 ergo
2503 3311 2702 3368 docens
2727 3323 2780 3369 et
2813 3315 3088 3371 mdiﬁcaus
3112 3317 3413 3374 Ecclesiam
3441 3320 3542 3389 Dei,
3566 3319 3735 3388 increpa

2264 3405 2635 3458 tantummodo
2675 3415 2731 3460 et
2766 3421 2961 3476 arguas
2993 3417 3046 3462 ct
3091 3410 3352 3478 castiges,
3389 3419 3442 3464 et
3471 3422 3647 3480 peccata
3680 3426 3736 3478 po-

2262 3495 2370 3562 puli
2411 3495 2725 3563 cxprobres,
2767 3497 2906 3552 nihil
2947 3510 3126 3554 autem
3153 3485 3541 3557 consolationis
3573 3502 3735 3572 prolem

2260 3585 2327 3642 de
2379 3587 2677 3656 Scripturis
2735 3588 2970 3657 divinis,
3021 3592 3316 3646 obscurum
3371 3593 3500 3647 nihil
3542 3593 3734 3661 explancs,

2263 3679 2396 3734 nihil
2453 3680 2695 3735 scientia:
2762 3681 3130 3750 profundioris
3177 3685 3439 3758 attingas,
3487 3699 3573 3740 nec
3605 3682 3737 3752 aliquid

2263 3770 2632 3840 intelligentia:
2683 3771 3009 3826 sacratioris
3045 3773 3285 3840 aperias,
3335 3774 3561 3829 obtulisti
3597 3775 3737 3840 quidem

2262 3878 2505 3928 coccum,
2537 3863 2630 3918 sed
2663 3879 2769 3919 non
2807 3865 3163 3934 duplicatum.
3225 3865 3374 3935 Ignis
3404 3869 3540 3923 enim
3579 3877 3670 3918 tuus
3690 3864 3738 3912 iu-

2263 3955 2446 4010 cendit
2483 3956 2873 4019 tantummodo,
2921 3965 2976 4010 et
3011 3969 3119 4010 non
3170 3957 3460 4013 illuminat.
3498 3958 3557 4012 Et
3599 3967 3739 4008 rursum

2263 4047 2309 4102 si
2353 4047 2552 4104 docens
2601 4052 2860 4122 mysteria
2902 4051 3036 4121 legis
3083 4051 3320 4122 aperias.
3367 4062 3660 4107 secretorum
3686 4059 3740 4097 ar-

2263 4153 2398 4192 cana
2456 4139 2753 4209 discutias,
2798 4157 3112 4214 peccantem
3159 4159 3289 4215 vero
3330 4159 3436 4198 nou
3473 4155 3653 4212 arguat.
3684 4152 3741 4190 ηε·

2263 4231 2552 4302 gligentem
2610 4249 2717 4290 non
2777 4238 3082 4307 corripias,
3133 4239 3482 4294 severitatem
3530 4231 3742 4301 disriplimt

2266 4341 2370 4380 non
2423 4337 2636 4394 teneas,
2677 4331 2920 4387 obtulisti
2990 4333 3204 4402 quidem
3267 4345 3529 4394 coccum,
3566 4327 3640 4394 sed
3679 4336 3742 4375 υοιι

2265 4419 2616 4490 duplicatum.
2646 4421 2791 4493 Ignis
2825 4424 2967 4478 enim
3001 4434 3123 4478 tuus
3154 4433 3363 4478 tantum
3407 4423 3657 4479 illuminat,
3679 4427 3743 4466 non

592 4536 612 4568 ι
650 4517 863 4571 Sumite
907 4532 974 4570 ex
1019 4515 1174 4570 vobis
1208 4514 1360 4585 ipsis,
1395 4524 1450 4569 et
1494 4514 1686 4569 olferte
1732 4515 2000 4584 primitias
2051 4517 2154 4571 Do-
2189 4515 2232 4571 D
2263 4513 2532 4568 accendit.
2577 4515 2679 4580 Qui
2710 4531 2840 4586 ergo
2886 4525 3032 4571 recte
3084 4515 3277 4580 ulfcrt,
3321 4523 3380 4571 et
3426 4523 3562 4570 recte
3602 4505 3744 4564 diviti“.

583 4622 753 4661 mino.
786 4626 805 4658 ι

659 4699 710 4752 «ι.
752 4696 953 4752 Verum
985 4698 1126 4751 istud
1173 4696 1632 4753 considerandum
1669 4705 1819 4767 puto,
1851 4699 1994 4768 quod
2029 4713 2152 4753 cum

583 4790 653 4846 de
684 4791 902 4844 czeteris
968 4789 1294 4859 simpliciter
1343 4791 1479 4846 dixit
1529 4789 1774 4860 Moyses,
1831 4799 2040 4844 tantum
2089 4789 2156 4844 de

585 4896 753 4938 cocco
783 4880 988 4936 addidit
1017 4881 1384 4950 duplicatum,
1429 4891 1484 4936 et
1527 4882 1749 4953 byssum
1796 4891 2014 4936 tortam.
2053 4880 2157 4934 Re-

584 4976 820 5047 quiritur
841 4991 990 5044 ergo,
1017 4990 1114 5029 cur
1143 4973 1277 5029 alias
1308 4975 1526 5043 quidem
1563 4973 1844 5038 materias,
1869 4988 1932 5026 ex
1959 4973 2156 5042 quibus

581 5081 640 5123 et
675 5079 870 5122 cmtera
906 5067 1215 5120 iudicantur
1242 5065 1536 5130 elementa,
1565 5065 1888 5135 simpliciter
1923 5064 2154 5130 dixerit;

582 5175 804 5214 coccum
836 5174 943 5230 quo
989 5157 1132 5226 ignis
1173 5158 1506 5228 designatur,
1555 5157 1730 5212 solum
1781 5155 2027 5226 posuerit
2061 5155 2157 5208 du-

2263 4617 2484 4659 coccum
2527 4604 2688 4661 oﬂ'ert
2717 4607 3062 4676 duplicatum,
3100 4617 3158 4660 ut
3191 4623 3316 4663 cum
3354 4603 3582 4661 scientia:
3614 4598 3745 4655 lumine

2267 4698 2556 4769 igniculum
2585 4700 2893 4754 severitatis
2925 4699 3240 4754 admisceat.
3325 4723 3336 4734 ι

2336 4789 2388 4842 5.
2431 4790 2568 4856 Quid
2613 4799 2793 4844 autem
2841 4791 2942 4846 sibi
2993 4791 3121 4846 velit
3148 4801 3201 4846 et
3254 4791 3450 4861 byssus
3480 4795 3603 4844 tom
3630 4780 3749 4834 vide:-

2268 4894 2411 4934 mus.
2455 4879 2520 4934 Et
2562 4879 2652 4934 hic
2686 4881 2829 4934 enim
2873 4879 3021 4934 dedit
3071 4879 3273 4949 aliquid
3325 4871 3648 4932 additamenti
3683 4878 3750 4934 prs

2262 4972 2472 5026 caeteris
2518 4972 2822 5027 elementis.
2866 4971 3091 5042 Byssum
3143 4971 3388 5026 diximus
3427 4979 3576 5025 terra:
3613 4962 3751 5017 habe"

2263 5063 2514 5131 formam,
2547 5064 2688 5134 quod
2724 5075 2809 5120 est
2857 5082 2984 5121 caro
3031 5077 3236 5122 nostra.
3285 5063 3518 5118 Carnem
3559 5068 3661 5124 ergo
3684 5062 3751 5099 ιιίέιι

2265 5154 2379 5210 vult
2413 5156 2594 5212 oll‘erri
2629 5157 2737 5212 Deo
2783 5156 3083 5213 ﬂuitantem
3117 5157 3267 5220 luxu,
3300 5164 3358 5211 et
3389 5150 3584 5209 deliciis
3608 5139 3753 5200 resolu-

659 5307 708 5342 ⁷⁸
739 5306 908 5361 Exod.
931 5321 1094 5372 xxxv,
1133 5303 1186 5357 5.
1260 5302 1306 5335 ⁷⁸
1346 5302 1476 5358 Luc.
1509 5318 1620 5368 xu,
1644 5301 1736 5356 49.
1812 5301 1855 5332 ⁷⁷
1897 5299 2088 5354 Matth.
2117 5317 2148 5354 ι

2269 5299 2356 5354 41.
2436 5301 2482 5334 ⁷⁸
2517 5298 2677 5356 Joan.
2703 5317 2742 5368 ι,
2765 5300 2819 5356 9.
2894 5301 2939 5333 ⁷⁸
2976 5299 3110 5356 Luc.
3142 5314 3287 5364 xxtv,
3316 5297 3409 5353 32.
3482 5293 3526 5326 “
3554 5291 3648 5346 Jer.
3673 5279 3755 5347 t,9o

675 5497 766 5558 87)
805 5496 886 5550 Ne
919 5493 1208 5548 consecrati
1250 5491 1480 5546 numeris
1508 5491 1708 5561 aliquid
1745 5490 2034 5561 dilabatur.
2073 5489 2149 5543 Ita

582 5561 754 5622 etiatn'
794 5565 1156 5619 Tertulliantts
1213 5562 1307 5618 lib.
1357 5563 1432 5616 De
1486 5560 1725 5615 corona:
1773 5560 2012 5614 «Culicis
2059 5569 2153 5613 aut

583 5639 738 5707 panis
776 5638 938 5691 etiam
974 5635 1142 5690 nostri
1179 5634 1380 5702 aliquid
1433 5631 1608 5687 decuti
1668 5631 1720 5684 iu
1759 5640 1956 5683 terrain
1989 5630 2153 5684 anxie

585 5717 838 5775 patimur.
878 5726 896 5758 ι
2059 5767 2070 5779 ⁸

659 5776 768 5847 (88)
825 5775 1052 5842 Quidam
1110 5784 1233 5828 ante
1301 5790 1415 5826 nos.
1459 5770 1680 5840 Ioseph.
1719 5769 1812 5826 lib.
1843 5785 1901 5824 ιιι
1944 5768 2150 5838 Anttq.,

2260 5507 2380 5562 cap.
2399 5489 2459 5562 β,
2474 5495 2553 5562 _et_
2577 5485 2732 5562 Philo
2757 5484 2834 5538 De
2868 5486 2973 5562 uita
3006 5483 3244 5562 Moysis._
3277 5549 3289 5562 .
3338 5557 3351 5562 _
3393 5548 3428 5562 η
3476 5555 3595 5562 -.Ψ
3622 5538 3673 5562 ,π

2333 5538 2810 5630 ξ’έεῑ)ἰζιἰ)ἷ·ί“ξιίιθα
2833 5538 2968 5630 etliti
2995 5571 3010 5608 :
3041 5572 3060 5604 ι
3095 5538 3158 5606 Et
3181 5551 3245 5606 ad
3276 5538 3753 5630 intellectumililjf;

2264 5607 2441 5685 Etiani
2475 5607 2628 5698 ignis
2658 5607 3012 5696 ipse-duplex
3054 5633 3194 5693 est,»
3241 5623 3337 5678 sed
3385 5607 3755 5679 manuscripliul

2267 5703 2320 5757 in
2349 5708 2536 5756 nostro
2569 5707 2739 5753 textu.
