3876 6498
213 303 302 360 593
1356 293 1424 347 1N
1462 294 1749 351 EXODUM
1789 294 2075 350 HOMiLiA
2116 292 2257 349 Xlll.

3354 296 3459 355 5M

216 434 329 485 tam,
379 416 473 470 sed
522 412 766 483 torqueri
809 412 962 483 jubet
1011 427 1130 468 eam
1176 421 1231 469 et
1280 416 1604 487 constringi.
1640 416 1772 483 Quis
1801 423 1847 479 Α
1875 417 2055 473 omnia
2104 428 2269 485 opera
2339 426 2596 467 manuum
2643 425 2865 467 suarum
2911 426 3033 483 quae
3078 413 3132 469 in
3188 417 3461 475 mandatis

216 524 326 581 ergo
361 517 445 563 est
472 508 565 577 qui
598 506 889 576 torquebat
921 520 1141 562 carnem
1171 507 1352 562 suam?
1376 508 1468 563 ille
1510 510 1772 564 nimirum

217 602 294 671 qui
338 596 542 653 dixit“
572 614 584 650 :
619 614 638 648 ε
668 596 885 652 Macero
929 611 1133 666 corpus
1174 614 1376 665 meum,
1415 609 1470 653 et
1512 599 1567 654 in
1601 600 1777 655 servi-

217 702 370 747 tutem
417 689 667 759 subjicio,
698 705 766 742 ne
811 690 948 743 forte
993 706 1115 744 cum
1162 690 1283 745 aliis
1332 693 1773 761 praedicaverim,

216 785 319 853 ipse
369 784 636 851 reprobus
689 782 917 839 elIiciar.
953 802 971 834 ι
1032 782 1123 837 Sic
1172 799 1301 855 ergo
1349 794 1433 838 est
1478 784 1676 839 utilcrre
1721 797 1776 840 et

213 876 414 947 byssum
450 883 674 941 tortam,
704 890 921 929 carnem
958 876 1305 938 abstinentia,
1340 876 1541 945 vigiliis
1578 887 1632 932 et
1665 894 1776 932 me-

216 969 517 1023 ditationum
550 967 732 1023 labnre
768 967 1057 1021 conﬁcere.
1094 966 1404 1023 Oliernntur
1436 979 1492 1025 et
1534 971 1627 1041 pili
1680 986 1775 1024 ca-

215 1074 436 1127 prarum.
476 1058 587 1113 lloc
637 1076 807 1129 genus
857 1060 1081 1129 pecudis
1131 1061 1184 1114 in
1239 1060 1355 1132 lege
1408 1077 1508 1130 pro
1548 1078 1776 1130 peccato

216 1150 413 1218 iubetur
463 1150 668 1207 olIcrri.
714 1153 861 1208 Pilus
914 1171 1043 1210 vero
1091 1155 1302 1226 species
1353 1163 1438 1210 est
1485 1166 1773 1219 emortua,

216 1241 491 1310 exsanguis
518 1252 573 1296 et
608 1244 898 1299 exanimis.
930 1245 1081 1301 lianc
1117 1247 1207 1316 qui
1239 1243 1423 1311 oﬂ‘ert,
1457 1246 1695 1300 ostendit
1722 1245 1775 1299 in

215 1349 269 1390 se
310 1349 523 1389 sensum
560 1337 764 1405 peccati
797 1338 912 1404 jam
945 1349 1242 1400 mortuum,
1293 1352 1393 1391 nec
1424 1336 1475 1389 in
1522 1336 1778 1389 membris

215 1428 317 1483 suis
364 1427 503 1480 ultra
559 1430 739 1483 vivere
794 1435 890 1483 aut
945 1443 1177 1499 regnare
1232 1438 1536 1499 peccatum.
1600 1427 1777 1482 Pelles

213 1533 417 1590 quoque
466 1517 772 1574 offeruntur
819 1522 1075 1575 arietum.
1134 1522 1372 1576 Arietem
1436 1524 1600 1574 etlam
1652 1530 1779 1573 ante

212 1626 304 1667 nos
335 1610 551 1679 quidam
584 1627 684 1681 pro
729 1613 911 1667 furore
962 1623 1277 1683 posuerunt.
1331 1613 1399 1667 Et
1449 1614 1577 1683 quia
1621 1612 1779 1683 pellis

216 1705 401 1759 mortui
444 1706 694 1760 animalis
732 1707 987 1761 indicium
1021 1718 1128 1770 est,
1158 1709 1397 1763 ostendit
1432 1710 1483 1762 in
1534 1723 1591 1763 se
1626 1707 1779 1761 furo-

1879 508 2092 564 Domini
2128 507 2262 577 agit.

1948 600 2001 657 6.
2038 600 2267 655 Additur
2304 607 2427 668 post
2460 600 2600 661 haec,
2628 599 2753 667 quia
2781 607 2834 653 et
2863 600 3002 668 apud
3033 616 3193 670 quem
3235 602 3457 660 inventa

1878 700 2008 746 sunt
2043 691 2186 761 ligna
2225 688 2607 760 imputribilia,
2644 690 2839 745 obtulit
2876 692 3003 748 Deo.
3038 693 3094 749 Si
3128 694 3253 764 quis
3281 695 3463 766 diligit

1878 783 2154 838 Christum
2178 782 2491 847 Dominum,
2513 782 2714 853 lignum
2752 784 3085 855 imputribile
3118 796 3172 841 et
3196 786 3249 841 in
3278 789 3459 845 incor-

1880 875 2131 944 ruptione
2183 872 2342 929 oﬂ'ert
2390 874 2641 930 Domino.
2688 874 2887 930 Beatus
2936 893 3066 945 ergo
3114 882 3253 950 apud
3297 895 3459 947 quem

1879 966 2174 1030 invenitur,
2204 965 2287 1019 vel
2316 981 2507 1020 sensus
2541 966 2909 1037 incorruptus,
2938 970 3018 1024 vel
3052 986 3247 1039 corpus
3281 972 3463 1028 incor-

1879 1072 2128 1131 ruptum,
2171 1071 2225 1112 et
2284 1060 2385 1112 hoc
2436 1058 2596 1114 offert
2640 1060 2768 1115 Deo.
2822 1059 2976 1117 Unde
3026 1072 3081 1117 et
3127 1064 3263 1120 bene
3305 1067 3462 1121 valde

1880 1153 2016 1207 dixit
2044 1152 2134 1205 ³⁸ε
2175 1170 2193 1202 ‹
2226 1150 2383 1218 Apud
2437 1166 2595 1219 quem
2635 1154 2852 1208 inventa
2896 1164 3024 1208 sunt
3079 1156 3220 1225 ligna
3287 1160 3463 1228 impn-

1882 1238 2101 1292 tribilia.
2146 1257 2164 1291 ι
2204 1237 2319 1291 Non
2360 1242 2504 1293 enim
2546 1242 2687 1310 apud
2724 1257 2913 1297 omnes
2939 1244 3289 1300 inveniuntur
3319 1249 3462 1318 ligna

1882 1330 2259 1399 imputribilia.
2296 1331 2368 1385 De
2407 1345 2539 1386 auro
2574 1347 2679 1386 non
2717 1332 2856 1388 dixit
2889 1350 3064 1405 neque
3102 1338 3169 1391 de
3208 1350 3456 1408 argento,

1881 1426 2021 1495 apud
2058 1439 2218 1493 quem
2257 1427 2536 1479 inventum
2569 1434 2671 1480 est.
2699 1426 2883 1481 Potest
2912 1430 3055 1483 enim
3093 1432 3233 1500 apud
3266 1448 3460 1490 omnes

1882 1516 2117 1569 inveniri
2155 1531 2349 1571 sensus
2377 1525 2429 1571 et
2476 1530 2675 1571 sermo.
2716 1517 2822 1573 Sed
2858 1534 2955 1575 nec
2990 1524 3055 1575 de
3103 1534 3338 1593 quatuor
3371 1541 3465 1581 co-

1883 1606 2088 1662 loribus
2126 1609 2229 1663 hoc
2263 1608 2418 1662 dixit.
2452 1606 2705 1663 Omnium
2740 1627 2974 1682 namque
3001 1624 3083 1669 est
3122 1631 3187 1670 ex
3225 1628 3463 1687 quatuor

1882 1710 2140 1756 constare
2178 1701 2475 1756 secundum
2507 1714 2703 1770 corpus
2742 1704 3047 1761 elementis.
3079 1707 3246 1780 Ligna
3282 1722 3461 1766 autem

214 1811 319 1851 rem
358 1806 628 1851 mortuum
672 1800 762 1868 qui
815 1800 921 1853 Deo
951 1798 1109 1855 oll'ert
1156 1805 1388 1855 arietum
1426 1800 1615 1870 pelles.
1649 1799 1777 1853 Post
1809 1810 1851 1863 Β
1883 1793 2268 1863 imputribilia,
2312 1795 2363 1849 id
2410 1804 2513 1860 est,
2546 1795 2976 1867 incorruptionis
3023 1812 3074 1855 et
3124 1805 3464 1873 virginitatis

212 1887 353 1941 haec:
391 1903 411 1937 ι
435 1886 502 1940 Ει
541 1888 665 1951 viri,
708 1889 884 1959 inquit
908 1890 977 1954 θ’,
1012 1900 1338 1959 acceperunt
1379 1908 1407 1942 a
1456 1890 1777 1947 mulieribus

210 1981 333 2044 suis,
361 1995 553 2035 omnes
597 1983 794 2051 quibus
827 1985 998 2036 visum
1039 1992 1122 2037 est
1156 1998 1315 2037 sensu
1359 1981 1494 2051 (90),
1534 1993 1587 2037 et
1628 1992 1775 2035 attu-

210 2070 377 2125 lerunt
420 2086 684 2141 gemmas,
733 2083 787 2127 et
836 2074 1077 2137 inaures,
1121 2085 1173 2128 et
1218 2076 1468 2138 annulos,
1515 2085 1563 2129 et
1616 2076 1778 2147 178

211 2164 608 2226 discriminalia,
640 2174 692 2218 et
734 2165 1049 2219 dextralia.»
1091 2165 1252 2221 Vides
1288 2177 1343 2222 et
1378 2168 1467 2223 hic
1501 2172 1775 2238 quomodo

210 2255 277 2309 illi
319 2252 553 2309 afferunt
602 2256 737 2309 dona
792 2257 920 2321 Deo,
953 2258 1043 2325 qui
1089 2259 1254 2313 corde
1301 2260 1523 2324 vident,
1558 2262 1648 2324 qui
1694 2261 1778 2314 in-

211 2347 471 2403 tellectum
510 2349 671 2402 corde
720 2349 1053 2417 concipiunt,
1096 2350 1186 2418 qui
1223 2361 1458 2405 mentem
1506 2353 1776 2406 intentam

206 2452 261 2497 et
295 2440 533 2495 deditam
570 2441 772 2495 habent
814 2442 882 2495 ad
915 2444 1138 2496 verbum
1188 2441 1303 2498 Dei.
1348 2443 1440 2497 Isti
1489 2458 1619 2513 ergo
1650 2444 1781 2498 atie-

208 2541 327 2589 runt
373 2548 626 2596 munera,
658 2544 711 2588 et
748 2533 986 2588 afferunt
1032 2536 1195 2590 etiam
1232 2552 1260 2590 a
1304 2537 1625 2592 mulieribus
1668 2540 1781 2593 suis

212 2627 496 2692 «inaures,
544 2626 745 2696 inquit,
783 2636 838 2680 et
884 2642 1149 2697 gemmas,
1178 2637 1232 2684 et
1282 2629 1574 2685 dextralia.
1602 2648 1620 2681 ι
1666 2630 1781 2685 Mu-

209 2720 302 2774 lier
350 2718 464 2790 (9|)
527 2720 823 2774 secundum
880 2720 1230 2791 allegoricam
1288 2722 1582 2789 rationem,
1640 2738 1781 2795 saepe

201 2812 305 2881 jam
346 2812 611 2878 diximus,
644 2814 786 2883 quod
829 2829 956 2868 caro
1000 2816 1262 2884 accipitur
1297 2826 1351 2871 et
1409 2817 1492 2871 vir
1538 2818 1783 2875 rationa-

207 2905 321 2961 bilis
349 2919 569 2960 sensus.
620 2908 780 2960 Bona:
826 2916 955 2961 sunt
1002 2923 1132 2979 ergo
1186 2909 1304 2963 ista:
1358 2912 1616 2969 mulieres
1661 2929 1781 2983 qua:

207 2996 459 3051 obediunt
492 2998 625 3052 viris
652 2999 785 3051 suis.
822 2997 970 3053 Bona
1004 3008 1086 3054 est
1116 3014 1245 3055 caro
1273 3016 1391 3069 qum
1413 3002 1524 3072 jam
1562 3006 1780 3075 spiritui

208 3104 306 3144 non
344 3098 631 3160 repugnat,
663 3091 756 3145 sed
789 3091 1129 3160 obtemperat
1157 3105 1212 3148 et
1244 3096 1539 3161 consentit,
1570 3106 1625 3151 et
1662 3098 1782 3153 ideo

1880 1887 2073 1955 gratia,
2106 1888 2246 1956 apud
2280 1903 2460 1941 rarum
2505 1905 2776 1959 quemque
2806 1894 3037 1947 inveniri
3081 1906 3281 1964 potest,
3320 1898 3464 1953 sicut

1880 1990 1935 2035 et
1970 1981 2229 2035 Dominus
2261 1981 2389 2035 dicit
2412 1984 2497 2037 al‘:
2535 2002 2553 2035 ι
2584 1985 2701 2038 Non
2748 2000 2938 2042 omnes
2971 1990 3196 2057 cnpiunt
3234 1994 3458 2046 verbum

1880 2072 2049 2138 istud,
2075 2074 2167 2127 sed
2203 2073 2397 2142 quibus
2428 2077 2612 2130 datum
2643 2086 2778 2131 est.»

1954 2152 2004 2220 7.
2039 2165 2144 2222 Sed
2172 2176 2225 2222 et
2255 2186 2272 2218 ι
2304 2168 2602 2239 principes,
2637 2172 2808 2241 inquit
2832 2173 2901 2238 ⁸⁷,
2926 2174 3241 2230 obtulerunt
3268 2196 3285 2229 ι
3322 2178 3460 2232 dona

1886 2274 2005 2314 sua.
2046 2258 2174 2326 Quae
2210 2268 2334 2313 sunt
2368 2260 2469 2315 ista
2501 2265 2639 2317 dona
2689 2279 2810 2333 qum
2859 2266 3136 2337 principes
3183 2268 3462 2325 oﬂ‘erunt?

1887 2368 1905 2401 ι
1934 2350 2212 2413 Gemmas,
2252 2350 2443 2421 inquit,
2477 2354 2812 2419 obtulerunt,
2845 2366 2899 2412 et
2952 2360 3161 2427 lapides
3210 2376 3461 2433 smarag-

1882 2444 2001 2511 dos,
2026 2455 2080 2499 et
2099 2444 2303 2513 lapides
2332 2445 2666 2515 rcpletionis,
2693 2460 2746 2503 et
2778 2449 2981 2519 lapides
3022 2453 3458 2511 adhumeralcs.»

1883 2535 2111 2606 Lapides
2161 2539 2477 2609 repletionis
2526 2541 2810 2606 dicuntur,
2856 2544 2945 2612 qui
2983 2555 3259 2615 ponuntur
3292 2548 3344 2601 in
3382 2548 3463 2603 lo-

1884 2625 1992 2697 gio,
2031 2627 2133 2683 hoc
2183 2640 2261 2684 est
2302 2630 2392 2697 qui
2439 2630 2492 2684 in
2542 2642 2765 2699 pectore
2802 2633 3073 2701 pontificis
3104 2635 3461 2706 collocantur,

1884 2717 2129 2789 inscripti
2179 2723 2395 2778 nomine
2431 2723 2544 2795 (92)
2583 2725 2817 2779 tribuum
2857 2725 3091 2782 filiorum
3129 2727 3317 2785 Israel.
3349 2730 3463 2786 Hoc

1883 2811 2029 2879 quod
2104 2812 2303 2868 dicitur
2370 2813 2585 2884 logiou,
2635 2815 2686 2870 id
2736 2826 2821 2871 est
2887 2820 3184 2885 rationale,
3241 2822 3330 2886 qui
3380 2831 3465 2877 cst

1884 2915 2095 2970 pannus
2127 2904 2354 2975 exiguus
2402 2922 2468 2962 ex
2507 2920 2643 2959 auro
2686 2916 2739 2963 et
2774 2909 3025 2978 gemmis,
3074 2911 3467 2983 coloribusque

1886 2990 2076 3057 variis,
2122 3002 2177 3047 et
2229 2997 2657 3065 superhumerali
2703 3008 2897 3053 contra
2946 3011 3137 3071 pectus
3190 3003 3467 3072 pontificis

1886 3089 2307 3157 annectebatur,
2364 3092 2590 3149 formam
2649 3096 2816 3151 habet
2869 3112 3063 3155 sensus
3126 3100 3469 3159 rationabilis

212 3199 229 3232 ‹
254 3180 296 3236 si
322 3182 535 3237 duobus
562 3182 642 3235 vel
678 3182 853 3237 tribus
888 3184 940 3237 in
974 3184 1128 3240 vobis
1171 3189 1514 3254 convenerit,
1549 3203 1617 3243 ex
1654 3206 1782 3259 qua-

1892 3177 2071 3246 quiin
2128 3182 2285 3239 nobis
2331 3194 2434 3239 est.
2488 3186 2543 3240 ln
2587 3190 2690 3244 hoc
2738 3192 2897 3260 positi
2954 3193 3211 3249 dicuntur
3258 3195 3469 3266 lapides

204 3288 409 3344 cunque
445 3288 507 3331 re
548 3276 817 3345 petieritis
860 3276 954 3332 [iet
995 3279 1172 3344 vobis,
1201 3296 1220 3331 ι
1264 3280 1397 3335 dicit
1427 3280 1688 3337 Dominus
1715 3283 1783 3338 ⁸³.

206 3356 448 3423 Oderunt
507 3383 637 3435 ergo
686 3383 713 3422 a
759 3368 1078 3425 mulieribus
1138 3372 1250 3427 suis
1306 3374 1546 3430 inaures.
1621 3374 1785 3431 Vides

208 3460 480 3528 quomodo
510 3459 742 3514 Domino
772 3460 997 3517 oll'ertnr
1028 3463 1270 3518 auditus.
1300 3464 1405 3520 Sed
1434 3475 1491 3520 et
1517 3466 1785 3521 dextralia

207 3550 429 3607 Domino
489 3551 823 3617 oﬂ'eruntur;
871 3569 1037 3622 opera
1071 3555 1285 3625 dextra,
1330 3567 1383 3612 et
1417 3573 1584 3627 opera
1621 3558 1785 3626 bona,

206 3658 320 3713 qua:
363 3660 467 3716 per
514 3659 730 3699 carnem
792 3658 1075 3715 geruntur.
1133 3648 1259 3704 Htec
1312 3648 1540 3704 Domino
1594 3649 1787 3707 oderat

206 3738 550 3794 rationabilis
595 3753 810 3796 sensus.
848 3744 955 3798 Sed
998 3754 1052 3799 et
1092 3744 1492 3797 discriminalia
1538 3740 1787 3798 oderun-

208 3842 314 3889 tur.
347 3834 523 3891 Oﬂ'crt
575 3829 987 3901 discriminalia,
1018 3839 1107 3908 qui
1149 3839 1286 3894 bene
1326 3839 1429 3893 scit
1470 3838 1790 3893 discernere

202 3926 325 3995 quid
356 3930 632 3999 agendum
683 3932 783 3993 sit,
834 3931 963 4000 quid
998 3931 1309 3995 vitandum,
1351 3931 1478 4000 quid
1513 3929 1625 3985 Deo
1676 3929 1789 4000 pla-

204 4028 344 4085 ceat,
372 4020 581 4088 quidve
625 4020 928 4089 displiceat,
961 4022 1089 4090 quid
1131 4021 1339 4089 justum
1384 4024 1491 4087 sit,
1523 4022 1654 4091 quid
1705 4022 1789 4075 in-

198 4113 428 4184 justum.
468 4114 573 4169 Ista
624 4124 752 4168 sunt
782 4114 1171 4168 discriminalia
1221 4130 1340 4184 qua:
1391 4114 1619 4169 Domino
1652 4113 1788 4167 oﬂ'e-

209 4218 422 4262 runtur.
476 4206 570 4261 Ha:
616 4222 748 4277 ergo
798 4208 1057 4263 mulieres
1106 4208 1327 4262 inaures
1381 4207 1613 4263 Domino
1654 4207 1783 4263 oﬂ'e-

207 4313 349 4366 runt,
372 4303 504 4374 quia
520 4313 644 4357 sunt
662 4300 919 4367 mulieres
935 4302 1225 4371 sapientes.
1258 4318 1277 4352 r
1303 4292 1585 4355 Neverunt
1613 4301 1787 4365 enim,

205 4391 491 4462 iuquit”',
519 4394 777 4447 nmlieres
799 4393 1095 4456 sapientes,
1112 4399 1166 4445 et
1188 4391 1789 4462 feceruntqumcunque

1888 3270 2229 3340 rcpletionis,
2262 3276 2352 3344 qui
2406 3286 2583 3335 tamen
2621 3282 2928 3350 cohaerent,
2971 3293 3024 3339 et
3057 3288 3289 3343 connexi
3337 3301 3467 3345 sunt

1888 3364 1954 3417 ad
2002 3365 2212 3435 lapides
2275 3367 2609 3438 humerales,
2657 3384 2819 3445 atque
2866 3391 2931 3431 ex
2985 3377 3070 3435 his
3120 3381 3471 3437 continentur

1889 3459 2120 3512 astricti.
2173 3460 2485 3519 llumeralis
2534 3477 2763 3521 ornatus
2817 3468 3079 3524 indicium
3125 3483 3211 3527 est
3250 3484 3469 3528 actnunt

1888 3548 2181 3607 bonorum.
2231 3557 2401 3610 Actus
2457 3572 2589 3627 ergo
2632 3576 2752 3613 cum
2808 3562 3019 3618 ratione
3054 3574 3105 3619 et
3152 3567 3293 3619 ratio
3344 3582 3470 3621 cum

1889 3644 2103 3702 actibus
2155 3649 2419 3717 sociatur,
2465 3660 2523 3707 ut
2569 3652 2639 3707 sit
2686 3656 3047 3711 consonantia
3100 3659 3150 3711 in
3198 3668 3469 3730 utroque:

1895 3754 1913 3786 ι
1942 3736 2042 3803 Qui
2091 3740 2236 3794 enim
2284 3741 2476 3796 fecerit
2515 3753 2569 3799 et
2600 3746 2868 3814 docuerit,
2909 3749 2996 3803 hic
3029 3765 3260 3821 magnus
3305 3766 3471 3806 voca-

1890 3828 2039 3882 bitur
2094 3830 2145 3884 in
2192 3848 2360 3903 regno
2410 3836 2675 3914 caelorum
2713 3839 2779 3893 ⁸⁸³.
2814 3859 2831 3890 ι
2890 3840 2976 3895 Sit
3026 3856 3158 3913 ergo
3207 3843 3258 3897 in
3315 3842 3473 3899 nobis

1892 3936 2071 3975 sermo
2130 3925 2195 3979 de
2246 3926 2461 3982 actibus
2514 3932 2789 3998 pendens,
2850 3942 2907 3986 et
2957 3948 3263 3989 sermonem
3319 3945 3476 3993 actus

1893 4027 2179 4073 exornent.
2213 4015 2313 4071 ilic
2341 4019 2485 4073 enim
2520 4022 2794 4090 pontilicis
2824 4024 3058 4081 refertur
3083 4036 3329 4082 ornatus.
3366 4028 3476 4084 Sed

1896 4106 1963 4162 ad
1999 4107 2112 4161 haec
2158 4108 2423 4177 explenda
2460 4114 2743 4184 principes
2794 4116 3153 4185 requiruntur
3187 4135 3201 4172 :
3238 4118 3341 4174 istc
3381 4132 3477 4174 or-

1895 4208 2055 4254 natus
2097 4215 2288 4255 eorum
2322 4210 2429 4267 est,
2463 4212 2551 4273 qui
2592 4215 2800 4262 tantum
2838 4207 3208 4277 profecerunt,
3242 4218 3301 4265 ut
3344 4226 3479 4281 prte-

1893 4308 2014 4348 esse
2049 4295 2264 4364 p0pulis
2302 4308 2634 4353 mercantur.
2664 4299 2911 4356 Olferunt
2938 4303 3101 4357 etiam
3128 4302 3304 4358 oleum
3335 4304 3481 4374 prin-

1894 4387 2041 4455 cipes
2095 4390 2161 4442 ad
2221 4404 2351 4446 usus
2412 4392 2653 4462 duplices
2703 4394 3080 4464 profuturum,
3131 4396 3371 4451 lucernis
3421 4406 3480 4453 et

206 4488 518 4543 necessaria
545 4486 787 4541 erantad
820 4486 1133 4541 indmnenta
1150 4483 1441 4553 pontificis.
1483 4503 1500 4535 ι
1533 4482 1636 4537 Illae
1658 4498 1788 4536 vero
1822 4516 1866 4570 υ
1897 4478 2210 4537 cbrismati.
2246 4482 2415 4539 Debet
2445 4486 2590 4539 enim
2631 4486 2849 4541 lucerna
2890 4502 3081 4543 eorum
3124 4490 3214 4557 qui
3263 4489 3479 4560 pupulis

204 4580 463 4635 mulieres
492 4596 611 4649 quae
659 4582 877 4634 inaures
918 4592 1044 4631 suas
1084 4574 1396 4630 obtulerunt
1433 4584 1487 4627 ut
1522 4574 1676 4629 lieret
1711 4575 1787 4627 vi-

204 4672 371 4739 tulus,
418 4674 746 4743 insipientes
805 4679 1001 4733 erant,
1054 4685 1172 4738 quae
1219 4684 1248 4722 a
1289 4668 1518 4723 veritate
1564 4668 1783 4737 quidem

202 4776 529 4821 averterunt
577 4767 860 4828 auditunt,
908 4763 974 4815 ad
1034 4760 1244 4814 labulas
1297 4770 1479 4814 autem
1536 4760 1785 4828 impieta—

205 4868 425 4928 temque
456 4874 518 4915 se
541 4867 946 4919 converterunt,
975 4864 1029 4910 et
1068 4856 1189 4909 ideo
1220 4853 1537 4910 obtulerunt
1572 4852 1790 4907 inaures

200 4964 352 5014 suas,
403 4960 469 5004 ut
517 4952 670 5005 ﬁeret
734 4959 896 5017 caput
944 4948 1119 5003 vituli.
1168 4945 1275 5002 Sed
1324 4953 1379 5000 et
1435 4944 1487 4998 in
1540 4942 1789 4998 Jutlicum

204 5044 341 5101 libro
376 5046 427 5078 “
474 5045 621 5101 aliud
695 5044 1047 5101 nihilominus
1100 5041 1302 5098 idolum
1369 5040 1678 5095 invenimus
1723 5053 1789 5091 ex

200 5139 504 5194 mulierum
556 5139 836 5194 inauribus
879 5136 1103 5192 factum.
1139 5135 1260 5189 Ista:
1289 5148 1421 5203 ergo
1467 5133 1638 5187 beata:
1671 5146 1791 5184 mu-

201 5228 396 5297 lieres,
453 5234 612 5288 beata
671 5232 769 5285 ista
832 5246 995 5295 caro,
1044 5244 1165 5298 qua:
1229 5227 1455 5281 Domino
1498 5224 1657 5280 oliert
1711 5225 1794 5278 in-

196 5340 364 5381 aures
414 5341 572 5394 suas,
614 5336 668 5380 et
717 5324 985 5380 dcxtralia
1034 5337 1152 5391 sua,
1185 5330 1240 5376 et
1274 5320 1506 5375 annulos
1557 5334 1707 5383 suos,
1740 5326 1793 5372 et

272 5491 320 5525 ⁸⁸
364 5490 537 5548 lCor.
564 5509 641 5556 tx,
665 5491 755 5545 27.

202 5561 246 5597 ⁸⁸
268 5563 452 5619 Exod.
480 5577 645 5627 xxxv,
665 5564 755 5618 24.
831 5562 876 5594 ⁸⁸
900 5562 1092 5615 Matth.
1124 5578 1236 5621 nx.
1262 5560 1350 5614 11.

270 5659 410 5732 (90)
457 5658 849 5732 Manuscripti,
907 5660 1131 5713 «visum
1188 5667 1271 5713 est
1336 5670 1564 5712 sensu.»
1630 5653 1792 5709 Libb.

201 5730 357 5795 aditi,
389 5730 414 5781 ἰ
442 5731 594 5783 visus
623 5741 706 5785 est
734 5744 949 5785 sensus.
975 5749 992 5780 ι

277 5799 399 5873 (9t)
442 5798 601 5866 Μελ,
635 5819 653 5851 ι
680 5802 927 5875 mulier.»
967 5800 1121 5854 Lihb.
1149 5798 1307 5867 editi,
1339 5816 1358 5850 ι
1392 5796 1668 5853 mulieres.
1697 5814 1715 5847 ι

490 5896 763 5958 PA't‘ttOL.
799 5895 917 5957 Gn.
955 5895 1097 5956 XII.

832 5492 877 5523 ⁸³
916 5490 1084 5545 Exod.
1132 5504 1298 5553 xxxv,
1324 5486 1417 5541 22.
1493 5487 1538 5517 ⁸³
1562 5485 1755 5541 Matth.
1786 5498 1942 5543 xvut,
1967 5480 2054 5536 19.

832 5562 876 5594 ⁸⁸
900 5562 1092 5612 Matth.
1124 5578 1236 5612 xrx.
1262 5560 1350 5612 11.
1428 5558 1471 5589 ⁸⁷
1516 5556 1686 5612 Exod.
1712 5572 1879 5612 xxxv.
1904 5553 1995 5606 27.

1896 4583 2170 4643 prtesunt,
2217 4592 2324 4633 non
2354 4579 2648 4641 abscondi,
2700 4587 2791 4633 aut
2820 4578 2923 4633 sub
2963 4581 3144 4635 modio
3187 4582 3345 4650 poni,
3387 4581 3481 4637 sed

1897 4682 2061 4738 super
2092 4671 2505 4738 candelabrum,
2537 4683 2595 4726 ut
2624 4672 2805 4727 luceat
2829 4673 3080 4728 omnibus
3109 4674 3198 4743 qui
3235 4674 3285 4727 in
3321 4674 3483 4733 domo

1898 4772 2020 4816 sunt
2060 4764 2129 4821 ⁸⁸.
2182 4767 2287 4821 Sed
2337 4775 2390 4819 et
2440 4768 2642 4821 incensi
2697 4766 3146 4835 compositionem
3210 4766 3485 4836 principes

1899 4855 2168 4925 offerunt,
2216 4876 2336 4929 qua:
2390 4869 2748 4928 componatur
2803 4875 2897 4926 per
2960 4858 3179 4931 Moysen
3225 4860 3275 4913 in
3315 4860 3484 4914 odore

1899 4951 2185 5004 suavitatis
2218 4950 2469 5015 Domino,
2506 4958 2564 5003 ut
2597 4958 2652 5004 ct
2686 4950 2784 5020 ipsi
2830 4950 3037 5018 dicant,
3062 4952 3187 5020 quia
3230 4970 3248 5001 ι
3277 4951 3483 5006 Christi

1898 5039 2072 5094 bonus
2103 5040 2238 5095 odor
2269 5056 2456 5095 sumus
2481 5041 2546 5094 9°.
2570 5060 2589 5093 ι
2639 5040 2706 5095 Ει
2757 5052 3112 5113 posteaquam
3151 5044 3348 5098 obtulit
3386 5059 3479 5115 po-

1898 5131 2078 5200 pulus,
2125 5134 2376 5198 vocavit,
2419 5135 2624 5204 inquit,
2666 5133 2880 5206 Moyses
2923 5148 3138 5190 omnem
3181 5137 3481 5206 sapientem

1900 5227 1966 5278 ad
2016 5226 2420 5295 fabricandum,
2461 5236 2513 5282 et
2547 5228 2928 5296 architectum,
2976 5236 3034 5282 ut
3072 5236 3486 5298 componerent,

1900 5328 1953 5370 et
1988 5317 2394 5375 fabricarentur
2427 5321 2639 5392 singula
2688 5336 2919 5392 quaeque
2946 5336 3064 5390 quae
3092 5320 3295 5389 scripta
3331 5329 3482 5374 sunt.

2154 5484 2221 5513 ⁸³⁸
2270 5479 2440 5536 Exod.
2484 5494 2653 5540 xxxv,
2705 5477 2774 5531 25
2811 5485 2865 5530 et
2900 5475 2988 5529 29.
3075 5472 3121 5505 ⁸⁵
3164 5471 3289 5527 Jud-
3332 5486 3487 5525 XVIII-

2073 5553 2119 5585 ⁸⁸
2188 5552 2375 5607 Matth.
2404 5569 2455 5615 v,
2482 5551 2564 5606 19.
2642 5550 2686 5579 ⁸⁹
2714 5548 2841 5601 ibid.
2876 5546 2957 5599 15.
3036 5546 3080 5577 ⁹⁰
3113 5543 3156 5597 ll
3180 5543 3304 5597 Cor.
3332 5557 3398 5606 tt,
3433 5541 3486 5595 5.

1975 5649 2328 5729 (9?)_Mss.,
2386 5647 2685 5729 «inscripti
2748 5646 2988 5700 nomine.
3023 5660 3040 5693 ι
3106 5641 3266 5697 Libb.
3314 5641 3485 5707 editi,

1908 5741 1927 5773 ‹
1958 5723 2143 5792 scripti
2181 5736 2275 5790 per
2310 5723 2550 5775 nontina.
2581 5737 2599 5769 ι

3153 5874 3224 5930 13
