3876 6506
406 288 513 345 395
1795 294 1884 351 EX
1920 296 1937 354 l

2098 298 2225 354 ENE
3545 306 3629 364 δικ

408 406 515 461 Sed
559 412 615 458 et
661 402 936 466 mulieres,
971 403 1180 473 inquit,
1220 407 1497 477 sapientes
1542 413 1791 478 vocavit,
1823 424 1882 469 ut
1915 416 1992 470 1³η-
2021 421 2066 478 Α
2096 415 2235 482 Quid
2283 415 2426 472 enim
2461 417 2556 473 tibi
2592 423 2810 488 prodest
2855 422 2898 476 si
2943 421 3146 476 habeas
3194 421 3328 487 lucc,
3371 434 3424 479 et
3464 430 3531 482 uti
3563 433 3632 489 bis

406 509 595 556 cerent
635 515 756 570 qua:
801 498 1154 591 convenirent
1210 499 1262 553 in
1332 501 1684 559 tabernaculo
1747 507 1985 564 Domini.
2097 510 2328 573 nescias,
2360 525 2537 580 neque
2567 529 2830 584 agnoscas
2860 516 3130 586 quomodo
3163 521 3564 591 unumquodque
3588 527 3630 582 in

405 592 571 646 Vides
599 592 713 645 haec
740 590 918 685 omnia
959 603 1080 658 quae
1110 589 1268 654 iiunt,
1315 606 1343 644 a
1378 594 1716 661 sapientibus
1761 597 1900 661 fieri,
1933 607 1989 652 et
2094 617 2191 656 suo
2225 611 2485 671 tempore,
2515 615 2570 658 et
2604 606 2656 659 in
2691 622 2787 661 suo
2829 608 2945 662 loco
2990 619 3182 678 aptare
3214 610 3410 667 debeas
3447 589 3500 668 et
3530 631 3630 685 pro-

407 683 670 738 mulieres
729 682 1007 751 sapientes
1066 692 1352 749 vocantur,
1407 693 1463 739 et
1513 687 1614 740 viri
1688 689 1983 758 sapientes.
2091 689 2270 748 ferre?
2312 694 2374 748 Et
2409 695 2530 750 ideo
2562 697 2739 752 danda
2776 700 2933 754 nobis
2968 709 3048 756 est
3093 715 3280 764 Opera,
3311 716 3366 756 ut
3394 682 3632 775 sapientes

404 775 598 830 Omnia
636 775 778 830 enim
806 790 970 844 opera
1004 774 1213 830 Domini
1248 776 1299 829 in
1329 778 1596 846 sapientia
1633 778 1786 836 fiunt.
1826 780 1985 837 Venit
2089 784 2295 852 simus,
2339 795 2392 840 et
2438 788 2550 843 huic
2603 805 2722 859 quae
2783 792 3036 848 audzmus
3078 793 3146 848 de
3194 774 3482 864 Scripturis
3525 813 3632 854 san-

401 882 536 934 ergo
588 868 966 938 unusquisque
1017 869 1237 956 sapiens
1283 884 1480 934 sensu,
1526 881 1579 926 et
1633 871 1764 928 facit
1813 887 1976 942 opera
2086 879 2190 932 etis
2230 881 2476 948 proferre
2521 883 2572 936 in
2603 891 2842 954 tempore
2881 895 2938 940 et
2972 896 3163 956 aptare
3195 891 3478 958 possimus,
3507 909 3634 949 com-

400 959 639 1016 Domini.
686 959 801 1013 Non
850 960 1053 1015 sullicit
1102 961 1260 1016 nobis
1305 961 1349 1014 si
1405 962 1699 1020 offeramus
1737 973 1976 1029 tantum,
2085 985 2286 1038 ponere
2330 983 2496 1043 atque
2539 988 2604 1028 ex
2655 975 2741 1030 his
2788 977 3060 1032 adornare
3105 981 3504 1037 tabernaculum
3543 985 3635 1044 Deo

397 1051 494 1106 sed
539 1065 676 1122 opus
724 1061 809 1107 est
843 1063 902 1106 ut
951 1068 1074 1107 cum
1114 1057 1382 1124 sapientia
1433 1069 1494 1110 ea
1546 1071 1666 1124 quae
1719 1057 1770 1110 iu
1823 1058 1978 1113 nobis
2082 1059 2270 1127 Jacob,
2322 1081 2418 1135 per
2468 1065 2652 1122 Jesum
2694 1067 2977 1124 Christum
3035 1070 3325 1127 Dominum
3373 1087 3634 1148 nostrum,

394 1152 523 1198 sunt
548 1158 861 1212 operemur,
890 1146 1130 1202 sciamus
1153 1148 1382 1203 miscere
1411 1164 1602 1204 aurmn
1635 1163 1759 1204 cum
1791 1149 1976 1221 bysso,
2084 1154 2168 1208 cui
2214 1165 2296 1210 est
2345 1156 2516 1228 gloria
2557 1169 2614 1214 et
2653 1159 2943 1232 imperium
2977 1161 3032 1218 in
3085 1165 3284 1220 saecula
3319 1146 3630 1229 saeculorum.

387 1244 440 1288 et
494 1249 722 1292 coccum
772 1237 1083 1308 duplicare,
1129 1241 1210 1295 vel
1261 1241 1494 1298 miscere
1530 1257 1656 1297 cum
1709 1256 1970 1314 purpura.
2081 1246 2278 1301 Amen.

885 1425 3600 1459 Ἣ

1686 1643 2364 1762 MONITUM

450 1904 468 1933 ’
747 1902 895 1988 AD
968 1898 1546 1995 ORIGENIS
1623 1901 2302 1993 EXEGETICA
2381 1902 2506 1990 IN
2571 1887 3303 1997 LEVITICUM.

455 2257 918 2330 1797Excerpta
951 2269 1046 2330 seu
1076 2257 1286 2330 scholia
1323 2258 1376 2312 in
1409 2256 1708 2330 Levilicum
1736 2257 2020 2330 scripsisse
2057 2253 2348 2330 Origenem
2389 2263 2623 2330 testatur
2644 2253 3004 2330 Hieronymus
3037 2257 3176 2324 apud
3205 2254 3573 2330 R_t_tlinum_lib.
3597 2269 3629 2311 ιε

386 2322 860 2398 Ιηῖεὲεῗδενὶρεὶἱ,
895 2329 1096 2398 inquit,
1127 2330 1183 2382 in
1216 2328 1459 2384 Genesim
1484 2329 1643 2382 libros
1675 2322 1961 2393 tredecim;
1996 2322 2340 2396 mysticorum
2371 2327 2712 2398 homiliarum
2743 2322 2904 2398 libros
2935 2322 3106 2390 duos;
3142 2329 3198 2382 in
3228 2324 3422 2380 Exodo
3450 2322 3627 2398 Excer-

420 2409 517 2464 ta;
551 2401 605 2454 in
643 2397 869 2456 Leuitico
919 2397 1204 2466 Excerpta.
1260 2399 1461 2453 llorum
1514 2399 1650 2452 nihil
1692 2399 1851 2453 hodie
1886 2407 2154 2467 superest,
2189 2398 2290 2450 nisi
2337 2399 2478 2467 forte
2506 2397 2713 2466 aliquid
2764 2397 2888 2467 inde
2919 2407 3196 2465 sumptum
3225 2397 3523 2467 exhibeant
3548 2397 3627 2450 itt-

412 2470 538 2538 ογαὶ
568 2470 674 2526 illa:
706 2471 759 2526 in
783 2465 1113 2534 Leviticum,
1143 2485 1264 2538 quae
1305 2471 1406 2525 sub
1456 2469 1675 2523 nomine
1710 2465 1965 2536 Origeuis
1993 2468 2047 2522 in
2088 2468 2313 2523 Catenis
2359 2465 2567 2524 Graecis
2608 2466 3002 2537 manuscriptis
3051 2466 3540 2534 circumferuntur,
3586 2478 3629 2522 et

378 2541 553 2609 priori
581 2541 700 2596 loco
732 2541 786 2595 in
824 2543 927 2596 hac
959 2550 1143 2594 nostra
1169 2540 1408 2596 editione
1434 2547 1914 2609 reprtesentantur.

453 2608 659 2665 Praeter
692 2612 983 2680 Excerpta,
1016 2610 1270 2680 Origenis
1305 2607 1559 2680 humilias
1597 2610 1649 2663 in
1680 2608 1981 2680 Leviticnm
2015 2607 2210 2662 Latine
2239 2607 2469 2680 vertisse
2514 2623 2572 2664 se
2612 2617 2799 2663 monet
2827 2607 3054 2664 Ruﬁnus
3103 2609 3156 2663 in
3203 2609 3548 2679 peroratione
3573 2610 3628 2661 ad

379 2677 888 2748 interpretationem
914 2677 1444 2736 Commentariorum
1479 2678 1722 2748 ejusdem
1760 2677 2015 2748 Origenis
2059 2680 2112 2732 in
2142 2679 2442 2748 Epistolam
2477 2681 2544 2732 ad
2580 2680 2874 2734 Romanos.
2930 2677 3218 2734 Sexdecini
3255 2688 3628 2733 commemorat

377 2747 740 2807 Cassiodorus
767 2751 846 2805 De
877 2751 1206 2806 institutione
1232 2747 1883 2819 divinarumlitterarum,
1904 2751 2084 2819 capite
2107 2747 2324 2819 primo.
2365 2747 2571 2819 Reliqui
2618 2749 2780 2808 vobis.
2820 2750 3016 2818 inquit,
3061 2760 3353 2818 prtrstante
3402 2747 3628 2814 Domino,

380 2820 426 2874 si
455 2819 624 2890 legere
649 2821 937 2886 volueritis,
963 2821 1208 2876 homilias
1242 2822 1481 2890 prwdicti
1519 2818 1788 2890 Origenis,
1811 2821 1868 2874 id
1885 2818 1984 2885 est,
2008 2821 2063 2874 in
2089 2818 2280 2874 Genesi
2313 2818 2611 2884 sexdecim,
2663 2821 2715 2874 in
2754 2819 2943 2874 Exodo
2978 2822 3258 2875 duodecim
3287 2861 3302 2883 ,
3336 2821 3389 2873 in
3426 2819 3628 2871 Lerittco

380 2892 667 2962 sexdecim.
700 2892 950 2948 Totidem
988 2892 1147 2948 hodie
1175 2894 1378 2962 passim
1414 2900 1526 2945 tum
1559 2892 1610 2945 in
1644 2892 2077 2962 praecedentibus
2121 2903 2345 2960 operum
2377 2890 2640 2962 Origenis
2689 2891 3038 2962 editionibus,
3077 2902 3189 2944 tum
3240 2895 3293 2943 iu
3346 2891 3626 2962 manuscri-

382 2961 492 3030 ptis
513 2962 798 3034 codicibus
820 2963 1160 3034 perantiquis
1181 2960 1436 3034 Origenis
1471 2977 1666 3034 nomen
1697 2976 1808 3030 prae
1847 2975 1905 3016 se
1937 2961 2142 3034 ferunt.
2167 2962 2329 3034 Certe
2354 2975 2419 3034 ex
2459 2960 2526 3034 iis
2555 2963 2638 3017 vel
2674 2977 2814 3034 unus
2849 2961 3023 3018 codex
3050 2960 3626 3034 imamtscriptusﬁan-

382 3028 559 3100 ἀει-ιιι.
591 3032 790 3088 litteris
825 3028 1142 3088 uncialibus
1187 3028 1446 3088 exa'ratus
1481 3028 1711 3087 videtur
1736 3039 1891 3086 sexto
1927 3032 2012 3085 vel
2069 3031 2304 3099 septimo
2348 3033 2574 3086 circiter
2614 3031 2868 3088 Ecclesiae
2900 3033 3118 3087 saeculo.
3170 3028 3445 3086 Praeterea
3481 3028 3626 3083 Jonas

378 3101 1238 3174 Quqrelianensisepiscopusqui
1268 3102 1467 3157 saeculo
1500 3117 1646 3174 nono
1671 3101 1918 3174 ﬂorebat,
1951 3101 2096 3174 lib._t
2129 3101 2205 3174 De
2232 3102 2565 3174 institutione
2592 3102 2796 3167 laicali,
2839 3119 2960 3174 capt
2994 3102 3080 3174 75,
3102 3102 3165 3157 16
3193 3113 3246 3154 et
3281 3101 3373 3165 18,
3402 3103 3541 3174 varia
3573 3113 3625 3152 et

379 3169 634 3244 Qrigenis
659 3169 902 3244 bomiliis
927 3169 1085 3228 aliert
1115 3169 1418 3244 fragmenta
1448 3187 1569 3242 qua:
1601 3173 1792 3227 iisdem
1826 3173 2013 3244 verbis
2057 3172 2110 3226 in
2141 3172 2422 3244 hodiernis
2473 3174 2747 3228 sexdecim
2799 3169 3036 3228 honiiliis
3070 3172 3350 3241 leguntur.
3391 3170 3629 3244 Denique

380 3241 600 3314 Catena:
631 3243 1020 3312 manuscriptte
1054 3245 1106 3296 in
1133 3241 1824 3314 Leviticmnfragmentum
1858 3243 2108 3314 Griecum
2153 3241 2372 3314 Origeni
2409 3243 2716 3314 ascribunt,
2747 3245 2888 3310 quod
2924 3257 3154 3298 numero
3190 3243 3437 3297 secundo
3476 3241 3609 3296 homi

377 3311 706 3385 lia;_octavte
735 3311 980 3385 apprime
1016 3315 1328 3384 respondet.
1356 3311 1705 3385 Nullus'ecgo
1733 3314 2019 3385 dubitandi
2051 3313 2202 3385 locus
2227 3311 2310 3368 est
2339 3314 2468 3383 quin
2504 3328 2643 3385 vere;
2671 3312 2921 3383 Origenis
2948 3314 3076 3385 sint.

448 3381 560 3437 Nec
588 3381 916 3454 quemquam
951 3381 1169 3440 movere
1200 3385 1381 3447 debet,
1431 3385 1572 3454 quod
1605 3381 1860 3439 Grmcum
1889 3399 1952 3437 ex
1986 3384 2208 3439 bomilia
2246 3381 2484 3454 secunda
2524 3384 2576 3437 in
2625 3381 2924 3438 Levit‘icum
2982 3383 3359 3454 fragmentum
3422 3381 3632 3436 habetur

378 3449 696 3526 fitiloca'liar
725 3449 906 3524 capite
936 3456 1137 3526 primo,
1164 3455 1321 3526 cujus
1357 3470 1425 3510 ne
1449 3449 1670 3524 'apicem
1697 3456 1918 3526 quidem
1952 3454 2003 3526 in
2036 3453 2258 3508 bomilia
2293 3453 2506 3508 Latina:
2541 3454 2799 3526 editionis
2840 3449 3104 3526 secunda,
3150 3453 3349 3526 aliisve
3387 3454 3628 3526 reperias.

379 3523 518 3596 riam
552 3524 611 3576 1·
637 3523 770 3592 Quis
798 3523 954 3596 certo
981 3523 1250 3580 aﬂirmare
1300 3526 1472 3596 possit
1502 3523 1616 3578 non
1662 3541 1724 3579 ea
1765 3523 2032 3594 particula
2066 3527 2406 3578 decurtatam
2457 3533 2514 3596 et
2557 3525 2861 3596 mutilatam
2905 3523 3072 3596 fuisse
3107 3527 3250 3596 hanc
3308 3525 3577 3578 homiliam
3605 3534 3631 3574 ι

376 3593 576 3650 Rufino
599 3610 762 3667 quem
796 3594 936 3650 infra
969 3597 1266 3667 genuinum
1303 3593 1523 3667 illarum
1555 3593 1914 3667 interpretem
1945 3607 2069 3648 esse
2101 3594 2521 3667 probabimusi
2551 3593 2608 3648 2°
2639 3594 2911 3667 Homilias
2934 3593 3186 3667 Origenis
3239 3609 3344 3664 pro
3371 3596 3633 3667 interpre-

380 3678 490 3719 tum
528 3663 1160 3722 studiosorumve'libitu
1189 3667 1353 3721 variis
1381 3665 1559 3720 modis
1598 3663 1768 3720 fuisse
1799 3667 2034 3736 selectas
2058 3663 2113 3719 et
2143 3665 2446 3730 ordinatas,
2474 3665 2827 3736 diversasque
2860 3663 3270 3736 illarumfuisse
3299 3663 3631 3736 collectiones

337 3750 603 3807 .quarum
664 3735 1040 3807 aliaepplures,
1087 3737 1210 3792 alia:
1257 3736 1742 3807 plureshomilias
1795 3735 2110 3807 habuerint,
2147 3748 2216 3807 ex
2257 3750 2324 3791 eo
2377 3736 2642 3807 probatur
2696 3734 2805 3807 tum
2866 3737 3008 3806 quod
3059 3735 3226 3791 Jonas
3283 3734 3632 3807 Aurelianen-

375 3807 454 3860 sis
476 3806 766 3876 episcopus
797 3804 890 3861 lib.
943 3823 956 3860 ι
990 3806 1062 3860 De
1093 3804 1428 3861 institutione
1451 3806 1655 3873 laicali,
1685 3821 1807 3876 cap.
1835 3804 1889 3870 5,
1927 3821 1995 3862 ex
2033 3806 2254 3860 bomilia
2299 3804 2554 3875 Origenis
2596 3805 2648 3859 in
2698 3804 3000 3862 Leviticum
3028 3808 3226 3876 prima
3275 3805 3630 3876 fragmentum

374 3875 621 3946 exhibet,
658 3877 803 3946 quod
835 3877 1111 3930 hodierna:
1143 3879 1415 3932 editiones
1446 3877 1499 3930 in
1535 3875 1772 3932 secunda
1813 3884 2017 3930 tantum
2047 3886 2479 3944 repraesentant;
2535 3885 2645 3930 tum
2672 3877 2817 3946 quod
2850 3892 2972 3932 cum
3023 3875 3245 3931 bomilia
3275 3875 3479 3946 quarta
3506 3875 3633 3928 dicat

378 3944 645 4017 Origenes
675 3944 741 4001 se
767 3945 878 4013 jam
906 3962 1072 4017 supra
1102 3949 1167 4002 de
1195 3948 1356 4002 lineis
1386 3948 1630 4003 vestibus
1657 3962 1800 4016 saepe
1830 3948 2027 4016 egisse,
2053 3956 2107 4017 et
2150 3946 2376 4001 bomilia
2419 3956 2571 4002 sexta
2619 3944 2853 4015 sparsim
2896 3963 2956 4003 se
2982 3956 3036 4002 ct
3065 3960 3208 4015 saepe
3247 3944 3316 4000 de
3353 3960 3633 4017 consecraf

379 4016 528 4072 tione
575 4017 875 4087 sacerdotis
893 4016 1261 4087 Let’unctione
1292 4017 1643 4081 disseruisse,
1677 4017 1809 4070 nihil
1843 4026 2022 4071 tamen
2046 4016 2315 4084 ejusmodi
2349 4019 2401 4070 in
2439 4017 2817 4086 superioribus
2839 4027 3057 4082 exstet;
3086 4029 3197 4071 tum
3231 4018 3474 4087 denique
3506 4016 3631 4084 quod

375 4101 502 4143 cum
533 4086 773 4141 bomilia:
805 4087 858 4140 in
889 4084 1187 4142 Jeremiam
1234 4089 1302 4142 ab
1334 4087 1666 4210 ilieronfmo
1699 4087 1890 4141 Latine
1934 4088 2178 4151 redditas,
2215 4087 2321 4141 alio
2347 4084 2541 4142 ordine
2586 4088 2638 4142 in
2687 4089 2930 4142 editione
2963 4089 3158 4142 Latina
3207 4084 3496 4142 collocata:
3539 4087 3634 4139 sint

376 4170 540 4210 auatn
570 4158 624 4210 in
659 4157 937 4210 codicibus
964 4157 1286 4210 Grazcismbi
1310 4159 1472 4210 modo
1503 4174 1535 4210 ι)
1562 4174 1707 4210 ures.
1739 4159 1900 4210 modo
1932 4159 2217 4210 pauciores
2250 4173 2479 4210 numero
2501 4159 2795 4210 habentur.
2827 4162 2966 4210 idem
2994 4159 3233 4210 homiliis
3262 4158 3315 4210 in
3349 4157 3633 4210 Leviticum

376 4170 540 4226 quam
568 4158 624 4228 in
659 4157 937 4228 codicibus
964 4157 1286 4221 Cra:cis,ubi
1310 4159 1472 4213 modo
1503 4157 1707 4228 plures,
1739 4159 1900 4212 modo
1932 4159 2217 4228 pauciores
2250 4173 2479 4212 numero
2501 4159 2795 4224 habentur,
2827 4162 2966 4215 idem
2994 4159 3233 4214 homiliis
3262 4158 3315 4211 in
3349 4157 3633 4212 Leviticum

312 4253 316 4257 -
375 4227 686 4299 contigisse
723 4226 966 4299 proclive
1011 4237 1098 4284 est
1147 4226 2089 4299 existimare,;variasqucjillarum
2142 4228 2315 4282 fuisse
2365 4229 2737 4290 collectiones,
2797 4233 2849 4284 in
2896 4245 3128 4299 quarum
3188 4245 3296 4283 una
3351 4228 3632 4282 secundum

377 4295 619 4369 tenuerit
675 4295 855 4369 locum
909 4297 1025 4364 illa,
1067 4300 1210 4352 unde
1249 4300 1456 4369 prodiit
1495 4295 1811 4353 I’liilocalia:
1841 4297 2230 4368 fragmentum,
2269 4299 2489 4354 humilia
2523 4315 2644 4366 quae
2685 4302 2753 4354 a'o
2797 4295 3058 4356 hodierna
3103 4299 3260 4354 abest
3304 4299 3634 4353 collectione.

447 4367 618 4436 Objici
646 4368 812 4440 etiam
853 4379 1036 4440 potest
1077 4369 1207 4440 istas
1237 4367 1495 4425 humilius
1525 4371 1691 4424 etiam
1724 4370 1863 4424 inter
1893 4367 2060 4423 IIbI‘OS
2089 4371 2258 4440 sancti
2319 4370 2508 4440 Cyrilli
2557 4371 2743 4424 baberi
2803 4387 2816 4424 :
2870 4371 2998 4435 Sed,
3048 4371 3224 4439 inquit
3277 4369 3630 4423 Bellarminus

377 4440 454 4494 De
491 4439 673 4510 script.
697 4438 866 4505 eccl.,'
894 4455 1043 4493 num.
1085 4439 1365 4510 225,7uere
1394 4440 1639 4510 Origenis
1677 4450 1819 4506 sunt,
1859 4455 1963 4493 non
2003 4441 2174 4492 sancti
2220 4438 2408 4508 (ἐρινὲΠὶ
2461 4456 2478 4493 :
2513 4456 2633 4493 nam
2676 4451 2722 4494 et
2756 4441 2992 4507 phrasin:
3042 4438 3290 4510 Origenis
3329 4449 3561 4510 servant,
3591 4447 3632 4489 et

374 4509 643 4581 erroribus
666 4512 900 4581 ejusdem
938 4520 1177 4581 scatent.
1193 4509 1311 4565 Huc
1336 4512 1474 4581 adde
1499 4508 1651 4578 quod
1682 4524 1750 4565 ex
1785 4510 2022 4581 bomilia;
2056 4511 2302 4576 septima:
2353 4525 2583 4564 numero
2614 4521 2808 4580 quarto
2839 4511 3008 4581 liquet
3045 4508 3439 4565 has'homilias
3477 4508 3634 4562 Caesa-

375 4594 483 4634 reae
514 4580 564 4652 in
599 4578 886 4652 Palaestina
913 4581 1126 4636 habitas
1159 4580 1346 4646 fuisse,
1385 4579 1473 4635 ubi
1507 4581 1670 4651 180
1695 4590 1947 4637 sanctum
1975 4580 2238 4651 Cyrillum
2269 4595 2549 4636 sermones
2583 4578 2650 4636 ad
2686 4578 2942 4652 populum
2993 4581 3250 4636 habuisse
3282 4581 3433 4635 nullo
3478 4582 3637 4634 eccle-

373 4650 610 4706 siastica:
643 4650 887 4705 historiae
927 4661 1281 4706 monumento
1315 4653 1569 4707 traditur.

449 4722 654 4792 llarum
686 4733 850 4788 porro
892 4721 1239 4776 humiliarum
1276 4737 1384 4777 non
1419 4723 1584 4778 alium
1629 4723 1986 4791 interpretem
2022 4735 2184 4789 quam
2238 4721 2495 4774 Rufinum
2533 4722 2704 4792 quzeri
2741 4721 2966 4781 debere.
3013 4722 3258 4777 breviter
3305 4722 3631 4776 demonstro.

371 4790 691 4863 Gennadius
721 4799 953 4863 testatur
984 4793 1247 4862 quidquid
1282 4792 1533 4863 Origcnis
1561 4790 1787 4848 versum
1811 4802 1915 4857 est,
1958 4807 1988 4845 a
2033 4792 2233 4846 ttulino
2268 4808 2485 4863 versum
2531 4790 2677 4858 esse,
2709 4795 2955 4862 exceptis
2995 4793 3060 4847 iis
3105 4807 3230 4863 quae
3259 4794 3433 4863 vertit
3464 4792 3633 4863 Hiero-

376 4878 594 4936 nymus.
631 4861 703 4936 At
740 4861 786 4913 is
818 4861 868 4914 in
892 4860 1174 4936 Catalogo,
1212 4860 1531 4918 nominatim
1568 4879 1862 4920 recensens
1885 4864 2201 4936 qttmyertit
2228 4878 2295 4936 cx
2322 4861 2583 4932 Origene,
2629 4860 2978 4936 homiliarum
3011 4865 3064 4916 in
3102 4860 3412 4936 Leviticum
3447 4860 3630 4916 nullam

376 4931 510 4986 facit
540 4931 869 4985 mentionem
903 4949 916 4984 :
946 4942 999 5004 et
1031 4931 1259 4987 Rufinus
1291 4936 1343 4987 in
1397 4937 1744 5003 peroratione
1768 4931 1932 5004 quam
1965 4932 2166 5004 adjecit
2200 4931 2624 4989 Commentariis
2675 4939 2740 4990 in,
2766 4934 3064 5004 Epistolam
3104 4933 3172 4986 ad
3208 4932 3492 4987 Romanos
3524 4945 3632 4999 pro-

375 5006 644 5074 lilelurrse
674 5004 903 5074 vertisse
934 5002 1189 5072 Origenis
1221 5005 1271 5056 in
1318 5002 1619 5061 Leviticum
1670 5002 1944 5060 honiilias.
1985 5003 2180 5056 Fateor
2228 5020 2474 5070 namque,
2508 5006 2703 5074 inquit,
2757 5002 2974 5057 Ilerncli
3015 5003 3187 5071 frater
3246 5005 3629 5074 amantissime.

372 5075 514 5142 quod
548 5073 678 5148 dunt
712 5072 1141 5148 tuis‘destderiis
1162 5075 1470 5148 satisfacere
1515 5078 1691 5145 cupit),
1741 5076 1937 5130 oblitus
1969 5091 2084 5148 sunt
2129 5091 2264 5148 pene
2322 5075 2561 5148 mandati
2588 5072 2711 5145 'quo
2759 5075 3258 5148 pra'cipitu_r,0_nus
3302 5072 3629 5148 suyra_vire8

374 5159 495 5198 tuas
520 5158 584 5195 ne
611 5143 865 5197 levareris
894 5159 912 5196 :
937 5147 1171 5211 quamvis
1207 5146 1355 5198 nobis
1379 5162 1470 5200 nec
1495 5148 1548 5200 in
1571 5143 1774 5200 ctvteris
1807 5161 1924 5214 qua:
1955 5155 2003 5198 te
2036 5147 2328 5210 insistente,
2363 5146 2467 5198 into
2515 5143 2688 5214 potius
2723 5161 2943 5212 pensum
2988 5144 3168 5196 diurni
3200 5143 3380 5212 operis
3409 5144 3631 5214 exigente

370 5217 428 5268 in
468 5213 718 5267 Latinum
752 5216 1023 5280 vertimus,
1059 5216 1283 5284 defuerit
1316 5217 1573 5282 plurimus
1625 5212 1960 5278 laborgdum
2015 5215 2261 5284 supplere
2311 5212 2554 5282 cupimus
2589 5233 2652 5270 ea
2705 5232 2824 5284 qua:
2875 5215 2939 5268 ab
2999 5214 3227 5283 Origene
3275 5215 3330 5268 in
3377 5212 3630 5284 auditorio

373 5284 629 5356 Ecclesia:
657 5300 724 5338 ea:
754 5294 1006 5356 tempore,
1037 5280 1140 5338 non
1173 5296 1278 5356 tam
1315 5280 1728 5356 explanationis,
1764 5302 1920 5356 quant
1947 5280 2319 5351 (edi/ic'ationis
2365 5280 2658 5340 intentione
2705 5280 2953 5354 perorata
2985 5280 3115 5337 sunt
3131 5301 3150 5348 ;
3197 5285 3353 5356 sicut
3388 5285 3446 5338 in
3479 5280 3633 5356 nanti.

372 5355 457 5408 liis
477 5356 581 5408 sive
603 5355 657 5408 in
689 5350 1043 5409 oratiunculis
1068 5357 1121 5410 in
1150 5350 1392 5410 Genesini
1427 5368 1475 5410 et
1507 5357 1560 5410 in
1592 5350 1838 5411 Exodum
1869 5350 2111 5424 fecimus,
2143 5365 2191 5410 et
2228 5357 2496 5424 prwcipue
2527 5359 2581 5409 in
2618 5350 2712 5410 his
2737 5373 2854 5425 qua:
2882 5358 2934 5408 in
2963 5355 3156 5408 librum
3193 5353 3411 5409 Levitici
3442 5355 3506 5407 ab
3551 5350 3631 5425 illo

370 5426 581 5494 quidem
604 5427 890 5491 perorandi
919 5428 1076 5496 ctylo,
1112 5444 1143 5480 α
1173 5428 1324 5480 nobis
1351 5445 1469 5482 vero
1492 5427 1812 5490 explanandi
1845 5423 2014 5496 specie
2041 5423 2303 5478 translata
2348 5436 2490 5479 sunt.
2534 5428 2699 5492 Quem
2751 5423 2991 5496 laborent
3035 5425 3365 5489 adimplendi
3397 5439 3514 5496 qua:
3547 5423 3629 5496 def

372 5491 546 5567 erant,
570 5491 1156 5567 idcircosuscepinius,
1185 5515 1248 5552 ne
1277 5501 1504 5566 pulsaue
1525 5500 1835 5567 qutt'stiones
1871 5491 1921 5550 et
1953 5496 2170 5558 relictae,
2201 5497 2340 5564 quod
2391 5499 2444 5549 in
2480 5491 2780 5550 licini/etim
2806 5495 3014 5549 dicendi
3055 5511 3240 5562 genere
3273 5497 3341 5547 ab
3396 5491 3492 5567 illo
3526 5491 3626 5567 ﬁeri

371 5559 748 5631 solet,Latino
781 5559 971 5620 lectori
988 5559 1626 5636 fastidiunt'generarént.
1661 5568 1769 5622 Sed
1808 5567 2014 5622 utinam
2051 5571 2151 5621 hoc
2183 5559 2365 5621 labore
2395 5567 2730 5636 adimpleudi
2765 5583 2886 5636 qtne
2910 5559 3159 5636 deerant,
3197 5559 3623 5636 supersedisch

370 5636 449 5709 Ex
471 5637 587 5704 ejus
619 5637 764 5690 enim
796 5633 1014 5709 licentia
1047 5637 1252 5709 [actum
1280 5633 1364 5693 est
1395 5649 1454 5692 ut
1485 5637 1574 5706 qui
1610 5638 1738 5709 legit
1768 5639 1867 5692 has
1896 5638 2171 5704 homilias,
2199 5641 2438 5692 incertus
2468 5633 2741 5692 sit'utrum
2772 5633 2912 5706 legat
2941 5635 3231 5709 Origenem
3253 5653 3323 5709 an
3360 5633 3624 5709 ltuiiuum.

370 5707 639 5778 Caeterum
667 5708 1012 5778 cum,judicc
1048 5706 1264 5773 Rutino,
1294 5724 1361 5762 ex
1392 5705 1639 5776 tempore
1666 5705 2038 5777 pronuntiata:
2064 5711 2198 5774 sint,
2232 5709 2452 5763 nonmsi
2479 5718 2600 5778 post
2629 5705 2843 5763 annum
2863 5705 3064 5762 Christi
3085 5705 3191 5761 245
3223 5705 3418 5760 haberi
3453 5714 3624 5774 powe-

371 5787 522 5850 ruut,
561 5777 637 5834 uti
665 5777 902 5835 diximus
937 5779 989 5833 in
1019 5779 1226 5834 tnonito
1260 5779 1325 5834 ad
1362 5779 1614 5836 homilias
1640 5779 1690 5832 in
1726 5779 1994 5836 Exodum.
