3876 6506
187 365 274 425 597
1326 356 1638 417 SELECTA
1676 357 1745 415 ΙΝ
1778 355 2180 416 LEVITICUM.

3313 355 3419 412 398

2273 519 3406 550 m

204 516 2587 552 Μ

912 730 1853 865 ΩΡΙΓΕΝΟΥΣ
1926 723 2680 863 ΕΚΛΟΓΑΙ

1367 972 1539 1059 ΕΙΣ
1577 969 2218 1059 ΛΕΥΙΤΙΚΟΝ.

597 1321 752 1412 EX
830 1317 1367 1414 ORIGENE
1443 1323 1969 1416 SELECTA
2046 1294 2194 1417 1N
2253 1327 2963 1423 LEVITICUM.

241 1701 340 1758 Καὶ
378 1700 713 1758 ἁνεκάλεσε
746 1705 1033 1775 Μωῦσῆν.
1075 1708 1356 1763 Λευῖτικδν
1405 1709 1740 1780 ὠνόμασται,

1921 1711 1989 1766 Et
2029 1711 2226 1767 vocavit
2274 1709 2507 1782 Moysem
2537 1711 2603 1764 ει.
2648 1709 2920 1766 Leviticus
2955 1709 3093 1767 liber
3127 1711 3426 1783 appellatus

177 1793 346 1863 ἐπειδὴ
374 1792 436 1846 τὸ
467 1794 567 1864 τῆς
592 1794 888 1868 ἱερωσύνης
911 1797 1005 1851 καὶ
1032 1797 1102 1853 τὰ
1136 1800 1245 1855 τῶν
1275 1800 1476 1856 θυσιῶν
1515 1805 1610 1856 καὶ
1643 1805 1744 1859 ὅσα

174 1884 380 1937 τοιαῦτα
423 1882 758 1954 προσέταξεν
802 1889 830 1940 ὁ
859 1887 1010 1952 Θεὸς,
1048 1889 1106 1942 ἐν
1132 1889 1308 1963 τούτῳ
1335 1891 1606 1964 Λευῖτικῷ
1650 1893 1746 1964 φέ-

179 1995 338 2048 ρεται.
375 1977 530 2046 Ἔχει
564 1978 660 2048 μὲν
691 1975 784 2033 οὖν
816 1983 909 2034 καὶ
935 1984 967 2054 ἡ
998 1982 1218 2050 Ἔξοδος
1250 1985 1344 2038 τοῦ
1368 1985 1502 2039 Θεοῦ
1526 1985 1747 2058 νομοθε-

174 2071 315 2133 σίαςο
336 2069 491 2143 ὅπως
517 2070 574 2123 δὲ
599 2071 956 2146 ἐτελέσθησαν
991 2078 1037 2128 οἱ
1075 2080 1238 2148 ἱερεῖς
1279 2078 1609 2149 χρισθέντες,
1651 2080 1747 2133 καὶ

173 2163 308 2224 ὅπως
351 2162 766 2233 κατεσκευάσθη
802 2165 834 2235 ή
879 2167 1050 2238 σκηνὴ
1095 2169 1189 2220 καὶ
1237 2167 1512 2238 σύμπηξιν
1553 2169 1746 2223 ἔλαϐεν

172 2251 436 2322 ἁρμόνιον,
473 2253 566 2306 καὶ
595 2253 730 2308 ἄλλα
766 2253 990 2309 πλείονα
1031 2259 1235 2328 ἱστορεῖ
1259 2258 1319 2312 τὸ
1352 2259 1656 2315 Λευῖτικόν.
1681 2263 1745 2315 Εἱ

171 2342 222 2395 δὲ
251 2342 339 2395 καὶ
367 2341 538 2414 ἕτερά
565 2362 686 2398 τινα
714 2346 982 2417 περιέχει,
1017 2349 1077 2402 οῦ
1107 2348 1437 2420 θαυμαστὸν,
1466 2351 1744 2424 ἐπιγραφὴ

169 2434 269 2504 γάρ
289 2437 422 2500 ἐστι,
452 2435 786 2504 Λευῗτικὸν,
815 2438 908 2491 τοῦ
938 2442 996 2494 ἐν
1016 2440 1165 2512 αὐτῷ
1187 2443 1547 2515 καιριωτέρου
1575 2443 1747 2516 δηλω-

170 2529 325 2584 τικόν.

239 2707 342 2762 Τοῦ
388 2710 602 2765 αὐτοῦ.
638 2711 742 2766 Τὸν
782 2717 909 2784 περὶ
949 2711 1147 2770 θυσιῶν
1193 2714 1348 2784 λόγον
1385 2717 1432 2770 οἱ
1468 2718 1542 2788 μὴ
1570 2716 1744 2788 ὀρθῶς

167 2799 454 2870 ἐνορῶντες
500 2803 929 2874 καταφρονοῦσιν
957 2805 989 2876 ή
1012 2806 1089 2870 ὡς
1125 2807 1377 2873 εὐτελοῦς
1402 2810 1740 2880 νομοθεσίας,

171 2891 253 2943 καὶ
290 2891 460 2964 μηδὲν
509 2895 656 2960 ἄξιον
692 2896 784 2948 τοῦ
817 2899 1160 2970 Δημιουργοῦ
1199 2900 1452 2974 ἐχούσης,
1501 2903 1534 2974 ἢ
1577 2904 1741 2959 αὐτοῦ

165 2982 251 3036 τοῦ
275 2985 628 3054 Δημιουργοῦ
652 2987 726 3050 ὡς
751 2988 940 3060 εὐτελῆ
973 2990 1386 3061 νομοθετοῦντος
1412 2992 1625 3058 ἀσεϐῶς
1646 3011 1746 3048 κα-

1845 1815 1949 1869 εει,
1979 1802 2238 1871 quoniam
2271 1818 2330 1858 ea
2359 1816 2480 1872 quae
2513 1801 2580 1856 ad
2633 1800 3027 1870 sacerdotium,
3065 1811 3120 1860 et
3148 1805 3214 1860 ad
3255 1805 3428 1861 sacri-

1845 1894 1968 1950 ﬁcia
2013 1895 2311 1964 pertinent,
2363 1903 2419 1949 et
2478 1909 2818 1966 quaecunque
2871 1896 3137 1965 ejusmodi
3181 1896 3427 1968 praecipit

1851 1991 2018 2054 Deus,
2061 1989 2115 2043 in
2155 1988 2255 2044 hoc
2287 1987 2533 2046 Levitico
2577 1990 2943 2045 continentur.
3003 1989 3178 2046 Habet
3206 1990 3424 2060 quidem

1846 2083 2012 2135 etiam
2046 2078 2267 2132 Exodus
2293 2079 2390 2133 Dei
2425 2088 2718 2149 praecepta,
2747 2088 2804 2134 at
2839 2080 3111 2150 quomodo
3141 2079 3429 2136 initiaren-

1849 2180 1939 2228 tur
1967 2171 2289 2228 sacerdotes
2311 2170 2766 2241 uncti,quomodo
2799 2171 3122 2228 fabricatum
3150 2170 3222 2226 sit
3249 2169 3428 2225 taber-

1847 2264 2101 2320 naculum
2135 2273 2192 2320 et
2221 2277 2522 2333 congruam
2571 2263 2845 2332 acceperit
2890 2271 3254 2328 structuram,
3291 2261 3421 2317 item

1846 2359 1950 2413 alia
2011 2357 2180 2411 multa
2250 2363 2520 2410 memorat
2576 2353 2871 2410 Leviticus.
2920 2354 3073 2422 Quod
3122 2353 3169 2409 si
3218 2364 3273 2412 et
3319 2351 3424 2408 alia

1845 2451 2091 2522 quaedam
2120 2449 2387 2514 continet,
2425 2447 2563 2502 nihil
2621 2447 2818 2502 mirum
2865 2465 2877 2500 :
2922 2446 3209 2517 inscriptio
3254 2445 3424 2508 enim,

1850 2539 2134 2606 Leviticus,
2173 2547 2384 2594 tantum
2413 2553 2534 2609 quae
2563 2539 2616 2593 in
2649 2553 2716 2594 eo
2745 2538 2965 2609 majoris
2987 2548 3113 2594 sunt
3139 2537 3425 2604 momenti,

1846 2634 2136 2705 signiﬁcat.
2574 2651 2580 2657 ·

1917 2725 2195 2796 Ejusdem.
2232 2724 2333 2792 Qui
2379 2724 2650 2781 rationem
2694 2724 3088 2781 sacriﬁciorum
3125 2738 3234 2779 non
3277 2731 3427 2781 recte

1846 2819 2208 2889 perspiciunt,
2244 2818 2278 2873 ii
2306 2817 2392 2874 vel
2426 2818 2600 2888 legem
2638 2826 2697 2872 ut
2736 2818 2896 2874 vilem
2927 2826 2984 2874 et
3022 2818 3157 2874 nihil
3201 2817 3424 2886 dignum

1845 2911 1982 2967 Crea
1991 2921 2105 2969 tore
2117 2913 2406 2968 habentem
2422 2920 2804 2977 contemnunt;
2821 2913 2902 2967 vel
2917 2912 3095 2982 ipsum
3109 2907 3422 2968 Creatorem

1846 3013 1908 3060 ut
1934 3004 2062 3060 vilia
2094 3005 2501 3074 prrecipientem
2543 3005 2706 3076 impie
2734 3004 3098 3060 condemnant
3147 3019 3161 3058 :
3206 3003 3303 3058 sed
3333 3002 3425 3071 qui

166 3073 579 3143 ταψηφίζονται.
628 3077 683 3128 Ὀ
734 3078 790 3131 δὲ
838 3080 1038 3150 νοήσας
1082 3080 1143 3134 τὺ
1191 3081 1282 3134 τοῦ
1323 3078 1490 3134 Δαυτδ
1528 3083 1742 3137 καὶτοῦ

1859 3072 2182 3149 intellexerit
2211 3072 2432 3149 Davidis
2463 3101 2519 3148 et
2546 3072 2791 3164 Apostoli
2815 3093 3006 3160 verba,
3029 3092 3176 3149 illius
3207 3093 3426 3160 quidem

178 3164 523 3233 Ἀποστόλου,
552 3169 646 3223 τοῦ
689 3171 784 3240 μὲν
821 3171 1099 3240 λέγοντοςο
1141 3191 1160 3225 ι
1208 3174 1582 3246 Ἀποκάλυψον
1619 3179 1745 3241 τοὺς

162 3258 472 3331 ὀφθαλμούς
514 3280 612 3332 μου
642 3265 734 3316 καὶ
763 3265 1084 3336 κατανοήσω
1117 3264 1184 3318 τὰ
1213 3266 1491 3338 θαυμάσια
1540 3269 1606 3322 ὲκ
1650 3268 1744 3323 τοῦ

163 3347 316 3422 νόμου
344 3370 439 3406 σου
470 3371 491 3384 σ
533 3372 552 3406 ι
588 3354 677 3406 τοῦ
707 3354 764 3408 δὲ
797 3355 1056 3425 βοῶντος·
1097 3375 1116 3408 ι
1153 3357 1212 3412 Ὀ
1248 3359 1409 3430 νόμος
1445 3377 1746 3431 πνευματι-

161 3441 248 3506 κός
289 3445 429 3509 ἐστι,
484 3465 502 3496 ι
548 3444 767 3500 δύναται
817 3446 1099 3516 διαϐλέψαι
1136 3449 1212 3512 ὠς
1259 3449 1382 3515 ἄξια
1415 3451 1550 3504 Θεοῦ
1601 3453 1746 3505 ἐστιν

163 3533 639 3607 ἀποκεκρυμμένα
673 3538 729 3590 ἐν
758 3537 967 3602 τούτοις
1003 3539 1320 3612 μαθήματα.

230 3649 576 3716 Ἀνθρωπος
609 3649 677 3712 ἐξ
710 3651 898 3719 ὑμῶν,
936 3652 1046 3707 ἐὰν
1075 3657 1427 3728 προσαγάγῃ
1479 3660 1637 3728 δῶρα
1667 3661 1749 3728 τῷ

159 3737 366 3808 Κυρίῳ.
426 3739 828 3811 Τετηρήκαμεν
860 3741 918 3795 δὲ
960 3741 1226 3816 πολλαχοῦ
1263 3747 1371 3801 τῶν
1410 3749 1642 3820 Γραφῶν
1679 3750 1749 3804 τὰ

164 3831 257 3898 μὲν
287 3832 441 3903 δῶρα
473 3834 574 3885 ἐπὶ
592 3833 700 3887 τῶν
725 3834 877 3900 ζώων
900 3835 1174 3906 λέγεσθαι,
1202 3839 1301 3904 τὰς
1330 3841 1386 3895 δὲ
1422 3841 1614 3906 θυσίας
1657 3844 1748 3897 ἐπὶ

165 3922 269 3975 τῶν
289 3914 522 3994 ἀψύχων
552 3924 693 3978 κατὰ
716 3918 775 3978 τὸ
797 3927 852 3979 ὲν
877 3929 942 3998 τῇ
971 3929 1186 3981 Γενέσει
1218 3929 1508 4002 λεγόμενον
1527 3950 1540 3963 ο
1586 3952 1605 3985 ι
1639 3936 1748 3988 Καὶ

161 4012 373 4067 ἐπεῖδεν
413 4017 443 4068 ὀ
463 4015 604 4078 Θεὸς
629 4017 726 4069 ἐπὶ
750 4017 934 4082 Ἅϐελ,
971 4021 1064 4071 καὶ
1092 4020 1183 4072 ἐπὶ
1209 4024 1317 4085 τοῖς
1341 4021 1533 4094 δώροις
1559 4023 1744 4088 αὐτοῦ,

163 4105 251 4157 ἐπὶ
278 4106 334 4158 δὲ
380 4108 534 4161 Κάῖν
593 4109 685 4161 καὶ
716 4109 806 4161 ἐπὶ
850 4113 972 4173 ταῖς
1019 4110 1231 4174 θυσίαις
1279 4113 1442 4166 αὑτοῦ
1485 4115 1545 4167 οὐ
1582 4133 1749 4188 προσ-

157 4196 326 4267 έσχεν.
367 4218 387 4252 ι
422 4198 569 4253 Ἔτι’
595 4199 653 4252 δὲ
691 4201 785 4256 καὶ
825 4201 984 4256 τοῦτο
1019 4205 1229 4275 ῥητέον,
1259 4207 1352 4259 ἐπὶ
1385 4207 1484 4279 μὲν
1513 4207 1621 4262 τῶν
1646 4211 1747 4280 ἑμ-

157 4289 340 4362 ψὺχων
361 4311 408 4344 οι
425 4294 776 4366 Ἀνθρωπος,
802 4298 987 4368 φησὶν,
1021 4298 1078 4365 ἐξ
1095 4299 1268 4370 ὑμῶν,
1296 4301 1389 4355 ἐὰν
1420 4305 1746 4380 προσαγάγῃ

1852 3184 2087 3240 dicentis
2117 3186 2163 3217 θ’
2210 3201 2225 3238 :
2268 3202 2289 3237 ι
2337 3184 2538 3243 Revela
2586 3185 2772 3242 oculos
2821 3199 2995 3251 meos,
3029 3193 3087 3241 et
3127 3185 3426 3256 intelligam

1853 3279 2126 3336 mirabilia
2153 3279 2219 3335 de
2268 3279 2386 3350 lege
2422 3286 2557 3342 tua;
2595 3297 2614 3330 ι
2642 3275 2806 3347 hujus
2843 3291 2973 3332 vero
3011 3277 3302 3333 clamantis
3334 3277 3423 3328 '3:

1856 3389 1877 3424 ι
1909 3371 2024 3428 Lex
2065 3369 2325 3440 spiritalis
2359 3380 2464 3435 est,
2513 3388 2533 3422 ι
2577 3371 2624 3426 is
2657 3375 2789 3425 sane
2825 3369 3012 3426 videre
3048 3376 3231 3438 potest
3263 3369 3426 3440 digna

1851 3463 1960 3518 Deo
1996 3478 2118 3520 esse
2157 3477 2276 3532 quae
2300 3462 2354 3517 in
2385 3462 2474 3518 his
2513 3461 2679 3516 latent.
2703 3470 3001 3531 praecepta.

1921 3578 2095 3633 Homo
2139 3593 2203 3632 ex
2247 3577 2410 3643 vobis,
2459 3577 2507 3630 si
2560 3577 2750 3645 afferat
2801 3591 3024 3630 munera
3075 3574 3296 3630 Dommo
3355 3573 3424 3627 “.

1851 3671 2271 3728 Observavimus
2311 3683 2454 3739 saepe
2494 3665 2547 3723 in
2590 3667 2888 3739 Scripturis
2912 3682 3134 3722 munera
3169 3667 3239 3722 de
3268 3666 3424 3737 18],

1851 3762 2180 3818 animalibus
2215 3763 2343 3830 dici,
2378 3759 2650 3817 sacriﬁcia
2669 3769 2850 3816 autem
2881 3761 2946 3814 de
2961 3753 3131 3815 rebus
3152 3759 3429 3825 inanimis,

1844 3855 2000 3924 juxta
2042 3854 2094 3910 id
2131 3857 2274 3925 quod
2313 3854 2367 3909 in
2399 3851 2595 3908 Genesi
2635 3851 2835 3908 dicitur
2876 3852 2925 3884 "
2978 3866 2993 3905 :
3029 3869 3048 3903 ‹
3091 3851 3158 3905 Ει
3190 3851 3429 3920 respexit

1851 3950 1991 4003 Deus
2029 3962 2191 4018 super
2251 3947 2408 4014 Abel,
2445 3957 2501 4002 et
2555 3961 2722 4016 super
2761 3957 2990 3998 munera
3034 3942 3193 4013 ejus;
3265 3956 3430 4012 super

1851 4043 1983 4100 Cain
2009 4052 2214 4107 autem,
2254 4050 2308 4096 et
2344 4054 2503 4110 super
2529 4037 2797 4094 sacriﬁcia
2833 4035 2950 4104 ejus
2983 4050 3091 4090 non
3133 4035 3424 4089 advertit.»

1849 4134 1982 4190 Illud
2012 4135 2234 4204 insuper
2268 4133 2556 4188 dicendum
2589 4149 2602 4184 :
2633 4129 2726 4185 ubi
2757 4129 2822 4184 de
2855 4127 3182 4182 animalibus
3208 4126 3428 4197 agitur:

1857 4243 1875 4277 ι
1915 4224 2111 4292 H'omo,
2147 4224 2361 4293 inquit,
2392 4237 2458 4277 ex
2495 4220 2652 4276 vobis
2683 4220 2727 4274 si
2760 4218 2954 4274 aﬂ‘erat
2977 4231 3200 4272 munera
3228 4232 3244 4282 ;
3292 4237 3311 4271 ι
3340 4216 3432 4272 ubi

1850 4331 1982 4372 vero
2004 4316 2071 4372 de
2098 4315 2433 4378 inanimatis,
2468 4330 2486 4364 ι
2515 4313 2558 4368 si
2591 4313 2791 4368 anima.
2834 4331 2851 4363 ι
2884 4311 3246 4366 lnanimatum
3273 4309 3435 4366 otl'ert

151 4383 295 4456 δῶρα
318 4404 332 4416 ·
366 4405 384 4436 ι
428 4388 530 4439 ἐπὶ
556 4387 615 4440 δὲ
635 4387 1014 4460 τῶν-ἀψύχων,
1058 4411 1076 4442 ι
1119 4391 1212 4446 ἐὰν
1243 4393 1410 4467 ψυχή.
1445 4414 1464 4448 ι
1503 4396 1576 4449 Τὸ
1614 4397 1746 4468 ἄψυ-

1859 4413 2056 4477 anima,
2092 4418 2239 4466 utex
2295 4407 2594 4462 irrationali
2643 4404 2911 4462 rationale
2955 4405 3129 4459 solum
3162 4404 3434 4473 relinqua-

153 4492 241 4547 χον
272 4480 303 4548 ή
340 4477 498 4550 ψυχή
524 4495 536 4508 ο
573 4477 660 4531 ἵνα
685 4478 778 4531 τοῦ
833 4481 931 4550 μὲν
969 4481 1164 4550 ἀλόγου
1207 4483 1269 4537 τὸ
1324 4484 1540 4554 λογικὸν
1588 4487 1745 4558 μόνον

150 4569 583 4640 καταλείπηται,
603 4568 694 4622 καὶ
718 4569 810 4623 τοῦ
838 4570 1044 4648 ἀψύχου
1080 4573 1186 4627 ὑπὸ
1214 4575 1308 4629 τοῦ
1340 4577 1513 4648 πυρὸς
1540 4595 1749 4651 νενικη-

154 4660 312 4730 μένου
355 4662 659 4733 άπομείνοι
701 4661 761 4716 τὸ
789 4661 1029 4735 ἔμψυχον
1070 4667 1250 4736 μόνον.

215 4775 576 4846 Προχεοῦσι
605 4776 672 4829 τὸ
716 4771 859 4845 alica
905 4778 1002 4832 ἐπὶ
1037 4779 1102 4833 τὸ
1129 4783 1580 4852 θυσιαστήριον.
1645 4785 1750 4839 Θυ-

152 4871 478 4941 σιαστήριον
526 4867 868 4940 καρπώσεως
894 4870 922 4922 ὁ
967 4870 1150 4942 βωμὸς
1180 4873 1418 4942 λέγεται,
1453 4876 1537 4947 ἐφ’
1566 4870 1627 4931 οῦ
1657 4877 1753 4931 θυ-

150 4960 256 5014 σίαι
283 4959 726 5025 ὁλοκαυτώσεως
745 4980 758 4992 ο
795 4961 1179 5034 θυσιαστήριον
1207 4964 1265 5035 es
1298 4965 1661 5038 θυμιάματος,
1691 4969 1754 5022 τὸ

147 5051 251 5107 ἔσω
282 5053 704 5125 θυσιαστήριον.

221 5168 334 5222 Τοῦ
383 5168 614 5223 αὑτοῦ.
651 5167 868 5239 Ἐπειδὴ
907 5166 1126 5240 ἔχαιρον
1155 5171 1271 5235 ταῖς
1294 5170 1507 5237 θυσίαις
1539 5173 1588 5225 οἱ
1623 5175 1752 5227 Ἰου-

144 5258 278 5314 δαῖοι
302 5261 363 5314 ὲν
396 5259 675 5329 Αἰγύπτῳ
719 5259 944 5324 ταύταις
991 5261 1435 5332 προσεθίσαντες,
1471 5265 1546 5330 ὡς
1593 5265 1748 5336 καὶὴ

144 5352 200 5405 ἐν
224 5354 292 5423 τῇ
326 5354 538 5424 ἐρήμῳ
568 5351 886 5422 μοσχοποιια
905 5355 1189 5424 μαρτυρεῖ,
1221 5353 1524 5426 ἐπέτρεψεν
1557 5357 1586 5408 ὀ
1618 5355 1752 5420 Θεὸς

144 5443 348 5509 ταύτας
409 5442 578 5514 αὐτῷ
626 5448 1016 5515 προσαγαγεῖν,
1067 5445 1240 5520 ταύτῃ
1286 5447 1590 5518 χαλινώσας
1649 5447 1749 5519 τῆς

142 5536 446 5602 πολυθεῖας
473 5537 582 5604 τὰς
610 5537 875 5603 ἀτάκτους
905 5538 1079 5611 ὁρμὰς
1107 5539 1201 5594 καὶ
1228 5538 1322 5593 τοῦ
1348 5539 1424 5612 μὴ
1453 5538 1602 5593 θύειν
1631 5526 1746 5592 εαξ-

146 5643 294 5698 post.

1855 4515 1961 4571 tur,
1991 4515 2045 4560 et
2076 4502 2379 4558 inanimato
2411 4503 2477 4558 ab
2515 4503 2636 4572 igne
2673 4507 2996 4569 consumpto
3033 4497 3207 4554 solum
3237 4510 3407 4566 super

1853 4597 1926 4651 sit
1954 4596 2273 4651 animatum.

1925 4793 2212 4865 Eﬂundenl
2263 4792 2573 4863 sanguinem
2619 4791 2688 4844 ad
2729 4789 2896 4844 altare
2940 4778 3236 4843 “.Altare
3268 4785 3428 4840 holo-

1855 4887 2032 4942 causti
2067 4900 2162 4940 ara
2189 4884 2412 4950 dicitur,
2445 4884 2496 4938 in
2524 4898 2630 4952 qua
2657 4881 2930 4938 sacriﬁcia
2976 4878 3281 4934 holocausti
3308 4874 3437 4931 oll'e-

1856 4988 2070 5043 runtur,
2110 4977 2281 5033 altare
2309 4991 2434 5033 vero
2464 4975 2698 5042 incensi,
2726 4973 2958 5030 interior
2995 4982 3078 5029 est
3109 4986 3226 5029 ara.

1927 5173 2202 5242 Ejusdem.
2236 5171 2506 5240 Quoniam
2564 5169 2855 5228 sacriﬁciis
2890 5167 3307 5225 delectabantur
3340 5164 3434 5221 Iu-

1855 5265 1978 5331 daei,
2009 5274 2195 5335 utpote
2225 5265 2291 5320 iis
2324 5266 2377 5320 in
2410 5263 2648 5335 Egypto
2678 5262 2905 5330 assueti,
2941 5271 3002 5316 ut
3042 5261 3201 5316 docet
3231 5257 3434 5312 vitulus

1857 5355 1912 5410 in
1945 5356 2157 5414 deserto
2182 5354 2468 5424 conﬁatus,
2495 5357 2611 5410 haec
2641 5354 2745 5410 sibi
2775 5353 2960 5408 offerri
2988 5349 3236 5422 permisit
3267 5348 3433 5412 Deus,

1856 5456 1914 5502 ut
1941 5461 2130 5502 eorum
2162 5447 2228 5502 ad
2263 5447 2447 5517 plures
2479 5447 2606 5502 deos
2625 5445 2883 5502 colendos
2913 5442 3218 5500 inordinate
3243 5440 3438 5510 procli-

1857 5552 1954 5594 ves
1995 5540 2211 5595 animos
2262 5539 2565 5596 rcfrenaret
2597 5549 2652 5594 et
2680 5553 2710 5593 a
2740 5535 3104 5593 sacriﬁcando
3155 5531 3435 5589 daemoniis

1859 5641 2151 5689 averteret.

212 5811 256 5842 ἰ
300 5809 498 5870 Levit.
537 5827 586 5880 ι,
624 5811 672 5870 l.
749 5812 794 5848 ⁵³
833 5811 978 5872 Psal.
1012 5829 1201 5884 cxvul,
1235 5813 1326 5871 18.
1401 5815 1449 5849 ³³
1474 5815 1632 5872 Rom.
1663 5820 1735 5872 “vn

1915 5811 2299 5882 “Levit.x,2.
2375 5812 2420 5847 π
2456 5810 2592 5869 Gen.
2615 5825 2670 5879 v,
2704 5809 2760 5878 4,
2790 5809 2843 5865 5.
2920 5810 2968 5849 ⁸⁸
3000 5806 3325 5881 1.ενίι.ι,δι
