3876 6510
435 381 542 438 599

437 614 633 673 sponte
661 601 878 670 ﬁtquod
911 599 1182 669 quispiam
1215 599 1327 670 agit
1347 601 1575 655 malum.
1603 600 2018 656 Observandum

433 694 798 766 ignorantiam
825 691 1276 758 involunlariam,
1297 703 1580 762 peccatum
1601 707 1733 746 voca
1745 692 1786 746 ri
1813 707 1843 747 a
1870 692 2019 747 Scri-

436 794 618 856 ptura.
661 781 773 838 lmo
826 781 1059 837 aliorum
1093 783 1457 850 quorumdam
1511 783 1762 837 meminit
1795 781 2018 847 Paulus,

436 877 624 931 dicens
659 876 707 907 ’⁸
754 892 768 929 :
823 893 840 925 ι
893 872 1157 930 Umbram
1216 875 1364 930 enim
1429 875 1620 930 habuit
1663 875 1752 930 lex
1809 877 2024 930 futuro-

437 984 582 1024 rum.
620 988 639 1020 ι

509 1059 788 1126 Eiusdem.
822 1058 956 1114 Illud
998 1059 1142 1129 quod
1172 1058 1374 1113 dicitur
1406 1079 1417 1114 :
1457 1075 1476 1110 ι
1520 1057 1579 1113 Si
1622 1057 1804 1113 anima
1831 1073 2024 1129 pecca-

436 1153 578 1208 verit
609 1166 716 1206 non
747 1159 942 1222 sponte
966 1159 1023 1206 et
1057 1165 1164 1206 non
1200 1149 1394 1205 fecerit
1422 1149 1488 1204 de
1517 1149 1772 1205 omnibus
1797 1150 2021 1205 manda-

439 1245 511 1300 tis
542 1244 778 1310 Domini,
812 1263 832 1296 ι
868 1252 1076 1298 naturae
1105 1237 1532 1297 consenta‘neum
1559 1249 1663 1296 est.
1708 1242 1848 1297 Sunt
1877 1241 2021 1298 enim

439 1337 580 1392 forte
621 1336 874 1407 quaedam
917 1345 1186 1407 praecepta
1231 1335 1448 1390 Domini
1481 1350 1602 1404 quae
1631 1350 1736 1389 non
1771 1333 2019 1388 facienda

437 1431 741 1500 suntjuxta
772 1429 903 1484 illud
933 1429 979 1460 '9
1013 1445 1026 1482 :
1062 1446 1080 1478 ι
1118 1427 1248 1484 Dedi
1279 1429 1358 1483 eis
1394 1437 1658 1498 praecepta
1692 1443 1797 1482 non
1822 1428 2014 1480 bona.)

439 1520 635 1575 Anima
662 1534 792 1588 ergo
817 1528 1006 1588 peccat
1032 1534 1136 1573 non
1169 1527 1384 1589 Sponte,
1413 1518 1630 1588 quando
1659 1518 1878 1572 obtentu
1905 1519 2021 1584 pie-

438 1611 574 1666 tatis
598 1610 648 1664 id
680 1609 824 1680 quod
855 1609 944 1663 lex
979 1617 1147 1674 vetat,
1178 1616 1381 1663 servat.
1413 1607 1476 1662 Et
1498 1606 1769 1662 sacriﬁcio
1816 1606 2024 1675 indiget

440 1703 510 1759 ad
551 1702 766 1758 veniam
810 1700 1189 1756 obtinendam.
1232 1700 1304 1754 At
1354 1697 1628 1753 sacriﬁcio
1665 1712 1772 1751 non
1816 1697 2022 1766 indiget

441 1797 536 1867 qui
568 1797 822 1852 consulto
851 1796 990 1867 agit,
1031 1794 1176 1849 sicut
1225 1793 1269 1846 is
1307 1792 1399 1862 qui
1442 1789 1661 1845 Judams
1711 1789 1887 1843 factus
1937 1798 2018 1844 cst

1816 379 1910 436 EX
1943 378 2247 438 OlllUENE

509 505 574 563 Si
607 513 780 561 autem
814 504 993 559 anima
1017 519 1125 558 una
1153 503 1447 574 peccaverit
1476 518 1580 560 non
1607 512 1790 574 sponte
1806 506 1874 564 ’⁷.
1901 504 2016 560 Non
2051 507 2095 564 Α

3603 394 3702 450 400

2208 506 2349 560 Ἐὰν
2375 505 2444 560 δὲ
2477 507 2647 578 ψυχὴ
2668 508 2777 578 μία
2809 509 3041 579 ἁμάρτῃ
3064 511 3390 578 ἀκουσίως.
3432 510 3704 565 Ἀκούσιόν

2125 598 2272 650 ἐστιν
2297 599 2433 670 ὅπερ
2460 600 2524 653 ἄν
2558 617 2640 664 τις
2674 603 2801 672 ποιῇ
2827 603 3014 654 κακόν.
3044 603 3382 673 Σημειωτέον
3442 598 3526 650 ὅτι
3559 598 3621 651 τὸ
3651 603 3705 654 ἀ-

2119 685 2334 757 γνόημα
2351 689 2410 743 τὸ
2452 690 2728 755 ἀκούσιον,
2773 690 3049 763 ἁμαρτίαν
3081 690 3237 745 καλεῖ
3274 694 3306 762 ή
3359 692 3573 762 Γραφή.
3610 693 3707 748 Καὶ

2124 779 2298 832 ἄλλων
2331 781 2491 834 τινῶν
2533 783 2807 854 μέμνηται
2843 785 2870 837 δ
2899 783 3174 854 μακάριος
3204 782 3417 847 Παῦλος
3455 783 3707 853 gadium-

2129 874 2314 926 Σκιὰν
2339 876 2450 944 γὰρ
2487 873 2651 946 εἶχεν
2682 881 2714 930 ό
2736 880 2922 946 νόμος
2957 875 3080 949 τῶν
3093 878 3467 945 μελλόντων.

2202 1058 2310 1112 Τοῦ
2337 1059 2541 1113 αὑτοῦ.
2585 1079 2604 1111 ι
2649 1059 2812 1131 Ψυχὴ
2843 1059 2936 1112 ἐὰν
2963 1058 3188 1132 ἁμάρτῃ
3219 1059 3516 1122 ἀκουσίως,
3547 1058 3691 1130 φησι,

2125 1151 2322 1223 καὶμὴ
2369 1154 2572 1226 ποιήσῃ
2622 1153 2729 1207 ἀπὸ
2761 1153 2953 1206 πασῶν
2986 1152 3095 1206 τῶν
3143 1153 3372 1205 ἐντολῶν
3417 1153 3643 1222 Κυρίου,
3681 1172 3694 1202 ι

2125 1246 2267 1298 κατά
2300 1245 2461 1312 φύσιν
2513 1246 2646 1318 ἔχει.
2682 1247 2842 1300 Ἐστι
2865 1245 2974 1316 γὰρ
3005 1245 3145 1315 τάχα
3185 1244 3310 1299 τινὰ
3354 1245 3451 1300 καὶ
3486 1248 3700 1317 προστά-

2123 1354 2306 1408 γματα
2353 1338 2580 1409 Κυρίου,
2619 1338 2656 1394 ἃ
2689 1339 2747 1391 οὑ
2783 1338 2863 1392 δεῖ
2917 1341 3090 1392 ποιεῖν
3127 1339 3268 1392 κατά
3314 1339 3409 1391 τὸο
3448 1357 3466 1389 ι
3499 1339 3698 1392 Ἔδωκε

2125 1429 2307 1490 αὐτοῖς
2341 1429 2742 1500 προστάγματα
2774 1429 2835 1482 οὺ
2877 1428 3036 1484 καλά.
3081 1448 3099 1480 ι
3136 1427 3297 1500 Ψυχῆ
3343 1423 3439 1482 οὗν
3466 1431 3698 1500 ἀμαρτὰ-

2124 1537 2204 1573 νει
2255 1519 2545 1586 ἀκουσίως,
2596 1521 2685 1573 ὅτε
2744 1521 3016 1591 προφάσει
3059 1520 3343 1583 εύσεῦείας
3386 1520 3452 1573 τὸ
3487 1521 3564 1590 μὴ
3600 1520 3698 1574 δέον

2123 1617 2298 1686 τηρεῖ.
2359 1614 2468 1665 Καὶ
2514 1614 2683 1666 δεῖται
2726 1612 2915 1678 θυσίας
2974 1615 3110 1687 πρὸς
3161 1615 3389 1683 ἄφεσιν·
3429 1613 3492 1666 οὐ
3525 1613 3696 1684 δεομέ-

2128 1725 2218 1760 νου
2255 1706 2446 1769 Θυσίας
2488 1705 2581 1758 τοῦ
2627 1705 2861 1777 δρῶντος
2891 1705 3238 1777 ἐξεπίτηδες·
3285 1706 3360 1769 ὡς
3412 1706 3442 1757 ὁ
3476 1705 3696 1774 γεγονὼς

2139 1801 2388 1862 Ἰουδαῖος
2423 1800 2507 1852 ἵνα
2547 1798 2832 1862 Ἰουδαίους
2868 1797 3126 1872 κερδήσῃ,
3159 1797 3255 1852 καὶ
3278 1796 3595 1869 περιτεμὼν
3624 1799 3697 1851 τὸν

442 1859 734 1946 utJudteos
760 1859 1125 1951 lucriiaceret,
1155 1893 1210 1940 et
1244 1859 1589 1938 circumcidit
1617 1880 1984 1937 Timotheum.

2137 1895 2189 1946 Γι
2198 1859 2406 1964 μόθεον.

513 1982 704 2038 Anima
724 1981 819 2037 illa
835 1995 1162 2053 quotcunque
1187 1976 1412 2047 tetigerit
1433 1991 1636 2030 omnem
1665 1990 1772 2028 rem
1797 1974 2022 2027 immun-

440 2079 586 2144 dam,
617 2086 710 2132 aut
739 2075 1079 2131 morticinum
1111 2075 1152 2128 ¹.
1182 2071 1530 2127 Morticinum
1561 2078 1719 2124 vocat
1745 2069 1855 2124 Deo
1879 2083 2026 2123 mor-

441 2181 591 2226 tuum
621 2171 897 2226 hominem
932 2165 1157 2236 quicum
1191 2177 1368 2234 neque
1395 2162 1576 2217 cibum
1617 2175 1834 2216 sumere
1863 2175 2026 2229 opor-

440 2270 570 2318 teat.
602 2261 706 2329 Qui
727 2259 871 2316 enim
900 2259 1078 2328 ipsum
1111 2256 1374 2326 tetigerit,
1403 2254 1721 2308 immundus
1755 2265 1861 2308 est.
1888 2251 2020 2306 Illud

437 2365 656 2424 quoque
708 2349 1050 2405 immundum
1079 2355 1165 2402 est
1191 2345 1334 2417 quod
1369 2344 1436 2399 ab
1469 2343 1786 2399 adversario
1836 2351 2023 2396 nostro

438 2443 659 2501 diabolo
681 2449 905 2513 captum
930 2447 1033 2495 est.
1056 2437 1563 2493 Pecoraimmunda
1595 2435 1797 2489 fuerint
1827 2433 1901 2487 illi
1932 2433 2021 2502 qui

433 2537 805 2608 jumentorum
839 2533 1015 2589 instar
1049 2531 1116 2585 ad
1175 2529 1405 2584 verbum
1444 2535 1817 2592 accesserunt,
1873 2537 1928 2580 et
1956 2526 2023 2579 ad

438 2637 671 2686 mortem
729 2634 1052 2698 peccarunt,
1117 2637 1295 2693 neque
1340 2621 1488 2692 digni
1551 2619 1680 2675 facti
1742 2629 1870 2676 sunt
1929 2619 2020 2689 qui

440 2723 786 2780 salvarentur
837 2722 1002 2777 etiam
1046 2735 1172 2775 cum
1223 2716 1526 2786 iumentis,
1579 2715 1735 2785 juxta
1792 2714 1922 2768 illud
1952 2715 2019 2767 ἰ

445 2836 465 2871 ι
497 2819 754 2875 Homines
784 2826 842 2874 et
872 2817 1115 2888 iumenta
1145 2813 1406 2876 salvabis,
1435 2811 1682 2866 Domine.
1719 2826 1738 2860 ι

511 2909 699 2966 Omnis
721 2910 814 2980 qui
847 2909 1074 2978 tetigerit
1103 2922 1220 2971 eas,
1264 2903 1690 2972 sanctiﬁcabitur
1714 2901 1758 2958 ³.
1790 2899 2020 2967 Quidam

442 3003 608 3069 illud,
647 3020 665 3053 ι
705 2999 1167 3061 sanctiﬁcabitur,
1209 3016 1228 3049 ι
1264 3005 1584 3066 exponunt,
1617 3012 1635 3044 ι
1673 2991 2023 3048 contamina-

441 3097 614 3164 hitur,
647 3114 667 3149 ι
692 3109 798 3151 non
826 3093 1066 3164 quidem,
1095 3101 1156 3146 ut
1178 3090 1393 3160 opinor,
1412 3094 1632 3157 propter
1663 3083 2017 3147 sacrificium,

2211 1985 2282 2040 Ἦ
2313 1986 2484 2055 ψυχὴ
2519 1985 2720 2053 ἐκείνη
2751 1983 2883 2052 ἣτις
2907 1985 3015 2039 ἐὰν
3049 1985 3272 2054 ἅψηται
3317 1984 3550 2052 παντὸς
3574 1984 3696 2053 πρέρ

2134 2095 2354 2149 γματος
2391 2077 2751 2145 ἀκαθάρτου,
2785 2077 2822 2145 ἣ
2857 2077 3236 2146 θνησιμαίου.
3285 2076 3619 2147 Θνησιμαῖον
3648 2076 3693 2130 δέ

2128 2188 2260 2242 φησι
2287 2171 2376 2223 τὸν
2401 2169 2740 2225 ἀποθανόντα
2775 2169 2853 2240 τῷ
2885 2169 3002 2240 Θεῷ
3034 2169 3342 2240 ἄνθρωπον,
3380 2164 3426 2238 ᾧ
3446 2170 3552 2240 χρὴ
3582 2170 3693 2241 μηδὲ

2127 2262 2447 2319 συνεσθίεινο
2473 2265 2502 2316 ὁ
2532 2263 2641 2336 γὰρ
2673 2262 2978 2333 ἁπτόμενος
3018 2263 3182 2317 αὐτοῦ
3216 2261 3532 2334 ἀκάθαρτός
3577 2264 3689 2315 ἐστι.

2126 2357 2235 2410 Καὶ
2263 2356 2424 2410 τοῦτο
2465 2355 2777 2426 ἀκάθαρτόν
2809 2355 2926 2406 ἐστι
2969 2353 3028 2407 τὸ
3058 2352 3322 2425 θηρευθέν
3358 2352 3467 2404 ὑπὸ
3500 2351 3590 2405 τοῦ
3619 2352 3694 2406 ἁν-

2115 2451 2326 2506 -τιδίκου
2361 2449 2517 2521 ἡμῶν
2558 2449 2823 2503 διαϐόλου.
2870 2450 3056 2520 Κτήνη
3104 2447 3392 2520 ἀκάθαρτα
3426 2447 3514 2518 εἴη
3549 2447 3626 2509 ἂν,
3651 2448 3690 2500 ol

2128 2542 2514 2614 προσελθόντες
2548 2541 2646 2612 μὲν
2672 2541 2749 2612 τῷ
2787 2541 2929 2612 λόγῳ
2963 2540 3278 2611 κτηνώδεις,
3317 2543 3457 2612 πρὸς
3485 2539 3688 2593 θάνατον

2123 2634 2180 2686 δέ
2215 2633 2657 2703 ἀμαρτήσαντες,
2696 2631 2791 2684 καὶ
2844 2632 2917 2702 μὴ
2961 2631 3243 2701 γενόμενοι
3287 2631 3430 2695 ἄξιοι
3479 2630 3688 2700 σωθῆναι

2125 2727 2230 2781 κᾶν
2279 2727 2416 2798 μετά
2461 2725 2696 2798 κτηνῶν,
2729 2725 2867 2778 κατά
2894 2727 2954 2779 τὸ
2988 2725 3144 2794 λέγον
3179 2725 3360 2797 ρητόνο
3407 2745 3426 2777 ι
3482 2723 3687 2795 Ἀνθρώ-

2127 2839 2259 2885 πους
2285 2819 2380 2874 καὶ
2417 2819 2590 2890 κτήνη
2623 2818 2839 2881 σώσεις,
2872 2819 3066 2890 Κύριε.
3103 2837 3125 2872 ι

2195 2911 2314 2978 Πᾶς
2352 2911 2421 2978 ὃς
2450 2913 2558 2966 ἐὰν
2589 2913 2812 2981 ἅψηται
2849 2909 3046 2964 αὐτῶν
3077 2909 3530 2982 ἀγιασθιὲσεται.
3553 2905 3681 2969 Τινὲς

2124 3007 2184 3060 τὸ
2215 3025 2234 3058 ι
2282 3007 2698 3077 ἀγιασθήσεται,
2749 3026 2766 3057 ι
2811 3003 3258 3073 polus-(hiemat
3306 3003 3493 3069 φασὶν,
3538 2998 3681 3051 ούὸιὰ

2124 3100 2220 3171 τὴν
2253 3099 2465 3163 θυσίαν,
2483 3095 2657 3169 οἶμαι,
2686 3097 2820 3151 ἀλλά
2849 3096 2938 3149 διὰ
2963 3096 3024 3149 τὸ
3055 3093 3327 3166 τολμηρὸν
3353 3092 3517 3146 αὐτοῦ
3545 3093 3683 3146 ἀπτο-

440 3189 536 3245 sed
571 3195 794 3258 propter
826 3184 1114 3239 audaciam
1165 3180 1457 3250 tangentis.
1487 3178 1717 3248 Aggeus
1755 3174 1902 3231 enim
1933 3174 2019 3228 di-

2137 3192 2307 3248 ιένου.
2356 3192 2609 3261 Ἀγγαῖος
2650 3191 2756 3263 γάρ
2791 3206 2973 3260 φησιν·
3019 3206 3038 3240 ι
3073 3190 3169 3252 Ὃς
3193 3187 3256 3242 ἂν
3290 3187 3515 3256 ἅψηται,
3549 3202 3678 3254 ptav-

441 3284 516 3338 cit
538 3285 560 3315 ⁸
591 3301 606 3338 :
645 3300 663 3333 ι
703 3280 804 3348 Qui
836 3280 1098 3350 tetigerit,
1133 3273 1617 3334 contaminahitur.
1648 3290 1668 3325 ι

513 3370 788 3442 Ejusdem.
840 3370 1077 3426 Dicimus
1123 3365 1400 3424 sacriﬁcia
1442 3361 1822 3420 sacerdotibus
1851 3360 2021 3431 magis

443 3464 612 3521 fuisse
661 3464 1050 3520 alimentorum
1105 3462 1421 3528 materiam,
1456 3467 1513 3516 et
1565 3460 1815 3515 umbram
1861 3456 2021 3528 182

442 3556 684 3630 pietatis.
719 3555 926 3627 Duplex
981 3555 1164 3610 oritur
1214 3553 1426 3610 lucrum
1461 3567 1494 3608 e
1533 3552 1858 3617 sacriﬁciis;
1906 3551 2022 3620 pri-

437 3663 612 3719 mum,
643 3649 789 3720 quod
819 3648 945 3705 inde
975 3646 1120 3703 Deus
1162 3645 1498 3710 houoretur;
1523 3643 1843 3709 secundum,
1875 3643 2021 3712 quod

436 3756 558 3814 quae
603 3741 874 3813 quispiam
920 3739 1244 3804 immolarit,
1280 3753 1346 3794 ea
1385 3751 1492 3793 non
1529 3735 1694 3793 facile
1739 3735 2020 3803 adorabit,

439 3847 613 3902 neque
645 3834 811 3888 Deum
837 3846 960 3887 esse
987 3831 1223 3900 putabit.

513 3925 578 3978 Et
610 3941 713 3978 non
758 3925 1056 3978 moriemini
1083 3923 1124 3976 ⁵.
1161 3922 1389 3976 Mortem
1441 3921 1556 3975 hate
1604 3920 1765 3974 verba
1822 3919 2018 3974 minari

438 4019 692 4073 videntur
716 4015 1090 4072 sacerdotibus
1121 4017 1304 4070 vinum
1335 4025 1392 4070 et
1423 4014 1656 4068 siceram
1687 4013 2018 4078 bibentibus,

436 4127 562 4166 cum
602 4111 657 4166 in
691 4110 1106 4167 tabernaculum
1152 4109 1556 4179 ingrediuntur.
1603 4106 1832 4176 Oportet
1871 4105 2018 4160 enim

437 4205 722 4274 episcopos
747 4203 844 4274 qui
879 4213 1039 4259 orant
1068 4216 1171 4273 pro
1214 4201 1437 4271 populo,
1469 4215 1576 4254 non
1605 4199 1780 4255 solum
1834 4196 2020 4268 fugere

437 4297 760 4352 ebrietatem
793 4310 918 4366 quae
956 4310 986 4349 a
1031 4297 1158 4350 vino
1197 4295 1404 4358 oritur,
1453 4293 1550 4348 sed
1589 4302 1645 4346 et
1678 4305 1798 4346 eam
1837 4303 1958 4360 qua:
1988 4303 2018 4343 a

437 4392 600 4446 rebus
654 4400 712 4447 et
759 4389 1276 4446 ratiocinationibus
1324 4387 1580 4442 humanis
1635 4382 2016 4454 proﬁciscitur.

438 4480 547 4536 Nec
573 4482 812 4537 absurde
841 4479 972 4536 illud
1004 4488 1177 4545 vetat,
1210 4477 1305 4533 sed
1342 4476 1486 4547 quod
1533 4476 1702 4531 sciret
1747 4475 2019 4544 impoten-

2123 3285 2366 3358 θήσεται.
2417 3302 2436 3336 ι

2202 3376 2312 3430 Τοῦ
2363 3373 2570 3429 αὑτοῦ.
2607 3375 2850 3444 Λέγομεν
2883 3372 2959 3436 ὠς
2990 3369 3282 3442 διατροφῆς
3315 3367 3536 3438 ἀφορμὴ
3570 3367 3672 3437 μᾶλα

2121 3466 2211 3519 λον
2251 3468 2364 3528 τοῖς
2423 3463 2656 3536 ἱερεῦσιν
2696 3459 2838 3534 ἦσαν
2870 3463 2927 3516 αἱ
2970 3459 3150 3514 θυσίαι
3186 3460 3278 3512 καὶ
3315 3457 3446 3510 σκιὰ
3490 3458 3580 3527 τῆς
3607 3456 3676 3506 εὖ·

2125 3557 2359 3621 σεϐείας.
2395 3555 2623 3610 Διπλοῦν
2653 3555 2708 3608 δέ
2734 3555 2851 3607 ἐστι
2881 3553 2940 3605 τὸ
2968 3552 3155 3622 κέρδος
3177 3551 3236 3603 τὸ
3263 3550 3373 3605 ἀπὸ
3406 3550 3498 3602 τοῦ
3535 3549 3671 3601 θύειεν

2125 3651 2221 3705 καὶ
2273 3652 2358 3705 ὅτι
2411 3649 2530 3722 Θεῷ
2577 3647 2913 3720 προσάγεται
2980 3646 3152 3716 τιμὴ,
3208 3644 3302 3697 καὶ
3349 3644 3432 3695 ὃτι
3490 3643 3524 3695 ἃ.
3580 3640 3671 3692 θύει

2123 3762 2207 3809 τις
2261 3745 2362 3798 οὐκ
2413 3742 2480 3798 ἂν
2533 3742 2983 3813 προσκυνήσειεν,
3011 3739 3133 3791 οὐδὲ
3184 3737 3250 3792 ἂν
3303 3734 3511 3806 οἰηθείη
3567 3732 3672 3785 Θεὸν

2125 3834 2240 3890 εἷνα
2249 3855 2262 3889 ι
2272 3877 2285 3891 .

2194 3930 2305 3985 Kal
2340 3931 2412 3984 οὐ
2444 3927 2530 3999 μὴ
2583 3925 2943 3994 ἀποθάνητε.
2988 3922 3228 3976 Θάνατον
3266 3923 3294 3973 ὁ
3326 3919 3484 3987 λόγος
3527 3916 3669 3969 ἔοικεν

2123 4013 2365 4082 ἀπειλεῖν
2399 4021 2655 4093 ἱερεῦσιν,
2687 4014 2826 4072 οἶνον
2872 4016 2967 4071 καὶ
3014 4015 3204 4086 σίκερα
3244 4013 3507 4078 πίνουσιν,
3539 4009 3669 4080 ἡνίκα

2123 4115 2188 4169 ἂν
2221 4117 2300 4178 είς
2324 4114 2424 4186 τὴν
2451 4111 2654 4184 σκηνὴν
2682 4108 3127 4182 είσπορεύωνται.
3153 4108 3246 4159 Δεῖ
3265 4105 3376 4176 γὰρ
3409 4103 3529 4167 τοὺς
3557 4100 3667 4168 ὑπὲρ

2122 4209 2217 4262 τοῦ
2244 4206 2374 4261 λαοῦ
2411 4205 2736 4277 εὐχομένους
2763 4202 3093 4264 ἐπισκόπους
3127 4195 3560 4270 ἀποστρέφεσθαι
3582 4192 3665 4248 ἀπὸ

2127 4302 2320 4375 μέθης,
2367 4301 2426 4354 οὑ
2481 4300 2638 4370 μόνον
2683 4297 2782 4368 τῆς
2831 4295 2940 4349 ἀπὸ
2971 4294 3134 4355 οἴνου,
3171 4290 3306 4345 ἀλλά
3348 4289 3443 4342 καὶ
3471 4289 3559 4356 τῆς
3580 4284 3663 4338 τῶν

2124 4394 2486 4466 πραγμάτων,
2522 4393 2617 4444 καὶ
2665 4387 3032 4458 διαλογισμῶν
3078 4384 3454 4457 ἀνθρωπίνων.
3490 4375 3663 4448 Οὑχῶς

2123 4486 2320 4540 ἄτοπον
2350 4485 2406 4537 δέ
2449 4481 2789 4554 ἀπαγορεύει
2825 4479 3002 4543 τοῦτο,
3028 4477 3141 4532 ἀλλ’
3171 4479 3251 4530 ὅτι
3287 4475 3402 4546 ᾔδει
3435 4474 3492 4526 τὸ
3520 4472 3659 4540 ἀκρι-

436 4580 524 4642 tes
559 4573 728 4628 animi
763 4573 1039 4629 Israelitas
1068 4572 1119 4625 in
1153 4570 1205 4624 id
1257 4569 1622 4639 quodcunque
1656 4568 2014 4638 aggrederen-

2137 4579 2210 4641 τές
2239 4577 2349 4631 τῶν
2396 4575 2766 4648 Ἰσραηλιτῶν,
2812 4573 2894 4626 ὅτι
2933 4572 3134 4624 ὁπόταν
3171 4569 3411 4638 ἅψοιντο,
3457 4567 3531 4627 είς
3557 4565 3660 4632 ἁμε-

437 4671 544 4732 tur,
573 4665 864 4722 immodice
893 4665 1044 4720 ferri.
1079 4663 1148 4719 Ut
1171 4677 1293 4719 cum
1329 4662 1384 4717 in
1419 4668 1610 4717 sancta
1657 4659 2014 4728 ingrederen-

438 4772 550 4827 tur,
585 4762 826 4818 sobrium
861 4762 1129 4818 haberent
1169 4759 1368 4816 mentis
1415 4773 1668 4825 sensum,
1703 4767 1758 4813 et
1795 4757 2010 4813 facilem

435 4853 527 4908 Dei
561 4853 997 4909 recordationem
1010 4890 1026 4907 .

506 4943 686 5011 Quare
738 4961 841 4999 non
890 4945 1165 5000 comeditis
1222 4944 1362 4998 illud
1410 4945 1550 5015 quod
1593 4944 1696 5014 fuit
1745 4959 1841 5015 pro
1891 4959 2012 5013 pec-

431 5047 553 5093 cato
572 5039 624 5092 in
648 5039 764 5093 loco
784 5051 966 5094 sancto
984 5041 1026 5094 ⁸.
1047 5039 1293 5096 Ostendit
1324 5042 1701 5095 sacerdotibus
1723 5055 1826 5094 non
1860 5053 2010 5093 com-

430 5131 743 5195 edenlibus.
802 5129 1178 5200 imperfectum
1211 5146 1337 5186 esse
1377 5131 1734 5196 sacriﬁcium,
1788 5140 1842 5186 et
1885 5145 2011 5200 pec-

430 5230 612 5276 catum
653 5236 899 5276 manere.
925 5221 1219 5292 Oportebat
1252 5223 1396 5278 enim
1444 5232 1504 5277 ut
1548 5234 1604 5278 et
1639 5225 1707 5277 dc
1745 5221 2011 5293 sanguine

431 5311 745 5375 inferretur,
774 5322 830 5368 et
863 5313 962 5382 ipsi
995 5315 1363 5369 comederent.

502 5404 562 5458 Si
590 5405 744 5459 hodie
765 5404 1060 5458 obtulerunt
1088 5421 1204 5474 qua:
1229 5422 1324 5474 pro
1348 5416 1563 5475 peccato
1588 5406 1798 5459 illorum
1827 5405 2004 5459 snnt’.

429 5497 904 5568 Quamloquidem,
935 5499 1132 5564 inquit,
1166 5498 1354 5554 Nuduh
1386 5510 1442 5555 et
1477 5501 1653 5553 Ahiud
1686 5501 1776 5568 qui
1837 5500 2002 5553 Dcum

427 5589 792 5658 oﬂenderant,
822 5594 1022 5648 mortui
1057 5594 1440 5663 sunt,quandu
1471 5604 1683 5664 tempus
1703 5602 1820 5646 erat
1849 5608 2006 5648 com-

489 5779 532 5852 ?"
589 5780 765 5836 Levit.
789 5782 975 5852 tv,27.
1050 5784 1096 5816 °‘
1123 5783 1286 5840 Hebr.
1323 5799 1378 5850 ι,
1412 5783 1462 5838 1.
1540 5783 1584 5814 ’9
1614 5779 1812 5837 Ezech.
1855 5798 1946 5843 xx,
1979 5779 2074 5852 25.

430 5848 609 5923 ‘Agg.
636 5867 698 5922 ιι,
735 5848 859 5909 ιδ(
898 5855 919 5887 ι
958 5852 1135 5912 Levit.
1171 5872 1226 5926 κ,
1249 5856 1304 5912 9.
1367 5848 1582 5919 "ibid.,
1624 5855 1708 5908 Π.
1786 5850 2085 5918 ’ibid.,l9

2118 4673 2274 4744 τρίαν
2312 4669 2570 4741 ἐχώρουν.
2619 4668 2714 4720 Ἵν’
2761 4667 2847 4719 ὅτε
2883 4666 2962 4728 εἰς
3001 4663 3068 4716 τὰ
3120 4662 3250 4730 ἅγια.
3271 4661 3660 4734 εἰσπορεύονται,

2119 4764 2376 4834 νηφάλιον
2409 4763 2470 4814 τὸ
2514 4761 2612 4832 τῆς
2660 4758 2841 4830 ψυχῆς
2876 4755 3101 4828 ἀκριϐὲς
3141 4754 3326 4824 ἔχωσι,
3373 4752 3468 4805 καὶ
3504 4744 3656 4799 λεπτὸν

2118 4855 2210 4910 τοῦ
2243 4853 2376 4908 Θεοῦ
2411 4855 2777 4925 μνημόσυνον.

2186 4947 2289 5000 Διὰ
2340 4948 2395 5000 τί
2428 4948 2540 4999 οὐκ
2570 4944 2820 5014 ἐφάγετε
2863 4941 2926 4994 τὸ
2967 4940 3103 5008 περὶ
3140 4938 3249 5006 τῆς
3288 4933 3567 5005 ἁμαρτίας
3605 4925 3654 4978 ἐν

2117 5042 2276 5103 τόπῳ
2305 5040 2480 5108 (ir/co;
2524 5036 2776 5090 Δείκκυσι
2809 5035 2864 5088 δὲ
2893 5036 2974 5087 ὅτι
3011 5034 3084 5104 μὴ
3117 5031 3225 5084 τῶν
3275 5028 3462 5099 ἱερέων
3489 5018 3653 5078 ἐσθιόν-

2113 5148 2242 5194 των,
2272 5129 2612 5198 ἀτέλεστοςὴ
2647 5128 2828 5192 θυσία,
2871 5126 3022 5195 καὶὴ
3054 5121 3296 5194 ἁμαρτία
3329 5107 3650 5193 μένειχὲχῄν

2114 5222 2222 5295 γὰρ
2277 5223 2371 5275 καὶ
2413 5224 2477 5275 ἐκ
2522 5220 2616 5274 τοῦ
2663 5221 2892 5290 αἵματος
2929 5215 3321 5286 εἰσενεχθῆναι,
3367 5210 3459 5265 καὶ
3493 5203 3648 5260 αὑτΰκ

2116 5318 2329 5385 φαγεῖν.

2186 5410 2256 5461 Εἰ
2288 5406 2555 5476 σήμερον
2601 5404 3055 5474 προσαγηόχασι
3091 5397 3163 5452 τὰ
3191 5396 3320 5465 περὶ
3363 5392 3466 5462 τῆς
3495 5389 3642 5476 ἁμαρῖ

2114 5501 2242 5566 τίας
2283 5472 2500 5553 αὐτῶν.
2552 5499 2704 5550 Ἐπεὶ
2739 5472 2959 5565 συνέϐη,
2994 5492 3148 5564 φησι,
3184 5491 3297 5554 τοῖς
3346 5487 3467 5557 περὶ
3495 5472 3643 5534 Ναδάὅ

2113 5595 2208 5648 καὶ
2252 5593 2464 5648 Ἀὅιοὺδ
2507 5589 2916 5664 προσκρούσασι
2969 5584 3049 5656 τῷ
3097 5583 3216 5654 Θεῷ
3255 5577 3541 5637 ἀποθανεῖν,
3569 5569 3640 5622 ὅτι

2177 5781 2191 5811 ¹
2226 5778 2400 5832 Lavit.
2439 5793 2490 5844 v,
2521 5775 2577 5833 2.
2655 5776 2676 5806 ’
2706 5773 2848 5828 Psal.
2888 5785 3054 5834 xxxv,
3087 5766 3141 5820 7.
3241 5765 3261 5796 ³
3285 5763 3450 5817 Lent.
3477 5771 3539 5816 vi,
3567 5748 3636 5804 l8.
