3876 6510
214 407 296 464 Mil
1355 395 1664 453 SELECTA
1699 396 1765 452 IN
1806 395 2203 454 LEVITICUM.

3338 392 3456 450 40!

216 523 380 584 καιρὸς
409 509 475 587 ἦν
506 515 696 585 φαγεῖν
722 513 918 577 αὐτοὺς
950 513 1006 566 τὸ
1038 514 1164 584 περὶ
1206 515 1479 585 ἁμαρτίας
1507 517 1601 570 τοῦ
1637 517 1764 571 λαοῦ

1881 521 2034 572 edere
2093 518 2218 572 illos
2269 515 2412 586 quod
2444 513 2545 570 fuit
2569 529 2666 585 pro
2699 522 2923 586 peccato
2949 511 3128 583 populi
3175 523 3230 566 ut
3259 513 3444 567 remit-

215 611 294 667 τοῦ
321 607 578 677 ἀφεθῆναι
609 607 645 661 δι
673 609 910 678 ἥμαρτε,
943 606 1058 670 πῶς
1098 608 1147 658 οἱ
1175 607 1231 658 ἐν
1262 607 1558 680 ἁμαρτίαις
1605 610 1764 680 ἡμεῖς

214 703 426 772 σήμερον
484 697 830 768 ἐλεγχθέντες
884 695 971 749 διὰ
1027 695 1120 749 τοῦ
1164 698 1359 765 φαγεῖν
1399 679 1512 768 ’τὴν
1572 679 1764 766 ἄφεσιν

212 792 627 867 προξενήσομενς
673 789 789 861 Χρὴ
827 789 936 860 γὰρ
987 788 1076 841 τὸν
1131 790 1276 860 ἱερέα
1333 789 1592 860 πρότερον
1638 791 1765 864 περὶ

210 879 353 939 αὐτοῦ
374 879 735 943 ἐξιλάσασθαι.

276 970 456 1027 Ταῦτα
480 971 549 1024 τὰ
576 968 765 1038 κτήνη
807 969 845 1022 ti
885 969 1169 1039 ριιγέσθε.
1195 969 1370 1041 Θηρία
1398 972 1494 1042 μὲν
1527 966 1620 1027 οῦν
1670 971 1763 1026 ού-

205 1063 372 1136 δαμῶς
400 1063 515 1116 ἐστι
539 1061 778 1134 καθαρά·
819 1061 995 1116 πάντα
1023 1061 1131 1133 γὰρ
1157 1062 1442 1135 ἀκάθαρτα
1487 1064 1630 1118 κατά
1671 1064 1764 1120 τὸν

1873 619 2115 664 terentur
2141 610 2187 664 ei
2223 618 2466 678 peccata,
2491 621 2596 676 quo
2621 618 2776 677 pacto
2803 621 2900 662 nos
2924 606 3014 675 qui
3040 605 3198 660 hodie
3233 604 3284 659 in
3319 619 3444 674 pec-

1869 701 2005 754 catis
2040 714 2159 754 esse
2185 698 2583 762 convincimur,
2625 696 2960 753 comedendo
2994 697 3203 750 veniam
3224 709 3440 766 promes

1870 791 2389 861 rebimur?0porlet
2411 791 2554 846 enim
2581 791 2918 845 sacerdotem
2947 789 3096 858 prius
3119 803 3218 860 pro
3248 803 3306 845 se
3328 789 3444 859 ipso

1867 887 2085 958 placare
2109 885 2418 942 Dominum.

1939 975 2071 1030 Ilwc
2109 987 2231 1030 sunt
2274 991 2462 1046 pecora
2489 991 2606 1046 qua:
2641 974 2924 1030 comedetis
2958 976 3003 1032 ⁸.
3047 975 3246 1031 Bellum
3282 975 3445 1046 igitur

1865 1083 2210 1138 nequaquam
2229 1078 2356 1123 sunt
2373 1068 2612 1122 mundae:
2632 1081 2824 1122 omnes
2840 1067 2983 1122 enim
3009 1077 3134 1124 sunt
3154 1067 3444 1124 immundae

207 1158 408 1212 εἰπόντα
450 1155 635 1226 νόμον·
675 1175 692 1207 ι
736 1156 850 1209 Πᾶν
895 1154 924 1207 ὃ
965 1154 1060 1208 ὲάν
1099 1154 1394 1226 πορεύηται
1443 1157 1536 1210 ἐπὶ
1569 1157 1764 1229 χειρῶν

1881 1161 2019 1224 iuxta
2073 1161 2244 1232 legem
2296 1161 2569 1217 dicentem
2601 1161 2622 1194 ⁹
2662 1175 2678 1213 :
2725 1178 2745 1213 ι
2783 1159 2956 1216 Omne
2999 1161 3250 1231 gradiens
3279 1175 3440 1231 supu

205 1248 354 1304 αὐτοῦ
377 1249 434 1300 ἐν
463 1249 596 1300 πᾶσι
621 1250 734 1311 τοῖς
763 1247 994 1319 Θηρίοις,
1036 1246 1322 1317 ἀκάθαρτα
1353 1246 1507 1302 ἔσται
1548 1248 1696 1319 ὑμῖν.
1739 1266 1758 1300 ι

204 1341 292 1412 Εῖη
328 1339 370 1393 δ’
403 1337 468 1394 ἂν
497 1339 729 1408 γενικῶς
750 1339 912 1410 θηρία
938 1338 1136 1402 πάντες
1162 1340 1209 1392 οἱ
1238 1339 1508 1410 ὠμότατοι
1537 1339 1645 1392 τῶν
1671 1341 1765 1394 ἀν-

203 1431 440 1504 θρώπιον,
472 1432 598 1503 περὶ
637 1425 712 1485 ὧν
747 1449 910 1502 φησιν
942 1433 970 1484 ό
993 1429 1304 1504 Προφήτης·
1341 1451 1357 1482 ι
1397 1432 1486 1484 Ἑν
1515 1431 1590 1502 τῷ
1613 1431 1762 1500 ἐγγί-

202 1528 302 1592 ζειν
327 1524 412 1578 ὲπ’
433 1522 534 1593 ἐμὲ
563 1521 868 1586 κακοῦντας
888 1521 982 1575 τοῦ
1008 1525 1199 1593 φαγεῖν
1225 1522 1322 1586 τὰς
1356 1523 1564 1595 σάρκας
1593 1541 1693 1594 μου
1711 1541 1758 1577 ·»

202 1619 286 1671 καὶ
319 1616 382 1669 τὰ
414 1614 562 1686 ἑξῆς.

261 1707 382 1763 Πᾶν
410 1706 630 1775 κτῆνος
658 1707 951 1776 δικηλοῦν
995 1707 1212 1775 ὁπλήν.
1256 1707 1458 1780 Δικηλῆ
1484 1707 1572 1761 τὸν
1605 1709 1762 1761 εύσεη

199 1799 298 1864 δὼς
325 1801 380 1852 ὲν
415 1798 493 1869 τῷ
536 1799 692 1852 αἰῶνι
739 1799 914 1869 τούτῳ
949 1799 1361 1870 πολιτευόμενον
1405 1800 1498 1854 καὶ
1545 1799 1632 1853 διὰ
1672 1801 1762 1853 τὸν

1867 1268 2080 1318 manus,
2107 1255 2160 1308 in
2191 1255 2448 1309 omnibus
2478 1253 2692 1317 bestiis,
2735 1253 3010 1309 immunda
3043 1263 3208 1309 erunt
3233 1254 3439 1309 vobis»

1866 1344 2181 1401 Generatim
2217 1345 2405 1400 bestiae
2441 1345 2646 1400 fuerint
2690 1345 2944 1400 homines
2984 1343 3352 1404 crudelissimi
3377 1344 3444 1399 de

1865 1438 2065 1507 quibus
2101 1437 2236 1492 dicit
2265 1435 2536 1506 Propheta
2573 1437 2614 1468 ⁸⁰
2643 1454 2658 1491 :
2703 1456 2722 1488 ι
2755 1437 2890 1490 Dum
2931 1435 3255 1506 appropiant
3283 1447 3446 1505 super

1867 1545 1954 1586 me
1982 1540 2263 1597 nocentes,-
2289 1541 2346 1585 ut
2368 1531 2534 1587 edant
2556 1544 2754 1588 carnes
2785 1544 2955 1594 meas,
2997 1547 3015 1581 ι
3049 1538 3156 1584 etc.

1941 1705 2108 1761 Omne
2136 1721 2293 1776 pecus
2341 1705 2481 1776 quod
2507 1703 2759 1775 ungulam
2783 1702 2969 1758 dividit
3003 1703 3066 1757 “.
3092 1702 3321 1758 Bifidum
3353 1717 3446 1757 vo-

1867 1808 1958 1853 cat
1987 1813 2118 1860 eum
2137 1797 2230 1865 qui
2267 1795 2353 1864 pie
2377 1795 2430 1849 in
2459 1795 2560 1850 hoc
2589 1795 2789 1850 sarculo
2823 1795 2977 1859 vivit,
3003 1802 3058 1851 et
3092 1802 3204 1849 toto
3235 1794 3446 1849 deside-

199 1890 450 1962 μέλλοντα
479 1889 652 1942 αίῶνα
685 1890 771 1943 ἐπ’
806 1892 1012 1944 ἐκεῖνον
1043 1891 1364 1945 σπεύδοντα·
1413 1893 1549 1963 πρὸς
1597 1892 1652 1944 δὲ
1705 1894 1764 1946 τὸ

1881 1892 1952 1944 rio
1979 1892 2044 1944 ad
2073 1891 2317 1943 futurum
2351 1888 2653 1949 contendit,
2693 1889 2894 1958 quique
2923 1896 2980 1942 ut
3012 1885 3266 1957 ungulam
3306 1884 3447 1939 divi-

193 1981 418 2053 διχηλεῖν
466 1982 557 2034 καὶ
598 1981 961 2053 όνυχιστῆρας
1007 1983 1274 2054 όνυχίζειν
1305 1983 1762 2055 περιαιρούμενον

191 2074 254 2128 τὰ
294 2073 523 2144 περιττὰ
554 2073 648 2126 καὶ
690 2075 882 2145 νεκρὰ,
929 2073 1036 2128 ἀπὸ
1067 2075 1174 2129 τῶν
1209 2074 1431 2147 χειρῶν,
1473 2075 1617 2128 τοῦτ’
1648 2075 1762 2129 ἔστι

194 2165 458 2238 πράξεων·
506 2166 599 2219 καὶ
647 2167 844 2230 ποδῶν,
891 2166 1136 2220 τουτέστι
1180 2166 1278 2238 τῆς
1327 2166 1568 2237 πορείας.
1624 2166 1764 2239 Πρὸς

190 2257 386 2322 τούτοις
419 2258 514 2310 καὶ
547 2257 647 2311 ἀνὰ
683 2260 1028 2331 μηρυκισμδν
1059 2259 1158 2312 ούκ
1181 2259 1567 2330 ἀποτιθέμενον
1605 2259 1763 2330 μόνον

142 2368 148 2374 ·
191 2351 282 2423 τὴν
305 2350 680 2430 πνευματικὴν
725 2351 952 2423 τροφὴν,
983 2351 1116 2405 ἀλλά
1156 2351 1250 2405 καὶ
1278 2351 1764 2424 ἀναμιμνησκόμε-

190 2459 271 2496 νον
295 2441 385 2495 καὶ
418 2441 659 2512 συνεχῶς
695 2441 869 2512 αὐτὴν
903 2440 1230 2512 μελετῶντα.

247 2551 434 2622 Οὗτος
471 2557 503 2608 ό
534 2555 718 2624 νόμος
750 2553 884 2624 περὶ
925 2555 1044 2608 τῶν
1084 2553 1323 2623 κτηνῶν
1369 2553 1467 2608 καὶ
1506 2553 1622 2608 τῶν
1663 2568 1764 2607 πε-

192 2646 389 2700 τεινῶν
403 2647 508 2700 καὶ
530 2646 736 2714 πάσης
752 2645 979 2716 ψυχῆς.
1014 2647 1187 2701 Πολὺν
1208 2649 1440 2701 ποιεῖται
1462 2646 1616 2716 λόγον
1639 2665 1704 2699 πε
1714 2649 1764 2718 pl.

189 2739 419 2812 καθαροῦ
442 2741 537 2794 καὶ
560 2740 888 2812 ἀκαθάρτου·
912 2740 1124 2812 πρῶτον
1142 2742 1300 2809 ἁγίαν
1319 2737 1454 2794 εἶναι
1476 2740 1572 2812 τὴν
1586 2739 1762 2812 ψυχὴν

189 2833 516 2888 ὲκπαιδεύει.
556 2833 617 2886 Εἰ
637 2833 747 2904 γάρ
764 2833 824 2886 τὸ
853 2834 1078 2902 φυσικὸν
1103 2833 1341 2887 τοιοῦτον
1369 2827 1480 2887 οἷον
1505 2835 1568 2887 ἐκ
1596 2851 1763 2906 προσ-

185 2928 462 2998 τάγματος
500 2926 634 2980 Θεοῦ
660 2927 902 2996 γέγονεν,
933 2927 1258 2998 ἀκάθαρτον,
1290 2928 1439 2998 πόσῳ
1467 2927 1664 3000 μᾶλλον
1704 2927 1766 2980 τὸ

187 3020 287 3075 ἀπὺ
325 3019 612 3092 μοχθηρᾶς
637 3020 1032 3092 προαιρέσεως,
1067 3021 1161 3074 καὶ
1194 3021 1293 3074 οὐκ
1315 3022 1378 3073 ὲκ
1409 3021 1735 3093 προστάγμα

186 3125 270 3176 τος
298 3113 434 3168 Θεοῦ
473 3112 728 3182 γεγονός;
775 3113 836 3166 El
868 3112 928 3166 τὸ
967 3107 1028 3167 οῦ
1077 3111 1208 3177 Θεὸς
1247 3114 1480 3185 ποιητὴς
1526 3114 1766 3186 ἀκάθαρ-

183 3223 267 3260 τον
296 3204 440 3260 εἶναι
465 3207 678 3278 νομίζοι
708 3225 810 3272 τις,
842 3207 992 3280 πόσῳ
1026 3207 1225 3279 μᾶλλον
1259 3207 1320 3259 τὸ
1343 3207 1602 3271 ἐναντίως
1645 3205 1764 3278 ἕχον
1794 3235 1841 3298 c

189 3297 314 3369 πρὸς
346 3298 406 3350 τὸ
443 3297 538 3350 τοῦ
589 3297 722 3350 Θεοῦ
768 3297 1034 3369 βούλημα,
1077 3297 1171 3350 καὶ
1215 3295 1400 3350 ποιοῦν
1452 3297 1589 3367 ὅπερ
1626 3296 1768 3368 ἀπη-

181 3390 440 3461 γόρευσεν
472 3414 486 3464 ;

261 3503 570 3573 Ἄνθρὼπῳ
610 3505 718 3559 ἐάν
746 3522 860 3558 τινι
895 3504 1134 3574 γένηται
1172 3506 1242 3559 ἐν
1268 3503 1507 3574 δέρματι
1542 3502 1769 3574 χρωτὸς

181 3597 364 3652 αὐτοῦ
421 3597 606 3663 οὑλὴ.
663 3597 946 3665 Ἂνάγεται
992 3595 1166 3650 ταῦτα
1209 3597 1298 3649 ἐπί
1345 3613 1495 3659 τινας
1544 3595 1767 3666 μώμους

182 3689 275 3760 τῆς
306 3689 514 3762 ψυχῆς.
546 3692 654 3743 Καὶ
697 3690 884 3763 ῶσπερ
912 3691 1005 3744 ἐπὶ
1051 3690 1156 3743 τῶν
1191 3689 1284 3742 τοῦ
1332 3688 1580 3760 σώματος
1606 3706 1771 3762 τραυ-

183 3782 364 3852 μάτων
405 3782 550 3853 μετά
604 3783 702 3855 τὴν
741 3781 1036 3854 θεραπείαν
1073 3781 1186 3835 ἔσθ’
1229 3782 1317 3834 ὅτε
1362 3782 1504 3852 ἴχνος
1552 3780 1644 3834 τοῦ
1676 3799 1770 3834 πε-

180 3871 436 3927 πονθέναι
475 3873 599 3937 τοὺς
640 3873 837 3936 τόπους
873 3871 1260 3926 καταλείπεται
1283 3875 1340 3926 ὲν
1369 3875 1433 3944 τῇ
1461 3873 1768 3945 καλουμένῃ

179 3965 303 4037 om
325 3983 337 3996 ·
375 3967 477 4020 τὸν
508 3967 669 4020 αὐτὸν
700 3966 900 4036 τρόπον
924 3967 958 4037 ἡ
989 3965 1229 4020 λαϐοῦσα
1251 3964 1472 4038 τραῦμα
1497 3966 1769 4039 ἁμαρτίας

176 4057 340 4129 ψυχὴ,
376 4057 490 4112 κᾶν
525 4057 663 4129 τύχῃ
694 4057 1008 4130 θεραπείας,
1041 4058 1202 4110 οἱονεὶ
1235 4058 1396 4131 οὐλὴν
1435 4058 1607 4112 ἐνίοτε
1655 4058 1766 4130 ἔχει

177 4147 678 4221 καταλειπομένην.
735 4151 826 4202 Δεῖ
869 4148 925 4202 δὲ
983 4148 1077 4202 καὶ
1135 4148 1224 4202 τὸν
1288 4150 1488 4222 τρόπον
1533 4149 1625 4204 τοῦ
1675 4152 1768 4204 ἀπ’

175 4243 348 4312 αὐτῆς
380 4242 732 4314 καθαρισμοῦ
773 4243 806 4314 ἢ
843 4244 904 4296 ού
938 4241 1285 4313 καθαρισμοῦ
1325 4242 1730 4307 ὲξεπίστασθαι.

256 4355 454 4424 Ἀνδρὶ
491 4355 529 4424 ἢ
563 4357 796 4425 γυναικὶ
833 4349 881 4422 ᾧ
915 4357 1025 4410 ἐὰν
1051 4357 1293 4428 γένηται
1324 4357 1485 4423 αὐτῷ
1518 4359 1640 4428 ἁφή
1673 4357 1770 4412 λέ-

176 4463 350 4516 πρσς.
380 4450 816 4521 Παρατηρητέον
840 4450 927 4518 ἐφ’
957 4443 1032 4503 ὧν
1065 4451 1162 4522 μὲν
1185 4451 1402 4520 λέγεται
1430 4451 1730 4522 ἀνθρώπων
1753 4471 1766 4484 ·

175 4558 196 4592 ι
237 4541 365 4596 Ἐάν
405 4559 519 4594 τινι
544 4541 784 4642 γένηται
800 4543 859 4594 ὲν
890 4541 1116 4613 δέρματι
1150 4543 1358 4615 χρωτὸς
1395 4542 1582 4596 αὑτοῦ·
1626 4562 1644 4596 ι
1681 4544 1756 4614 ἦ·
1797 4583 1842 4642 D

180 4651 196 4682 ι
220 4632 410 4706 Ἀνδρ“ι
430 4632 470 4704 ἢ
495 4624 796 4701 γυναικὶ,ᾧ
845 4633 938 4686 ἐὰν
968 4634 1190 4706 γένηται
1225 4637 1282 4688 ὲν
1313 4635 1496 4697 αὐτοῖς
1529 4635 1638 4706 ἁφὴ
1674 4635 1762 4688 λέ·

170 4739 336 4794 “mg,
371 4743 390 4776 ,
427 4725 516 4792 ἔφυ
547 4717 621 4777 ὧν
659 4725 715 4778 δέ
741 4739 758 4756 ρ
793 4743 812 4776 ε
846 4724 1012 4796 Σάρξ,
1046 4726 1140 4780 ἐὰν
1178 4727 1404 4796 γένηται
1433 4728 1489 4779 ἐν
1522 4727 1600 4798 τῷ
1641 4727 1766 4798 δέρ-

175 4830 306 4882 ματι
359 4814 537 4869 αὐτοῦ
587 4815 876 4888 ἓλκος·»ἦ·
913 4836 929 4869 ι
981 4817 1126 4890 Σάρξ
1173 4818 1266 4872 ἐὰν
1307 4819 1529 4888 γένηται
1581 4821 1638 4872 ὲν
1689 4819 1768 4889 τῷ

166 4904 409 4978 δέρματι
447 4905 615 4962 αὑτοῦ
650 4908 979 4980 κατάκαυμα
1003 4909 1195 4982 πυρός.
1224 4929 1242 4962 ι
1268 4909 1450 4963 Ταῦτα
1467 4910 1523 4964 δὲ
1547 4909 1770 4982 θραῦμά

166 5001 340 5055 ἐστιν.

246 5113 327 5167 Τὰ
394 5115 602 5183 ἱμάτια
655 5116 840 5170 αὑτοῦ
913 5116 1084 5171 ἔσται
1137 5112 1622 5184 παραλελυμένα.
1673 5112 1772 5165 Διὰ

164 5202 384 5257 τούτων
417 5206 715 5260 αἰνίττεται
753 5207 826 5277 μὴ
870 5207 981 5261 δεῖν
1015 5207 1384 5278 συγκρύπτειν
1424 5204 1490 5257 τὰ
1524 5203 1772 5274 ἁμαρτή-

168 5309 347 5365 ματα,
400 5299 506 5350 καὶ
554 5298 848 5362 σκεπάζειν
878 5299 1017 5352 αύτά
1051 5300 1142 5352 τὸν
1170 5297 1267 5368 τὴν
1296 5297 1473 5367 ψυχὴν
1499 5294 1772 5368 λελεπρω-

169 5389 358 5459 μένον.
409 5389 638 5462 ’Ὠσπερ
683 5392 777 5444 τοῦ
830 5390 1276 5461 παραλελυμένου
1342 5389 1410 5442 τὰ
1462 5387 1654 5458 ἱμάτια
1709 5381 1770 5440 οὗ

163 5476 318 5551 [οὐκ]
357 5480 704 5534 ἐσκέπασται
732 5483 764 5551 ἡ
794 5480 1167 5552 ἀσχημοσύνη·
1199 5479 1369 5542 οὓτως
1407 5479 1652 5549 βούλεται
1678 5478 1774 5530 πᾶ-

164 5587 253 5625 σιν
286 5571 584 5626 ἐκκεῖσθαι
631 5573 704 5642 μὴ
741 5571 1028 5644 γενόμενον
1068 5573 1234 5642 τάφον
1266 5569 1665 5641 κεκονιαμένον.
1694 5569 1766 5621 Τὸ

1869 1986 1982 2048 dat,
2015 1993 2071 2037 et
2103 1981 2273 2036 findat
2299 1980 2542 2048 ﬁssuras,
2577 1991 2824 2036 removet
2853 1995 2882 2034 a
2918 1980 3188 2045 manibus,
3216 1980 3318 2034 hoc
3339 1986 3446 2044 est,

1869 2078 1938 2131 al)
1962 2075 2222 2146 operibus
2253 2073 2524 2144 superﬂua
2563 2082 2616 2130 et
2650 2082 2865 2129 mortua
2889 2115 2904 2141 ,
2947 2073 3076 2129 item
3115 2089 3146 2128 a
3183 2072 3446 2142 pedibus,

1871 2172 1975 2225 hoc
2009 2177 2114 2229 est.
2138 2167 2206 2223 ab
2229 2165 2426 2222 itinere
2457 2181 2590 2231 suo;
2620 2174 2677 2220 et
2719 2165 2810 2237 qui
2846 2166 3066 2235 insuper
3122 2165 3448 2220 ruminando

1872 2277 1976 2317 non
2003 2260 2176 2316 solum
2200 2275 2306 2315 non
2327 2259 2514 2330 abjicit
2537 2258 2835 2328 spiritalem
2861 2257 3038 2314 cibum
3095 2257 3191 2314 sed
3216 2268 3273 2312 et
3294 2256 3444 2311 illum

1870 2363 2206 2413 rememorat
2231 2363 2285 2410 et
2307 2354 2524 2410 assidue
2551 2361 2864 2422 pertractat.

1947 2556 2074 2611 llrrc
2101 2565 2174 2610 est
2217 2554 2301 2609 lea:
2333 2553 2396 2607 de
2449 2550 2728 2621 pecoribus
2773 2558 2820 2602 et
2873 2547 3171 2602 volatilibus
3215 2559 3260 2600 et
3306 2550 3449 2602 omni

1871 2651 2049 2703 anima
2075 2650 2140 2701 η.
2200 2646 2423 2701 Multum
2475 2643 2637 2699 habet
2671 2655 2984 2696 sermonem
3026 2640 3094 2695 de
3149 2642 3351 2694 mun'lo
3393 2653 3449 2696 et

1872 2742 2170 2797 iuuuuudo.
2215 2739 2481 2801 Primum,
2525 2745 2773 2790 sanctam
2823 2747 2944 2788 esse
2987 2733 3225 2788 animam
3263 2731 3447 2790 docet.

1872 2833 1928 2888 Si
1969 2834 2115 2888 enim
2152 2829 2417 2901 ejusmodi
2454 2830 2644 2882 natura
2677 2840 2798 2895 qua:
2837 2822 2990 2892 jussu
3036 2823 3128 2879 Dei
3172 2822 3319 2882 facta
3339 2833 3448 2894 est,

1873 2924 2152 2981 immunda
2180 2931 2285 2991 est,
2319 2930 2524 2993 quanto
2561 2919 2736 2989 magis
2771 2917 2824 2972 id
2859 2917 3000 2986 quod
3030 2933 3058 2972 a
3088 2919 3230 2973 mala
3261 2921 3454 2975 volun-

1874 3029 1984 3074 tate
2022 3028 2210 3073 etnon
2239 3018 2389 3087 jussu
2427 3015 2517 3070 Dei
2553 3013 2754 3068 factum
2786 3011 2906 3065 cst?
2946 3009 3002 3064 Si
3037 3009 3088 3064 id
3134 3012 3278 3082 quod
3311 3012 3452 3066 Deus

1874 3111 2020 3177 fecit,
2081 3111 2416 3164 immundum
2453 3107 2610 3178 183
2641 3122 2761 3163 esse
2795 3110 3064 3178 quispiam
3093 3106 3450 3162 existimave-

1875 3202 1970 3266 rit,
2000 3207 2206 3270 quanto
2239 3198 2410 3267 magis
2445 3197 2496 3251 id
2523 3196 2666 3266 quod
2697 3196 2959 3253 voluntati
2987 3197 3079 3253 Dei
3106 3197 3451 3261 adversatur,

1868 3305 1926 3349 et
1953 3291 2082 3346 facit
2109 3289 2250 3362 quod
2285 3288 2596 3360 prohibuit?

1947 3492 2165 3578 Homini
2198 3494 2242 3547 si
2275 3493 2358 3545 cui
2405 3490 2551 3560 facta
2596 3490 2756 3559 fuerit
2797 3492 2850 3546 in
2905 3500 3024 3546 cute
3071 3490 3305 3560 corporis
3333 3490 3452 3560 ejus
3500 3499 3582 3578 χεέ-

1870 3573 2185 3644 cicatrix-1'.
2214 3584 2336 3638 [huc
2363 3583 2678 3638 referuntur
2695 3583 2760 3636 ad
2781 3583 3042 3651 quasdam
3065 3582 3258 3635 animae
3276 3579 3450 3636 labes.

1870 3677 1938 3732 Et
1963 3675 2416 3746 quemadmodum
2453 3673 2506 3727 in
2549 3672 2795 3741 corporis
2832 3672 3150 3726 vulneribus
3176 3670 3452 3725 interdum

1872 3777 1997 3840 post
2020 3768 2310 3823 sanitatem
2342 3767 2637 3838 vestigium
2668 3764 2882 3820 amicta:
2908 3763 3084 3833 partis
3114 3763 3168 3818 in
3197 3763 3456 3819 cicatrice

1872 3859 2227 3930 relinquitur,
2265 3858 2346 3914 sic
2382 3859 2560 3912 anima
2601 3873 2720 3928 quae
2751 3858 2963 3929 peccati
2991 3855 3189 3910 vulnus
3224 3869 3456 3922 accepe-

1871 3953 1964 4021 rit,
2008 3952 2137 4008 licet
2175 3952 2465 4008 sanitatem
2523 3962 2919 4020 consequatur,
2962 3949 3256 4021 quamdam
3288 3946 3455 4003 veluti

1871 4045 2185 4101 cicatricem
2227 4043 2503 4100 residuam
2543 4042 2731 4099 habet.
2776 4042 2844 4097 Et
2871 4042 3082 4098 discere
3108 4049 3325 4112 oportet
3347 4052 3461 4111 quo

1873 4149 2036 4208 pacto
2073 4136 2386 4204 mundetur,
2427 4136 2512 4193 vel
2545 4151 2654 4193 non
2683 4134 2993 4192 mundetur.

1954 4359 2081 4416 Viro
2125 4369 2175 4416 et
2214 4361 2423 4414 mulieri
2466 4361 2512 4415 si
2558 4360 2722 4430 fuerit
2767 4362 2823 4415 in
2860 4360 2936 4414 eis
2981 4367 3154 4414 tactus
3191 4357 3348 4421 lepra
3385 4357 3452 4414 “.

1873 4453 2289 4508 Observandum
2328 4462 2412 4508 est
2445 4453 2511 4506 de
2546 4453 2744 4523 quibus
2787 4451 3001 4506 dicatur
3037 4469 3050 4504 :
3093 4468 3111 4502 ι
3151 4447 3367 4504 llomiui
3407 4448 3456 4504 si

1873 4547 1959 4601 cui
1993 4545 2134 4600 facta
2163 4545 2326 4602 fuerit
2359 4545 2412 4600 in
2437 4554 2562 4600 cute
2587 4543 2836 4614 corporis
2871 4541 3021 4610 ejus;
3059 4560 3077 4594 ι
3114 4541 3198 4596 vel
3229 4557 3243 4594 :
3273 4557 3294 4592 ι
3327 4537 3456 4594 Viro

1875 4647 1928 4692 et
1957 4637 2170 4692 mulieri
2196 4637 2240 4692 si
2270 4636 2435 4691 fuerit
2475 4639 2526 4690 iu
2555 4637 2637 4692 eis
2665 4646 2838 4691 tactus
2875 4637 3069 4704 leprae;
3102 4654 3119 4686 ι
3153 4636 3218 4691 de
3253 4634 3456 4705 quibus

1875 4743 2004 4786 vero
2027 4728 2242 4784 dicatur
2274 4730 2316 4760 "
2346 4745 2357 4781 :
2401 4746 2418 4779 ι
2449 4727 2611 4792 Caro,
2637 4727 2682 4783 si
2709 4726 2850 4782 facta
2891 4727 3054 4782 fuerit
3095 4727 3145 4782 in
3176 4735 3302 4782 cute
3333 4724 3454 4795 ejus

1877 4823 2062 4882 ulcus;
2091 4841 2110 4874 ι
2147 4820 2231 4876 vel
2260 4821 2306 4852 ¹⁶
2343 4837 2357 4875 :
2386 4837 2404 4871 ι
2437 4819 2574 4873 Caro
2601 4819 2645 4874 si
2686 4819 2830 4874 facta
2870 4819 3036 4876 fuerit
3070 4820 3123 4874 in
3170 4827 3297 4874 cute
3333 4817 3453 4886 ejus

1877 4908 2184 4964 combustio
2213 4907 2370 4978 ignis.
2401 4925 2420 4958 ι
2455 4905 2582 4962 llaec
2606 4917 2786 4962 autem
2811 4917 2937 4963 sunt
2971 4909 3187 4963 vulnus.

1961 5107 2279 5165 Vestimenta
2297 5127 2410 5180 ejus
2434 5112 2636 5168 dissuta
2653 5123 2805 5166 erunt
2823 5112 2886 5165 ⁸⁷.
2912 5109 3007 5166 llis
3037 5109 3243 5165 indicat
3272 5108 3457 5164 animo

1876 5198 2150 5267 leprosum
2195 5215 2304 5257 non
2335 5201 2533 5260 debere
2559 5202 2837 5257 occultare
2881 5211 2936 5257 et
2979 5202 3160 5258 celare
3202 5210 3453 5271 peccata.

1877 5289 2344 5356 Quemadmodum
2399 5294 2724 5349 vestimenta
2785 5293 2990 5348 dissuta
3041 5307 3146 5347 non
3200 5293 3456 5362 operiunt

1879 5385 2264 5455 turpitudinem
2280 5425 2296 5452 ,
2329 5387 2408 5442 sic
2426 5387 2695 5456 leprosum
2715 5387 2966 5442 omnibus
2986 5396 3170 5459 patere
3189 5385 3324 5448 vult,
3356 5399 3457 5438 nec

1881 5491 2003 5532 esse
2029 5478 2338 5549 sepulcrum
2357 5480 2690 5540 dealbatam.
2721 5481 2878 5536 Circa
2915 5495 2978 5535 os
3003 5486 3182 5533 autem
3215 5477 3455 5548 contegi,

1876 5577 1961 5622 est
2006 5585 2114 5626 non
2173 5571 2374 5629 habere
2419 5571 2732 5629 facultatem
2787 5571 3063 5644 aperiendi
3107 5572 3260 5637 oris;
3306 5569 3458 5625 exire
3544 5615 3549 5620 .

244 5776 484 5831 I'Levil.
514 5779 648 5845 v.2.
727 5781 746 5812 ⁹
767 5779 920 5845 ihid.,
944 5781 1033 5836 27.
1090 5780 1132 5813 ¹⁰
1157 5779 1297 5835 Psal.
1326 5795 1473 5847 xm,
1503 5778 1557 5836 Ξ.
1619 5780 1656 5810 ¹¹
1685 5778 1764 5836 Le

1891 5795 1964 5845 xl,
1993 5778 2045 5833 5.
2083 5813 2090 5820 -
2126 5779 2168 5810 ¹⁹
2199 5779 2356 5846 ibid.,
2393 5779 2480 5835 46.
2563 5779 2604 5812 ¹³
2635 5779 2806 5835 Levit.
2834 5778 3028 5845 xut,2.
3108 5776 3150 5810 ”
3171 5776 3331 5842 ibid.,
3357 5773 3449 5832 29.

169 5845 215 5880 ⁸⁸
242 5847 414 5915 ibid.,
457 5849 541 5906 18.
619 5850 660 5881 ’⁸
685 5849 814 5906 ibid.
843 5851 932 5907 ‘24.
1009 5852 1050 5884 ¹⁷
1075 5850 1228 5917 ibid,
1260 5850 1350 5904 45.
