3876 6500
440 422 547 478 ιῦὅ

447 576 578 618 vero
611 577 642 618 e
673 558 896 626 castris,
922 563 1008 614 est
1055 569 1161 612 non
1200 553 1436 627 amplius
1475 552 1764 610 admisceri
1798 557 2015 608 sancto-

442 669 561 711 rum
595 651 782 708 ctetui.

514 945 584 1000 Et
605 943 923 1015 jugulabunt
955 944 1217 998 aniculam
1250 959 1407 997 unam
1444 944 1498 996 iu
1547 958 1666 996 vase
1705 950 1928 995 testaceo
1949 941 2014 993 ¹⁸.

443 1038 716 1095 Mactatur
743 1037 952 1092 avicula
997 1037 1049 1091 in
1085 1052 1214 1091 vase
1243 1045 1482 1091 testaceo
1525 1035 1578 1089 in
1619 1034 1761 1104 quod
1816 1032 2018 1100 injecta

442 1139 529 1186 est
565 1143 709 1200 aqua
731 1131 946 1195 vivens,
973 1139 1030 1182 ut
1051 1128 1144 1184 ﬁat
1166 1127 1445 1184 mundatio
1479 1141 1616 1197 aqua
1643 1135 1696 1181 et
1729 1125 2012 1196 sanguine,

438 1235 563 1293 quae
577 1221 834 1278 exierunt
857 1235 887 1276 e
918 1220 1086 1275 latere
1117 1220 1436 1276 Salvatoris.
1471 1219 1701 1291 Lignum
1736 1218 2015 1274 cedrinum

440 1321 605 1371 vocat
631 1313 830 1370 salutis
854 1322 1057 1369 nostra:
1088 1312 1315 1384 lignum.
1345 1312 1581 1368 Coccum
1616 1319 1816 1366 tortum
1857 1319 2017 1380 typus

439 1416 563 1464 erat
585 1407 811 1478 pretiosi
836 1405 1118 1476 sanguinis
1157 1419 1253 1476 per
1282 1421 1442 1476 quem
1477 1405 1772 1460 mundatur
1802 1402 2019 1456 univcr-

446 1513 544 1555 sus
603 1496 775 1554 orbis.
831 1495 1088 1553 Arbitror
1149 1505 1331 1552 autem
1365 1497 1620 1568 hyssOpo,
1663 1496 1888 1566 spiritus
1925 1512 2018 1552 ca-

441 1591 642 1657 lorem;
679 1589 768 1646 ﬁlo
801 1605 931 1648 vero
967 1591 1224 1648 coccineo
1249 1589 1412 1648 Verbi
1454 1591 1520 1647 ad
1545 1605 1766 1646 carnem
1795 1593 2018 1648 descen-

443 1699 564 1739 sum
595 1683 914 1756 signiﬁcari.

515 1964 686 2037 Caput
725 1983 879 2023 suum
921 1977 969 2022 et
1000 1967 1218 2022 barbam
1263 1968 1483 2022 radatur
1507 1968 1571 2022 ι’.
1597 1968 1774 2038 Caput
1807 1969 2017 2023 raditur

438 2058 588 2114 circa
610 2059 861 2131 dogmata
887 2060 1124 2116 maxime
1147 2061 1397 2131 capitalia
1423 2079 1438 2128 ;
1464 2063 1689 2118 barbam
1716 2074 1838 2130 quae
1868 2075 2018 2132 sym-

438 2150 622 2206 bolum
649 2161 734 2208 est
757 2153 884 2221 viri,
918 2169 1042 2209 cum
1075 2154 1178 2210 viri
1230 2155 1494 2226 relinquit
1529 2163 1787 2225 peccata;
1825 2169 2018 2222 super-

437 2241 592 2310 cilia,
640 2257 765 2298 cum
814 2242 1043 2314 fastum,
1084 2255 1160 2312 et,
1204 2254 1264 2302 ut
1294 2246 1369 2302 ita
1409 2247 1616 2312 dicam,
1663 2245 2016 2316 supercilium

437 2335 680 2405 deponit.
719 2335 1035 2407 Symbolum
1083 2347 1266 2393 autem
1311 2346 1471 2394 vocat
1508 2338 1625 2392 haec
1657 2352 1779 2407 quae
1825 2337 2019 2392 anima:

436 2422 836 2491 adhaerescunt,
869 2435 925 2482 et
958 2426 1098 2481 male
1129 2426 1182 2480 in
1214 2441 1277 2481 ea
1309 2427 1594 2496 pullulant,
1621 2441 1850 2496 quaeque
1876 2440 2019 2480 mor-

437 2513 668 2572 talitatis
689 2516 871 2587 capilli
903 2517 1274 2572 nominantur.

511 2793 696 2848 διίησι
723 2793 857 2848 duos
879 2809 1042 2864 agnos
1073 2795 1186 2849 sine
1209 2795 1418 2849 macula
1444 2794 1715 2850 anniculos
1739 2796 1806 2852 '°.
1829 2795 1887 2850 In
1914 2797 2015 2852 tria

440 2882 632 2938 dividit
690 2898 873 2939 sermo
924 2900 1047 2956 quae
1091 2884 1412 2940 oﬁ‘eruntur.
1459 2887 1644 2942 Altero
1675 2887 2018 2960 signiﬁcatur

441 2974 689 3030 remissio
719 2984 1104 3046 peccatorum;
1141 2977 1338 3044 altero,
1387 2986 1556 3034 totum
1601 2979 1874 3034 hominem
1905 2979 2016 3036 Deo

437 3066 713 3122 addictum
745 3082 866 3124 esse
895 3068 1123 3135 debere;
1153 3069 1371 3124 tertium
1395 3085 1526 3126 vero
1551 3071 1778 3136 indicat,
1803 3071 1854 3126 id
1874 3072 2017 3141 quod

438 3156 668 3214 oll‘ertur
702 3160 769 3216 ad
806 3159 982 3230 ipsum
1009 3162 1283 3230 pertinere
1306 3162 1399 3232 qui
1425 3163 1717 3218 mundatur
1743 3168 1813 3218 ab
1837 3163 2015 3233 operi—

1885 407 2141 466 ORIGEN
2149 407 2210 463 IS

3595 404 3693 462 606

2043 543 2085 599 Α
2115 529 2170 582 δέ
2200 545 2261 597 γε
2284 525 2706 599 περιϐεϐλῆσθαι
2730 527 2789 580 τὸ
2813 526 3006 597 στόμα,
3040 523 3156 580 ἐστὶ
3182 525 3242 578 τὸ
3277 524 3352 596 μὴ
3381 521 3528 592 ἔχειν

2122 622 2315 693 ρησίαν
2341 618 2546 684 ἀνοῖξαι
2579 619 2640 674 τὸ
2673 621 2866 691 στόμα·
2897 619 2958 672 τὸ
2985 618 3040 672 δὲ
3061 619 3158 690 τῆς
3188 615 3540 688 παρεμϐολῆς
3570 614 3696 678 ἐξοί-

2119 713 2330 784 χεσθαι,
2381 713 2441 767 τὸ
2496 712 2692 785 μηκέτι
2723 715 2836 776 τοῖς
2877 711 2986 766 τῶν
3032 710 3203 778 ἁγίων
3247 707 3412 764 αὑτὸν
3454 709 3696 761 συναυλίο

2119 804 2304 869 ζεσθαι
2329 807 2530 875 χοροῖς.

2191 918 2302 973 Καὶ
2339 916 2650 987 σφάξουσι
2699 916 2761 969 τὸ
2807 917 3071 985 ὀρνίθιον
3109 915 3175 969 τὸ
3217 913 3286 968 ἓν
3326 916 3415 980 είς
3463 911 3700 983 ἀγγεῖον

2119 1009 2497 1078 ὀστράκινον.
2533 1008 2729 1062 Θύεται
2763 1008 2822 1062 τὸ
2849 1009 3082 1079 ὀρνίθιον
3124 1009 3205 1071 εἰς
3238 1008 3457 1076 ἀγγεῖον
3501 1004 3696 1076 ὀστρά-

2119 1118 2287 1166 κινον,
2321 1098 2790 1173 προεμϐληθέντος
2831 1101 2910 1164 εἰς
2949 1099 3081 1152 αὐτὸ
3128 1098 3320 1163 ὕδατος
3353 1098 3577 1163 ζῶντος,
3615 1098 3697 1150 ἵνα

2118 1195 2342 1266 γένηται
2369 1195 2397 1246 6
2429 1192 2770 1266 καθαρισμὸς
2801 1192 2952 1246 ὕδατι
2999 1193 3092 1246 καὶ
3121 1192 3332 1262 αἵματι,
3378 1192 3524 1260 ἅπερ
3552 1189 3700 1259 ἐξῆλ-

2120 1285 2210 1337 θεν
2240 1284 2346 1338 ἀπὸ
2375 1284 2476 1355 τῆς
2510 1283 2749 1355 πλευρᾶς
2781 1283 2874 1336 τοῦ
2901 1283 3175 1354 Σωτῆρος.
3225 1279 3392 1334 Ξύλον
3422 1281 3479 1333 δὲ
3527 1280 3701 1350 κέδρι-

2119 1377 2207 1431 νόν
2234 1394 2364 1448 φησι
2385 1376 2446 1430 τὸ
2477 1376 2575 1446 τῆς
2606 1376 2876 1447 σωτηρίας
2901 1375 3056 1446 ἡμῶν
3077 1373 3252 1437 ξύλον.
3285 1373 3359 1426 Τὸ
3405 1373 3463 1427 δὲ
3502 1373 3701 1427 κεκλω-

2122 1470 2315 1542 σμένον
2347 1470 2596 1524 κόκκινον
2626 1468 2794 1532 τύπος
2823 1465 2891 1540 ἦν
2922 1469 3017 1522 τοῦ
3049 1469 3226 1540 τιμίου
3269 1468 3520 1539 αἵματος,
3552 1469 3618 1521 δι’
3639 1460 3702 1521 οὗ

2120 1562 2439 1634 καθαίρεται
2467 1563 2496 1615 6
2563 1561 2768 1632 κόσμος
2810 1560 2950 1625 ὅλος.
2983 1557 3151 1632 Οἶμαι
3203 1560 3260 1614 δὲ
3304 1561 3394 1615 τὸν
3430 1561 3699 1622 ὕσσωπον,

2119 1654 2215 1726 τὴν
2265 1654 2351 1708 διὰ
2390 1653 2483 1707 τοῦ
2530 1653 2838 1724 πνεύματος
2871 1652 3216 1725 θερμότητα·
3248 1653 3310 1707 τὸ
3347 1653 3404 1706 δὲ
3440 1655 3701 1724 σπαρτίον

2123 1747 2182 1800 τὸ
2218 1746 2469 1802 κόκκινον
2519 1747 2618 1817 τὴν
2663 1745 2798 1817 πρὸς
2843 1747 3021 1817 σάρκα
3069 1745 3340 1818 σύμϐασιν
3388 1744 3484 1798 τοῦ
3529 1745 3699 1813 Λόγου

2119 1838 2285 1910 δῆλοι.

2191 1948 2314 2018 Τὴν
2342 1948 2620 2018 κεφαλὴν
2651 1949 2838 2004 αὑτοῦ
2878 1950 2977 2004 καὶ
3025 1951 3133 2004 τὸν
3165 1951 3415 2020 πώγωνα
3455 1950 3702 2017 ξιφηθὴ-

2118 2056 2307 2096 σεται.
2341 2041 2583 2113 Ξυρᾶται
2619 2041 2716 2114 τὴν
2760 2041 3022 2113 κεφαλὴν,
3057 2041 3197 2096 κατὰ
3231 2043 3299 2096 τὰ
3335 2041 3703 2111 κεφαλαιωδέ-

2122 2151 2288 2206 στερα
2330 2135 2424 2187 καὶ
2470 2133 2822 2206 ἀρχικώτερα
2868 2135 2978 2188 τῶν
3011 2133 3100 2202 δογ
3113 2133 3316 2204 μάτωνσ
3350 2133 3496 2188 κατὰ
3521 2135 3579 2187 δὲ
3609 2134 3701 2186 τὸν

2119 2223 2378 2293 πώγωνα,
2410 2225 2547 2295 ὅπερ
2602 2223 2871 2296 σύμϐολόν
2905 2227 3023 2278 ἐστι
3062 2223 3156 2279 τοῦ
3193 2225 3411 2296 ἀνδρὸς,
3449 2224 3700 2277 ἀποτιθέ-

2122 2331 2280 2385 μενος
2303 2312 2372 2366 τὰ
2399 2312 2494 2366 τοῦ
2518 2313 2710 2384 ἀνδρὸς
2731 2315 3131 2386 ἁμαρτήματα·
3162 2314 3304 2368 κατὰ
3318 2314 3374 2367 δὲ
3391 2315 3489 2378 τὰς
3510 2313 3700 2384 ὀφρῦς.

2119 2407 2298 2460 πᾶσαν
2323 2407 2519 2478 οἴησιν,
2561 2407 2654 2460 καὶ
2683 2406 2746 2461 ἵν’
2769 2405 2942 2469 οὕτως
2969 2406 3546 2478 όνομὰσω,’όφρύωσιν
3570 2408 3700 2458 ἁπο-

2119 2499 2419 2572 τιθέμενος.
2467 2499 2740 2570 Σύμϐολον
2778 2499 2835 2552 δέ
2883 2516 3016 2570 φησι
3063 2498 3234 2552 ταῦτα
3265 2497 3583 2571 προσεξύντα
3611 2501 3701 2550 καὶ

2119 2591 2491 2662 ὲξανθήσαντα
2534 2594 2598 2664 τῇ
2643 2590 2811 2662 ψυχῆ,
2851 2590 3174 2662 νεκρότητος
3215 2591 3401 2662 τρίχες
3443 2590 3701 2662 ὀνομαζό-

2122 2698 2278 2751 μενα.

2188 2793 2458 2863 Λήψεται
2513 2795 2623 2850 δύο
2676 2793 2906 2865 ἀμνοὺς
2956 2793 3236 2864 ἀμώμους
3267 2793 3700 2860 ἐνιαυσιαίους.

2119 2887 2212 2950 El;
2239 2888 2368 2959 τρία
2387 2890 2415 2942 6
2440 2888 2596 2958 λόγος
2632 2889 2830 2959 διαιρεῖ
2853 2886 2924 2940 τὰ
2945 2886 3345 2958 ἀναφερόμενα*
3373 2885 3432 2938 ἓν
3462 2885 3561 2956 μὲν
3603 2885 3700 2956 τὴν

2118 2979 2270 3036 λύσιν
2309 2980 2420 3034 τῶν
2455 2978 2993 3052 προημαρτημένων·
3044 2977 3101 3032 ἐν
3127 2977 3205 3041 δὲ,
3235 2976 3297 3030 τὸ
3335 2977 3456 3031 ὅλον
3499 2975 3701 3046 ἀναφέ-

2120 3072 2310 3144 ρεσθαι
2351 3073 2429 3144 τῷ
2458 3072 2603 3144 Θεῷ⁶
2637 3072 2825 3144 ἕτερον
2851 3073 2930 3138 δὲ,
2959 3072 3024 3126 τὸ
3055 3070 3463 3143 ἀναφερόμενον
3494 3071 3582 3122 ἐπ’
3612 3070 3703 3122 αὖ.

2118 3165 2209 3218 τὸν
2252 3165 2343 3218 τὸν
2391 3163 2821 3237 καθαριζόμενον
2865 3164 2972 3218 τῶν
3019 3165 3110 3216 ὑπ’
3163 3159 3327 3215 αὐτοῦ
3381 3159 3698 3231 γινομένων.

437 3252 540 3308 bus
563 3253 698 3310 suis.
725 3253 998 3312 Fortassis
1034 3255 1196 3330 185
1225 3267 1404 3315 autem
1441 3267 1554 3315 tres
1572 3259 1762 3315 similae
1795 3260 2014 3316 decima!

2123 3257 2272 3329 Τάχα
2295 3257 2352 3311 δὲ
2373 3256 2466 3311 καὶ
2487 3256 2556 3310 τὰ
2579 3256 2703 3326 τρία
2727 3256 2826 3327 τῆς
2848 3253 3176 3326 σεμιδάλεως
3196 3253 3398 3307 δέκατα
3415 3253 3706 3324 παραλαμο

439 3354 818 3415 assumuntur,
852 3357 911 3405 ut
937 3364 1041 3404 una
1064 3350 1285 3420 quidem
1320 3367 1444 3406 cum
1475 3360 1710 3407 mactato
1748 3366 1890 3422 agno
1918 3351 2011 3419 sit,

438 3437 678 3494 secunda
717 3452 841 3494 cum
873 3439 1068 3508 altero,
1096 3442 1257 3497 tertia
1286 3457 1416 3499 vero
1443 3459 1570 3498 cum
1597 3457 1716 3499 ove.
1769 3441 1888 3498 iam
1914 3443 2020 3514 igi-

441 3537 529 3582 tur
550 3527 606 3583 in
638 3528 831 3599 quinta
866 3529 1249 3600 puriﬁcatione
1295 3533 1456 3588 habet
1497 3547 1603 3588 non
1630 3533 1887 3599 farinam,
1920 3531 2015 3588 sed

435 3620 674 3676 similam
721 3637 846 3694 quae
888 3625 1130 3680 materia:
1169 3625 1326 3695 panis
1356 3625 1546 3681 mundi
1578 3625 1880 3696 symbolum
1909 3635 2013 3693 est,

434 3726 668 3784 eamque
703 3714 758 3770 in
802 3715 924 3771 oleo
961 3730 1339 3788 conspersam.
1379 3717 1535 3786 Quod
1572 3717 1793 3788 quidem
1833 3717 2014 3773 oleum

435 3816 621 3877 utp0te
650 3809 902 3866 nutriens
930 3810 1131 3878 lucem,
1156 3813 1454 3868 assumitur
1483 3812 1550 3867 ad
1578 3826 1704 3867 eum
1725 3826 1884 3881 quem
1910 3811 2014 3866 mi-

436 3897 634 3954 nistrat
659 3899 820 3966 lucis,
843 3917 948 3957 non
969 3901 1110 3974 ignis
1140 3919 1319 3959 usum.
1345 3904 1564 3975 Absque
1589 3918 1655 3960 eo
1677 3911 1852 3958 autem
1872 3906 2016 3974 quod

437 3989 506 4045 ad
553 3993 1000 4063 conspersionem
1055 3994 1250 4052 similae
1298 3996 1617 4062 assumitur,
1661 3995 1805 4061 oleo,
1854 3995 2018 4050 habet

437 4082 584 4139 aliud
601 4083 780 4140 oleum
803 4085 949 4156 quod
981 4100 1079 4156 per
1101 4088 1446 4144 sacerdotem
1477 4087 1770 4144 adducitur
1791 4087 1845 4142 in
1863 4101 2015 4142 men-

435 4188 566 4229 sura
594 4177 807 4246 cotylae.
842 4175 907 4231 Et
947 4177 1174 4234 omnino
1207 4179 1422 4235 videtur
1451 4178 1586 4234 mihi
1616 4176 1902 4235 sacerdote
1934 4177 2015 4231 in-

436 4265 624 4337 digere
655 4267 896 4324 illud“:
941 4288 960 4321 ι
1008 4267 1175 4326 Sistet
1218 4269 1475 4327 sacerdos
1519 4271 1792 4327 mundana
1833 4269 2012 4325 homi-

436 4371 560 4413 nem
593 4359 688 4429 qui
719 4361 1034 4429 mundatur,
1066 4371 1120 4416 et
1145 4363 1259 4420 haec
1295 4373 1424 4419 ante
1453 4364 1762 4420 Dominum.
1797 4382 1817 4415 ι

506 4559 572 4615 Et
595 4562 757 4617 veniet
785 4564 940 4635 cujus
961 4574 1036 4618 est
1066 4564 1230 4635 ipsius
1254 4565 1460 4630 domus,
1488 4571 1536 4618 et
1571 4563 1905 4618 annuntiabit
1923 4580 2012 4618 sa-

2121 3349 2363 3414 ϐἁνεται,
2396 3349 2460 3402 ἶν’
2492 3348 2548 3400 ἓν
2575 3348 2672 3420 μὲν
2692 3348 2802 3402 τῶν
2825 3347 3066 3402 δεκάτων
3091 3346 3170 3418 τῷ
3192 3345 3521 3417 σφαζομένῳ
3547 3343 3700 3414 ἀμ.νῷ

2121 3438 2384 3510 συναχθῇ,
2417 3437 2512 3491 καὶ
2541 3438 2602 3490 τὸ
2631 3436 2884 3510 δεύτερον
2931 3437 3009 3509 τῷ
3053 3436 3246 3507 λοιπῷ,
3297 3436 3394 3490 καὶ
3433 3434 3495 3489 τὸ
3522 3435 3699 3506 τρίτον

2117 3525 2194 3597 τῷ
2237 3525 2514 3598 προϐάτῳ.
2548 3526 2687 3597 Ἤδη
2736 3527 2916 3580 τοίνυν
2976 3527 3070 3580 ἐπὶ
3117 3525 3195 3596 τῷ
3243 3525 3481 3597 πέμπτῳ
3533 3524 3698 3580 καθει-

2123 3619 2303 3692 ρισμῷ
2335 3619 2448 3691 ἔχει
2470 3620 2592 3690 οὐχὶ
2624 3620 2872 3693 ἄλευρον,
2898 3621 3035 3675 ἀλλὰ
3065 3620 3363 3693 σεμίδαλιν,
3396 3621 3534 3692 ὅπερ
3563 3620 3696 3688 σύμο

2119 3709 2272 3764 ϐολόν
2313 3713 2458 3764 ἐστιν
2502 3711 2633 3783 ὕλης
2681 3711 2844 3783 ἄρτου
2880 3713 3143 3784 καθαροῦ,
3169 3715 3263 3767 καὶ
3299 3713 3506 3784 ταύτην
3539 3711 3694 3781 ἐλαίῳ

2121 3803 2530 3875 πεφυραμένην·
2583 3803 2718 3874 ὅπερ
2775 3805 2850 3868 ὡς
2895 3807 3092 3878 τρέφον
3134 3807 3270 3876 φῶς,
3313 3805 3490 3874 φωτὸς
3518 3804 3694 3877 χρείαν

2117 3895 2213 3948 καὶ
2247 3897 2308 3949 ού
2357 3897 2530 3968 πυρὸς
2564 3896 2850 3950 ἐπιτελοῦν
2891 3898 3406 3970 παραλαμϐάνεται.
3454 3898 3602 3966 Ἔχει
3640 3895 3691 3948 δὲ

2117 3989 2236 4043 καθ’
2261 3989 2420 4044 ἑαυτὸ
2446 3990 2615 4062 χωρὶς
2640 3991 2734 4046 τοῦ
2762 3993 2842 4055 είς
2863 3991 3098 4064 φύρασιν
3117 3994 3214 4066 τῆς
3242 3992 3570 4065 σεμιδάλεως
3598 4006 3691 4042 πα-

2119 4080 2599 4154 ραλαμϐανομένου
2630 4084 2832 4148 ἐλαίου,
2865 4082 3043 4140 ἔλαιον
3071 4085 3100 4140 δ
3123 4086 3212 4141 διὰ
3229 4087 3324 4142 τοῦ
3351 4085 3539 4158 ἱερέως
3565 4084 3688 4136 ἀνα-

2117 4171 2340 4247 φέρεται
2372 4173 2572 4245 μέτρου
2607 4175 2838 4244 κοτύλης
2880 4176 3165 4246 τυγχάνον.
3234 4177 3347 4230 Καὶ
3379 4174 3519 4228 πάνυ
3549 4173 3690 4226 δοκεῖ

2119 4281 2209 4336 μοι
2244 4265 2432 4335 ἱερέως
2459 4264 2674 4320 δέεσθαι
2701 4267 2762 4321 τό
2783 4284 2795 4298 ·
2823 4285 2840 4318 ι
2859 4267 3056 4339 Στήσει
3087 4269 3116 4321 6
3138 4267 3316 4339 ἱερεὺς
3341 4267 3370 4319 ὁ
3387 4260 3684 4335 inﬂariva

2117 4358 2206 4411 τὸν
2247 4355 2533 4429 ἄνθρωπον
2573 4357 2663 4412 τὸν
2704 4357 3158 4430 καθαριζόμενον,
3188 4358 3282 4413 καὶ
3313 4357 3485 4412 ταῦτα
3517 4354 3685 4408 ἔναντι

2117 4449 2345 4522 Κυρίου.
2394 4470 2414 4503 ι

2189 4564 2299 4619 Καὶ
2355 4563 2487 4631 ἥξει
2522 4566 2684 4631 τίνος
2720 4565 2907 4619 αὑτοῦ
2935 4567 2973 4634 ἠ
3013 4567 3190 4632 οἰκία,
3230 4569 3327 4621 καί
3379 4565 3687 4638 ἀναγγελεῖ

435 4654 638 4710 cerdoti
663 4654 933 4726 “.Neqne
973 4654 1203 4712 dicimus
1238 4656 1604 4726 legislatorem
1637 4653 1930 4725 praecipere
1953 4661 2014 4709 ut

2123 4657 2196 4724 τῷ
2233 4655 2391 4726 ἱερεῖ.
2451 4657 2559 4711 Καὶ
2594 4657 2847 4710 οὐδέποτέ
2889 4675 3068 4729 φαμεν
3104 4662 3546 4732 κατηγορήσοντα
3591 4659 3682 4728 τῆς

435 4745 708 4818 quispiam
739 4748 806 4804 ad
837 4749 1178 4803 sacerdotem
1205 4747 1387 4802 veniat
1406 4753 1764 4802 accusaturus
1790 4746 2009 4802 domum

2123 4749 2292 4812 οίκίας
2314 4749 2413 4818 τῆς
2437 4749 2627 4802 ἑαυτοῦ
2661 4749 2772 4801 δεῖν
2805 4750 2940 4802 ίέναι
2966 4750 3090 4804 τινὰ
3131 4751 3266 4823 πρὸς
3290 4752 3383 4805 τὸν
3413 4752 3571 4823 ἱερέα,
3595 4751 3680 4803 τὸν

431 4855 625 4910 suam,
670 4841 767 4896 sed
805 4841 985 4912 potius
1031 4848 1289 4909 tanquam
1332 4855 1398 4894 ex
1443 4837 1657 4893 medico
1707 4836 2010 4892 remedium

2123 4839 2408 4911 νομοθέτην
2441 4841 2637 4893 εἰπεῖν·
2678 4840 2791 4894 ἀλλ’
2835 4839 3025 4912 ὥσπερ
3065 4841 3128 4913 δὴ
3167 4841 3368 4913 μᾶλλον
3408 4840 3468 4908 ἐξ
3510 4840 3674 4912 ἰατροῦ

433 4933 565 4990 mali
590 4933 878 5004 petiturus.
908 4930 1151 4986 Dicimus
1179 4931 1362 5001 itaque
1417 4929 1727 4986 Iudaeorum
1765 4927 2012 5000 Synago-

432 5039 556 5097 gam
590 5025 740 5094 lepra
773 5023 1026 5079 infectam
1073 5021 1261 5077 fuisse.
1307 5020 1700 5076 Annuutiantis
1754 5032 2010 5089 persona,

433 5126 518 5172 cst
568 5123 888 5173 sanctorum
931 5114 1319 5184 pr0phetarum
1375 5113 1614 5180 chorus,
1653 5110 1745 5181 qui
1796 5123 2012 5166 summo

431 5206 701 5264 sacerdoti
728 5213 852 5261 ante
878 5204 1304 5275 indignationem
1324 5202 1650 5258 annuntiant
1669 5201 2010 5272 desperatio-

430 5303 521 5358 nis
542 5301 854 5358 iudteorum
886 5301 1054 5365 mala,
1082 5314 1190 5354 non
1220 5299 1377 5366 odio,
1414 5311 1595 5368 neque
1629 5295 1770 5351 mala
1813 5295 2009 5350 volun-

427 5403 564 5462 tate,
619 5393 716 5450 sed
768 5391 1098 5449 verecundia
1150 5405 1280 5460 erga
1314 5389 1644 5454 beneﬁcum,
1691 5386 2011 5442 conﬁtentes

425 5487 650 5559 quidem
680 5486 898 5543 illorum
927 5493 1172 5557 peccata,
1210 5483 1306 5539 sed
1341 5481 1780 5539 misericordiam
1809 5477 2010 5534 nihilo-

431 5582 610 5638 minus
641 5594 742 5652 pro
767 5579 848 5636 eis
885 5577 1245 5650 postulantes.

2109 4933 2186 5004 τῷ
2226 4933 2594 5004 συμϐεϐηκότι
2643 4935 2935 5007 φάρμακον
2977 4935 3354 5008 ὲξαιτήσοντα.
3408 4936 3679 5007 Λελεπρῶ-

2111 5027 2232 5080 σθαι
2264 5025 2327 5098 δὴ
2355 5020 2448 5080 οὖν
2472 5044 2652 5098 φαμεν
2681 5027 2780 5099 τὴν
2805 5028 2915 5083 τῶν
2944 5027 3214 5082 Ἰουδαίων
3241 5031 3572 5101 συναγωγήν.
3602 5027 3679 5080 Τὸ

2106 5113 2163 5166 δὲ
2206 5113 2301 5167 τοῦ
2344 5115 2770 5184 ἀναγγέλλοντός
2811 5119 2925 5172 ἐστι
2971 5117 3283 5190 πρόσωπον,
3325 5122 3354 5172 6
3389 5120 3495 5174 τῶν
3522 5118 3677 5188 ἁγίων

2109 5205 2403 5278 προφητῶν
2442 5208 2620 5279 χορός⁹
2661 5208 2710 5261 οἳ
2759 5210 2855 5264 καὶ
2896 5208 3311 5278 ὲξαγγέλλονται
3349 5212 3430 5282 τῷ
3473 5211 3676 5283 μεγάλῳ

2107 5298 2378 5370 ἀρχιερεῖ,
2402 5299 2648 5351 τουτέστι
2672 5299 2776 5370 πρὸ
2812 5300 2913 5372 τῆς
2953 5301 3402 5374 ἀγανακτήσεως,
3432 5302 3526 5372 τῆς
3550 5304 3676 5354 ἀπο⁹

2106 5387 2256 5450 νοίας
2295 5387 2404 5440 τῶν
2439 5387 2706 5442 Ἰουδαίων
2741 5389 2817 5443 τὰ·
2855 5390 3025 5463 πάθη,
3055 5392 3116 5444 οὐ
3161 5393 3331 5462 μίσει,
3369 5393 3486 5447 οὐδὲ
3519 5393 3679 5459 ἀπεχ-

2106 5474 2246 5546 θείᾳ,
2288 5476 2402 5529 ἀλλ’
2435 5477 2574 5530 αἰδοῖ
2603 5480 2672 5548 τῇ
2712 5481 2840 5551 περὶ
2889 5481 2984 5536 τὸν
3023 5480 3324 5552 εὐεργέτην
3408 5479 3680 5551 συνομολο-

2105 5566 2326 5636 γοῦντες
2355 5569 2452 5640 μὲν
2483 5570 2550 5623 τὰ
2578 5570 2802 5625 ἐκείνων
2841 5571 3308 5646 πλημμελήματα,
3341 5571 3582 5626 ἐλεεῖσθαι
3620 5568 3674 5626 δ’

2104 5657 2198 5717 οὖν
2229 5662 2379 5734 ὅμως
2412 5663 2887 5735 παρακαλοῦντες.

502 5847 959 5916 “Levit.xw,5.
1039 5798 1341 5913 "libid.,9.
1425 5841 1783 5911 ’°ibid.,l0.
1882 5839 2238 5907 "ibid.,ll.
2313 5842 2665 5913 "ibid.,35.
