3876 6502
1051 566 1078 574 ς..

250 565 1045 592 W—

888 760 1568 879 ORIGENIS
1650 760 1795 872 IN

631 1140 911 1199 ilOMlLIA
952 1140 1166 1197 PRIMA
1201 1140 1336 1212 (93).

1360 398 1428 454 IN
1465 395 1839 456 LEVITICUM
1876 397 2154 455 HOMILIA
2197 394 2235 453 Ι.

3340 388 3449 446 WG

1887 746 2679 874 LEVITICUM
2708 827 2735 857 .

1803 1135 1854 1196 Α
1888 1149 1907 1184 ι
1943 1131 2088 1186 Mors
2120 1126 2253 1184 mihi
2288 1125 2517 1194 eritpsi
2572 1132 2753 1179 autem
2799 1136 2905 1177 non
2960 1132 3452 1185 consensero,«nott

282 1236 329 1296 ι.
357 1235 507 1293 Sicut
539 1235 591 1290 in
628 1234 944 1291 novissimis
968 1233 1157 1290 diebus
1192 1231 1427 1287 Verbum
1455 1228 1639 1286 Deiex
1662 1225 1775 1282 Ma-
1874 1222 2124 1294 effugiam
2182 1234 2375 1276 manus
2406 1227 2637 1275 vestras.
2673 1213 2780 1271 Sed
2835 1212 3029 1269 melius
3074 1222 3155 1268 est
3201 1227 3288 1266 me.
3338 1212 3455 1266 sine

219 1333 290 1387 ria
318 1344 477 1385 carne
507 1326 763 1382 vestitum
790 1326 905 1397 (94)
940 1324 1203 1395 processit
1235 1324 1287 1377 in
1314 1323 1460 1378 hunc
1490 1319 1770 1384 mundum,

217 1434 263 1480 et
293 1421 429 1476 aliud
474 1420 691 1490 quidem
730 1427 850 1473 erat
896 1418 1041 1488 quod
1081 1416 1367 1471 videbatur
1400 1418 1455 1470 in
1499 1430 1595 1480 eo,
1629 1412 1773 1467 aliud

219 1513 347 1583 quod
376 1512 818 1582 intelligebatur;
849 1509 1054 1579 (carnis
1086 1523 1320 1578 namque
1352 1514 1604 1578 aspectus
1632 1506 1683 1559 in
1711 1518 1776 1559 eo

218 1604 420 1674 patebat
457 1603 730 1668 omnibus,
769 1602 954 1673 paucis
977 1617 1108 1657 vero
1130 1613 1184 1659 et
1214 1601 1403 1657 electis
1439 1600 1669 1655 dabatur
1693 1598 1776 1654 di-

216 1696 445 1750 vinitatis
475 1696 676 1764 agnitio
698 1695 735 1765 ;)
785 1696 858 1749 ita
887 1703 1089 1749 etcum
1134 1709 1228 1764 per
1272 1692 1563 1763 prophetas
1595 1689 1675 1745 vel
1710 1690 1780 1745 le-

218 1786 519 1856 gislatorem
544 1786 768 1840 verbum
805 1785 895 1839 Dei
927 1785 1203 1855 profertur
1237 1785 1304 1838 ad
1355 1784 1623 1849 homines,
1672 1796 1777 1837 non

216 1878 404 1944 absque
468 1872 903 1943 competentibus
940 1873 1217 1941 profertur
1255 1870 1603 1925 indumentis.
1645 1868 1775 1923 Nam

214 1968 346 2022 sicut
376 1966 451 2020 ibi
484 1966 684 2033 carnis,
718 1966 790 2019 ita
818 1964 906 2019 hic
933 1964 1129 2019 litteris
1159 1963 1426 2017 velamine
1462 1961 1691 2033 tegitur:
1723 1969 1780 2015 ut

216 2059 383 2113 littera
415 2046 639 2125 quidem
676 2056 973 2125 aspiciatur
998 2065 1250 2125 tanquam
1283 2069 1429 2117 caro,
1456 2054 1629 2108 latens
1653 2068 1781 2108 vero

216 2147 533 2202 intrinsecus
566 2146 831 2216 spiritalis
860 2160 1051 2202 sensus
1077 2154 1331 2214 tanquam
1372 2144 1628 2199 divinitas
1654 2159 1779 2199 sen—

217 2235 530 2292 tiatur.Tale
562 2252 692 2306 ergo
719 2247 802 2293 est
834 2240 977 2308 quod
1006 2248 1058 2291 et
1083 2253 1227 2292 nunc
1257 2238 1561 2292 invenimus
1586 2236 1781 2291 librum

216 2330 428 2385 Levitici
479 2331 847 2397 revolventes,
886 2331 938 2385 in
965 2345 1071 2401 quo
1105 2330 1499 2385 sacrificiorum
1535 2331 1689 2395 ritus,
1731 2337 1785 2385 et

214 2421 502 2476 hostiarum
533 2418 839 2487 diversitas,
868 2438 931 2478 ac
964 2422 1308 2477 sacerdotum
1349 2422 1655 2477 ministeria
1680 2423 1777 2475 dea

216 2510 523 2565 scribuntur
552 2509 692 2581 (95).
728 2509 835 2566 Sed
873 2512 985 2564 haec
1026 2510 1321 2564 secundum
1357 2509 1615 2575 litteram,
1661 2525 1781 2579 quae
1817 2488 1861 2543 Β
1888 2526 1941 2570 et
1967 2488 2266 2568 mirabilem
2302 2508 2577 2569 contueri,
2614 2502 2913 2561 secundum
2943 2514 3065 2555 eum
3093 2498 3183 2568 qui
3218 2495 3327 2552 dixi

214 2589 466 2673 tan'quam
498 2616 628 2657 caro
656 2601 820 2658 Verbi
853 2602 945 2657 Dei
985 2610 1067 2657 est
1098 2610 1151 2654 et
1186 2601 1562 2657 indumentum
1591 2602 1787 2656 divini-

216 2696 330 2748 tatis
361 2695 506 2764 ejus,
543 2694 687 2764 digni
722 2694 969 2750 fortassis
1004 2694 1089 2750 vel
1118 2694 1409 2764 aspiciant,
1437 2693 1522 2748 vel
1564 2695 1789 2750 audiant

213 2797 263 2841 et
295 2786 527 2855 indigni.
553 2786 657 2841 Sed
690 2795 746 2841 et
776 2787 918 2842 beati
948 2797 1072 2842 sunt
1101 2788 1173 2842 illi
1198 2786 1363 2852 oculi,
1388 2786 1481 2857 qui
1516 2786 1787 2843 velamine

217 2878 399 2932 littera:
438 2876 715 2933 obtectum
748 2878 1079 2933 intrinsecus
1123 2879 1367 2933 divinum
1408 2879 1671 2949 Spiritum
1707 2882 1785 2935 vi-

214 2970 334 3023 dent
363 2970 482 3039 (96)
508 2987 521 3035 ;
551 2978 604 3023 ει
636 2969 776 3024 beati
805 2978 929 3026 sunt
958 2970 1055 3040 qui
1081 2972 1147 3025 ad
1178 2972 1289 3026 haec
1323 2972 1592 3027 audienda
1628 2990 1785 3027 mun-

215 3060 306 3115 das
347 3076 518 3116 aures
554 3060 833 3117 interioris
906 3061 1145 3116 hominis
1200 3063 1473 3118 deferunt.
1529 3064 1787 3135 Alioquin

214 3165 392 3224 aperte
416 3155 477 3209 in
506 3154 592 3210 his
631 3154 977 3211 sermonibus
1009 3156 1346 3211 occidentem
1392 3156 1629 3212 litteram
1662 3174 1787 3213 sen-

217 3245 363 3300 tient.
398 3246 461 3301 Si
495 3246 639 3302 enim
669 3247 963 3303 secundum
995 3247 1259 3317 quosdam
1284 3248 1450 3304 etiam
1476 3259 1787 3306 nostrorum

215 3337 550 3393 intellectum
589 3338 888 3410 simplicem
923 3354 1144 3409 sequar,
1195 3348 1250 3395 et
1304 3340 1511 3412 absque
1556 3342 1700 3407 ulla,
1733 3352 1793 3398 ut

215 3431 308 3513 ipsi
362 3432 551 3487 ridere
589 3446 686 3488 nos
720 3432 916 3501 solent,
972 3433 1193 3504 stropha
1230 3432 1381 3489 verbi
1430 3443 1486 3490 et
1522 3436 1794 3507 allegoriae

219 3521 371 3593 185
400 3522 591 3578 nubilo
624 3538 809 3579 vocem
852 3523 1177 3593 legislatoris
1224 3524 1515 3596 excipiam,
1556 3542 1657 3596 ego
1703 3544 1795 3585 ec-

211 3614 550 3670 clesiasticus
577 3614 680 3671 sub
710 3614 813 3670 fide
839 3615 1040 3672 Christi
1071 3616 1279 3684 vivens,
1307 3628 1361 3673 et
1393 3618 1448 3673 in
1483 3620 1663 3676 medio
1691 3620 1794 3676 Ec-

212 3705 386 3761 clesiae
429 3706 665 3777 positus,
709 3706 777 3761 ad
823 3705 1245 3762 sacriﬁcandum
1290 3708 1495 3767 vitulos
1520 3719 1574 3766 et
1603 3727 1793 3783 agnos,

1875 1316 1985 1370 ullo
2028 1321 2179 1383 gestu
2220 1311 2331 1383 (98)
2379 1310 2617 1365 incidere
2669 1307 2718 1360 in
2770 1320 2961 1359 manus
3011 1313 3239 1368 vestras,
3293 1318 3455 1372 quam

1875 1418 2104 1477 peccare
2129 1404 2180 1455 iu
2223 1408 2515 1467 conspectu
2563 1393 2775 1450 Domini
2800 1393 2865 1446 ³³.
2909 1410 2927 1444 ι
2966 1390 3273 1445 lncidamus
3328 1402 3458 1458 ergo

1878 1508 1930 1557 et
1960 1512 2082 1560 nos,
2110 1496 2156 1552 si
2185 1496 2257 1549 ita
2286 1506 2510 1548 necesse
2540 1498 2646 1555 εει,
2677 1491 2729 1541 ἱιι
2771 1486 3196 1543 obtrectationes
3225 1490 3457 1545 vestras,

1881 1597 2085 1646 tantum
2119 1598 2177 1643 ut
2213 1586 2494 1643 veritatem
2524 1581 2674 1637 verbi
2705 1580 2802 1635 Dei
2843 1579 2944 1633 sub
2995 1576 3191 1631 littera:
3226 1574 3459 1645 tegmine

1881 1691 2191 1751 coopertam
2253 1679 2321 1733 ad
2360 1676 2635 1733 Christum
2683 1671 2795 1742 jam
2860 1669 3148 1726 Dominum
3195 1679 3459 1722 conversa

1880 1780 2173 1845 cognoscat
2220 1769 2461 1826 Ecclesia
2510 1786 2524 1823 :
2572 1766 2650 1822 sic
2698 1763 2841 1819 enim
2886 1761 3020 1819 dicit
3064 1758 3355 1830 Apostolus
3391 1755 3458 1821 ’⁸,

1882 1868 2007 1939 quia
2042 1886 2061 1917 ι
2096 1866 2140 1919 si
2171 1877 2466 1919 conversus
2497 1862 2619 1932 quis
2654 1859 2815 1914 fuerit
2856 1859 2923 1913 ad
2969 1855 3281 1918 Dominum,
3310 1850 3463 1906 aufe-

1884 1968 2033 2015 retur
2066 1955 2351 2010 velamen:
2398 1955 2485 2009 ubi
2536 1954 2681 2009 enim
2730 1952 2951 2023 spiritus
3002 1947 3239 2012 Domini,
3288 1945 3363 2000 ibi
3393 1944 3462 1999 li-

1884 2056 2088 2110 bertas.
2128 2069 2145 2102 ι
2185 2051 2302 2119 Ipse
2348 2047 2514 2118 igitur
2557 2045 2711 2100 nobis
2756 2042 3049 2106 Dominus,
3100 2041 3215 2109 ipse
3245 2045 3467 2093 sanctus

1886 2144 2119 2216 Spiritus
2173 2139 2545 2206 deprecandus
2610 2147 2715 2201 εει,
2770 2143 2829 2189 ιιι
2902 2147 3119 2189 omnem
3187 2125 3462 2192 nebulam;

1884 2253 2208 2307 omnemque
2234 2234 2521 2305 caliginem
2545 2246 2664 2301 qua:
2692 2235 3036 2299 peccatorum
3063 2223 3315 2281 sordibus
3336 2234 3467 2275 con-

1888 2337 2034 2384 creta
2070 2328 2246 2381 visum
2282 2323 2454 2380 nostri
2487 2321 2667 2377 cordis
2702 2321 2988 2381 obscurat,
3020 2312 3236 2370 auferre
3276 2311 3466 2380 digne-

1890 2433 1998 2489 tur,
2029 2431 2086 2475 ut
2114 2420 2385 2490 possimus
2410 2416 2541 2486 legis
2567 2412 2682 2483 ejus
2712 2409 3126 2481 intelligentiam
3161 2402 3465 2476 Spiritalem

3336 2492 3465 2549 t":

1893 2627 1911 2661 ι
1951 2606 2149 2662 Revela
2181 2603 2368 2661 oculos
2403 2616 2574 2669 meos,
2611 2607 2665 2654 et
2705 2594 3068 2653 considerabo
3098 2589 3366 2645 mirabilia
3403 2588 3469 2640 de

1889 2697 2002 2768 lege
2038 2705 2147 2749 tua.
2186 2714 2205 2748 ι
2254 2693 2421 2763 lgitur
2465 2704 2627 2761 quam
2670 2699 2959 2757 possumus
3002 2682 3242 2737 breviter
3298 2693 3468 2747 pauca

1888 2790 2318 2861 perstringamus
2338 2800 2405 2839 ex
2442 2782 2649 2844 multis,
2684 2794 2789 2834 non
2832 2788 2940 2831 tant
2967 2774 3305 2845 singulorum
3346 2784 3469 2823 ver-
3535 2792 3541 2807 ι

1891 2883 2083 2938 borum
2112 2875 2477 2949 explanationi
2510 2874 2793 2931 studentes
2820 2870 2951 2942 (hoc
2983 2867 3132 2924 enim
3157 2864 3341 2919 facere
3379 2875 3479 2932 per

1890 2978 2058 3031 otium
2102 2973 2390 3030 scribentis
2443 2971 2573 3037 est),
2625 2966 2718 3024 sed
2770 2981 2889 3037 qua:
2940 2964 3008 3020 ad
3056 2961 3475 3019 mdificationem

1890 3069 2151 3127 Ecclesiae
2184 3067 2477 3139 pertinent,
2502 3060 2841 3132 proferentes
2872 3075 2886 3112 :
2926 3065 2984 3111 ut
3013 3054 3333 3111 occasiones
3368 3064 3472 3120 po—

1891 3161 2001 3217 tius
2031 3157 2401 3227 intelligentize
2433 3154 2772 3209 auditoribus
2797 3152 3015 3216 demus,
3063 3162 3222 3217 quam
3258 3142 3469 3212 exposi-

1895 3255 2099 3309 tionum
2150 3250 2488 3306 latitudinem
2543 3259 2940 3318 persequamur
2985 3241 3121 3313 (99),
3171 3239 3467 3295 secundum

1894 3344 2023 3401 illud
2072 3344 2213 3415 quod
2258 3343 2518 3411 scriptum
2568 3348 2651 3396 est
2688 3337 2778 3389 "z
2819 3355 2837 3389 ι
2888 3335 2962 3390 Da
2994 3332 3338 3391 occasionem
3375 3344 3465 3382 sa.

1893 3437 2141 3507 pienti,et
2176 3434 2477 3505 sapientior
2503 3432 2628 3488 erit.
2660 3450 2678 3483 ι

1962 3531 2017 3584 2.
2070 3528 2401 3598 Principium
2453 3539 2583 3595 ergo
2634 3520 2857 3578 Levitici
2883 3519 3036 3586 dicit,
3086 3518 3215 3588 quia
3259 3514 3475 3571 vocavit

1896 3620 2156 3678 Dominus
2185 3619 2444 3693 Moysem,
2478 3627 2531 3673 et
2558 3617 2774 3673 locutus
2796 3620 2881 3668 est
2907 3611 2980 3666 illi
3018 3613 3083 3667 de
3123 3608 3475 3666 tabernaculo

1897 3714 2215 3781 testimonii,
2246 3722 2309 3767 ut
2363 3710 2737 3782 promulgaret
2789 3706 2916 3762 filiis
2956 3706 3123 3762 Israel
3168 3702 3470 3758 sacriﬁcio-

210 3808 262 3853 et
297 3798 362 3852 ad
394 3798 732 3891 offerendam
776 3797 1009 3854 similam
1037 3813 1160 3854 cum
1190 3799 1347 3855 thure
1378 3802 1594 3859 et‘oleo
1624 3804 1791 3861 divini
1822 3832 1865 3891 ρ
1899 3822 2017 3862 rum
2048 3806 2192 3877 leges
2215 3815 2269 3861 et
2298 3820 2601 3869 munerum,
2628 3813 2682 3859 et
2708 3804 2783 3857 ait
2805 3805 2849 3836 ’⁷
2883 3818 2898 3856 :
2939 3820 2958 3855 ι
3000 3800 3057 3858 Si
3088 3800 3248 3855 homo
3277 3811 3475 3851 munus

211 3890 469 3960 praecepti
518 3890 841 3946 auctoritate
894 3890 1211 3961 compellor.
1257 3890 1369 3946 Hoc
1418 3892 1560 3947 enim
1606 3906 1791 3965 agunt,

210 3985 297 4052 qui
327 3983 613 4039 deservire
642 3997 742 4037 nos
770 3975 1115 4047 historiaa,'et
1140 3995 1361 4037 servare
1398 3982 1532 4054 legis
1557 3983 1793 4041 litteram

210 4084 430 4147 cogunt.
467 4074 576 4131 Sed
601 4083 810 4144 tempus
838 4084 921 4130 εει
950 4088 1047 4129 ηοε
1074 4073 1332 4130 adversus
1363 4075 1637 4146 improbos
1672 4093 1795 4148 pre-

208 4170 460 4241 sbyteros
489 4170 566 4224 uti
590 4176 792 4225 sanctae
820 4168 1084 4223 Susannte
1117 4167 1364 4235 vocibus,
1394 4184 1529 4239 quas
1559 4170 1634 4225 illi
1667 4172 1793 4242 qui-

210 4264 330 4319 dem
362 4263 744 4334 repudiantes,
792 4262 1076 4317 historiam
1124 4259 1394 4319 Susanna:
1435 4266 1501 4320 de
1546 4266 1794 4337 catalogo

207 4356 526 4410 divinorum
574 4354 907 4410 voluminum
952 4352 1293 4409 desecarunt.
1349 4354 1460 4412 Nos
1507 4366 1688 4414 autem
1741 4369 1795 4415 et

206 4445 541 4516 suscipimus
580 4455 636 4501 et
662 4452 967 4515 opportune
1015 4454 1206 4500 contra
1244 4447 1386 4517 ipsos
1440 4450 1793 4521 proferimus,

205 4539 458 4595 dicentes
492 4553 504 4590 :
543 4556 562 4591 ι
597 4537 870 4609 Angustire
895 4537 1024 4592 mihi
1066 4539 1305 4609 undique
1341 4536 1475 4607 (97).
1500 4554 1518 4587 ι
1557 4543 1613 4598 Si
1652 4545 1795 4600 enim

207 4632 309 4687 hoc
357 4644 693 4688 consensere
736 4630 924 4695 vobis,
1016 4640 1073 4685 ut
1127 4630 1263 4702 legis
1296 4630 1531 4689 litteram
1572 4650 1794 4707 sequar,

274 4748 321 4819 ξ²
348 4749 491 4803 Dan.
524 4764 649 4812 xm,
688 4748 776 4817 22,
818 4747 906 4804 25.
1010 4750 1056 4780 ’⁵
1080 4749 1122 4804 ll
1161 4748 1292 4806 Cor.
1324 4764 1405 4819 ιιι,
1453 4750 1539 4806 i6.

204 4820 248 4852 ³⁵
270 4818 457 4874 Levit.
482 4834 544 4885 tt,
574 4821 628 4873 4.

274 4939 396 5011 (9⁵5)
440 4938 667 4994 Collataa
695 4947 821 4994 sunt
851 4942 933 4994 ha:
968 4940 1204 4996 homilias
1234 4954 1357 4996 cum
1385 4952 1618 5011 quatuor
1654 4959 1787 5010 mss,
1824 4950 1869 5006 D

199 5026 326 5082 t|n0_
366 5009 840 5082 Sangertnanensi
886 5012 1259 5082 vetustissimo
1311 5009 1466 5082 cujus
1506 5016 1791 5071 charathr

197 5079 447 5138 uncialis
472 5090 553 5135 est
577 5099 590 5145 ;
615 5081 787 5135 altero
808 5081 1169 5151 Gemeticensi
1197 5097 1212 5146 ;
1248 5079 1411 5137 tertio
1438 5083 1720 5151 Beccensi,
1742 5097 1796 5141 et

194 5164 307 5234 qua
294 5160 414 5272 "sto
445 5151 784 5207 bibliotheca:
806 5150 872 5205 R.
889 5150 952 5206 P.
977 5151 1469 5209 Franciscanorum
1486 5150 1797 5212 Cadouten-

193 5238 276 5277 8111
356 5258 373 5275 ο

245 5242 407 5374 υῶϊ)
558 5290 736 5347 Maria
763 5309 919 5347 carne
940 5292 1203 5374 vestitum.
1241 5291 1341 5374 Si_c_
1361 5294 1565 5374 habent
1606 5311 1796 5353 omnes

203 5375 341 5484 mas.
381 5360 538 5416 Libri
567 5376 697 5417 vero
731 5374 891 5419 antea
919 5364 1085 5430 editi,
1126 5382 1145 5416 ‹
1185 5379 1253 5419 ex
1292 5362 1475 5421 Maria:
1508 5381 1673 5423 carne
1698 5383 1795 5424 ve-

303 5446 423 5484 um.
463 5449 485 5482 ι

275 5500 641 5582 (95)“0mnes
696 5518 907 5582 mss.,_g
932 5503 1370 5582 describuntur;
1408 5528 1428 5557 ι
1468 5507 1597 5562 libb.
1631 5507 1791 5582 editi,

208 5572 641 5641 gascribuntur.
666 5591 683 5625 ι
704 5574 844 5627 Infra
872 5574 1031 5629 iidem
1056 5574 1189 5628 libb.
1216 5576 1368 5641 editi,
1406 5595 1423 5628 ι
1465 5594 1594 5632 caro
1630 5572 1793 5634 Verbi

202 5640 301 5696 Dei
342 5651 460 5707 est,
501 5652 555 5697 et
573 5644 958 5719 indumentum
1006 5645 1307 5700 divinitatis
1332 5648 1472 5717 ejus,
1507 5648 1653 5719 digni
1686 5650 1797 5704 for-

208 5720 383 5776 tasse,
431 5730 450 5761 ι
495 5714 584 5767 sed
624 5730 757 5769 mss.
793 5722 853 5767 ut
885 5714 938 5769 in
971 5724 1157 5770 nostro
1192 5724 1362 5771 textu.

278 5782 401 5860 (99)
462 5782 641 5840 Codex
694 5784 1205 5855 Sangermanensis,
1248 5804 1265 5838 ι
1307 5789 1545 5843 videant.
1607 5809 1625 5841 ι
1667 5788 1793 5856 Alii,

206 5869 231 5905 ι
275 5851 497 5908 vident.
536 5873 555 5906 ι

1653 4756 1697 4788 ’⁸
1734 4756 2078 4823 ΡειιΙηηεχγιιι
2091 4800 2104 4825 ,
2154 4759 2240 4812 18.

1900 3899 2091 3957 ofieret
2116 3899 2191 3970 (l)
2216 3896 2463 3961 Domino,
2492 3896 2685 3952 offeret
2708 3911 2775 3951 ex
2808 3894 2981 3952 bobus
3001 3893 3085 3949 vel
3110 3888 3421 3961 pecoribus,
3450 3903 3469 3937 ι

1901 3993 1954 4048 id
1976 4002 2060 4047 est
2082 3990 2236 4062 agnis
2262 3989 2344 4043 vel
2372 3989 2565 4044 hmdis.
2605 4006 2624 4040 ι
2658 3987 2714 4042 Si
2747 4002 2876 4043 vero
2905 4000 2972 4041 ex
2994 3983 3205 4048 avibus,
3239 3989 3476 4037 turtures

1902 4083 1985 4139 vel
2017 4082 2190 4153 pullos
2248 4080 2644 4135 columbarum.
2686 4096 2703 4129 ι
2738 4078 2793 4133 Si
2831 4092 2959 4132 vero
3004 4092 3110 4131 non
3166 4074 3348 4137 homo,
3382 4071 3476 4126 sed

1903 4178 2082 4229 anima
2115 4172 2308 4227 offerat
2344 4187 2542 4227 munus
2568 4172 2699 4237 Deo,
2723 4186 2790 4225 ex
2818 4168 3015 4235 simila,
3048 4168 3220 4237 inquit
3252 4166 3319 4230 ’⁸,
3359 4162 3478 4219 affe-

1906 4280 1991 4326 rat
2014 4286 2177 4343 panes
2211 4283 2433 4341 azymos
2463 4276 2647 4323 coctos
2674 4267 2727 4320 in
2762 4265 3000 4329 clibano,
3032 4262 3118 4316 vel
3152 4270 3300 4317 certe
3328 4260 3482 4314 simi-

1904 4365 2011 4418 lam
2039 4379 2102 4419 ει
2134 4363 2407 4433 sartagine
2435 4360 2488 4414 in
2517 4359 2637 4415 oleo
2671 4370 3043 4428 conspersam,
3098 4363 3190 4409 aut
3220 4368 3287 4407 ex
3315 4354 3479 4408 crati-

1902 4458 2022 4513 cula
2056 4458 2106 4510 in
2132 4455 2249 4510 oleo
2275 4453 2351 4524 (2)
2384 4452 2741 4508 nihilominus
2773 4450 3076 4505 subactam.
3116 4446 3253 4501 Tum
3286 4445 3479 4500 deinde

1904 4554 2191 4606 edocemur
2218 4548 2343 4615 quia
2390 4544 2774 4598 fermentatum
2832 4540 2966 4594 nihil
3012 4540 3234 4595 omnino
3264 4548 3481 4606 Oportet

1904 4641 2084 4699 offerri
2126 4640 2190 4694 ad
2222 4638 2393 4693 altare
2429 4636 2543 4697 Dei,
2574 4651 2747 4705 neque
2780 4632 2884 4688 mel
2919 4646 3141 4702 usquam
3171 4631 3247 4701 (5)
3272 4628 3481 4685 sacrifi-

2354 4755 2399 4807 ια
2432 4752 2590 4807 Prov.
2622 4767 2697 4816 ιι,
2736 4750 2789 4806 9.
2909 4750 2953 4783 ’⁷
3002 4750 3176 4806 Levit.
3220 4766 3256 4815 ι,
3288 4750 3344 4815 2,
3392 4748 3476 4802 14.

1970 4947 2084 5017 (97)
2132 4944 2356 5017 Veteres
2416 4938 2684 5017 editiones
2722 4952 2736 4990 :
2778 4954 2796 4988 ι
2838 4936 3122 5017 Augustin:
3169 4935 3300 5017 mihi
3352 4946 3479 4991 sunt

1899 5006 2159 5086 undique,
2202 5032 2219 5063 ι
2258 5011 2351 5066 sed
2385 5010 2552 5065 codex
2606 5006 3098 5079 Sangcrmanensis
3120 5007 3325 5065 omittit
3358 5022 3479 5061 ver-

1899 5090 2081 5226 υυὶἓϐ)
2113 5093 2714 5226 ἓξέιὶἶ.)ϐεηιειίεεηείε
2746 5157 2799 5203 ει
2825 5148 3204 5226 (ξᾳάοιηεηείε,
3250 5165 3271 5199 ι
3333 5148 3482 5204 nullo

1896 5219 2077 5300 gesto';
2119 5223 2685 5300 t_Sattgertttartensis,
2724 5219 2928 5300 «nullo
2956 5228 3130 5300 gestu.
3171 5237 3190 5269 ι

1969 5288 2082 5369 (99)
2147 5288 2611 5369 Mss.'Sangerrn.
2659 5301 2713 5347 et
2761 5288 3050 5356 Gcmetic.,
3105 5307 3122 5339 ι
3182 5302 3477 5358 persequa-

1899 5368 2049 5435 mur;
2090 5388 2105 5420 ι
2145 5368 2301 5427 alias,
2334 5383 2352 5415 ι
2388 5378 2797 5435 prosequamur.
2844 5379 2862 5412 ι

1972 5426 2048 5511 (Ι)
2095 5426 2295 5511 Omnes
2343 5426 2495 5511 ῃιέε..
2549 5426 2582 5511 ε’
2610 5433 2820 5511 offeret.
2862 5448 2880 5481 ι
2910 5430 3088 5511 _Alias_,
3140 5448 3159 5480 ι
3204 5426 3414 5511 offerat.
3456 5447 3475 5482 ι

1901 5498 2041 5565 Mo‘x'
2058 5510 2217 5563 codd.
2252 5503 2605 5561 Cadomensis
2630 5513 2683 5559 et
2712 5501 3127 5566 Gemeticensis,
3158 5518 3176 5551 ι
3213 5515 3279 5555 ex
3305 5498 3481 5554 bubus

1900 5591 1953 5637 et
1981 5581 2295 5649 pecudibus.
2340 5594 2358 5626 ι

1995 5652 2049 5721 2)
2082 5649 2474 5721 Οιιιιιεεμιιιεεη
2510 5663 2527 5695 ‹
2564 5644 2617 5697 in
2651 5644 2791 5721 oleo.
2827 5640 3030 5721 t_Alias
3065 5640 3232 5721 deest,
3272 5657 3291 5693 ι
3332 5639 3408 5693 in.
3449 5656 3474 5695 ι

1996 5711 2049 5790 5)
2078 5716 2561 5790 ϐοάῴΞιιιιςετιιι.
2586 5723 2642 5767 ει
2666 5712 2955 5779 Gemetic.,
2986 5731 3004 5766 ι
3034 5711 3139 5769 tucl
3171 5726 3418 5783 usquam.
3446 5726 3474 5767 θ

1901 5786 2070 5861 Alias,
2118 5811 2137 5845 ι
2174 5789 2345 5845 mellis
2372 5786 2687 5857 quidquam.
2726 5802 2746 5837 ι
