3876 6502
427 388 534 444 407

1889 388 2212 448 OBlGENlS

3585 401 3687 459 408

429 508 531 566 ciis
560 507 871 578 admisceri,
903 511 997 569 sed
1030 511 1144 568 sale
1183 511 1334 570 saliri
1359 529 1521 570 omne
1556 512 1885 571 sacriﬁcium
1915 515 1997 569 vel
2025 515 2074 572 Α
2104 512 2466 569 triarcharum
2513 517 2865 586 generatione
2933 520 3263 576 venientem.
3333 519 3451 575 Erit
3506 531 3683 577 autem

428 614 654 658 munus.
702 602 955 660 Secundo
1005 605 1057 659 in
1104 606 1224 662 loco
1261 607 1330 663 de
1363 609 1721 677 primitiarum
1745 614 2006 682 praecepit

430 692 736 760 sacriﬁciis,
783 711 903 765 quae
936 699 1178 752 recentia
1227 709 1366 755 tosta
1416 716 1480 756 ac
1508 705 1644 757 bene
1672 711 1896 774 purgata
1923 704 2005 758 of-

431 781 564 841 ferri
593 784 822 841 Domino
849 787 1023 856 juhet.
1054 789 1301 848 Posthaec
1331 793 1434 848 sub
1459 796 1650 850 eadem
1698 798 1832 864 tegis
1877 811 2005 852 con-

431 874 660 931 tinentia
696 877 763 933 de
794 881 1084 938 sacriﬁciis
1116 883 1445 940 salutaribus
1475 886 1790 958 injungitur,
1828 890 2006 959 primo

429 980 498 1019 ex
529 965 724 1034 bobus,
751 970 990 1026 secundo
1014 987 1080 1027 ex
1118 973 1332 1039 ovibus,
1385 975 1437 1030 in
1469 976 1666 1046 quibus
1722 987 1902 1033 tamen
1935 979 2003 1033 li-

429 1065 574 1125 ceat,
603 1059 719 1115 sive
763 1063 817 1116 in
848 1064 1024 1134 agnis,
1067 1065 1185 1122 sive
1236 1067 1290 1121 in
1339 1068 1516 1124 hmdis
1548 1070 1633 1124 vel
1663 1069 1895 1127 feminas
1923 1072 2006 1128 of-

429 1145 593 1215 ferre,
621 1151 710 1206 vel
738 1166 935 1219 mares,
981 1163 1038 1211 et
1077 1157 1208 1212 nihil
1245 1167 1440 1227 praeter
1469 1161 1584 1217 haec
1616 1162 1870 1219 animalia
1906 1164 2005 1219 de-

429 1240 604 1296 cernit
629 1242 684 1298 in
718 1246 1007 1304 sacriﬁciis
1038 1250 1364 1306 salutaribus
1393 1252 1894 1311 oﬁ‘erendnm.‘Sed
1921 1272 2007 1313 re-

427 1339 677 1396 petamus
724 1337 1042 1407 paululmn,
1112 1350 1168 1396 et
1216 1344 1498 1402 videamus
1538 1347 1715 1417 primo
1761 1348 2003 1403 omnium

428 1421 560 1492 quid
591 1429 841 1497 estquod
864 1430 995 1486 dicit
1021 1449 1035 1486 :
1075 1453 1094 1486 ι
1127 1433 1300 1491 Homo
1324 1451 1391 1492 ex
1421 1441 1574 1495 vobis
1597 1441 1638 1496 si
1672 1439 1862 1496 oll'erat
1890 1458 2006 1495 mur

430 1528 554 1582 nus,
588 1535 609 1569 ι
651 1521 806 1588 quasi
838 1537 966 1579 vero
993 1527 1162 1594 possit
1193 1529 1332 1586 alius
1365 1531 1562 1601 aliquis
1611 1534 1810 1589 oil‘erre
1840 1549 2001 1604 quam

432 1609 616 1667 homo.
646 1612 712 1668 Et
742 1613 929 1686 utique
955 1617 1258 1677 suffecisset
1287 1624 1491 1693 dicere,
1521 1627 1565 1682 si
1599 1628 1720 1698 quis
1752 1644 1822 1683 ex
1852 1626 2006 1685 vobis

429 1701 839 1764 olferatmunus
875 1725 890 1766 :
925 1711 1019 1766 sed
1050 1729 1194 1768 nunc
1239 1715 1368 1771 dicit
1401 1735 1413 1770 :
1449 1736 1468 1769 ‹
1506 1717 1563 1773 Si
1614 1721 1779 1777 homo
1805 1737 1873 1776 ex
1906 1737 2005 1776 vo-

431 1793 514 1850 his
548 1796 744 1852 oﬁ‘e‘rat
777 1815 993 1856 munus.
1037 1821 1056 1855 ι
1089 1803 1145 1858 1η
1175 1809 1637 1877 consequentibus
1668 1825 1798 1866 vero
1829 1812 2002 1868 dicit:

434 1904 453 1937 ι
485 1884 540 1941 Si
567 1897 745 1944 autem
774 1890 950 1946 anima
1003 1892 1191 1948 oﬁ'erat
1219 1911 1435 1952 munus.
1469 1917 1488 1951 ιι
1526 1899 1583 1954 In
1614 1903 2006 1971 posterioribus

430 1992 614 2046 porro,
647 1994 768 2035 cum
794 1984 1031 2039 secundo
1060 1985 1169 2053 jam
1204 1987 1440 2057 loquitur
1467 1991 1728 2048 Dominus
1759 1997 1824 2050 ad
1854 1996 2005 2069 Moy-

429 2083 563 2136 sem,
584 2081 638 2126 et
662 2075 884 2130 mandat
909 2077 974 2131 de
997 2078 1282 2136 sacriﬁciis
1313 2097 1410 2150 pro
1438 2093 1662 2151 peccato
1689 2085 2004 2156 oﬂcrendis,

429 2162 503 2215 ita
529 2163 700 2219 dicit:
730 2183 748 2217 ι
798 2165 855 2221 Si
893 2168 1140 2238 pontifex
1189 2176 1522 2242 peccaverit,
1551 2175 1744 2232 offerat
1793 2179 1923 2233 illud
1954 2189 2008 2234 et

427 2251 557 2309 illud
590 2255 654 2309 ”.
700 2276 718 2308 ι
763 2257 858 2313 Vel
884 2261 930 2315 si
958 2263 1134 2318 omnis
1168 2262 1451 2336 Synagoga
1483 2269 1808 2336 peccaverit,
1843 2270 1928 2326 vel
1961 2274 2004 2327 si

427 2347 680 2418 princeps
719 2353 1026 2418 peccaverit
1064 2351 1166 2425 (4),
1196 2355 1281 2410 vel
1309 2357 1354 2411 si
1388 2359 1570 2412 anima
1606 2375 1713 2414 una
1745 2375 2006 2430 peccave—

429 2439 500 2493 tit
537 2455 551 2494 :
586 2445 875 2496 mandatur
898 2443 1128 2514 singulis
1172 2447 1475 2520 quibusque
1518 2451 1649 2521 quid
1675 2451 1910 2510 offerant
1937 2457 2001 2509 ³⁸.

425 2529 565 2598 Quid
590 2536 758 2598 ergo!
794 2535 1011 2590 inanem
1043 2547 1297 2607 putamus
1319 2555 1439 2597 esse
1464 2543 1624 2598 istam
1645 2561 2002 2616 personarum

427 2624 855 2692 distinctionem,
897 2638 957 2682 ut
985 2629 1128 2684 aliud
1159 2631 1378 2701 quidem
1413 2631 1749 2692 oﬁ‘erendum
1780 2639 1879 2695 sub
1907 2641 2007 2696 ho-

375 2760 382 2774 .
429 2717 591 2772 minis
651 2720 1035 2790 appellatione,
1083 2724 1227 2780 aliud
1263 2727 1363 2782 sub
1417 2728 1645 2797 animae,
1696 2732 1844 2788 aliud
1905 2735 2005 2789 sub

427 2809 722 2878 pontiﬁcis,
774 2813 918 2869 aliud
962 2830 1092 2871 vero
1139 2817 1239 2872 sub
1287 2833 1594 2891 synagogas,
1637 2821 1785 2878 aliud
1834 2825 2002 2880 etiam

426 2901 526 2957 sub
554 2904 847 2976 principis,
875 2906 959 2960 vel
988 2908 1090 2964 sub
1116 2909 1278 2966 unius
1304 2912 1500 2967 animae
1526 2917 2005 2985 cognominatioue

426 2993 749 3048 mandetur?
775 2994 887 3064 Ego
915 2996 1132 3054 interim
1160 3013 1258 3068 pro
1308 3003 1607 3073 exiguitate
1650 3021 1845 3063 sensus
1875 3010 2002 3074 mei,

427 3085 530 3140 hoc
561 3085 616 3140 in
655 3085 778 3142 loco
808 3087 1078 3146 hominem
1104 3107 1268 3162 quem
1315 3093 1632 3164 appellavit,
1679 3109 1734 3154 et
1769 3100 2002 3170 primum

2109 608 2382 660 masculus
2408 607 2788 664 sine‘macula.
2816 609 3093 666 Masculus
3133 626 3262 667 vere
3294 612 3457 684 186
3476 615 3682 683 est,qui

2108 707 2391 768 peccatum
2421 700 2564 768 quod
2595 709 2680 756 est
2703 701 2950 758 femineae
2975 701 3290 775 fragilitatis
3313 704 3551 773 ignorat.
3583 705 3684 760 So-

2107 789 2194 843 lus
2227 803 2358 860 ergo
2386 789 2474 844 ille
2505 792 2799 859 masculus,
2851 792 3002 848 solus
3041 795 3162 848 sine
3201 795 3410 850 macula
3438 803 3545 858 est,
3595 797 3683 864 qui

2108 891 2388 949 peccatum
2429 897 2534 937 non
2577 881 2726 950 fecit,
2760 900 2860 940 nec
2900 885 3056 940 dolus
3091 885 3345 941 inventus
3374 896 3460 941 est
3501 887 3556 940 iu
3598 901 3689 942 ore

2107 977 2223 1045 ejus
2255 977 2321 1044 ³¹,
2352 989 2405 1032 ει
2435 978 2528 1048 qui
2561 988 2814 1047 acceptus
2840 989 3030 1034 contra
3060 979 3342 1033 Dominum
3367 977 3601 1036 oﬂertur
3624 979 3686 1034 ad

2108 1071 2306 1124 ostium
2340 1071 2698 1126 tabernaculi.
2733 1071 2815 1126 Ad
2855 1073 3056 1126 ostium
3102 1074 3436 1129 tabernaculi
3461 1089 3570 1130 non
3609 1082 3688 1127 est

2110 1162 2247 1216 intra
2287 1161 2509 1227 ostium,
2542 1163 2638 1218 sed
2674 1173 2826 1218 extra
2866 1166 3087 1219 ostium.
3142 1165 3310 1219 Extra
3346 1168 3551 1220 ostium
3580 1176 3691 1221 ete-

2110 1257 2220 1310 nim
2250 1254 2349 1308 l'uit
2379 1251 2560 1317 Jesus,
2596 1255 2721 1324 quia
2759 1275 2778 1306 ι
2826 1256 2878 1309 in
2925 1272 3022 1309 sua
3058 1258 3275 1326 propria
3327 1257 3500 1321 venit,
3531 1266 3586 1310 et
3611 1258 3688 1312 si

2110 1362 2231 1401 eum
2270 1362 2374 1402 non
2405 1357 2727 1415 receperunt
2772 1347 2838 1399 ³³.
2883 1366 2902 1398 ›
2946 1347 3061 1401 Non
3105 1356 3189 1402 est
3233 1362 3364 1417 ergo
3414 1347 3689 1417 ingressus

2112 1437 2518 1493 tabernaculum
2548 1437 2699 1502 illud,
2740 1437 2806 1491 ad
2833 1439 2974 1506 quod
3002 1447 3250 1501 venerat,
3283 1438 3375 1493 sed
3399 1439 3470 1492 ad
3495 1441 3686 1494 ostium

2109 1531 2225 1601 ejus
2254 1531 2467 1587 oblatus
2505 1539 2592 1584 est
2625 1531 2675 1584 in
2709 1529 3122 1595 holocaustum,
3162 1532 3284 1599 quia
3317 1539 3478 1585 extra
3513 1541 3685 1585 castra

2110 1640 2304 1696 passus
2329 1635 2431 1681 est.
2459 1622 2591 1678 Nam
2617 1632 2672 1677 et
2704 1622 2777 1678 illi
2815 1621 2940 1676 mali
2974 1622 3152 1677 coloni
3184 1622 3493 1677 venientem
3529 1622 3687 1676 ﬁlium

2107 1713 2521 1769 Patrisl‘atnilias
2550 1709 2831 1786 ejecerunt
2855 1712 3002 1767 foras
3035 1727 3190 1767 extra
3224 1713 3475 1778 vineam,
3505 1724 3563 1768 et
3598 1729 3683 1769 oc-

2111 1809 2361 1864 cidcrunt
2393 1807 2459 1862 ³³.
2514 1805 2625 1860 llnc
2671 1814 2906 1875 estergo
2950 1806 3095 1875 quod
3135 1803 3365 1861 offertur
3391 1806 3462 1860 ad
3496 1808 3686 1861 ostium

2113 1899 2446 1957 tabernaculi
2477 1910 2758 1970 acceptum
2781 1909 2970 1958 contra
2989 1899 3274 1954 Dominum
3299 1917 3314 1966 ;
3342 1909 3399 1954 et
3430 1900 3565 1968 quid
3590 1911 3688 1955 tam

2111 2002 2394 2062 acceptum
2427 2007 2591 2064 quam
2622 1992 2794 2048 hostia
2825 1991 3049 2055 Christi,
3075 1991 3166 2060 qui
3203 1992 3449 2061 seipsum
3500 1991 3689 2048 obtulit

2110 2084 2218 2140 Deo
2231 2085 2254 2138 ?

2181 2178 2235 2232 ’5.
2284 2177 2350 2232 Ει
2402 2187 2586 2233 tamen
2631 2196 2651 2230 ‹
2700 2179 2940 2248 imponet
2987 2176 3065 2249 (6)
3120 2192 3336 2230 martum
3377 2189 3566 2242 suam,
3617 2174 3689 2228 in-

2110 2272 2225 2340 quit
2255 2270 2323 2336 ³⁸⁵,
2352 2286 2515 2341 super
2544 2280 2706 2339 caput
2751 2271 2960 2336 hostiae,
2992 2281 3046 2325 et
3089 2269 3421 2339 jugulabunt
3467 2267 3686 2322 vitulum

2110 2373 2302 2418 contra
2332 2362 2642 2429 Dominum,
2678 2369 2734 2417 et
2757 2358 2987 2416 offerent
3017 2361 3112 2415 ﬁlii
3153 2361 3334 2416 Aaron
3394 2360 3688 2416 sacerdotis

2109 2458 2448 2528 sanguinem,
2495 2465 2551 2510 et
2598 2453 2877 2509 eﬁ‘nndent
2927 2453 3250 2522 sanguinem
3293 2454 3361 2506 ad
3424 2453 3604 2508 altare
3638 2451 3686 2506 in

2109 2550 2364 2617 circuitu,
2403 2551 2546 2621 quod
2573 2558 2658 2604 est
2704 2550 2770 2604 ad
2808 2549 3008 2604 ostium
3055 2546 3402 2602 tabernaculi
3452 2547 3688 2602 testimo-

2110 2645 2206 2699 nii.
2250 2664 2268 2697 ι
2303 2643 2488 2700 Potest
2512 2643 2730 2713 quidem
2763 2642 2931 2696 videri
2967 2642 3036 2696 oh
3065 2641 3168 2696 hoc
3205 2640 3434 2707 dictum,
3464 2638 3609 2709 quod
3630 2640 3688 2694 de

2113 2735 2239 2790 ﬁliis
2261 2735 2442 2791 Aaron
2470 2745 2627 2788 erant
2647 2734 2833 2788 Annas
2859 2742 2912 2786 et
2932 2730 3192 2803 Caiphas,
3215 2741 3270 2789 et
3295 2731 3485 2788 caeteri
3509 2744 3687 2786 omnes

2108 2831 2204 2898 qui
2231 2828 2516 2883 consilium
2548 2837 2773 2896 agentes
2802 2827 3088 2882 adversum
3117 2827 3196 2897 (7)
3224 2824 3414 2881 Jesum
3458 2841 3687 2894 pronun-

2111 2924 2380 2976 tiaverunt
2402 2935 2525 2976 eum
2545 2936 2697 2975 reum
2722 2921 2934 2982 mortis,
2959 2930 3015 2976 et
3040 2919 3347 2975 effuderunt
3373 2918 3682 2990 sanguinem

2109 3016 2227 3085 ejus
2257 3015 2402 3070 circa
2441 3015 2616 3070 basim
2647 3013 2839 3070 altaris
2874 3013 3210 3068 tabernaculi
3257 3012 3580 3068 testimonii.
3617 3010 3681 3066 ibi

2110 3107 2253 3160 enim
2299 3105 2593 3161 cﬁ‘unditur
2639 3106 2878 3176 sanguis,
2930 3105 3018 3159 ttbi
3081 3115 3196 3159 erat
3247 3104 3423 3159 altare
3469 3111 3525 3159 et
3555 3102 3685 3156 basis

424 3176 478 3230 in
508 3179 762 3235 omnibus
807 3182 988 3252 posuit
1027 3185 1093 3239 ad
1132 3183 1472 3242 otl‘erendum
1513 3207 1710 3249 munus
1755 3193 1890 3261 Deo,
1924 3197 2003 3250 in-
2032 3199 2074 3256 C
2109 3199 2252 3266 ejus,
2292 3198 2436 3253 sicut
2467 3199 2586 3268 ipse
2613 3197 2873 3252 Dominus
2899 3197 3038 3252 dixit
3063 3196 3109 3228 "
3147 3217 3158 3251 :
3191 3213 3208 3247 ι
3242 3196 3388 3263 Quia
3440 3211 3549 3250 non
3601 3209 3683 3248 ca-

422 3269 776 3342 tclligendum
825 3289 947 3332 esse
1000 3292 1163 3335 omne
1202 3279 1499 3338 humanum
1527 3286 1772 3343 arbitror
1809 3304 2002 3359 genus,

421 3373 477 3418 et
507 3365 681 3435 ipsum
708 3366 814 3424 dici
847 3367 1118 3425 hominem
1150 3372 1242 3441 qui
1287 3374 1662 3434 holocaustum
1694 3379 1892 3438 oﬁerat
1925 3383 2003 3439 vi-

423 3457 593 3514 tulum
642 3475 709 3516 ex
766 3464 942 3520 bobus
985 3467 1104 3521 sine
1146 3466 1382 3522 macula.
1449 3467 1556 3528 Iste
1593 3485 1773 3531 autem
1802 3477 2004 3533 vitulus

420 3553 538 3608 sine
566 3557 799 3626 macula,
824 3560 948 3615 vide
976 3562 1023 3617 si
1062 3579 1168 3621 non
1219 3565 1311 3622 ille
1348 3568 1629 3640 saginatus
1673 3581 1757 3628 est
1799 3574 2003 3631 vitulus

421 3659 582 3714 quem
607 3657 763 3716 pater
800 3667 898 3722 pro
939 3669 1193 3726 regresso
1226 3659 1306 3730 (5)
1363 3676 1429 3717 ac
1467 3664 1726 3720 restituto
1770 3665 1871 3721 sibi
1911 3667 2004 3722 illo

419 3741 512 3809 qui
538 3742 776 3810 perierat
807 3745 941 3814 ﬁlio,
971 3750 1172 3822 quique
1215 3768 1431 3812 omnem
1485 3757 1604 3828 ejus
1636 3757 2002 3816 substantiam

422 3830 834 3904 dilapidaverat,
848 3839 1136 3910 jugulavit,
1159 3853 1214 3900 et
1237 3845 1368 3902 fecit
1391 3849 1697 3906 convivium
1722 3866 2000 3922 magnum,

418 3930 476 3977 et
507 3925 747 3983 laetitiam
791 3931 986 4014 habuit
1025 3936 1093 4000 ³ο,
1141 3937 1214 3991 ita
1257 3948 1318 3992 ut
1367 3939 1687 3997 laetarentur
1733 3945 1905 4014 angeli
1947 3947 1999 4001 in

421 4015 562 4071 caelo
585 4032 748 4088 super
773 4036 878 4076 uno
908 4007 1196 4092 pieccatore
1230 4031 1606 4100 paenitentiam
1634 4048 1846 4106 agente.
1890 4039 2000 4096 Ho-

422 4123 512 4164 mo
549 4125 681 4181 ergo
721 4113 824 4170 iste
853 4117 944 4186 qui
975 4119 1210 4189 perierat
1234 4131 1287 4177 et
1321 4124 1573 4181 inventus
1611 4137 1715 4195 est,
1746 4132 1999 4202 quoniam

420 4201 562 4258 nihil
589 4205 782 4262 habuit
808 4211 1042 4280 propriae
1068 4213 1391 4271 substantia:
1416 4220 1558 4287 quod
1585 4201 1827 4292 oﬂ'crret,
1868 4241 2003 4280 cun-

420 4305 507 4352 cta
549 4312 782 4368 namque
813 4299 1210 4371 dilapidaverat
1242 4305 1429 4363 vivens
1456 4307 1755 4380 luxuriose,
1789 4313 2001 4374 invenit

420 4390 587 4448 istum
615 4393 840 4450 vitulum
878 4395 1096 4452 coalitus
1133 4399 1353 4468 quidem
1401 4403 1647 4474 missum,
1685 4409 1777 4463 sed
1821 4424 1884 4464 ex
1918 4426 2004 4481 pa-

420 4481 781 4542 triarcharum
807 4488 1022 4555 ordine,
1053 4500 1110 4546 et
1138 4493 1406 4550 connexis
1432 4511 1498 4551 ex
1529 4497 1804 4555 Abraham
1832 4518 1997 4571 gene-

418 4574 690 4631 rationum
718 4583 1160 4644 successionibus
1189 4588 1522 4656 venientem,
1571 4599 1625 4646 et
1657 4591 1858 4649 idcirco
1890 4610 1997 4651 non

419 4665 556 4720 dixit
597 4669 828 4726 vitulum
855 4683 910 4728 et
934 4675 1101 4747 siluit,
1135 4688 1194 4734 ut
1233 4680 1485 4735 videatur
1525 4683 1726 4738 vitulus
1765 4687 1998 4756 quicun-

395 4769 525 4831 ‘que
553 4766 869 4833 mandatus,
900 4769 994 4824 sed
1027 4770 1249 4826 vitulum
1275 4788 1340 4828 ex
1365 4772 1564 4842 bobus,
1594 4777 1645 4832 id
1675 4789 1778 4846 est,
1810 4795 1873 4836 ex
1906 4796 1999 4845 na-

487 4955 532 4987 ”
561 4939 736 5013 Levii.
758 4973 832 5014 tv.
907 4959 950 4992 ³⁰
976 4959 1112 5015 Luc.
1139 4975 1229 5014 xv.

417 5027 653 5093 “11,53.
730 5028 777 5060 ³⁸
817 5029 1014 5098 Ephes.
1059 5031 1216 5096 t,2‘2.

1331 4964 1375 4996 ³¹
1407 4964 1506 5020 lsa.
1536 4968 1712 5024 Llll.9.

487 5151 564 5234 (Δ)
593 5153 761 5234 iidem
809 5168 968 5220 mss.,
1029 5172 1063 5234 t_
1088 5155 1339 5230 princeps
1387 5162 1723 5230 peccaverit;
1771 5184 1790 5216 ι
1839 5167 1996 5234 alias,

417 5242 438 5276 ς
477 5224 752 5296 principes
782 5224 1149 5296 peccaverint.
1195 5247 1213 5279 ι

485 5295 630 5376 (5)..ι.
661 5295 1078 5376 Pro_regresso.
1133 5317 1152 5350 ι
1209 5298 1299 5376 Sic
1341 5302 1513 5376 codex
1559 5303 1994 5376 Sangermanen.

413 5366 511 5419 sis.
549 5366 700 5421 Alias
755 5369 972 5442 deerat,
1002 5385 1021 5418 ι
1061 5383 1180 5436 pro.
1221 5370 1418 5442 rlnfra
1465 5374 1608 5428 idem
1663 5366 1791 5442 5.5.,
1829 5398 1848 5431 ι
1895 5381 2002 5436 erit

413 5447 594 5490 antem
630 5437 906 5493 masculus
931 5439 1048 5492 sine
1081 5441 1316 5504 macula,
1361 5444 1633 5500 masculus
1673 5437 1803 5503 vere
1833 5459 1936 5503 est.
1977 5469 1996 5502 ι

412 5506 563 5562 Alias
601 5507 816 5577 legitur,
850 5526 869 5558 ι
907 5517 989 5564 est
1025 5527 1044 5562 ›
1078 5525 1177 5580 pro
1208 5529 1226 5562 ι
1264 5514 1390 5577 erit,
1436 5532 1456 5566 ι
1490 5524 1565 5580 ει,
1607 5535 1624 5568 ‹
1662 5532 1791 5573 vero
1844 5538 1862 5570 ι
1897 5537 1999 5590 pro

418 5594 436 5625 1
473 5593 620 5635 vere.
654 5595 674 5630 1

486 5647 565 5716 (6)
598 5649 768 5706 Codd.
796 5648 1065 5728 Qemetie.
1107 5662 1159 5707 et
1182 5653 1565 5728 Cadomensis,
1600 5674 1619 5708 ι
1676 5658 1938 5728 imponet.
1976 5681 1995 5713 ι

417 5715 729 5798 Βεεξεεξηιε,
763 5739 780 5773 ε
809 5721 1066 5798 imponit.
1113 5741 1131 5774 ι
1168 5724 1338 5798 Alias,
1375 5743 1393 5776 ι
1432 5715 1791 5798 ἱιηρὸηεηι.ἰ

416 5785 566 5909 ⁸1⁸³(⁵1)
593 5789 776 5846 Codex
807 5785 1116 5863 Sangerm.,
1157 5814 1174 5846 ι
1209 5785 1524 5853 adversum:
1555 5818 1572 5850 ι
1607 5799 1781 5871 Alias,
1814 5821 1833 5854 ‹
1874 5817 2003 5880 eon-

503 5896 517 5909 ο
567 5877 586 5909 δ

1821 4970 1866 5003 ⁸³
1889 4971 2050 5029 Joan.
2091 4991 2129 5035 ι,
2165 4971 2252 5026 Η.
2323 4968 2374 5000 ³⁸
2402 4965 2592 5022 Matth.
2621 4979 2737 5032 xxt,
2763 4961 2854 5019 59.

1293 5034 1336 5065 ³⁷
1361 5033 1537 5091 Levit.
1573 5053 1610 5102 ι,
1643 5039 1696 5093 5.
1773 5041 1818 5072 ³⁸
1840 5043 1999 5110 ibid.,
2032 5047 2086 5102 5.

2111 3291 2191 3362 pit
2229 3293 2411 3362 perire
2460 3291 2779 3362 prophetam
2813 3285 2985 3346 'cxtra
3035 3289 3401 3345 Hierusalem.
3435 3307 3456 3341 ο
3513 3287 3682 3342 Posuit

2112 3400 2240 3456 ergo
2278 3396 2333 3440 et
2378 3398 2597 3437 manum
2629 3397 2783 3436 suam
2829 3397 2994 3453 super
3029 3391 3192 3453 caput
3239 3381 3393 3436 vituli
3441 3403 3454 3436 ;
3485 3381 3584 3436 hoc
3610 3389 3681 3434 est

2110 3484 2332 3549 peccata
2379 3475 2598 3546 generis
2641 3467 2867 3530 humani
2911 3474 3170 3545 imposuit
3207 3489 3372 3544 super
3419 3482 3585 3542 caput
3612 3470 3678 3541 (8)

2108 3586 2288 3627 suum.
2321 3569 2439 3640 Ipse
2457 3577 2538 3626 est
2570 3569 2714 3625 cnim
2745 3575 2909 3638 caput
2933 3567 3183 3638 corporis
3205 3567 3469 3622 Ecclesiae
3493 3581 3601 3621 sua
3618 3565 3673 3622 ⁸⁸.

2111 3665 2216 3721 Sed
2251 3672 2304 3720 et
2345 3665 2446 3720 hoc
2486 3663 2721 3720 fortasse
2766 3677 2872 3718 non
2906 3660 3024 3716 sine
3057 3675 3221 3716 causa
3251 3660 3334 3727 ﬁt,
3389 3660 3536 3731 quod
3566 3671 3673 3713 cum

2106 3758 2357 3830 superius
2405 3757 2657 3824 dixisset,
2697 3775 2716 3808 ‹
2749 3755 3048 3827 applicabit
3087 3769 3210 3812 eum
3254 3753 3322 3808 ad
3375 3753 3573 3810 ostium
3605 3760 3674 3805 ta-

2107 3851 2384 3907 bernaculi
2415 3850 2710 3907 testimonii
2735 3851 2802 3919 '7,
2839 3871 2857 3905 ι
2897 3852 2948 3907 in
2981 3848 3372 3922 posterioribus
3400 3845 3607 3916 repetit,
3627 3850 3674 3898 et

2107 3944 2303 3999 iterum
2353 3942 2512 4008 dicit,
2556 3961 2576 3995 ‹
2623 3943 2690 3996 ad
2735 3943 2913 3998 altare
2948 3943 3090 4011 quod
3129 3950 3211 3997 est
3247 3940 3315 3994 ad
3358 3939 3563 3995 ostium
3604 3946 3672 3989 ta-

2106 4037 2388 4094 bernaculi
2422 4035 2720 4092 testimonii
2750 4034 2818 4103 ³⁸,
2855 4055 2873 4089 ι
2906 4034 3060 4106 quasi
3092 4049 3199 4090 non
3234 4035 3489 4088 eumdem
3515 4032 3669 4087 locum

2106 4130 2206 4186 sub
2236 4131 2426 4185 eadem
2474 4129 2790 4184 narratione
2834 4125 3002 4182 semel
3047 4125 3364 4195 designasse
3393 4123 3666 4180 suffecerit.

2106 4223 2218 4280 Nisi
2250 4224 2377 4295 quia
2407 4223 2545 4280 forte
2581 4224 2684 4280 hoc
2713 4221 2940 4293 intelligi
2969 4220 3162 4286 voluit,
3192 4219 3337 4291 quod
3363 4216 3583 4288 sanguis
3599 4213 3671 4270 ιε.

2107 4334 2170 4374 su
2201 4332 2309 4374 non
2347 4316 2520 4373 Solum
2541 4317 2594 4371 in
2626 4313 2928 4372 Jerusalem
2957 4315 3161 4372 effusus
3188 4321 3271 4370 est
3292 4353 3308 4379 ,
3343 4311 3436 4368 ubi
3466 4320 3580 4367 erat
3602 4308 3670 4363 al-

2108 4425 2247 4479 tare,
2278 4421 2331 4466 et
2359 4409 2509 4465 basis
2547 4409 2686 4479 ejus,
2711 4418 2766 4464 et
2799 4407 3209 4464 tabernaculum
3243 4405 3568 4468 testimonii,
3588 4402 3671 4458 sed

2107 4516 2162 4562 ει
2184 4506 2327 4575 quod
2357 4517 2653 4574 supernum
2705 4501 2877 4556 altare
2903 4501 3049 4569 quod
3097 4509 3180 4554 est
3214 4497 3268 4553 in
3302 4496 3483 4564 ctelis,
3510 4494 3594 4550 ubi
3626 4502 3674 4550 et

2109 4596 2352 4653 Ecclesia
2379 4595 2779 4666 primitivorum
2807 4601 2911 4657 est,
2939 4591 3081 4646 idem
3116 4591 3230 4661 ipse
3257 4589 3484 4660 sanguis
3507 4601 3674 4658 asper-

2111 4691 2246 4747 serit
2271 4689 2373 4761 (9),
2413 4689 2557 4743 sicut
2581 4694 2638 4741 et
2667 4684 2959 4756 Apostolus
2989 4682 3140 4742 dicit,
3169 4683 3296 4753 quia
3327 4699 3348 4733 ε
3378 4677 3673 4752 paciﬁcavit

2110 4799 2209 4855 per
2241 4781 2564 4855 sanguinem
2593 4777 2775 4835 crucis
2802 4791 2934 4842 suae,
2961 4775 3076 4832 sive
3105 4789 3226 4846 quae
3267 4776 3322 4827 in
3363 4782 3509 4828 terra
3537 4778 3671 4835 sunt,

2935 4962 2982 4994 “
3007 4959 3182 5016 Levit:
3220 4959 3319 5027 ιβ,
3352 4959 3410 5015 5.
3486 4959 3530 4991 ⁸⁵
3554 4957 3671 5013 Luc.

2175 5166 2252 5236 (8)
2285 5164 2490 5220 Omnes
2519 5175 2671 5236 mss.,
2706 5178 2722 5210 ε
2757 5173 2974 5236 corpus.
3020 5176 3039 5208 ι
3081 5156 3186 5211 Sed
3239 5163 3506 5222 praestare
3538 5153 3672 5209 vide«

2107 5229 2196 5293 tur
2220 5229 2462 5306 priorum
2487 5232 2790 5306 editionum
2825 5229 2987 5283 lectio
3027 5245 3044 5278 t
3081 5236 3269 5306 caput.
3301 5246 3322 5278 ι

2177 5293 2257 5377 (ὕ)
2292 5305 2512 5377 Priores
2556 5301 2896 5377 editionesg
2931 5313 3090 5377 super
3143 5293 3279 5377 illud
3313 5295 3496 5377 altare
3542 5293 3668 5377 quod

2104 5368 2192 5436 est
2232 5368 2286 5432 in
2341 5375 2517 5437 cmlis,
2571 5370 2663 5450 ubi
2712 5381 2766 5424 et
2823 5369 3072 5450 Ecclesia.
3123 5368 3525 5450 prii-pitharum
3571 5375 3666 5450 est,

2107 5453 2247 5506 idem
2275 5450 2389 5519 ipse
2413 5444 2945 5519 sanguis__aspersus
2998 5440 3133 5519 erit;
3159 5437 3354 5519 i-llinc
3406 5437 3664 5519 iterumin

2106 5507 2462 5590 sequentibus
2491 5507 2706 5590 siculis
2751 5507 3054 5590 passurum
3075 5508 3354 5590 Christum
3402 5507 3666 5590 videbatur

2107 5580 2304 5645 Hu'etio
2328 5588 2589 5656 Origenes
2619 5580 2909 5656 aﬂirmarc,
2961 5583 3055 5635 sed
3084 5595 3206 5656 cum
3252 5580 3414 5656 aliain
3440 5580 3659 5654 omnino,

2109 5677 2228 5718 eam
2257 5648 2454 5726 netan
2488 5670 2651 5725 quam
2685 5653 2986 5730 sequimur,
3036 5651 3333 5730 exhibeant
3394 5648 3657 5730 lectionem

2110 5746 2301 5788 omnes
2338 5721 2559 5783 codices
2599 5721 2983 5792 manuscripti,
3036 5721 3088 5777 id
3139 5736 3306 5792 unum
3346 5721 3654 5788 sequiture!

2113 5805 2215 5858 hoc
2250 5802 2368 5856 loco
2394 5797 2633 5852 sensisse
2666 5791 3286 5853 Adamantinm,Christi
3325 5799 3539 5845 mortem
3575 5797 3650 5858 se;

2112 5853 2214 5928 mel
2254 5853 2470 5928 ubitam
2521 5869 2574 5921 in
2629 5865 2813 5933 terris,
2845 5879 2949 5921 non
3004 5863 3179 5920 solum
3226 5853 3646 5919 hominibuasﬂl
