3876 6496
122 427 211 484 £09

1259 414 1326 469 IN
1364 411 1741 471 LEVlTiCUM
1784 410 2070 467 HOMILIA
2104 410 2144 465 1.

3254 410 3361 467 410

40 526 45 532 ’
120 547 220 601 sive
253 553 366 602 aure
391 537 442 591 in
484 535 640 592 ecelis
678 535 742 589 ³³.
784 553 803 586 ι
848 534 1017 589 Recte
1045 550 1173 606 ergo
1211 538 1449 593 secundo
1501 536 1671 593 uomi-
1700 539 1745 596 Λ
1777 536 1828 589 in
1864 536 1966 590 fide
1993 533 2220 597 Christi,
2245 534 2347 587 alia
2374 544 2552 589 autem
2581 536 2684 590 illis
2706 535 2932 605 qnijam
2971 535 3200 605 perfecti
3232 544 3360 592 sunt

120 644 200 690 nat
226 633 407 696 altare,
438 628 580 697 quod
611 635 692 682 est
722 627 787 680 ad
829 626 1028 680 ostium
1064 627 1400 683 tabernaculi
1427 630 1673 684 testimo-

118 727 206 786 nii,
226 722 341 792 quia
375 735 478 774 non
512 719 683 773 solum
708 732 812 787 pro
839 720 1213 786 terrestribus,
1255 721 1348 775 sed
1377 723 1541 776 etiam
1572 739 1671 792 pro

118 814 409 870 caelestibus
438 812 656 866 oblatus
686 818 766 864 est
790 810 965 864 hostia
999 808 1182 876 Jesus,
1224 820 1279 866 et
1316 812 1405 867 hic
1447 814 1669 883 quidem

115 924 200 979 pro
227 902 532 959 hominibus
562 904 731 973 ipsam
769 902 1105 971 corporalem
1140 904 1426 958 materiam
1453 907 1671 976 sangui-

115 992 286 1056 nis'sui
315 999 471 1063 fudit,
515 999 567 1052 in
613 996 925 1052 coelestibus
958 1010 1087 1051 vero
1123 997 1577 1060 ministrantibus,
1624 999 1667 1054 si

112 1090 191 1160 qui
231 1090 303 1142 illi
354 1088 485 1143 inibi
522 1096 672 1151 sunt,
718 1085 1123 1147 sacerdotibus,
1170 1087 1385 1142 vitalem
1424 1090 1670 1158 corporis

112 1184 183 1237 sui
221 1183 489 1242 virtutem,
538 1180 681 1233 velut
736 1180 983 1249 Spiritale
1032 1183 1304 1250 quoddam
1337 1183 1667 1239 sacrificium

110 1273 410 1329 immolavit.
464 1270 557 1325 Vis
595 1282 774 1325 autem
818 1274 958 1327 scire
1000 1274 1124 1341 quia
1154 1273 1351 1342 duplex
1400 1275 1577 1355 hostia
1613 1276 1666 1330 in

109 1382 167 1420 eo
199 1365 313 1424 fuit.
373 1365 708 1419 conveniens
758 1365 1135 1432 terrestribus,
1186 1376 1239 1420 et
1277 1377 1400 1435 apta
1429 1369 1667 1424 caelesti-

109 1456 233 1511 bus?
257 1455 545 1524 Apostolus
571 1458 638 1510 ad
673 1455 927 1511 Hebraeos
956 1456 1208 1510 scribens
1238 1458 1371 1514 dicit
1399 1460 1480 1515 “2
1514 1479 1531 1511 ι
1565 1461 1669 1516 Per

107 1548 358 1611 velamen,
393 1547 445 1601 id
482 1558 563 1602 est
596 1564 815 1605 carnem
846 1566 1022 1610 suam.
1060 1572 1079 1607 ι
1118 1554 1184 1608 Ει
1216 1554 1409 1607 iterum
1441 1554 1667 1608 interius

106 1637 332 1693 velamen
375 1638 763 1708 interpretatur
797 1642 1015 1707 caelum,
1059 1645 1203 1713 quod
1243 1644 1547 1714 penetravit
1578 1644 1667 1700 Je-

104 1749 204 1797 sus,
244 1742 301 1787 ut
339 1734 561 1788 assistat
588 1752 730 1792 nunc
772 1738 940 1791 vultui
980 1738 1070 1792 Dei
1111 1754 1208 1807 pro
1255 1740 1432 1804 nobis,
1470 1758 1488 1790 t
1520 1754 1665 1794 sem-

101 1840 205 1895 per,
234 1825 407 1892 inquit
439 1824 504 1891 “,
539 1826 725 1880 vivens
759 1830 825 1880 ad
867 1828 1319 1905 interpellandum
1363 1845 1462 1898 pro
1514 1831 1617 1885 his.
1640 1849 1659 1882 ι

1776 629 1829 680 in
1870 628 2093 681 scientia
2131 637 2185 681 et
2212 627 2481 681 charitate
2526 626 2663 695 ejus,
2702 638 2913 696 aptare,
2944 626 3047 681 hoc
3073 634 3156 682 est
3186 641 3360 681 mem-

1772 718 1972 773 bratim
2004 718 2162 789 187
2195 716 2421 771 vitulum
2469 716 2743 773 divisisse.
2800 718 2910 773 Sed
2962 727 3018 773 et
3071 718 3163 788 qui
3206 718 3358 774 novit

1774 811 2062 867 ostendere
2096 826 2215 880 qua:
2248 809 2452 864 fuerint
2486 810 2619 880 legis
2661 808 2949 880 principia,
2975 812 3068 880 qui
3101 811 3267 867 etiam
3300 813 3357 867 in

1774 903 2050 973 prephetis
2091 904 2368 972 profectus
2401 904 2723 968 accesserit,
2751 918 2871 971 quae
2906 918 3034 958 vero
3078 903 3134 958 in
3179 904 3358 959 Evan-

1773 995 1927 1065 geliis
1960 995 2241 1063 plenitudo
2271 995 2620 1063 perfectionis
2656 996 2958 1057 habeatur;
2985 996 3073 1050 vel
3109 998 3200 1066 qui
3248 998 3355 1052 do-

1775 1101 1901 1140 cere
1929 1095 2131 1156 potest,
2168 1102 2277 1153 quo
2319 1086 2470 1141 verbi
2520 1087 2661 1141 lacte
2694 1086 2874 1140 alendi
2912 1086 3021 1141 sint
3050 1087 3258 1156 parvuli
3299 1088 3352 1142 in

1774 1178 2013 1243 Christo,
2044 1188 2096 1232 et
2128 1194 2235 1248 quo
2276 1179 2430 1233 verbi
2476 1178 2621 1234 olere
2670 1178 2949 1233 reficiendi
2979 1178 3088 1250 (ll)
3121 1180 3230 1234 sint
3260 1181 3352 1250 qui

1773 1268 2119 1323 infirmantur
2145 1270 2197 1322 in
2232 1267 2359 1332 ﬁde,
2398 1268 2523 1339 quis
2559 1268 2724 1323 etiam
2763 1269 2836 1323 sit
2877 1269 3030 1323 cibus
3071 1268 3274 1323 solidus
3299 1279 3355 1325 et

1771 1358 1954 1424 fortis,
2010 1374 2120 1429 quo
2168 1360 2545 1430 impinguaudi
2584 1361 2695 1415 sint
2728 1360 2949 1415 athletae
2979 1359 3219 1424 Christi;
3255 1362 3351 1430 qui

1772 1452 1885 1508 hmc
1913 1454 2125 1520 singula
2153 1453 2304 1509 novit
2333 1454 2567 1522 spiritali
2604 1455 2820 1509 ratione
2858 1454 3124 1520 dividere,
3163 1466 3347 1525 potest

1769 1544 2075 1614 bujusmodi
2109 1545 2297 1599 doctor
2326 1544 2416 1598 ille
2446 1547 2705 1599 sacerdos
2748 1544 2940 1609 videri,
2979 1546 3070 1615 qui
3120 1546 3354 1616 imponit

1769 1648 1934 1703 super
1960 1633 2136 1687 altare
2156 1634 2646 1704 holocaustnmpcr
2676 1636 2919 1690 membra
2951 1637 3209 1691 divisum.
3242 1638 3353 1691 Ad-

1768 1727 1845 1781 dit
1876 1739 1929 1781 et
1966 1727 2109 1796 ligna
2143 1726 2326 1785 altari.
2361 1742 2468 1794 quo
2497 1728 2637 1796 ignis
2662 1728 2935 1783 animetur
2969 1738 3022 1782 et
3058 1730 3270 1793 ardeat,
3305 1730 3351 1785 is

1769 1834 1798 1872 a
1823 1834 1928 1888 quo
1953 1836 2061 1874 non
2093 1822 2266 1874 solum
2289 1822 2353 1874 de
2384 1822 2761 1890 corporalibus
2795 1822 3092 1876 virtutibus
3120 1821 3345 1888 Christi,

100 1916 153 1971 Si
174 1932 297 1986 ergo
330 1918 440 1972 duo
478 1917 853 1988 intelliguntur
888 1899 1179 1983 velamina,
1211 1936 1332 1990 quae
1363 1922 1508 1976 velut
1532 1938 1663 1991 pon-
1697 1898 1739 1956 Β
1769 1916 1862 1969 sed
1910 1915 2074 1968 etiam
2113 1916 2179 1969 de
2211 1915 2494 1969 divinitate
2537 1915 2655 1983 ejus
2703 1932 2886 1971 sermo
2922 1918 3203 1971 miscetur.
3242 1919 3347 1972 De-

100 2006 215 2059 tifex
263 2006 543 2075 ingressus
594 2017 679 2060 est
715 2005 894 2072 Jesus,
941 2020 1340 2079 consequenter
1369 2019 1423 2064 et
1453 2012 1663 2066 sacrifi-

96 2103 226 2154 cium
259 2100 459 2165 duplex
501 2100 918 2169 intell'gendnm
958 2111 1063 2167 est,
1096 2119 1192 2171 per
1233 2106 1373 2172 quod
1401 2114 1455 2158 et
1489 2116 1662 2159 terre-

95 2190 214 2246 stria
239 2188 536 2244 salvat-erit
563 2197 615 2244 et
658 2189 925 2245 coelestia.
982 2191 1229 2260 Denique
1252 2204 1307 2246 et
1331 2207 1393 2247 ea
1427 2209 1548 2262 qua:
1577 2210 1664 2249 se-

96 2293 345 2353 quuntur,
384 2286 502 2352 plus
542 2283 752 2339 cmlesti
790 2286 1063 2340 sacrificio
1118 2300 1280 2355 quam
1324 2296 1539 2342 terreno
1583 2288 1663 2342 vi-

95 2377 272 2430 dentur
307 2377 569 2443 aptanda.

153 2467 204 2519 ot.
233 2485 251 2517 t
283 2465 353 2520 Et
386 2468 750 2533 decoriantes,
790 2469 958 2537 inquit
997 2470 1061 2533 δ’,
1098 2470 1474 2526 holocaustum
1525 2474 1664 2529 divi-

94 2558 207 2611 dent
245 2557 379 2613 illud
412 2561 778 2626 membratim,
829 2571 883 2615 et
920 2562 1201 2632 imponent
1244 2564 1338 2617 ftlii
1363 2566 1540 2621 Aaron
1578 2579 1663 2621 sa-

91 2654 308 2710 cerdmis
344 2656 530 2725 ignem
577 2671 739 2726 super
773 2657 967 2722 altare,
1030 2666 1083 2713 et
1109 2659 1494 2728 constipabunt
1519 2660 1659 2729 ligna

93 2748 139 2801 in
172 2749 373 2817 ignem,
418 2758 472 2803 et
504 2750 777 2819 imponent
814 2749 906 2803 ftlii
929 2752 1109 2804 Aaron
1155 2753 1456 2808 sacerdotis
1484 2754 1657 2809 divisa

90 2843 334 2905 membra,
378 2849 431 2895 et
460 2851 642 2910 caput,
675 2850 729 2895 et
757 2843 968 2909 adipes,
1009 2853 1062 2895 et
1091 2842 1231 2912 ligna
1267 2859 1387 2914 quze
1415 2856 1541 2900 sunt
1568 2862 1661 2902 Stt-

90 2946 174 3000 per
211 2931 406 2986 altare.
446 2932 723 2987 lnteranea
760 2948 889 2987 vero
917 2942 971 2987 et
1000 2934 1163 3002 pedes
1196 2936 1456 2991 lavabunt
1495 2956 1656 3009 aqua,

88 3034 134 3075 et
157 3024 398 3091 imponet
421 3026 676 3079 sacerdos
705 3026 885 3078 omnia
929 3041 1094 3092 super
1138 3027 1335 3093 altare,
1370 3030 1541 3083 hostia
1574 3041 1659 3087 est

86 3125 133 3169 et
158 3116 488 3169 sacriﬁcium
520 3116 655 3171 odor
688 3118 977 3173 suavitatis
1022 3121 1272 3176 Domino.
1326 3140 1346 3173 ›
1377 3120 1657 3187 Quomodo

1771 2021 1991 2060 sursum
2042 2007 2185 2060 enim
2222 2015 2305 2060 est
2346 2006 2603 2060 divinitas
2650 2006 2881 2072 Christi,
2923 2024 3030 2078 quo
3061 2009 3201 2078 ignis
3245 2007 3352 2065 iste

1767 2097 2012 2151 festinat.
2047 2096 2455 2152 Convenienter
2485 2112 2619 2166 ergo
2641 2101 2820 2154 omnia
2848 2100 2963 2155 haec
2995 2116 3115 2169 qua:
3138 2101 3191 2154 in
3222 2115 3350 2155 cor-

1766 2206 1899 2261 pore
1935 2207 1963 2244 a
2007 2190 2290 2247 Salvatore
2317 2202 2468 2261 gesta
2496 2202 2649 2257 sunt,
2688 2194 2929 2250 caelestis
2963 2196 3100 2265 ignis
3128 2196 3351 2249 absum-

1766 2282 1896 2350 psit,
1919 2292 1972 2337 et
1998 2283 2065 2337 ad
2084 2284 2387 2339 divinitatis
2415 2285 2531 2354 ejus
2556 2294 2813 2339 naturam
2865 2295 3061 2341 cuneta
3092 2287 3346 2343 restituit.

1766 2375 1951 2446 Lignis
1977 2383 2157 2430 tamen
2185 2376 2445 2431 adhibitis
2474 2377 2615 2447 ignis
2644 2379 2746 2431 iste
2768 2380 3137 2434 succenditur.
3166 2379 3350 2449 Usque

1765 2468 1831 2521 ad
1888 2469 2094 2538 lignum
2147 2469 2293 2522 enim
2346 2468 2398 2521 in
2436 2483 2602 2522 carne
2627 2468 2740 2539 (l2)
2772 2471 2951 2537 passio
2988 2471 3087 2525 fuit
3121 2468 3347 2526 Christi.

1770 2560 1867 2615 Ubi
1905 2570 2084 2614 autem
2120 2575 2416 2627 suspensus
2457 2560 2510 2612 in
2546 2560 2691 2630 ligno
2722 2572 2825 2625 est,
2853 2562 3194 2631 dispensatio
3219 2578 3348 2617 ear-

1766 2652 1850 2706 nis
1907 2654 2058 2706 finita
2088 2661 2191 2708 est.
2228 2653 2542 2719 Resurgens
2585 2653 2729 2705 enim
2759 2668 2788 2705 a
2827 2655 3056 2709 mortuis
3102 2654 3351 2709 ascendit

1766 2740 1817 2794 in
1855 2742 2074 2808 cmlnm,
2109 2758 2217 2811 quo
2251 2744 2356 2796 iter
2389 2743 2504 2811 ejus
2533 2752 2729 2795 natura
2770 2743 2909 2812 ignis
2944 2746 3204 2799 ostendit.
3234 2746 3349 2802 Un-

1762 2837 1828 2891 de
1852 2847 1901 2891 et
1931 2836 2223 2906 Apostolus
2260 2836 2560 2904 dicebat”,
2596 2838 2722 2906 quia
2761 2856 2779 2889 ι
2810 2850 2858 2892 et
2897 2840 2961 2893 si‘
2990 2841 3349 2910 cognovimus

1762 2930 2045 2983 Christum
2095 2929 2394 2983 secundum
2433 2945 2680 2992 carnem,
2722 2930 2815 2984 sed
2879 2946 3024 2984 nunc
3075 2931 3188 3000 jam
3236 2947 3342 2986 non

1763 3023 2029 3079 novimus.
2063 3039 2082 3073 ι
2120 3019 2507 3075 Holoeaustum
2535 3040 2771 3094 namque
2799 3024 2979 3077 carnis
3000 3022 3118 3091 ejus
3166 3040 3261 3093 per
3285 3026 3351 3079 li-

1762 3134 1923 3186 gnum
1954 3120 2131 3173 cruris
2156 3120 2422 3183 oblatum,
2455 3128 2669 3172 terrena
2704 3120 3040 3185 etelestihus,
3065 3129 3119 3175 et
3147 3120 3345 3175 divinis

87 3208 391 3263 tlecorietur
438 3224 570 3262 caro
598 3209 745 3263 verbi
780 3211 892 3273 Dei,
937 3212 1080 3280 quod
1132 3213 1218 3266 hic
1262 3214 1462 3268 vitulus
1490 3218 1657 3269 nomi-
1686 3249 1728 3307 Ο
1765 3214 1995 3266 humana
2023 3212 2272 3265 sociavit.
2306 3212 2586 3266 lnteranea
2623 3224 2755 3265 sane
2781 3227 2902 3265 cum
2931 3214 3155 3283 pedibus
3201 3228 3343 3285 aqua

87 3309 258 3364 natur,
289 3308 342 3355 et
390 3303 669 3369 quomodo
714 3302 1057 3355 membratim
1101 3304 1374 3357 dividatur
1408 3321 1435 3358 a
1476 3322 1657 3363 sacer-

88 3391 307 3452 dotibus,
351 3407 539 3461 operae
588 3395 820 3461 pretium
871 3404 955 3448 est
996 3396 1303 3452 advertere.
1364 3398 1474 3464 Ego
1521 3412 1651 3467 puto

86 3486 213 3551 quod
241 3484 333 3539 ille
371 3486 639 3539 sacerdos
672 3485 913 3539 detrahit
960 3488 1168 3539 corium
1224 3489 1375 3542 vituli
1406 3491 1570 3545 oblati
1605 3493 1654 3546 in

87 3575 480 3640 holocaustum,
525 3585 579 3630 et
611 3577 824 3631 deducit
859 3578 1052 3646 pellem
1100 3594 1205 3647 qua
1263 3581 1503 3635 membra
1538 3582 1657 3651 ejus

85 3679 455 3742 conteguntur,
506 3672 597 3740 qui
632 3674 699 3726 de
730 3672 895 3727 verbo
946 3674 1037 3727 Dei
1082 3676 1351 3731 abstrahit
1409 3681 1652 3734 velamen

83 3760 283 3827 litterae,
314 3775 372 3818 et
426 3764 641 3818 interna
687 3765 805 3835 ejus
831 3783 950 3835 quae
989 3779 1117 3822 sunt
1155 3770 1419 3837 spiritalis
1455 3772 1652 3826 intelli-

83 3856 261 3921 gentiae
324 3856 599 3921 membra,
643 3858 883 3913 denudat
937 3876 949 3912 :
995 3871 1048 3913 et
1086 3862 1200 3914 lnec
1229 3865 1469 3916 membra
1504 3865 1651 3919 verbi

79 3946 347 4004 interioris
374 3951 644 4015 scientia},
669 3966 776 4004 non
806 3953 856 4005 in
890 3952 1078 4005 humili
1120 3953 1301 4023 aliquo
1332 3955 1451 4011 loco
1479 3959 1651 4025 ponit,

78 4039 161 4099 sed
195 4040 246 4094 in
273 4042 383 4095 alto
413 4051 474 4096 et
500 4053 711 4106 saneto,
744 4044 793 4096 id
823 4053 925 4109 est,
958 4059 1119 4113 super
1151 4046 1326 4101 altare
1362 4047 1597 4102 collocat
1635 4064 1647 4100 :

77 4145 187 4185 cum
221 4148 325 4187 non
365 4134 609 4205 indignis
640 4136 973 4199 hominibus,
1006 4148 1060 4191 et
1091 4140 1350 4193 humilem
1383 4141 1552 4195 vitam
1587 4158 1651 4198 ac

79 4234 335 4279 terrenam
370 4228 699 4282 ducentibus
726 4230 914 4298 pandit
938 4230 1118 4285 divina
1153 4233 1435 4303 mysteria,
1463 4235 1557 4289 sed
1585 4236 1651 4289 il-

74 4314 133 4369 iis
155 4319 241 4387 qui
274 4319 460 4374 altare
502 4320 593 4373 Dei
632 4330 779 4385 sunt,
814 4321 864 4373 in
899 4322 1095 4391 quibus
1127 4340 1338 4395 semper
1377 4330 1531 4383 ardet
1561 4329 1649 4384 di-

76 4410 221 4465 vinus
244 4412 411 4479 ignis,
458 4422 513 4466 et
539 4428 752 4482 semper
783 4417 1123 4469 consumitur
1153 4434 1304 4474 caro.
1341 4420 1516 4491 Super
1550 4424 1650 4478 hos

72 4514 189 4571 ergo
221 4504 358 4557 tales
393 4505 739 4558 membratim
774 4506 982 4560 divisus
1012 4507 1113 4562 iste
1174 4509 1473 4566 holocausti
1517 4515 1650 4568 vitu-

1762 3305 1891 3358 dilui
1922 3304 2077 3371 jubet
2111 3320 2291 3358 sermo
2316 3305 2597 3373 prmrepti,
2628 3315 3034 3359 sacramentum
3086 3307 3344 3377 baptismi

1760 3400 1857 3451 sub
1893 3394 2103 3465 ligurali
2145 3399 2534 3466 prmdicatione
2570 3398 2927 3455 denuntians.
2960 3398 3095 3453 Nam
3130 3401 3344 3455 intera-

1760 3506 1861 3544 nea
1909 3492 2086 3553 diluit,
2117 3492 2209 3560 qui
2243 3493 2638 3546 conscientiam
2678 3504 2898 3562 pnrgat.
2936 3492 3111 3548 Pedes
3151 3493 3342 3559 abluit,

1759 3582 1851 3651 qui
1891 3585 2420 3638 consummationem
2471 3588 2696 3655 suscipit
2745 3586 3102 3653 sacramenti,
3149 3597 3204 3641 et
3239 3587 3345 3640 scit

1757 3675 1886 3742 quia
1943 3676 2057 3745 qui.
2091 3678 2324 3731 mundus
2369 3687 2475 3741 est,
2529 3693 2635 3732 non
2699 3679 2904 3747 indiget
2946 3679 3051 3732 nisi
3088 3688 3148 3732 ut
3178 3678 3345 3748 pedes

1757 3769 1980 3834 l.:vet“,
2011 3779 2061 3823 et
2103 3770 2226 3839 quia
2256 3782 2462 3839 partem
2483 3772 2605 3840 quis
2642 3772 2844 3827 habere
2877 3788 2983 3825 non
3010 3780 3188 3841 potest
3215 3787 3339 3826 cum

1755 3860 1901 3924 Jesn,
1928 3862 2029 3915 nisi
2066 3861 2257 3915 laverit
2282 3862 2444 3930 pedes
2471 3863 2611 3931 ejus.

1828 3956 1881 4008 5.
1927 3953 2124 4007 Verum
2155 3954 2197 4008 si
2225 3954 2339 4007 btec
2361 3954 2527 4008 etiam
2558 3956 2625 4009 ad
2656 3955 2921 4010 moralem
2972 3955 3150 4010 locum
3183 3951 3343 4009 incli-

1756 4063 1888 4102 nare
1938 4047 2095 4111 velis,
2129 4047 2299 4102 habes
2328 4058 2381 4101 et
2435 4057 2487 4101 ιιι
2522 4048 2777 4113 vitulum,
2811 4063 2971 4116 quem
3022 4046 3218 4100 oﬂ‘crrc
3244 4045 3340 4100 dc-

1755 4141 1909 4195 beas.
1938 4140 2152 4195 Vitulus
2200 4149 2302 4200 est,
2339 4151 2389 4193 et
2421 4142 2640 4209 quidem
2690 4141 2843 4195 valde
2874 4143 3165 4212 superbus,
3209 4156 3340 4197 caro

1757 4240 1843 4286 tua
1885 4248 1899 4284 :
1941 4247 2101 4301 quam
2142 4232 2185 4287 si
2242 4232 2321 4285 vis
2368 4248 2562 4287 munus
2608 4233 2837 4291 Domino
2882 4233 3100 4301 oﬂ'erre,
3132 4244 3190 4287 ut
3217 4248 3337 4287 eam

1754 4337 1957 4379 castam
1990 4325 2350 4395 pudicamque
2371 4326 2855 4389 custodias,adduc
2886 4342 3005 4380 eam
3038 4324 3104 4379 ad
3135 4325 3336 4379 ostium

1758 4417 2113 4480 tabernaculi,
2150 4418 2201 4470 id
2243 4427 2347 4480 est,
2380 4416 2468 4471 ubi
2502 4418 2809 4471 divinorum
2856 4418 3121 4471 librorum
3164 4418 3338 4471 susci-

1756 4526 1882 4579 pere
1913 4510 2079 4578 possit
2115 4510 2381 4563 auditum.
2413 4508 2779 4563 Masculinum
2812 4509 2885 4563 sit
2913 4524 3110 4563 munus
3160 4520 3333 4574 tuum,

73 4591 146 4645 lus
170 4594 499 4649 collocatur.
531 4595 727 4650 Dividit
763 4612 995 4667 namque
1026 4604 1366 4657 membratim
1397 4606 1647 4673 vitulum,
1685 4615 1726 4669 ι)
1757 4602 2012 4656 feminam
2052 4602 2279 4664 nesciat,
2305 4600 2810 4668 concupiscentiam
2854 4610 3095 4669 respuat,
3130 4600 3337 4669 fragili-

72 4685 151 4753 qui
200 4689 505 4756 explanare
542 4702 636 4755 per
680 4689 932 4743 ordinem
988 4701 1185 4760 potest,
1230 4703 1285 4748 et
1317 4699 1645 4765 competenti

70 4774 413 4831 distinctione
481 4777 773 4844 disserere,
823 4782 913 4848 qui
962 4781 1033 4835 sit
1081 4783 1398 4850 profectus,
1440 4785 1642 4845 Christi

71 4866 332 4923 ﬁmbriam
385 4869 720 4939 contigisse;
774 4872 865 4940 qui
902 4887 1052 4939 vero,
1102 4875 1264 4943 pedes
1304 4876 1421 4947 ejus
1450 4878 1645 4936 lavisse

66 4965 338 5034 lacrvmis,
385 4979 441 5021 et
474 4968 686 5036 capillis
715 4969 910 5038 capitis
948 4973 1275 5042 extersisse;
1314 4986 1522 5045 quanto
1547 4974 1644 5032 au-

68 5066 162 5110 tem
191 5058 256 5113 iis
278 5060 471 5128 potius
499 5061 570 5113 sit
600 5070 758 5129 caput
784 5062 900 5128 ejus
924 5063 1143 5117 unxisse
1173 5081 1326 5135 myro
1357 5067 1470 5137 (l0)
1508 5086 1519 5120 :
1547 5070 1641 5125 sed

64 5157 109 5200 et
131 5148 179 5201 in
212 5160 444 5219 pectore
460 5148 579 5217 ejus
604 5151 916 5206 recubuisse
943 5153 1071 5221 quid
1098 5155 1640 5217 habeateminentiaa.

64 5239 254 5294 Horum
285 5256 430 5311 ergo
484 5243 821 5311 singulorum
858 5261 1053 5301 causas
1085 5246 1376 5314 disserere,
1438 5265 1491 5306 et
1537 5254 1642 5308 alia

60 5333 265 5398 quidem
294 5333 716 5403 incipientibus,
738 5335 842 5389 alia
870 5351 996 5393 vero
1020 5338 1088 5393 iis
1105 5340 1195 5407 qui
1215 5339 1326 5409 jam
1350 5345 1644 5410 protieiunt

122 5422 162 5451 ³⁹
195 5424 417 5499 Coloss.
446 5441 483 5499 t,
514 5426 604 5499 eo.
681 5426 726 5459 ⁸ο
758 5428 922 5488 Hebr.
955 5448 1010 5499 x,
1048 5432 1138 5486 20.

60 5506 167 5557 χιιι,
199 5494 254 5548 8.
367 5495 416 5527 ⁸⁵
452 5497 466 5549 Ι
504 5496 629 5552 Cor.
662 5515 738 5565 lx,
763 5500 852 5554 27.

61 5587 208 5675 etiam
262 5590 588 5675 angelismet
639 5594 1116 5675 aliisctelestibus
1166 5601 1456 5658 virtutibus
1510 5621 1641 5675 pro-

60 5653 239 5782 gpigs‘e.
294 5653 438 5715 Vide
480 5662 571 5717 lib.
618 5678 653 5715 ll
690 5662 1031 5734 0rigenian.,
1071 5653 1641 5740 qutest.3,vnunttiv‘§0

120 5798 229 5870 (~10)
254 5800 450 5857 Codex
506 5803 811 5875 Sangerm.,
869 5826 888 5861 ‹
931 5824 1106 5882 myro.
1158 5832 1177 5867 ›
1217 5812 1385 5882 Alias,

62 5833 229 5919 ΙὫνυ]
255 5833 450 5857 υυυελ
506 5833 811 5875 causan“,
869 5833 886 5861 l
933 5833 1106 5882 IIIyI‘U.
1158 5833 1177 5867 υ
1217 5833 1385 5882 AIIDS,
1427 5835 1444 5868 I
1487 5833 1633 5889 myr-

121 5882 167 5922 3.
206 5889 225 5923 ι

1216 5433 1259 5465 ⁴¹
1291 5433 1457 5492 Hebr.
1494 5454 1586 5505 vtt,
1616 5441 1705 5495 25.
1784 5441 1828 5471 ⁵³
1858 5438 2034 5493 Levit.
2066 5455 2177 5521 rm,
2209 5438 2263 5505 7,
2297 5438 2350 5503 8,
2381 5438 2433 5494 9.

1759 4706 1926 4751 tatem
1955 4693 2211 4764 refugiat,
2232 4693 2366 4747 nihil
2397 4692 2722 4747 dissolutum
2758 4682 2998 4761 reqttirat
3023 4702 3118 4748 aut
3149 4692 3334 4750 molle.

1755 4792 1974 4860 Impone
2024 4788 2187 4843 etiam
2240 4804 2458 4840 manum
2503 4797 2649 4840 tuam
2686 4803 2850 4856 super
2894 4787 3124 4842 hostiam
3160 4799 3335 4853 tuam,

1753 4893 1811 4936 ut
1844 4885 1915 4936 sit
1940 4890 2156 4949 accepta
2186 4880 2434 4941 Domino,
2461 4888 2514 4932 et
2536 4877 2724 4947 jugula
2757 4879 2905 4933 illam
2935 4893 3121 4935 contra
3148 4880 3304 4936 Domi

1754 4991 1905 5040 num,
1943 4974 2045 5028 hoc
2072 4982 2176 5037 est,
2225 4973 2443 5040 impone
2489 4971 2538 5025 ei
2599 4974 2949 5028 continentia:
2994 4974 3234 5037 frenum,
3276 4983 3333 5029 et

1752 5085 1971 5124 manum
1998 5066 2300 5136 disciplima
2340 5080 2403 5118 ne
2441 5068 2661 5123 auferas
2696 5068 2764 5122 ab
2790 5083 2875 5132 ea,
2909 5068 3047 5121 sicut
3077 5069 3332 5136 imposuit

1754 5175 1971 5216 manum
1996 5159 2143 5212 carni
2177 5172 2286 5212 suae
2318 5158 2406 5211 ille
2432 5160 2523 5228 qui
2569 5160 2841 5214 diccbat"5
2871 5177 2884 5214 :
2921 5178 2939 5211 ι
2974 5160 3189 5214 Macero
3217 5176 3335 5213 cor-

1754 5268 1853 5321 pus
1882 5266 2059 5305 meum
2095 5258 2149 5303 et
2180 5250 2429 5304 servituti
2474 5249 2727 5318 subjicio,
2760 5268 2825 5307 ne
2872 5254 3013 5308 forte
3047 5270 3170 5307 cum
3208 5253 3333 5307 aliis

1754 5344 2140 5413 prazdicavero,
2163 5343 2276 5411 ipse
2309 5343 2570 5411 reprobus
2596 5345 2821 5399 ellieiar.
2850 5366 2869 5397 ›
2905 5347 2969 5399 Et
2995 5345 3182 5416 jugula
3207 5360 3331 5399 eam

2540 5436 2587 5471 ’⁵³
2610 5437 2653 5492 ll
2680 5439 2803 5494 Cor.
2837 5456 2888 5505 v,
2924 5448 3012 5497 ιδ.

1827 5605 1941 5676 (ll)
1974 5605 2107 5661 Cod.
2143 5605 2455 5675 Sangertn..
2497 5624 2516 5657 ς
2546 5604 2845 5660 reficiendi.
2874 5624 2891 5655 ι
2946 5604 3104 5659 Libb.
3165 5601 3322 5676 editi,

1757 5696 1773 5725 ‹
1802 5673 2101 5758 refovendi.
2127 5697 2147 5731 ο
2177 5673 2350 5734 Codd.
2397 5677 2659 5732 Cernetic.
2689 5688 2741 5729 ct
2772 5676 3150 5739 Cadomensis,
3205 5693 3221 5725 t
3246 5673 3327 5727 fo-

1749 5746 1926 5898 vfi'tde'j
1956 5766 2163 5876 Dmncs
2189 5835 2344 5885 mss.,
2387 5820 2476 5874 «in
2508 5832 2693 5874 carne.
2717 5835 2737 5869 ι
2772 5815 2927 5874 Libb.
2964 5816 3119 5884 editi,
3149 5833 3169 5869 t
3198 5830 3321 5872 car-

1744 5903 1848 5941 HIS.
1878 5906 1897 5940 ι

3404 5438 3419 5463 Ῑ

3091 5439 3139 5471 ⁸⁸
3165 5436 3325 5496 Joan.
3402 5438 3419 5485 Ξ
3478 5456 3485 5465 '
