3876 6518
599 389 702 446 ιιι

597 510 792 561 contra
848 501 1160 564 Dominum,
1189 498 1532 555 mortiﬁcans
1573 496 1693 552 sine
1730 494 1898 552 dubio
1942 492 2184 549 membra

603 604 692 648 tua
723 605 848 662 quae
871 598 1000 646 sunt
1021 597 1427 660 superterram.
1459 585 1566 642 Sed
1591 595 1647 642 et
1672 584 1766 640 ﬁlii
1796 587 1976 639 Aaron
2001 595 2188 635 sacer-

598 686 740 742 dotis
792 684 1028 742 oﬂ'erant
1069 683 1392 754 sanguinem
1436 681 1576 752 ejus.
1624 679 1894 737 Sacerdos
1920 679 1972 733 in
2000 686 2050 733 te
2079 685 2182 742 est,

595 787 649 832 et
677 778 772 833 ﬁlii
801 778 939 849 ejus,
977 794 1134 835 mens
1172 793 1294 848 quae
1337 777 1390 832 in
1439 786 1493 832 te
1519 785 1601 831 est
1628 783 1684 830 et
1706 788 1901 830 sensus
1928 771 2066 839 ejus,
2091 770 2182 841 qui

599 865 798 925 merito
823 869 1102 934 sacerdos,
1127 877 1181 924 et
1213 867 1306 922 ﬁlii
1331 866 1638 923 sacerdotis
1664 864 2014 938 appellantur
2039 883 2052 918 :
2081 861 2181 916 soli

595 961 743 1016 enim
783 970 914 1018 sunt
964 961 1055 1032 qui
1087 960 1396 1030 intelligunt
1448 959 1642 1022 Deum,
1686 965 1740 1012 et
1783 970 2012 1026 capaces
2054 963 2182 1009 sunt

597 1052 845 1110 scientia:
891 1054 1006 1110 Dei.
1041 1053 1169 1109 Vult
1211 1065 1344 1122 ergo
1368 1065 1552 1106 sermo
1582 1050 1822 1114 divinus,
1849 1058 1906 1103 ut
1935 1048 2176 1102 rationa-

597 1147 692 1204 bili
743 1161 908 1204 sensu
959 1161 1182 1202 carnem
1245 1154 1396 1200 tuam
1436 1144 1490 1197 in
1521 1143 1779 1198 castitate
1813 1142 2015 1198 offeras
2044 1143 2176 1209 Deo,

596 1240 901 1297 secundum
945 1240 1088 1308 quod
1129 1235 1424 1306 Apostolus
1474 1235 1707 1289 dicit“:
1747 1253 1764 1286 ι
1796 1234 2040 1290 Hostiam
2099 1235 2182 1289 vi-

595 1346 745 1397 vam,
801 1339 1070 1393 sanctam,
1115 1329 1418 1399 placentem
1467 1326 1600 1390 Deo,
1653 1326 1976 1381 rationabile
2021 1325 2179 1382 obse-

597 1424 784 1493 quium
837 1431 1102 1476 vestrum.
1135 1439 1153 1472 ι
1190 1421 1255 1474 Et
1295 1421 1402 1475 hoc
1444 1429 1527 1476 est
1569 1435 1666 1490 per
1707 1420 2047 1475 sacerdotem
2091 1420 2174 1476 vel

595 1511 738 1568 ﬁlios
768 1512 1073 1568 sacerdotis
1127 1512 1325 1567 offerre
1359 1512 1686 1581 sanguinem
1721 1512 1787 1565 ad
1815 1512 2011 1576 altare,
2051 1529 2173 1567 cum

595 1613 652 1659 et
693 1618 926 1674 corpore
969 1612 1024 1660 et
1071 1605 1265 1673 spiritu
1326 1605 1448 1673 quis
1497 1615 1685 1659 castus
1731 1603 1985 1660 eﬁicitur.
2037 1606 2175 1661 Sunt

594 1695 742 1748 enim
770 1704 824 1747 et
858 1695 970 1762 alii,
1001 1695 1090 1764 qui
1122 1693 1357 1750 oﬁ‘erunt
1393 1694 1611 1764 quidem
1635 1694 2013 1751 holocaustum
2047 1713 2173 1753 car-

595 1801 720 1840 nem
772 1802 952 1852 suam,
995 1789 1088 1843 sed
1138 1804 1245 1843 non
1287 1803 1384 1857 per
1429 1787 1794 1844 ministerium
1849 1793 2168 1848 sacerdotis.

593 1877 711 1934 Non
747 1880 890 1934 enim
925 1879 1164 1934 scienter
1192 1879 1330 1950 (l5),
1360 1895 1459 1935 nec
1486 1882 1786 1936 secundum
1835 1882 2010 1952 legem
2051 1899 2171 1953 quae

591 1969 648 2025 in
695 1985 792 2028 ore
835 1971 1140 2027 sacerdotis
1181 1980 1265 2026 est
1308 1970 1569 2039 oﬁ‘erunt,
1623 1975 1721 2030 sed
1769 1985 1900 2030 sunt
1947 1977 2171 2046 quidem

588 2066 729 2122 casti
765 2080 1014 2137 corpore,
1057 2068 1240 2122 animo
1308 2078 1488 2124 autem
1551 2071 1911 2128 inveniuntur
1955 2073 2169 2131 incesti.

589 2155 702 2210 Aut
740 2155 887 2210 enim
932 2156 1122 2227 gloriae
1172 2159 1420 2212 humanae
1471 2161 1920 2232 concupiscentia
1985 2180 2172 2220 macu-

586 2245 792 2312 lantur,
812 2258 906 2302 aut
936 2248 1232 2319 cupiditate
1263 2252 1511 2308 avaritia;
1535 2255 1874 2323 polluuntur,
1908 2266 2002 2311 aut
2033 2258 2172 2312 invi-

584 2337 690 2392 diae
722 2354 786 2394 ac
828 2340 1017 2396 livoris
1063 2342 1384 2399 infelicitate
1423 2345 1770 2414 sordescunt,
1813 2347 1898 2404 vel
1933 2348 2169 2406 furentis

584 2431 697 2485 odii
740 2441 794 2484 et
841 2433 935 2489 irae
973 2436 1313 2493 immanitate
1366 2448 1653 2493 vexantur.
1683 2440 2007 2511 Quicunque
2039 2459 2169 2514 ergo

587 2521 725 2577 tales
747 2534 896 2590 sunt,
934 2527 1062 2582 licet
1093 2544 1321 2600 corpore
1352 2530 1487 2586 casti
1517 2530 1647 2596 sint,
1678 2543 1858 2589 tamen
1901 2553 2003 2590 non
2038 2536 2168 2592 olfe—

590 2625 718 2669 rnnt
748 2615 1061 2673 holocausta
1092 2636 1186 2674 sua
1222 2637 1318 2690 per
1345 2641 1536 2681 manus
1571 2638 1624 2682 et
1651 2627 2016 2682 ministerium
2052 2629 2163 2699 (Η)

586 2707 915 2763 sacerdotis.
951 2709 1068 2764 Non
1105 2721 1188 2766 est
1216 2715 1365 2766 enim
1410 2716 1458 2769 in
1490 2718 1568 2771 eis
1605 2717 1915 2782 consilium,
1953 2728 2006 2772 et
2033 2735 2164 2788 pru-

586 2796 794 2865 dentia,
840 2817 962 2871 quae
1009 2805 1316 2861 sacerdotio
1357 2806 1602 2878 fungitur
1633 2813 1770 2879 apud
1823 2809 1989 2864 Deum
2024 2811 2164 2865 :sed

585 2902 711 2946 sunt
741 2907 806 2948 ex
853 2895 959 2951 illis
997 2897 1237 2968 quinque
1280 2899 1586 2971 virginibus
1612 2903 1818 2969 stultis,
1849 2920 1969 2973 quae
1998 2905 2165 2974 virgi~

582 2995 680 3036 nes
725 2985 943 3053 quidem
989 2986 1230 3054 fuerunt,
1260 3000 1314 3047 et
1343 2989 1652 3046 castitatem
1689 2995 1936 3063 corporis
1975 3009 2161 3049 serva-

580 3087 796 3142 verunt,
831 3079 1007 3134 oleum
1053 3093 1234 3139 autem
1284 3085 1594 3152 charitatis,
1623 3099 1677 3142 et
1712 3091 1887 3158 pacis,
1929 3099 1985 3145 et
2034 3091 2164 3146 reli-

579 3181 812 3235 quarum
837 3173 1119 3238 virtutum,
1151 3178 1203 3232 in
1226 3179 1374 3234 vasis
1400 3181 1514 3234 suis
1549 3181 1784 3238 condere
1821 3185 2156 3253 nescierunt,

575 3272 634 3317 et
673 3262 872 3320 idcirco
904 3269 1137 3325 exclusae
1177 3281 1306 3326 sunt
1345 3289 1373 3327 ιι
1409 3277 1649 3331 thalamo
1696 3277 1987 3347 sponsi”:
2022 3294 2160 3346 ‘1"0'

576 3354 722 3408 niam
768 3358 882 3412 sola
914 3363 1097 3416 carnis
1125 3365 1464 3420 continentia
1501 3370 1570 3424 ad
1609 3369 1785 3424 altare
1816 3368 2157 3426 Dominicum

578 3461 684 3500 non
731 3459 911 3517 potest
957 3457 1268 3523 pervenire,
1305 3458 1346 3512 si
1383 3460 1609 3529 reliquis
1649 3462 1946 3517 virtutibus
1979 3472 2035 3517 et
2073 3479 2160 3517 sa-

574 3541 949 3598 cerdotalibus
983 3548 1295 3604 ministeriis
1329 3551 1637 3608 deseratur.
1671 3553 1734 3607 Et
1767 3554 1887 3609 ideo
1928 3556 2020 3624 qui
2045 3557 2159 3612 haec

572 3631 797 3704 legimus
836 3638 920 3690 vel
952 3641 1229 3704 audimus,
1259 3643 1311 3696 in
1349 3655 1642 3716 utramque
1677 3657 1890 3715 partem
1932 3662 2154 3717 operam

570 3723 762 3780 demus
783 3725 918 3797 (l5),
953 3732 1086 3784 casti
1119 3749 1239 3786 esse
1271 3725 1522 3803 corpore,
1554 3738 1685 3792 recti
1727 3749 1927 3806 mente,
1971 3740 2155 3795 mundi

571 3817 760 3879 corde,
795 3821 1039 3876 tnoribus
1091 3825 1384 3889 emendati,
1441 3831 1708 3898 proﬁcere
1766 3830 1818 3884 in
1874 3831 2154 3900 operibus,

568 3908 802 3978 vigilare
842 3911 897 3966 in
932 3913 1182 3979 scientia,
1218 3917 1342 3982 ﬁde,
1373 3929 1426 3974 et
1475 3920 1712 3988 actibus,
1744 3923 1936 3992 gestis,
1983 3933 2038 3978 et
2074 3924 2156 3978 in-

575 4000 880 4056 tellectibus
915 4018 1036 4058 8556
1064 4008 1319 4075 perfecti,
1342 4020 1399 4064 ιιι
1429 4011 1494 4065 ad
1521 4013 1933 4068 similitudinem
1963 4015 2154 4072 hostiae

570 4089 773 4146 Christi
805 4095 1134 4150 conformari
1167 4115 1492 4164 mercamur,
1529 4117 1626 4171 per
1652 4101 1826 4173 ipsum
1859 4104 2146 4161 Dominum

569 4192 818 4238 nostrum
845 4184 1028 4240 Jcsum
1060 4189 1333 4245 Christum
1367 4191 1499 4268 (16),
1537 4208 1632 4263 per
1667 4208 1825 4263 quem
1859 4196 1967 4251 Deo
1999 4195 2147 4252 Patri

569 4276 926 4347 omnipotenti
957 4296 1080 4335 cum
1113 4284 1318 4352 Spiritu
1361 4299 1550 4341 saneto
1579 4297 1663 4342 est
1691 4287 1860 4358 gloria
1893 4299 1946 4344 et
1979 4291 2150 4364 impe-

568 4368 709 4424 rium
738 4370 789 4425 in
821 4374 1018 4428 smeula
1052 4378 1396 4432 smculorum.
1422 4382 1621 4436 Amen.

1167 4509 1450 4567 HOMlLlA
1489 4513 1552 4568 ll.

562 4615 641 4671 De
658 4620 1049 4690 sacriﬁciorum
1078 4627 1206 4690 ritu,
1234 4628 1333 4681 hoc
1355 4637 1434 4682 est
1467 4631 1531 4683 de
1556 4634 1861 4687 muneribus
1887 4643 1935 4687 et
1970 4638 2142 4690 sacri-

627 4689 905 4774 ﬁejiail?)
936 4689 1284 4774 salutaribus,
1307 4711 1355 4752 et
1382 4717 1476 4766 pro
1501 4705 1770 4770 peccatis;
1801 4716 1847 4757 et
1877 4689 2139 4774 quomodo

632 4760 786 4829 o/fert
819 4760 1062 4832 pontifex
1095 4783 1190 4835 pro
1228 4760 1446 4838 peccato
1493 4760 1614 4838 suo,
1665 4784 1714 4827 et
1751 4760 1862 4843 'pro
1888 4760 2136 4844 'peccato

628 4939 673 4974 “
702 4939 858 4998 Rom.
897 4959 997 5009 xu,
1028 4946 1082 5000 l.
1147 4947 1192 4978 ‘7
1223 4946 1415 5003 Matth.
1446 4966 1574 5004 xxv.
1649 4951 1694 4984 ⁵⁸
1721 4951 1898 5009 chit.
1935 4939 2016 5018 tv,

624 5120 904 5204 (l3)rCod.
963 5121 1274 5195 Sangerm.,
1342 5128 1692 5185 «scienter.»
1755 5129 1910 5186 [.ibb.
1976 5133 2132 5198 editi,

595 5203 854 5247 scientes.
883 5212 901 5246 ι

590 5333 604 5348 ι
625 5262 741 5348 (ιι)
774 5263 920 5319 Idem
943 5281 1073 5332 ms.,
1107 5283 1128 5319 ι
1149 5267 1537 5325 ministerium.
1569 5291 1586 5323 ι
1624 5271 1778 5326 Libb.
1806 5274 1959 5340 editi,
1987 5292 2004 5324 ι
2029 5275 2132 5328 mi-

549 5343 799 5390 nisteria.
823 5353 843 5388 ι

566 5473 582 5482 _
620 5405 738 5482 _(15)
763 5405 971 5461 Omnes
1011 5419 1173 5475 mss.,
1218 5409 1470 5468 «demus.
1495 5431 1513 5466 ι
1557 5411 1718 5468 Libb.
1757 5414 1912 5482 editi,
1953 5433 1972 5468 ι
2001 5416 2132 5471 dare

548 5473 838 5531 debemus.
863 5495 884 5528 ι

765 5546 1062 5625 _Cltr_t'._s_ft_t_m.
1099 5548 1262 5606 Deest
1290 5551 1341 5625 in
1386 5551 2098 5625 codiceSangermanensi.

620 5615 732 5688 (l7)
764 5617 820 5671 ln
878 5617 1013 5672 libb.
1065 5631 1225 5676 antea
1275 5623 1441 5678 editis
1491 5615 1790 5688 omittitu'r,
1831 5636 1930 5682 «et
1961 5628 2136 5682 sacri-

553 5685 756 5772 ﬁciisg
793 5687 890 5744 sed
941 5693 1218 5760 reperitur
1268 5692 1322 5747 in
1371 5695 1528 5750 codd.
1567 5685 1835 5752 Gemetic.
1871 5707 1924 5754 et
1963 5697 2138 5754 Cado-

550 5771 741 5811 mensu.

633 5825 744 5898 (I8)
767 5827 924 5887 Libb.
949 5841 1110 5890 antea
1141 5833 1295 5907 editi,
1333 5854 1351 5889 ι
1374 5835 1568 5896 oll'erat
1599 5853 1664 5894 ex
1698 5839 2048 5908 animalibus,
2087 5841 2137 5898 id

2087 367 2424 440 (intonsis:

3676 372 3735 428 ll!

2366 487 2688 559 synagogas,
2728 481 2807 537 υθέ
2854 495 2947 559 pro
2985 476 3165 559 animd
3216 492 3327 545 quis
3376 492 3433 532 ex
3459 481 3611 552 popqu
3645 496 3736 550 tm:

2363 551 2651 628 picea—ceri:
2676 551 2791 608 non
2823 551 3110 606 voluntate.

2362 651 2412 706 1.
2458 647 2724 719 Superior
2765 643 2982 716 quidem
3033 641 3100 696 de
3133 639 3393 709 principio
3415 640 3736 721 Leviticidispu.

2291 745 2426 799 tatio
2459 741 2678 798 edocuit
2725 752 2826 793 nos
2881 735 3053 803 legem
3089 730 3494 799 sacriﬁciorum,
3523 737 3735 810 183m
3808 735 3809 750 ‘

2291 850 2518 892 munera
2549 831 2918 904 appellantur,
2944 834 3004 881 ut
3027 826 3070 880 si
3108 824 3274 878 homo
3299 839 3478 879 munus
3506 826 3735 896 offerrem

2284 925 2614 982 animalibus
2645 923 2698 977 id
2728 919 2970 980 offerret,
3018 913 3125 970 hoc
3173 922 3260 968 est
3301 928 3364 968 ex
3411 914 3562 972 bobus
3581 919 3734 989 (l8),th

2282 1016 2496 1079 ovibus,
2528 1012 2614 1069 vel
2647 1010 2814 1066 etiam
2842 1005 3064 1077 capris;
3090 1004 3135 1059 si
3169 1018 3300 1060 vero
3342 1019 3407 1059 ex
3440 1005 3616 1070 avibus,
3632 1020 3734 1066 turn.

2283 1122 2403 1162 rum
2441 1121 2561 1176 par,
2597 1110 2692 1158 aut
2719 1102 2858 1157 duos
2881 1099 3060 1169 pullos
3083 1095 3420 1152 columbinos
3451 1098 3686 1157 adhiberet.
3703 1105 3736 1160 Si

2280 1211 2410 1252 vero
2437 1197 2619 1250 anima
2653 1194 2850 1249 offerat
2876 1202 3094 1252 munus,
3133 1189 3372 1243 similam
3395 1188 3584 1246 offerret
3616 1210 3660 1246 ει
3682 1197 3736 1248 Cll-

2279 1290 2445 1353 bano,
2483 1288 2536 1342 id
2565 1295 2650 1342 est
2685 1297 2853 1356 panes
2890 1298 2955 1338 ex
3009 1282 3192 1337 simila
3237 1296 3469 1351 azymos,
3491 1293 3568 1337 aut
3592 1287 3735 1343 similam

2278 1381 2403 1436 oleo
2443 1391 2796 1448 conspersam
2843 1390 2909 1430 ex
2955 1371 3237 1442 sartagine
3264 1371 3352 1426 vel
3377 1374 3520 1426 etiam
3546 1376 3734 1432 craticula.

2279 1469 2338 1525 Si
2371 1478 2556 1524 autem
2593 1465 2928 1523 sacriﬁcium
2981 1460 3176 1517 oﬂerat
3223 1461 3578 1530 primitiarutn,
3608 1469 3652 1521 de
3676 1472 3738 1536 pri-

2277 1563 2449 1617 mitiis
2484 1553 2699 1631 frugum
2729 1558 2869 1630 (l9),
2906 1564 2964 1609 ut
3005 1553 3186 1610 simila
3213 1554 3285 1607 sit
3327 1569 3520 1619 recens,
3553 1556 3592 1609 id
3615 1569 3737 1614 estno-

2277 1671 2367 1720 va,
2404 1655 2516 1725 igni
2551 1666 2768 1724 quoque
2795 1664 2914 1706 eam
2943 1647 3137 1702 torreri
3168 1644 3303 1708 vult,
3337 1653 3389 1700 et
3415 1647 3568 1701 medio
3594 1647 3734 1707 fractam

2275 1760 2417 1812 esse,
2448 1758 2519 1799 ne
2546 1744 2779 1798 multum
2807 1741 3136 1796 minutatum
3163 1738 3261 1802 sit,
3293 1740 3416 1807 quia
3437 1738 3734 1812 primitiasum,

2204 1848 2246 1904 Β
2275 1848 2330 1894 et
2351 1838 2490 1894 bene
2517 1845 2748 1907 purgata
2775 1835 2868 1889 sit.
2896 1832 3087 1889 Oleum
3118 1844 3341 1900 quoque
3367 1840 3418 1886 et
3445 1833 3551 1888 thus
3567 1845 3612 1889 ut
3634 1838 3735 1903 impo-

2277 1939 2477 1986 nantur
2523 1943 2685 1998 super
2737 1942 2857 1984 eam
2886 1966 2902 1992 ,
2966 1932 3022 1980 et
3073 1922 3158 1978 sic
3214 1923 3484 1978 offeratur.
3525 1926 3580 1980 At
3611 1933 3735 1984 veruti

2275 2023 2396 2093 quis
2427 2020 2542 2094 (20)
2571 2015 3128 2077 oﬁeratsacriﬁcium
3175 2018 3432 2085 salutare,
3464 2032 3523 2073 ex
3549 2019 3737 2089 bobusja-

2273 2116 2432 2171 betur
2462 2113 2685 2182 oﬁerre,
2725 2113 2809 2174 vel
2863 2111 3027 2168 etiam
3063 2123 3132 2164 ex
3173 2111 3368 2165 ovibus
3407 2110 3512 2166 sive
3549 2113 3691 2181 capris,
3707 2125 3736 2168 et

2273 2206 2517 2277 exceptis
2549 2205 2632 2260 his
2665 2203 2871 2258 nullum
2905 2203 3053 2258 aliud
3085 2201 3348 2258 sacriﬁcii
3378 2217 3531 2272 genus
3548 2202 3737 2257 substitui-

2276 2309 2365 2354 tur
2409 2297 2464 2352 in
2514 2294 2841 2352 salutaribus
2889 2295 3106 2350 hostiis.
3144 2295 3282 2349 Nam
3322 2309 3418 2363 pro
3461 2297 3652 2363 peccatis
3673 2312 3732 2348 uo

2271 2387 2598 2446 voluntariis
2631 2386 2767 2457 (2i),
2801 2385 3134 2458 generaliter
3174 2384 3397 2454 quidem
3422 2385 3734 2456 animajubetnr

2273 2480 2495 2545 offerre,
2526 2490 2582 2536 et
2621 2488 2743 2550 post
2786 2479 2904 2533 haec
2957 2494 3057 2549 per
3102 2478 3352 2534 diversas
3393 2478 3510 2544 itur,
3540 2479 3733 2548 variasque

2271 2586 2653 2646 personaszet
2704 2575 2952 2648 iubetur,
3000 2574 3045 2629 si
3093 2573 3319 2644 quidem
3366 2571 3586 2642 pontifex
3608 2574 3658 2628 sit
3682 2576 3733 2640 qui

2269 2669 2519 2740 deliquit,
2549 2677 2600 2723 et
2634 2667 2794 2723 offert
2825 2665 3156 2720 sacriﬁcium
3205 2680 3308 2735 pro
3351 2676 3570 2736 peccato,
3592 2679 3635 2720 ut
3657 2669 3737 2718 vim.
3808 2731 3809 2750 χ

2271 2761 2380 2814 Ιιιιιι
2429 2763 2511 2826 in-
2539 2761 2918 2816 holocaustum
2952 2757 3168 2823 oﬂ'crat,
3203 2758 3300 2813 sed
3335 2773 3436 2812 non
3481 2773 3537 2812 eo
3564 2759 3736 2827 .‘itu,quo
3808 2775 3809 2800 ι

2268 2854 2420 2908 illum
2453 2869 2552 2924 pro
2585 2868 2809 2907 munere
2832 2853 3044 2906 obtulit.
3067 2852 3138 2906 De
3169 2852 3276 2905 hoc
3309 2853 3451 2905 enim
3483 2860 3645 2905 tantum
3669 2851 3734 2903 adi-

2271 2958 2388 3011 pes,
2424 2955 2479 2996 et
2513 2942 2652 2997 duos
2701 2957 2859 2996 renes
2894 2957 3018 2995 cum
3083 2940 3335 3010 adipibus
3376 2940 3501 3006 suis,
3534 2949 3578 2994 et
3603 2939 3736 3008 adipem

2266 3037 2356 3104 qui
2386 3036 2519 3106 tegit
2549 3035 2834 3097 interiora,
2864 3035 3103 3104 imponet
3143 3047 3314 3102 super
3365 3034 3524 3088 altare
3567 3032 3735 3086 holocan-
3808 3077 3809 3080 η

2265 3137 2497 3182 storum.
2555 3127 2628 3181 De
2673 3127 2952 3197 sanguine
2980 3139 3202 3196 quoque
3251 3125 3371 3191 ejus
3407 3123 3736 3195 ltllingettsdlgl-

2268 3229 2378 3273 tum
2428 3234 2606 3285 suum,
2663 3221 2930 3288 respergit
2979 3219 3183 3286 septies
3230 3226 3421 3270 contra
3456 3218 3737 3276 Dominum,et

2262 3309 2387 3363 linit
2422 3324 2486 3364 ex
2520 3324 2586 3363 eo
2621 3325 2828 3364 cornua
2867 3308 3060 3362 altaris
3114 3309 3348 3362 incensi.
3381 3307 3592 3360 Czeteras
3629 3317 3736 3357 autem

2265 3415 2461 3456 cantes
2497 3417 2619 3456 cum
2664 3399 2835 3464 corio,
2861 3409 2916 3454 et
2957 3399 3278 3461 interaneis,
3307 3409 3363 3454 et
3401 3408 3612 3452 stercore
3644 3409 3738 3450 cura

2264 3505 2445 3549 castra
2473 3493 2586 3564 igni
2609 3492 2845 3549 cremari
2866 3492 3022 3561 jubet
3059 3493 3110 3546 in
3139 3495 3261 3550 loco
3287 3493 3502 3548 mundo.
3524 3490 3737 3545 Obstnan-
3808 3497 3809 3502 ‘

2261 3586 2389 3640 dmn
2416 3601 2548 3640 sane
2578 3594 2684 3652 est,
2714 3583 2859 3654 quod
2896 3584 2948 3637 in
2985 3597 3209 3652 peccato
3243 3585 3512 3654 pontiﬁcis
3537 3599 3621 3638 non
3643 3579 3739 3635 addi-

2260 3678 2339 3732 dit
2367 3677 2663 3747 lcgislator,
2697 3678 2822 3746 quia
2847 3691 2944 3748 per
2968 3679 3363 3746 ignorantiam,
3398 3687 3488 3730 aut
3509 3691 3596 3730 non
3618 3674 3736 3727 volun-

2260 3778 2375 3825 tate
2405 3769 2741 3838 peccaverit.
2775 3767 2962 3839 Neque
2993 3770 3140 3836 enim
3167 3769 3372 3825 cadere
3405 3767 3738 3837 ignorantiapo-

2263 3871 2369 3918 test
2400 3861 2514 3932 (22)
2549 3863 2601 3916 in
2650 3876 2796 3928 eum,
2838 3861 2930 3930 qui
2971 3869 3029 3914 ut
3083 3869 3316 3917 caeteros
3374 3864 3592 3924 doceret,
3621 3868 3741 3927 prore-

2270 3962 2390 4008 ctus
2414 3963 2517 4008 est.
2547 3953 2602 4008 Si
2635 3961 2817 4006 autem
2851 3951 3020 4006 totius
3070 3949 3378 4023 Synagogae
3407 3960 3652 4022 peccatum
3675 3946 3740 3999 lue-

2257 4047 2348 4110 rit,
2380 4045 2609 4100 vitulum
2635 4044 2992 4100 nihilominus
3027 4043 3078 4098 in
3127 4044 3503 4099 holocaustum
3540 4041 3735 4112 Synzgogt

2246 4136 2471 4204 jubetur
2494 4134 2717 4192 offerre.
2746 4134 2852 4191 Sed
2883 4134 2936 4189 ir.
2963 4142 3187 4204 peccato
3209 4134 3512 4206 Synagogae
3529 4126 3738 4187 dicitur“.

2258 4247 2276 4280 ι
2303 4228 2358 4284 Si
2394 4229 2750 4298 ignoraverit,
2777 4237 2831 4284 et
2860 4227 3086 4282 latuerit
3117 4227 3345 4282 verbum
3372 4229 3439 4282 ab
3468 4225 3617 4281 oculis
3635 4221 3739 4292 Syna-

2251 4335 2422 4391 gogee,
2458 4329 2512 4376 et
2543 4320 2736 4375 fecerit
2759 4336 2927 4376 unum
2963 4317 3032 4372 ab
3063 4319 3324 4376 omnibus
3357 4318 3606 4375 mandatis
3629 4312 3742 4370 Domi-

2251 4413 2328 4472 ni,
2366 4414 2511 4483 quod
2558 4429 2666 4466 non
2716 4413 2828 4470 ﬁet.
2863 4433 2881 4466 ι
2933 4414 3089 4471 Unde
3127 4424 3358 4484 apparet
3403 4415 3552 4467 etiam
3597 4419 3810 4478 omnem,

2254 4503 2594 4576 Synagogam
2619 4520 2776 4574 posse
2809 4506 3127 4577 delinquere
3147 4523 3244 4577 per
3271 4503 3633 4577 ignorantiam.
3650 4493 3742 4564 Quod

2251 4605 2305 4649 et
2351 4596 2610 4651 Dominus
2653 4599 2941 4653 conﬁrmat
2974 4600 3024 4652 in
3060 4599 3375 4669 Evangeliis
3411 4612 3528 4650 eum
3565 4589 3739 4647 dicit“:

2254 4705 2272 4738 ι
2299 4688 2476 4754 Pater,
2498 4691 2712 4744 remitte
2737 4690 2865 4752 illis,
2887 4705 2991 4744 non
3020 4693 3166 4746 enim
3193 4691 3383 4746 sciunt
3412 4689 3534 4759 quid
3559 4684 3739 4740 faciunt.)

2249 4779 2400 4846 Quod
2430 4783 2472 4835 si
2509 4782 2759 4852 princeps
2794 4783 2959 4836 fuerit
2991 4783 3082 4853 qui
3111 4781 3274 4837 oll'ert
3313 4780 3542 4837 hostiam
3575 4791 3651 4848 prc
3673 4786 3745 4844 pec-

2212 494 2264 554 A

2188 3193 2229 3251 C

2178 4564 2222 4617 D

2182 4959 2224 4988 *9
2253 4957 2384 5012 Luc.
2412 4973 2576 5024 χχιιι,
2605 4958 2698 5014 54.

2248 5133 2469 5191 offerret
2511 5152 2579 5190 ex
2631 5137 2823 5204 bobus,
2851 5156 2868 5190 ι
2918 5138 3012 5194 sed
3056 5153 3248 5194 omnes
3293 5153 3432 5194 mss.
3467 5137 3590 5193 utin
3620 5142 3746 5188 nostra

2250 5216 2586 5352 Ὓῖἳέίλεοά.
2618 5277 2944 5352 _Sanger_m.,
2971 5297 2990 5330 ι
3017 5278 3083 5352 de
3104 5279 3292 5346 primis
3328 5269 3746 5352 fructibus.)

2239 5344 2532 5419 (leinetic.,
2567 5349 2665 5404 «de
2694 5344 2887 5419 primis
2924 5344 3169 5417 frugibus
3203 5351 3254 5404 id
3278 5349 3493 5419 oﬁ‘erat,
3515 5344 3744 5414 utsimila.»

2239 5417 2372 5489 (10d.
2409 5417 2660 5489 Cadom.,
2693 5417 2710 5469 ἆ
2736 5420 2802 5474 de
2837 5420 3026 5487 primis
3050 5419 3298 5489 frugibus
3327 5431 3390 5474 ut
3413 5418 3610 5479 oderat,
3633 5422 3677 5467 ut
3701 5425 3746 5489 si:

2197 5487 2200 5490 ’
2233 5487 2386 5561 mila.
2412 5509 2430 5561 ι
2468 5478 2967 5561 ΟρόηΒθοαθὶιείε,
3005 5507 3024 5542 ι
3051 5490 3116 5545 de
3142 5478 3342 5559 primis
3373 5491 3604 5561 frugibus
3628 5492 3672 5538 ut
3694 5478 3745 5533 ol-

2234 5557 2740 5630 feratinsimila.’
2954 5557 2958 5558 ν
3143 5557 3157 5559 θ
3260 5629 3286 5630 η
3467 5557 3488 5561 ⁷
3593 5626 3603 5630 ,
3704 5617 3739 5630 η.

2310 5629 2422 5710 (ΞΟ)
2454 5629 2588 5688 Cod.
2620 5629 2938 5703 Sangerm.,
2970 5648 2989 5684 ι
3016 5638 3070 5687 et
3098 5631 3177 5686 sic
3213 5629 3485 5688 offeratur
3510 5645 3538 5685 a
3562 5626 3674 5683 viro.
3703 5619 3743 5676 Si

2237 5715 2424 5837 quia;
2454 5770 2619 5838 idem,
2652 5791 2670 5823 ι
2695 5787 2800 5828 non
2829 5772 3001 5828 solum
3036 5772 3376 5827 voluntariis.
3404 5793 3422 5824 ο

2314 5842 2427 5912 (ἳυὶ)
2461 5842 2627 5910 ldcm,
2665 5853 2904 5914 «potest.
2934 5863 2953 5897 ι
2990 5843 3148 5900 Libb.
3183 5843 3335 5911 editi,
3369 5863 3387 5896 ι
3408 5849 3656 5916 poterat.»
