3876 6504
137 435 223 494 H5

1277 425 1341 480 IN
1385 423 1765 482 LEVITICUM
1806 425 2092 486 HOMIIJA
2124 429 2189 486 ῐῐ.

3251 420 3358 486 414

134 563 259 617 cato,
289 547 495 605 hircum
530 562 599 604 ex
634 548 814 621 capris
836 537 1059 622 j'ubetur
1100 547 1319 616 oli'erre,
1372 565 1482 604 non
1527 547 1680 604 holo-
1709 553 1755 610 Α
1788 547 1925 602 ritus
1981 547 2097 604 Dei.
2136 541 2380 600 Stultitia
2411 541 2557 597 enim
2588 548 2669 597 est
2700 540 2800 609 illi,
2838 549 2892 594 et
2923 553 3026 595 non
3068 547 3242 609 potest
3271 540 3359 595 in-

135 651 374 707 caestum,
407 639 502 695 sed
536 649 742 696 tantum
781 651 843 697 ut
887 641 957 697 de
988 643 1255 714 sanguine
1289 640 1406 711 ejus
1437 642 1683 710 imponat

135 732 369 792 sacerdos
400 747 564 802 super
590 733 782 798 altare,
817 741 872 787 et
903 748 1119 789 omnem
1151 733 1367 802 adipem
1393 733 1508 803 ejus
1550 731 1682 787 olle-

134 835 208 882 rat
238 826 283 878 in
316 822 474 876 altari
503 840 518 876 :
547 823 815 892 reliquum
854 835 1034 880 autem
1075 825 1452 881 sacerdotibus
1501 837 1683 878 rema-

133 925 240 972 neat
271 913 378 984 (25)
407 913 473 967 ad
503 915 799 980 edendum,
836 916 1099 987 sanguine
1130 924 1344 971 tantum
1392 917 1459 972 ad
1504 917 1680 972 basim

133 1008 297 1063 altaris
327 1003 517 1059 effuso.
557 1007 614 1060 Si
647 1022 778 1063 vero
823 1009 1005 1063 anima
1068 1009 1256 1074 fuerit,
1314 1011 1511 1079 inquit,
1572 1025 1678 1063 una

131 1113 233 1169 qua:
262 1096 414 1150 oﬁ‘ert
453 1112 549 1165 pro
600 1109 850 1165 peccato,
883 1115 1107 1170 capram
1144 1102 1401 1156 feminam
1438 1100 1676 1156 offerat:

130 1189 222 1242 ritu
255 1185 458 1240 scilicet
503 1188 718 1252 eodem,
747 1205 855 1258 quo
894 1191 1106 1245 hircum
1151 1193 1402 1262 superius
1444 1192 1681 1247 diximus

128 1277 440 1334 immolatum
470 1296 483 1333 :
514 1298 533 1330 ι
565 1279 717 1345 Quod
751 1281 794 1335 si
838 1296 944 1336 non
989 1283 1236 1350 valuerit,
1264 1283 1521 1354 inquit”,
1564 1297 1680 1337 ma-

127 1382 218 1420 nus
241 1364 351 1433 ejus
378 1385 396 1418 ι
430 1367 496 1421 ad
522 1383 766 1436 capram,
794 1371 878 1426 vel
907 1371 973 1424 ad
994 1386 1211 1440 agnum,
1242 1392 1260 1424 ι
1285 1389 1384 1444 par
1407 1384 1677 1428 turturum

125 1455 320 1524 oﬁ‘eret,
347 1468 440 1511 aut
462 1459 595 1514 duos
621 1461 800 1528 pullos
834 1463 1232 1518 columbarum.
1266 1485 1283 1516 ›
1319 1464 1473 1530 Quod
1503 1466 1544 1518 si
1579 1478 1678 1519 nec

124 1545 215 1599 hoc
247 1545 511 1613 inveniet,
546 1548 815 1603 decimam
865 1558 1076 1620 partem
1108 1554 1232 1619 ephi
1268 1553 1381 1624 (24)
1415 1555 1678 1624 similagi-

123 1639 196 1691 nis
231 1637 345 1692 sine
377 1638 496 1693 oleo
531 1648 585 1694 et
630 1641 746 1695 sine
777 1640 940 1696 thure
971 1645 1268 1698 mandatur
1298 1645 1516 1701 oﬁerrc.
1552 1645 1677 1700 llzcc

121 1726 317 1795 quidem
362 1727 517 1782 nobis
549 1727 760 1800 singula
798 1733 966 1799 priori
999 1731 1234 1788 lectione
1262 1736 1487 1789 recitata
1524 1745 1674 1801 sunt,

122 1832 289 1870 verum
328 1819 643 1888 explanatio
673 1837 888 1888 eorum,
924 1825 1183 1892 quoniam
1217 1836 1458 1896 tempore
1488 1828 1675 1882 exclu-

1786 636 2052 705 telligere,
2080 634 2203 704 quia
2228 630 2553 702 spiritaliter
2577 629 2932 700 dijudieatur.
2959 628 3234 698 Spiritalis
3255 643 3355 683 au-

1784 737 1892 781 tem
1923 723 2426 783 examinatomuia.
2451 739 2470 774 ι
2492 721 2597 776 Iste
2621 736 2752 791 ergo
2774 721 2865 791 qui
2892 723 3071 776 anima
3106 721 3355 775 nomina-

1784 829 1893 884 tur,
1925 835 2030 873 non
2061 824 2236 888 potest
2271 813 2468 871 oll'erre
2505 814 2708 880 omnia,
2743 814 2870 884 quia
2896 815 3212 869 examinare
3242 827 3351 867 non

1785 910 1946 980 189
1973 917 2150 978 potest
2193 908 2416 962 omnia:
2451 907 2544 961 sed
2595 905 2754 961 oﬁ'ert
2801 906 2971 961 solam
3020 907 3254 961 similam
3294 912 3354 960 et

1779 1018 1946 1073 panes
1991 1017 2255 1074 azymos,
2293 1002 2344 1056 id
2399 1008 2521 1064 est,
2568 1013 2907 1054 communem
2962 999 3103 1053 hanc
3154 999 3351 1064 vitam,

1780 1095 1928 1150 verbi
1965 1097 2159 1166 gratia,
2202 1095 2254 1149 in
2300 1092 2650 1164 agricultura,
2687 1091 2862 1145 autin
2902 1090 3226 1159 navigando,
3259 1097 3353 1144 aut

1781 1189 1832 1243 in
1876 1187 2145 1258 aliquibus
2173 1173 2644 1240 communis-vita:
2679 1184 2866 1237 usibus
2908 1183 3159 1253 positam,
3197 1181 3356 1237 oﬁ‘ert

1779 1291 1960 1336 tamen
1991 1279 2158 1334 etiam
2197 1279 2312 1346 ipse
2345 1291 2538 1330 munus
2571 1274 2682 1345 (9.7)
2721 1275 2827 1328 Deo
2859 1313 2876 1337 ,
2921 1272 3051 1328 licet
3080 1273 3250 1328 solam
3279 1273 3354 1327 si-

1779 1373 1962 1428 milam
2012 1371 2226 1426 dicatur
2266 1368 2463 1440 oll‘erre
2529 1366 2648 1422 oleo
2713 1375 2922 1419 tantum
2974 1379 3351 1434 conspersam.

1777 1465 1966 1522 Omnis
1991 1464 2136 1518 enim
2183 1461 2362 1515 anima
2413 1468 2536 1529 eget
2561 1459 2680 1513 oleo
2709 1459 2906 1512 divinae
2937 1458 3350 1523 misericordiae,
3412 1501 3417 1504 .

1779 1571 1880 1611 nec
1908 1564 2232 1626 praesentem
2261 1555 2421 1608 vitam
2453 1555 2690 1608 evadere
2716 1551 2984 1623 quispiam
3020 1557 3220 1620 potest,
3249 1550 3354 1606 nisi

1777 1650 1825 1704 ei
1874 1649 2049 1703 oleum
2102 1647 2340 1702 caelestis
2375 1644 2743 1700 miserationis
2794 1641 3048 1697 adfuerit.
3099 1641 3353 1698 Secundo

1777 1742 1830 1796 in
1865 1742 2000 1804 loco,
2038 1740 2425 1808 primitiarum,
2461 1738 2511 1790 id
2541 1744 2624 1791 est
2654 1739 2718 1790 de
2755 1735 2924 1790 initiis
2951 1735 3158 1805 frugum
3197 1751 3354 1790 man-

1778 1835 1937 1888 datur
1967 1832 2190 1888 oblatio.
2242 1831 2395 1898 Quod
2427 1873 2441 1896 ,
2486 1831 2530 1883 si
2584 1829 2719 1883 bene
2770 1829 3126 1895 meministis,
3163 1828 3215 1883 in
3262 1830 3352 1883 die

119 1909 390 1976 debamlll',
423 1913 624 1967 omissa
660 1924 765 1979 est.
795 1914 863 1970 de
893 1931 996 1984 qua
1029 1931 1172 1971 nunc
1208 1919 1396 1987 paucis
1427 1933 1672 1973 commo-
1706 1906 1748 1961 Β
1779 1923 2129 1977 Pentecostes
2161 1921 2275 1975 ﬁeri
2311 1920 2396 1974 lex
2428 1917 2602 1988 jubet.
2622 1918 2680 1970 In
2708 1932 2814 1985 quo
2845 1915 2949 1970 illis
2977 1916 3132 1985 plane
3159 1916 3350 1970 umbra

117 2013 234 2053 nere
259 2002 536 2058 studiosos
565 2018 832 2074 quosque,
874 2017 930 2061 et
974 2022 1070 2063 eos
1116 2009 1206 2078 qui
1235 2009 1399 2064 etiam
1433 2010 1672 2080 praeteri-

115 2098 276 2146 tarum
320 2094 675 2150 meminerint
701 2095 1016 2164 lectionum,
1050 2100 1343 2154 absurdum
1376 2116 1484 2155 non
1518 2111 1669 2170 puto,

118 2195 415 2266 quanquam
457 2185 525 2241 ad
559 2201 623 2241 ea
650 2202 771 2258 quae
819 2205 996 2260 nuper
1035 2192 1262 2246 recitata
1298 2202 1444 2262 sunt,
1479 2209 1672 2264 urgea-

114 2288 244 2329 mur.
1125 2323 1130 2325 _

174 2366 225 2420 2.
264 2366 329 2422 Et
366 2369 543 2438 primo
581 2372 742 2427 velim
789 2374 978 2430 videre
1018 2387 1138 2444 quae
1171 2375 1239 2430 sit
1286 2376 1388 2430 ista
1417 2376 1670 2432 differen-

115 2458 200 2522 tia,
232 2460 380 2529 quod
423 2462 526 2516 alia
576 2465 796 2541 quidem
830 2467 1106 2522 hominem
1148 2469 1277 2523 dicit
1315 2467 1534 2534 offerre,
1563 2469 1668 2524 alia

112 2552 362 2618 animam,
418 2555 518 2610 alia
574 2559 905 2626 pontiﬁcem,
956 2560 1065 2614 alia
1123 2560 1500 2631 SynagOgam,
1565 2562 1668 2615 alia

110 2643 424 2713 principem,
458 2646 560 2701 alia
596 2665 757 2704 unam
793 2651 1027 2705 animam
1052 2666 1118 2706 ex
1165 2654 1362 2722 pepulo
1398 2664 1575 2707 terra).
1602 2655 1668 2708 Et

109 2743 229 2801 puto
258 2737 486 2806 quidem
522 2741 796 2797 hominem
842 2744 997 2799 illum
1043 2746 1242 2801 debere
1289 2747 1541 2818 intelligi,
1573 2749 1667 2817 qui

109 2827 170 2880 ad
204 2827 498 2900 imaginem
534 2843 586 2889 et
625 2836 1034 2892 similitudinem
1065 2838 1158 2893 Dei
1193 2837 1393 2903 lactus,
1422 2842 1667 2895 rationa-

107 2915 276 2975 biliter
311 2920 475 2978 vivit.
512 2923 610 2979 Hic
651 2940 780 2978 vero
813 2940 1011 2979 munus
1054 2924 1212 2980 oﬁ‘crt
1263 2924 1373 2980 Deo
1418 2927 1665 2992 vitulum,

104 3025 216 3064 eum
247 3014 435 3069 carnis
479 3018 789 3086 superbiam
820 3018 1037 3073 vicerit.
1069 3018 1259 3082 Ovem,
1299 3035 1419 3075 cum
1450 3020 1670 3076 irratio-

103 3101 299 3158 nabiles
341 3115 531 3162 motus
575 3107 1003 3180 insipientesque
1051 3115 1376 3167 correxerit.
1413 3112 1666 3181 llmdum,

103 3209 214 3249 cum
242 3195 532 3253 lasciviam
579 3204 937 3269 superaverit.
971 3202 1140 3259 Oll'ert
1165 3205 1327 3260 etiam
1369 3221 1464 3275 par
1491 3215 1666 3262 turtu-

102 3300 236 3353 rum,
267 3304 394 3344 eum
425 3306 536 3346 non
575 3293 740 3349 fuerit
769 3297 938 3362 solus,
972 3298 1065 3352 sed
1100 3309 1332 3353 mentem
1365 3314 1518 3354 suam
1547 3317 1667 3354 ver-

99 3375 162 3431 bo
185 3377 278 3433 Dei
303 3380 454 3436 velut
479 3398 608 3437 vero
639 3383 752 3454 (25')
791 3386 1002 3456 coniugi
1044 3387 1354 3452 sociaverit,
1393 3388 1536 3441 sicut
1563 3387 1666 3441 hnc

101 3481 260 3537 genus
286 3473 499 3538 avium,
533 3491 696 3528 unmn
730 3477 930 3531 dicitur
953 3488 1004 3531 et
1037 3489 1252 3533 castum
1285 3493 1506 3533 servare
1532 3493 1665 3532 con-

96 3557 312 3629 ’ugium.
347 3563 720 3622 Oflert'etiam
770 3579 825 3622 et
868 3570 1002 3624 duos
1048 3570 1224 3638 pullos
1269 3571 1663 3632 columbarum,

95 3665 208 3706 cum
267 3665 323 3710 et
373 3657 495 3726 ipse
557 3659 890 3714 intellexerit
958 3660 1310 3730 mysterium,
1360 3675 1468 3728 quo
1524 3662 1665 3715 oculi

95 3753 305 3828 sponsa:
357 3747 508 3800 sicut
568 3749 836 3804 columbae
885 3749 1139 3803 dicuntur
1193 3750 1260 3803 ad
1300 3751 1667 3817 plenitudiucs

93 3848 372 3904 aquarum,
401 3848 459 3895 et
484 3840 680 3894 collum
707 3840 824 3909 ejus
848 3841 990 3896 sicut
1027 3843 1256 3896 turturis
1276 3843 1345 3898 δι.
1383 3842 1508 3897 llaec
1539 3858 1667 3914 ergo

93 3937 210 3984 sunt
253 3929 502 3987 hominis
551 3937 848 3988 secundum
908 3933 1050 4003 quod
1085 3949 1248 4004 supra
1292 3937 1664 4004 exposuimus,

93 4035 335 4079 munera.
371 4023 584 4080 Auith
615 4035 794 4081 autem
831 4044 1079 4094 munera,
1104 4029 1262 4098 longe
1291 4029 1547 4084 inferiora
1577 4030 1670 4084 de-

96 4111 303 4166 scribit.
358 4114 562 4169 Anima
606 4118 720 4172 haec
772 4133 948 4188 neque
1004 4121 1230 4174 vitulum
1275 4121 1459 4187 habet,
1492 4138 1668 4191 neque

85 4216 258 4272 ovem,
284 4221 472 4276 neque
501 4209 720 4263 hmdum
763 4227 923 4280 quem
953 4211 1137 4268 ochrat
1181 4213 1289 4268 Deo
1314 4231 1328 4269 :
1357 4215 1541 4268 sedne
1573 4231 1670 4285 par

86 4295 297 4364 quidem
331 4306 639 4367 turturum,
668 4315 764 4356 aut
813 4304 946 4360 duos
981 4305 1154 4375 pullos
1204 4307 1412 4360 invenit
1457 4307 1669 4362 colum-

85 4386 295 4444 barum.
333 4390 593 4448 Similam
634 4403 842 4450 tantum
880 4399 1066 4462 habet,
1095 4414 1161 4453 ex
1196 4399 1311 4468 ipsa
1345 4415 1513 4470 panes
1543 4415 1671 4472 azy-

87 4493 201 4536 mos
225 4482 391 4538 oﬂ'ert
424 4500 453 4537 a
485 4485 721 4550 clibano,
756 4505 822 4542 ex
849 4492 963 4557 ipsa
994 4495 1049 4546 in
1100 4495 1374 4562 sartagine
1415 4508 1550 4562 opus
1587 4494 1671 4547 l‘a-

1780 2015 1901 2070 data
1935 2023 2018 2067 est
2042 2052 2058 2077 ,
2090 2013 2249 2066 nobis
2277 2019 2454 2063 autem
2483 2008 2686 2061 veritas
2726 2013 2999 2060 reservata
3035 2013 3136 2060 est.
3176 2004 3233 2059 ln
3259 2005 3351 2060 die

1777 2107 1919 2162 enim
1951 2106 2300 2159 Pentecostes
2328 2101 2511 2156 oblato
2559 2098 2867 2153 orationum
2903 2097 3194 2164 sacriﬁcio,
3245 2096 3353 2166 pri-

1774 2198 1958 2254 mitias
1981 2195 2320 2250 advenientis
2353 2192 2526 2249 sancti
2561 2191 2794 2259 Spiritus
2827 2191 3196 2260 apostolorum
3232 2203 3354 2245 sus-

1839 2289 1917 2357 pit
1961 2287 2228 2342 Ecclesia.
2278 2284 2344 2338 Et
2381 2299 2506 2339 vere
2537 2285 2651 2338 haec
2685 2283 2906 2336 fuerunt
2937 2281 3195 2343 recentia,
3225 2281 3351 2348 quia

1774 2388 1892 2434 erat
1941 2393 2141 2432 novum
2166 2418 2181 2442 ,
2230 2375 2372 2430 unde
2415 2384 2466 2429 et
2500 2382 2679 2427 musto
2715 2372 2900 2440 repleti
2937 2372 3257 2427 dicebantur
3283 2369 3348 2424 ⁵³.

1779 2489 1799 2523 ι
1835 2470 1948 2539 lgni
1987 2478 2148 2524 tosta.
2189 2488 2208 2520 ›
2249 2467 2423 2536 Igneae
2457 2479 2690 2534 namque
2730 2463 2926 2533 linguae
2963 2478 3126 2532 supra
3161 2464 3352 2533 singu-

1775 2563 1854 2618 los
1881 2564 2260 2618 consederunt.
2300 2577 2318 2610 ‹
2358 2559 2423 2612 Et
2451 2558 2627 2612 medio
2658 2555 2852 2610 fracta.
2884 2576 2903 2610 ι
2937 2555 3353 2624 Frangebautur

1775 2656 1918 2710 enim
1941 2654 2139 2719 media,
2167 2668 2288 2707 cum
2319 2631 2496 2705 littera
2529 2647 2883 2716 separabatur
2919 2661 2947 2699 a
2984 2646 3199 2714 spiritu.
3239 2663 3256 2695 ι
3290 2643 3355 2700 Et

1775 2750 1911 2804 bene
1945 2752 2195 2816 purgata.
2228 2762 2246 2795 ›
2272 2743 2477 2814 Purgat
2502 2753 2738 2809 namque
2772 2753 2964 2794 omnes
2995 2738 3184 2793 sordes
3217 2750 3355 2804 prat-

1773 2839 1945 2895 sentia
1975 2837 2150 2893 sancti
2185 2835 2443 2906 Spiritus,
2475 2832 2860 2888 remissionem
2893 2831 3137 2886 tribuens
3159 2843 3353 2898 pecca-

1776 2939 1971 2985 torum.
2001 2929 2190 2985 Oleum
2227 2940 2441 2997 quoque
2483 2924 2877 2981 misericordiae
2917 2923 3044 2977 huic
3079 2921 3352 2976 sacriﬁcio

1775 3013 2079 3077 infunditur
2099 3061 2114 3086 ,
2145 3029 2200 3074 et
2232 3020 2355 3074 thus
2385 3018 2701 3085 suavitatis,
2730 3032 2826 3088 per
2851 3015 2992 3086 quod
3026 3013 3228 3068 Christi
3259 3015 3354 3066 bo-

1775 3129 1874 3170 nus
1902 3115 2037 3170 odor
2064 3112 2349 3168 elIieimur.
2380 3111 2509 3166 Post
2540 3113 2654 3166 haec
2686 3111 2752 3166 de
2783 3109 3069 3164 sacriﬁciis
3096 3105 3352 3163 salutari-

1774 3207 1872 3260 bus
1899 3206 2051 3268 dicit,
2085 3220 2204 3275 qua:
2242 3219 2306 3259 ex
2351 3203 2697 3269 animalibus,
2731 3203 2782 3256 id
2814 3211 2897 3257 est
2924 3201 3116 3265 bobus,
3148 3199 3228 3254 vel
3259 3213 3350 3253 ca-

1770 3298 1904 3369 pris,
1937 3305 2099 3366 atque
2126 3297 2318 3350 ovibus
2343 3294 2667 3359 otl'eruntur,
2690 3302 2744 3348 et
2775 3293 2909 3347 nihil
2933 3293 3017 3346 his
3044 3291 3186 3345 ultra
3215 3291 3350 3346 sub-

1771 3390 2016 3446 stituitur
2042 3377 2120 3442 ad,
2144 3388 2557 3452 immolandum,
2585 3388 2678 3443 sed
2708 3401 2776 3441 ne
2804 3400 2930 3440 aves
2960 3384 3071 3456 (28)
3106 3385 3349 3454 quidem,

1770 3496 1890 3550 quae
1920 3479 2171 3549 superius
2202 3479 2252 3532 in
2288 3477 2579 3532 olfereudis
2620 3477 2938 3531 muneribus
2975 3475 3190 3529 fuerant
3221 3472 3352 3527 sub-

1770 3575 1993 3629 Stitutae.
2025 3572 2131 3626 lste
2165 3571 2308 3626 enim
2345 3571 2434 3639 qui
2472 3570 2739 3623 salutares
2773 3569 2982 3623 hostias
3013 3567 3194 3628 oli‘ert,
3231 3566 3350 3621 sine

1771 3667 1934 3725 dubio
1975 3666 2087 3736 jam
2118 3680 2228 3720 suae
2254 3665 2449 3719 salutis
2482 3671 2565 3718 est
2597 3663 2852 3717 conscius
2881 3693 2890 3716 .
2924 3670 2980 3716 et
3011 3661 3132 3715 ideo
3161 3661 3250 3729 qui
3281 3659 3348 3713 ad

1735 3795 1742 3802 ι
1770 3758 2001 3813 salutem
2033 3755 2305 3827 pervenit,
2325 3767 2552 3810 necesse
2581 3759 2666 3806 est
2695 3760 2751 3805 ut
2774 3766 2893 3821 qua:
2924 3765 3119 3822 magna
3149 3763 3202 3804 et
3225 3763 3350 3820 per.

1775 3848 1912 3904 recta
1957 3857 2083 3904 sunt
2132 3847 2346 3903 oﬁ'erat.
2381 3847 2472 3901 Sic
2503 3845 2646 3900 enim
2678 3854 2733 3898 et
2761 3843 3052 3911 Apostolus
3097 3841 3228 3895 dicit
3254 3841 3346 3896 ’δε

1779 3959 1796 3992 ι
1827 3939 2198 3995 Perfectorum
2225 3947 2406 3991 autem
2440 3942 2524 3991 est
2552 3933 2705 3989 cibus
2742 3931 2968 3986 solidus.
3004 3949 3021 3982 ι
3056 3928 3260 3982 Dehine
3282 3928 3348 3981 ad

1769 4033 2072 4089 oﬁ‘erendas
2100 4046 2198 4101 pro
2230 4029 2465 4100 peccatis
2504 4027 2754 4083 victimas
2793 4024 3185 4080 sacriﬁciorum
3215 4022 3351 4076 ordo

1769 4124 2021 4194 dirigitur
2044 4164 2058 4190 ,
2096 4124 2148 4177 in
2201 4137 2307 4192 quo
2340 4131 2396 4175 et
2428 4121 2667 4175 secundo
2700 4119 2901 4175 dicitur
2926 4117 2972 4149 ⁸³
3000 4131 3016 4171 :
3053 4133 3072 4166 ι
3112 4113 3352 4168 Locutus

1771 4227 1854 4274 est
1880 4217 2139 4272 Dominus
2165 4216 2230 4270 ad
2252 4216 2517 4285 Moysem,
2537 4214 2726 4268 dicens
2756 4231 2768 4266 :
2792 4211 2987 4264 Anima
3012 4219 3353 4279 quaecunque

1771 4310 2079 4380 peccaverit
2107 4324 2291 4364 coram
2337 4309 2566 4362 Domino
2592 4345 2607 4371 ,
2638 4321 2745 4362 non
2783 4303 3083 4358 voluntate.
3128 4319 3145 4352 ι
3185 4299 3352 4353 Recte

1772 4402 2010 4457 animam
2041 4401 2176 4456 dicit
2202 4439 2218 4461 .
2263 4415 2424 4469 quam
2462 4413 2691 4470 peccare
2723 4396 3003 4453 describit.
3039 4391 3154 4446 Non
3204 4390 3349 4443 enim

1773 4494 2022 4564 spiritum
2051 4502 2323 4558 vocasset,
2369 4506 2530 4560 quem
2583 4492 2789 4546 diceret
2840 4496 3188 4557 peccaturum
3214 4482 3348 4552 (29).

80 4578 242 4637 ctum,
280 4573 373 4629 vel
425 4574 481 4628 in
516 4577 778 4632 craticula
811 4581 933 4635 oleo
977 4583 1317 4650 permistum.
1355 4583 1510 4638 Unde
1552 4584 1666 4657 (εδ)
1699 4591 1743 4645 D
1773 4585 1880 4641 Sed
1917 4600 1981 4640 ne
2013 4585 2287 4642 hominem
2315 4585 2532 4654 quidem
2565 4581 2710 4636 hunc
2760 4581 2998 4647 diceret,
3031 4579 3084 4632 in
3118 4591 3224 4646 quo
3257 4589 3354 4628 ne-

84 4663 297 4719 videtur
332 4667 479 4721 mihi
511 4668 633 4723 haec
673 4685 796 4739 quae
829 4671 1007 4727 anima
1045 4674 1309 4742 appellata
1360 4687 1467 4739 est,
1503 4678 1667 4733 homo

78 4755 184 4822 ille,
213 4773 389 4828 quem
427 4759 631 4816 Paulus
658 4765 945 4820 animalem
972 4762 1245 4821 hominem
1279 4768 1545 4832 nominat,
1580 4769 1662 4822 in-

81 4847 446 4919 telligendus:
477 4853 568 4921 qui
599 4854 810 4909 etiamsi
854 4858 1090 4925 peccatis
1115 4872 1218 4910 non
1244 4868 1525 4926 urgeatur,
1561 4873 1661 4914 nec

76 4939 142 4994 sit
170 4955 430 5012 praeceps
459 4943 528 4998 ad
559 4944 712 5009 vitia,
747 4954 1057 5001 nontamen
1091 4946 1256 5000 habet
1289 4947 1491 5014 aliquid
1518 4950 1569 5003 in
1604 4964 1663 5006 se

75 5031 340 5098 spiritale,
373 5043 437 5090 et
465 5038 609 5104 quod
643 5036 940 5106 ﬁguraliter
968 5053 1162 5094 carnes
1193 5039 1355 5094 Verbi
1381 5039 1470 5094 Dei
1503 5055 1666 5110 repu-

79 5130 286 5178 tentur.
315 5123 417 5180 Sic
443 5125 589 5181 enim
626 5126 741 5196 ipse
764 5127 831 5182 de
848 5142 914 5182 eo
931 5126 1127 5183 Paulus
1145 5131 1420 5200 apostolus
1447 5130 1578 5187 dicit
1596 5134 1666 5199 δ’,

75 5216 194 5282 quia
221 5234 241 5266 ι
271 5217 541 5272 animalis
564 5219 725 5273 homo
753 5234 860 5273 non
887 5221 1121 5289 percipit
1142 5236 1206 5277 ea
1237 5237 1357 5291 qum
1381 5233 1510 5279 sunt
1543 5223 1666 5294 Spi-

137 5314 183 5386 ‘f
213 5313 408 5386 Levil:
431 5329 490 5386 γ,
513 5315 566 5367 7.
616 5316 682 5386 γ⁵¹
711 5317 868 5372 Cant.
895 5333 934 5381 ι,
974 5319 1027 5384 9,
1058 5319 1145 5373 l4.
1220 5321 1266 5353 ⁸³
1294 5319 1314 5375 l
1341 5319 1464 5377 Cor.
1496 5337 1559 5386 ll,
1597 5325 1662 5379 li

68 5381 112 5412 "
137 5382 261 5439 Gal.
291 5401 354 5452 v,
378 5385 482 5439 22.
576 5385 622 5419 "
654 5386 775 5442 Gal.
807 5405 883 5453 vt,
906 5391 961 5446 8.

134 5501 258 5576 (25)
289 5501 482 5576 l_dem,
510 5521 530 5556 ι
557 5514 864 5560 remaneat.
890 5523 908 5559 ι
940 5506 1096 5563 Libb.
1125 5507 1281 5576 editi,
1317 5527 1334 5562 ι
1360 5521 1662 5568 remanet.»

68 5573 258 5698 m5?)
293 5573 516 5630 Omnes
561 5589 730 5642 mss.,-
761 5577 948 5648 tephi.
972 5598 992 5632 ι
1031 5577 1188 5636 Libb.
1226 5573 1387 5648 editi,
1423 5602 1441 5636 ι
1473 5583 1614 5650 oﬁ'ae,
1641 5605 1660 5637 ι

134 5713 253 5856 (25)
281 5713 510 5770 Omnes
554 5729 718 5783 mss.,
748 5735 768 5770 ι
794 5731 950 5774 vero.
977 5739 995 5773 ›
1041 5719 1200 5778 Libb.
1230 5722 1386 5790 editi,
1425 5742 1444 5776 ε
1468 5724 1607 5782 viro.
1636 5747 1655 5781 ι

158 5783 251 5854 26)
295 5784 488 5856 Unde.
531 5784 690 5844 Deest
723 5787 778 5844 in
814 5797 970 5847 antea
1021 5792 1200 5856 editis,
1237 5795 1331 5850 sed
1373 5806 1552 5851 exstat
1603 5799 1655 5852 in

158 5783 251 5868 36)
292 5784 488 5868 ynde.
531 5784 690 5844 Deest
723 5787 778 5844 in
814 5797 970 5847 antea
1021 5792 1200 5859 editis,
1237 5795 1331 5850 sed
1373 5783 1552 5851 exstat
1603 5799 1658 5852 in

75 5854 262 5914 codice
291 5854 594 5926 Sangerm.

1774 4692 2042 4748 quaquam
2087 4678 2268 4749 imago
2318 4677 2414 4731 Dei
2449 4683 2676 4745 peccato
2706 4671 3102 4728 interveniente
3130 4677 3352 4724 consta-

1771 4779 1873 4824 ret.
1907 4767 2021 4823 Non
2054 4782 2186 4838 ergo
2214 4776 2301 4823 est
2329 4767 2555 4837 spiritus
2587 4766 2674 4820 ille
2699 4766 2788 4834 qui
2815 4773 3040 4834 peccat:
3077 4779 3096 4810 ι
3121 4761 3352 4816 Fructus

1769 4863 1911 4916 enim
1949 4861 2176 4930 spiritus
2206 4869 2290 4915 est
2331 4864 2414 4929 (ut
2445 4859 2714 4925 describit
2739 4857 3031 4925 Apostolus
3055 4855 3124 4925 '°)
3164 4853 3351 4910 chari-

1770 4961 1873 5022 tas,
1896 4954 2170 5022 gaudium,
2190 4952 2619 5023 pax,patientia,
2650 4969 2670 5003 »
2705 4958 2759 5007 et
2785 4959 2978 5007 caetera
3013 4950 3098 5004 his
3127 4947 3349 5013 similia,

1771 5060 1890 5116 quae
1917 5046 2081 5100 etiam
2115 5045 2326 5101 fructus
2343 5045 2467 5099 vitae
2491 5043 2857 5114 appellantur.
2886 5041 3126 5110 Denique
3150 5048 3204 5095 et
3223 5037 3348 5093 alibi

1772 5136 1907 5192 dicit
1936 5137 1984 5168 "
2015 5157 2026 5191 :
2062 5154 2081 5187 ι
2123 5135 2225 5203 Qui
2258 5137 2490 5190 seminat
2524 5134 2576 5188 in
2609 5147 2811 5198 carne,
2861 5134 2926 5188 de
2969 5147 3136 5189 carne
3181 5139 3352 5186 metet

1774 5225 2178 5295 corruptionem
2207 5242 2223 5290 ;
2255 5235 2309 5280 et
2342 5226 2433 5295 qui
2465 5224 2700 5282 seminat
2729 5226 2784 5280 iu
2810 5225 3029 5294 spiritu,
3056 5223 3122 5278 de
3153 5222 3349 5291 spiritu

1767 5321 1809 5347 “
1841 5325 1961 5380 Act.
1993 5341 2028 5378 tt
2049 5365 2063 5389 ,
2099 5323 2188 5378 15.
2265 5324 2314 5356 ⁵⁸
2344 5324 2511 5380 Hebr.
2539 5337 2603 5388 v,
2635 5322 2726 5379 14.
2798 5323 2843 5354 ⁸⁸
2875 5319 3052 5376 Levit.
3086 5334 3172 5382 tv,
3207 5317 3261 5383 1,
3290 5315 3344 5370 2.

1827 5512 1960 5595 ,(27)
1979 5513 2158 5595 Codex
2185 5513 2499 5595 Sanger_m.,
2533 5527 2553 5563 ι
2578 5509 2691 5580 ipse
2719 5521 2938 5563 munus.
2965 5524 2984 5559 ι
3012 5504 3167 5562 Libb.
3189 5500 3344 5566 editi,

1781 5600 1801 5634 ‹
1827 5585 1940 5653 ipsa
1966 5585 2218 5653 mundus,
2254 5604 2273 5638 ι
2302 5585 2462 5640 male.

1866 5655 1958 5728 28)
1984 5654 2116 5711 Cod.
2145 5644 2427 5728 Sangerm.
2453 5695 2469 5723 ,
2527 5670 2548 5706 ι
2583 5665 2728 5708 aves.
2764 5668 2784 5702 ι
2817 5646 2974 5704 Libb.
3007 5644 3161 5710 editi,
3215 5660 3236 5696 ι
3277 5648 3344 5698 de

1772 5726 2117 5866 aviggfld’em
2161 5811 2260 5854 ms.
2299 5813 2319 5849 ς
2347 5805 2717 5868 peccaturum.
2749 5809 2768 5844 ι
2795 5787 2950 5846 Libb.
2979 5784 3134 5852 editi,
3162 5801 3182 5838 σ
3213 5796 3342 5853 pec-

1769 5873 2023 5921 calorem.
2065 5884 2086 5918 ι
