3876 6526
570 372 678 428 415

2041 371 2363 429 ORIGENIS
3672 384 3732 438 illi

533 473 733 549 'metet
768 493 934 548 vitam
981 500 1262 547 aeternam.
1309 511 1327 545 ι
1379 492 1649 574 Quoniam
1701 509 1832 565 ergo
1880 494 2018 550 alius
2070 503 2152 550 est
2181 500 2224 556 Α
2255 507 2401 550 cato.
2438 495 2544 550 Sed
2581 495 2670 550 ille
2701 495 2793 564 qui
2843 493 3070 549 offertur
3112 493 3166 549 in
3209 512 3426 555 munere
3456 510 3595 565 super
3632 499 3734 571 190

565 585 658 655 qui
687 585 940 648 seminat,
967 593 1020 636 et
1047 583 1186 637 alius
1220 595 1301 637 est
1338 584 1389 637 in
1422 598 1529 654 quo
1556 585 1888 653 seminatur;
1919 583 2160 640 semina-

568 687 656 730 tur
687 686 865 729 autem
897 676 978 730 vel
1035 676 1087 729 in
1142 691 1305 731 carne
1335 693 1459 732 cum
1511 687 1774 749 peccatur
1818 689 1877 732 ut
1913 689 2157 734 metatur

563 770 879 836 corruptio,
911 770 998 824 vel
1034 771 1086 823 in
1125 771 1321 839 spiritu
1371 787 1494 826 cum
1537 771 1834 826 secundum
1871 769 2040 826 Deum
2064 770 2160 830 vi-

564 861 708 913 vitur
743 868 1051 915 utmetatnr
1078 862 1182 914 vita
1209 873 1416 916 aeterna
1444 879 1459 918 :
1494 871 1707 918 constat
1742 864 1979 917 animam
2010 879 2157 929 esse,

565 967 686 1022 qua:
714 951 796 1006 vel
833 951 886 1005 in
923 967 1091 1006 carne
1125 993 1139 1020 ,
1181 953 1261 1008 vel
1297 953 1348 1007 in
1385 953 1577 1024 spiritu
1608 953 1841 1008 seminat
1869 997 1882 1022 ,
1931 966 1984 1009 et
2013 954 2156 1008 illam

567 1059 688 1101 esse
714 1059 835 1114 qua:
861 1044 944 1099 vel
979 1044 1029 1097 in
1065 1057 1348 1114 peceatum
1380 1063 1542 1102 ruere
1570 1048 1763 1118 possit,
1792 1047 1875 1101 vel
1907 1048 2156 1102 converti

569 1150 600 1190 a
630 1143 874 1203 peccato.
911 1131 1044 1187 Nam
1087 1149 1284 1203 corpus
1327 1136 1549 1204 sequela
1606 1135 1724 1205 ejus
1755 1146 1838 1192 est
1886 1137 1951 1190 ad
1985 1139 2159 1206 quod-

567 1241 785 1295 cunque
810 1225 1108 1295 delegerit:
1143 1236 1196 1280 et
1228 1227 1455 1294 spiritus
1490 1227 1599 1282 dux
1628 1229 1748 1300 ejus
1776 1238 1859 1285 est
1889 1232 1956 1285 ad
1986 1232 2160 1286 virtu-

571 1327 701 1382 tem,
734 1319 776 1371 si
811 1334 932 1372 eum
970 1319 1121 1388 sequi
1159 1319 1306 1372 velit.

641 1408 693 1462 5.
723 1407 825 1462 Sed
859 1409 973 1464 haec
1001 1409 1332 1479 generaliter
1361 1411 1506 1467 dicta
1539 1423 1690 1478 sunt,
1725 1429 1868 1468 nunc
1905 1431 2032 1470 vero
2063 1432 2160 1487 per

571 1501 788 1568 species
811 1501 1144 1556 dividuntur.
1183 1521 1202 1555 ι
1239 1502 1294 1558 Si
1328 1505 1594 1574 pontifex,
1633 1507 1812 1576 inquit
1837 1509 1902 1573 ⁸⁸,
1935 1510 2025 1578 qui
2059 1528 2159 1565 un-

571 1599 694 1648 ctus
740 1601 826 1646 est
858 1595 1211 1661 peccaverit,
1240 1605 1296 1649 ut
1347 1597 1600 1666 populum
1650 1597 1858 1653 faceret
1907 1616 2155 1669 peccare,

570 1681 762 1737 offeret
798 1698 896 1751 pro
921 1693 1146 1752 peccato
1175 1699 1276 1739 suo
1308 1685 1535 1739 vitulum
1567 1687 1635 1740 de
1666 1686 1839 1743 bobus
1879 1691 1999 1744 sine
2047 1707 2160 1745 ma-

569 1771 691 1825 cula
735 1771 981 1829 Domino.
1025 1791 1044 1825 ›
1076 1772 1280 1828 Terror
1333 1774 1495 1828 simul
1562 1786 1615 1831 et
1667 1779 2045 1837 misericordia
2100 1781 2154 1837 in

2264 588 2564 644 holocausti
2598 588 2771 642 altare
2803 587 3163 641 consumitur.
3192 585 3292 653 Qui
3317 602 3439 641 vero
3461 602 3545 656 pro
3567 603 3731 658 peccata.

2261 689 2417 733 extra
2438 690 2619 734 castra
2640 721 2653 742 ,
2684 695 2806 734 cum
2841 678 3023 744 corio,
3055 687 3111 732 et
3145 677 3432 732 interaneis
3466 693 3523 732 ac
3551 690 3732 747 stercore.

2261 769 2313 824 in
2339 770 2460 826 loco
2487 771 2689 824 mundo
2721 770 2944 840 jubetur
2980 768 3136 824 exuri
3168 811 3180 835 ,
3212 768 3454 839 adipibus
3496 770 3603 824 solis
3627 773 3664 824 in
3690 777 3735 826 al-

2262 870 2379 916 tare
2424 862 2625 917 oblatis
2661 871 2715 916 et
2766 861 3014 916 renibus.
3063 859 3193 926 Qua:
3231 859 3436 930 singula
3483 860 3734 920 dividetur

2260 953 2588 1018 discernere,
2622 953 2874 1023 quamvis
2907 961 2961 1005 et
3009 966 3173 1022 supra
3221 961 3430 1008 nostras
3456 953 3583 1006 vires
3613 955 3736 1018 sit,et

2260 1058 2420 1112 supra
2454 1044 2693 1098 auditum
2727 1052 2990 1110 vestrum,
3027 1052 3208 1098 tamen
3238 1041 3450 1112 aliquas
3478 1043 3609 1097 vobis
3627 1045 3736 1101 adin-

2263 1133 2609 1204 telligendum
2661 1135 2989 1189 oceasiones
3037 1133 3403 1202 conquirere,
3444 1134 3649 1201 atquein
3671 1152 3738 1191 me-

2261 1225 2404 1281 dium
2431 1225 2679 1295 proferre
2716 1226 3068 1281 tentabimus.
3102 1225 3238 1280 Vide
3263 1239 3393 1294 ergo
3421 1240 3482 1278 ne
3512 1223 3622 1279 forte
3642 1225 3736 1283 lesus

2259 1332 2420 1387 quem
2477 1317 2680 1372 Paulus
2725 1316 2858 1371 dicit
2903 1317 2944 1348 ⁶¹
2997 1316 3323 1387 pacificasse
3374 1330 3467 1384 per
3510 1319 3736 1387 sanguinem

2259 1423 2416 1463 suum
2449 1423 2554 1463 non
2583 1409 2760 1464 solum
2793 1424 2914 1478 quae
2941 1409 2993 1462 in
3029 1409 3220 1472 terris,
3245 1408 3341 1461 sed
3371 1417 3424 1461 et
3450 1422 3554 1476 quae
3579 1409 3618 1462 in
3643 1411 3737 1465 rtelis

2261 1507 2409 1566 sunt,
2436 1500 2577 1555 idem
2611 1501 2725 1570 ipse
2749 1501 2819 1555 sit
2844 1500 3069 1564 vitulus,
3103 1500 3194 1570 qui
3230 1500 3280 1553 in
3310 1497 3460 1553 caelis
3484 1499 3655 1568 quidem
3676 1518 3737 1555 nos

2259 1608 2360 1662 pro
2395 1601 2620 1662 peccato
2645 1633 2658 1659 ,
2690 1593 2782 1648 sed
2835 1608 2933 1663 pro
2971 1607 3193 1646 munere
3228 1590 3346 1662 (52)
3387 1591 3576 1646 oblatus
3607 1596 3734 1657 est,in

2264 1682 2424 1736 terris
2449 1691 2631 1736 autem
2661 1683 2752 1738 ubi
2785 1683 2853 1737 ab
2886 1680 3059 1736 Adam
3098 1694 3269 1752 usque
3294 1681 3363 1735 ad
3385 1679 3595 1750 Moysem
3616 1697 3733 1753 regni.

2263 1771 2342 1826 vit
2365 1784 2654 1842 peccatum
2679 1814 2695 1840 ,
2731 1772 2946 1828 oblatus
2977 1773 3049 1827 sit
3079 1788 3176 1843 pro
3217 1781 3460 1842 peccato.
3505 1771 3561 1826 Et
3599 1774 3671 1828 hoc
3691 1786 3736 1829 est

571 1865 770 1920 divinis
800 1865 1006 1934 legibus
1039 1875 1372 1920 ostentatur.
1405 1865 1556 1923 Itane
1609 1872 1824 1926 tandem
1869 1883 2041 1928 tutum
2070 1887 2154 1931 est
2186 1858 2228 1913 Β
2258 1878 2481 1933 Passum
2511 1881 2633 1922 8550
2663 1877 2818 1920 03W
2852 1875 3057 1931 035W.
3082 1874 3238 1919 ex"?!
3274 1863 3384 1929 illa.
3406 1865 3734 1933 Opinor.t‘asm.

570 1958 750 2023 nihil,
786 1972 855 2012 ne
903 1957 1146 2028 pontifex
1181 1959 1448 2027 quidem?
1493 1971 1546 2015 et
1582 1964 1674 2032 qui
1715 1965 2005 2034 pontifex?
2036 1967 2153 2039 lpse

568 2050 659 2118 qui
692 2059 887 2104 unctus
918 2059 997 2104 est
1027 2089 1042 2116 ,
1075 2049 1188 2120 ipse
1214 2051 1304 2120 qui
1350 2054 1525 2107 sacris
1574 2055 1788 2126 ignibus
1820 2058 1999 2112 divina
2030 2076 2155 2115 suc-

569 2141 749 2195 cendit
781 2141 998 2205 altaria,
1027 2144 1118 2213 qui
1154 2143 1263 2197 Deo
1291 2161 1516 2199 munera
1549 2156 1602 2202 et
1642 2148 1911 2206 salutares
1945 2152 2152 2208 hostias

569 2231 852 2301 immolat;
902 2235 996 2304 qui
1043 2235 1185 2290 inter
1219 2234 1386 2290 Deum
1431 2248 1481 2292 et
1524 2239 1773 2296 homines
1805 2244 2018 2297 medius
2042 2247 2156 2314 qui-

567 2323 690 2378 dam
729 2328 1120 2396 repropitiator
1148 2329 1442 2386 intervenit
1463 2329 1596 2403 (50),
1617 2347 1719 2388 nec
1751 2336 1872 2400 iste,
1905 2336 2149 2406 inquam,

568 2416 683 2487 ipse
715 2419 974 2476 immunis
1002 2431 1187 2476 manet
1212 2437 1240 2475 a
1270 2426 1596 2493 contagione
1626 2428 1861 2496 peccati.
1890 2427 1997 2483 Sed
2033 2431 2155 2486 vide

569 2509 1000 2566 misericordiam
1030 2512 1148 2577 Dei.
1181 2523 1237 2570 et
1269 2516 1482 2584 plenius
1515 2531 1635 2573 eam
1656 2559 1670 2584 ,
1704 2516 1870 2574 Paulo
1901 2522 2152 2585 docente,

568 2616 861 2672 cognosce.
893 2605 1012 2673 Ipse
1038 2605 1185 2659 enim
1232 2607 1297 2660 ad
1331 2607 1587 2663 llcbrmos
1627 2611 1874 2666 scribens
1903 2612 2034 2666 dicit
2061 2614 2107 2649 δ’
2140 2636 2151 2670 :

575 2713 595 2748 ι
630 2695 821 2753 Omnis
851 2714 1082 2770 namque
1109 2701 1355 2771 pontifex
1381 2702 1446 2756 ab
1478 2701 1789 2760 hominibus
1821 2715 2153 2776 assumptus,

569 2802 669 2856 pro
716 2789 1027 2844 [nominibus
1072 2791 1426 2847 constituitur
1475 2793 1541 2848 ad
1591 2792 1900 2850 offerendas
1948 2796 2156 2852 hostias

572 2880 702 2934 Deo.
742 2901 760 2934 ι
797 2881 863 2936 Ει
914 2883 1074 2953 paulo
1118 2895 1278 2954 post:
1321 2904 1338 2936 ι
1374 2885 1484 2940 Lex
1513 2928 1528 2952 ,
1580 2886 1754 2957 inquit
1780 2889 1824 2920 ⁶⁰
1851 2929 1866 2954 ,
1904 2889 2155 2960 homines

570 2973 854 3028 constituit
904 2975 1218 3030 sacerdotes
1277 2975 1649 3031 infirmitatem
1723 2978 2023 3045 habentes,
2092 2991 2150 3036 ut

570 3067 778 3134 possint
804 3069 946 3122 sicut
989 3083 1089 3138 pro
1121 3084 1250 3136 sua,
1285 3069 1448 3124 etiam
1482 3085 1582 3140 pro
1614 3072 1794 3141 populi
1833 3073 2154 3132 infirmitate

567 3159 782 3216 offerre.
816 3162 1012 3218 rVides
1043 3179 1172 3235 ergo
1194 3167 1655 3237 dispensationem
1699 3169 1895 3226 divina;
1932 3174 2154 3242 sapien-

571 3251 678 3305 tiae.
708 3249 1037 3308 Sacerdotes
1065 3259 1274 3322 statuit,
1304 3273 1408 3311 non
1445 3273 1540 3313 eos
1570 3260 1661 3329 qui
1695 3262 2008 3316 omnimodo
2038 3279 2158 3334 pec-

567 3357 697 3398 care
726 3356 1104 3415 nonpossent,
1137 3350 1376 3419 alioquin
1412 3368 1518 3406 non
1545 3363 1730 3408 essent
1759 3354 2029 3417 homines.
2063 3359 2156 3411 sed

569 3450 662 3490 eos
693 3437 785 3505 qui
818 3438 1014 3492 imitari
1047 3443 1261 3509 quidem
1288 3444 1523 3499 debeant
1555 3444 1725 3511 illum,
1747 3448 1836 3516 qui
1871 3457 2156 3518 peccatum

568 3541 677 3581 non
718 3528 844 3582 fecit
882 3547 896 3596 ;
951 3529 1152 3587 offerre
1198 3532 1312 3605 (3i)
1367 3543 1546 3589 autem
1599 3536 1810 3592 hostias
1853 3537 2028 3606 primo
2061 3552 2158 3608 pro

568 3621 701 3684 suis,
734 3631 919 3690 postea
951 3638 1048 3692 pro
1087 3627 1270 3695 pepuli
1308 3626 1541 3682 delictis.
1579 3626 1683 3682 Sed
1720 3629 1846 3698 quid
1888 3631 2157 3700 praecipue

567 3711 623 3764 in
657 3711 964 3778 hujusmodi
998 3717 1284 3770 sacerdote
1321 3717 1628 3771 mirandum
1660 3719 1786 3774 est?
1817 3736 1923 3774 non
1962 3731 2020 3775 tit
2048 3737 2154 3777 non

566 3814 790 3873 peccet,
828 3807 973 3874 quod
1007 3805 1121 3860 fieri
1156 3822 1260 3862 non
1311 3818 1527 3878 potest,
1558 3813 1652 3866 sed
1701 3820 1758 3865 ut
1801 3823 2064 3882 agnoscat
2102 3825 2157 3870 et

569 3895 833 3965 intelligat
860 3907 1140 3966 peccatum
1178 3915 1354 3953 suum.
1383 3900 1670 3971 Nunquam
1705 3904 1852 3957 enim
1890 3920 1947 3959 se
1971 3921 2158 3961 cmen-

569 3987 684 4050 dat,
709 3989 799 4056 qui
829 4004 1087 4058 peccasse
1116 4006 1173 4044 se
1204 4007 1310 4046 non
1343 4003 1516 4061 putat.
1551 3994 1726 4049 Simul
1767 3998 1892 4065 quia
1924 4007 1977 4051 et
2019 3997 2155 4054 faci-

571 4076 677 4132 lius
719 4089 901 4148 potest
948 4081 1226 4152 indulgere
1272 4086 1649 4152 peccantibus,
1704 4087 1748 4141 is
1791 4089 1881 4156 qui
1929 4089 2157 4160 alicujus

570 4171 912 4227 infirmitatis
959 4190 1070 4228 suae
1111 4176 1444 4230 conscientia
1501 4180 1868 4234 remordctur.
1913 4180 2042 4248 Qua:
2073 4193 2157 4238 est

572 4276 754 4321 autem
781 4266 988 4322 oblatio
1027 4267 1333 4322 sacerdotis
1364 4283 1460 4337 pro
1496 4281 1724 4338 peccato
1752 4270 1774 4322 ?
1807 4268 2040 4336 Vitulus,
2075 4273 2156 4326 in-

570 4359 710 4430 quit,
737 4359 802 4414 ad
834 4359 1234 4414 holocaustum.
1275 4359 1529 4416 Secundo
1564 4362 1873 4418 invenimus
1901 4363 2084 4418 offerri
2126 4382 2157 4420 a

570 4453 829 4520 pontifice
867 4453 1094 4506 vitulum
1141 4452 1194 4506 in
1240 4452 1663 4519 holocaustum,
1694 4455 1862 4510 semel
1903 4471 2000 4525 pro
2028 4472 2156 4526 pec-

637 4590 685 4622 ⁵⁸
715 4591 886 4646 Levit.
923 4607 996 4658 iv,
1026 4595 1081 4649 5.
1158 4594 1205 4626 ⁵⁹
1235 4592 1402 4650 Hebr.
1433 4609 1487 4661 v,
1523 4594 1574 4649 1.

1663 4595 1709 4627 ⁶⁰
1743 4593 1907 4651 Hebr.
1937 4611 2034 4662 vn,
2063 4599 2158 4654 9.8.

2242 4602 2286 4634 ⁶¹
2323 4603 2525 4673 Ephes.
2556 4617 2591 4655 ι.

2256 1973 2377 2030 qure
2410 1958 2624 2012 viderat
2651 1954 2846 2022 Jacoh,
2883 1956 3200 2027 angelorum
3239 1955 3332 2009 Dei
3361 1965 3530 2008 castra
3563 1956 3736 2021 CdileSlil,

2257 2048 2323 2104 de
2347 2049 2547 2119 quibus
2571 2049 2836 2118 scriptum
2862 2055 2943 2102 est
2972 2049 3023 2102 in
3053 2047 3252 2103 Genesi
3273 2047 3318 2081 δ’
3346 2066 3359 2102 :
3395 2065 3413 2097 ι
3444 2045 3506 2100 Ει
3530 2050 3736 2116 ευςρίςίαιε

2255 2138 2424 2196 Jacob
2455 2139 2590 2194 vidit
2625 2151 2806 2194 castra
2844 2141 2935 2195 Dei
2979 2141 3032 2194 in
3065 2151 3367 2210 apparatu,
3406 2147 3458 2195 et
3487 2152 3737 2196 occurrerunt

2257 2231 2332 2285 illi
2363 2232 2541 2301 angeli
2579 2233 2704 2298 Dei,
2769 2245 2824 2287 et
2852 2233 2989 2287 dixit
3021 2233 3188 2288 Jacob
3221 2248 3345 2288 cum
3375 2232 3562 2287 videret
3585 2237 3736 2296 eosde-

2257 2330 2368 2378 stra
2392 2323 2488 2379 Dei
2518 2333 2646 2379 sunt
2673 2325 2810 2380 huic.
2849 2344 2867 2378 ι
2899 2325 3066 2380 Extra
3096 2324 3187 2380 illa
3221 2340 3356 2395 ergo
3386 2333 3549 2379 castra
3578 2324 3735 2379 ccelcstia

2259 2425 2348 2473 est
2379 2417 2579 2484 omnis,
2612 2422 2666 2474 in
2704 2435 2812 2490 quo
2849 2419 3161 2474 habitamus
3192 2435 3325 2483 nos,
3364 2419 3504 2473 locus
3531 2418 3612 2472 iste
3636 2429 3735 2473 terre

2260 2526 2396 2574 nus,
2438 2509 2490 2562 in
2539 2522 2648 2577 quo
2699 2508 2754 2562 in
2790 2523 2958 2563 carae
2999 2523 3194 2579 passus
3243 2517 3330 2562 est
3368 2507 3608 2562 Christus.
3646 2507 3734 2573 Quod

2259 2617 2388 2657 vero
2441 2602 2594 2667 dicit,
2640 2601 2767 2670 quia
2798 2617 2920 2656 cum
2975 2612 3220 2657 Stercore
3267 2600 3511 2654 exuritur
3546 2609 3589 2654 et
3612 2600 3736 2652 inten-

2260 2693 2376 2747 neis
2407 2732 2422 2757 ,
2470 2693 2592 2747 vide
2642 2707 2708 2746 ne
2756 2691 2896 2748 forte
2933 2695 2999 2748 ad
3037 2692 3496 2762 comparationem
3531 2691 3736 2746 caelestium

2257 2803 2554 2858 corporum
2587 2777 2782 2856 corpus
2815 2787 2957 2843 istud
2993 2788 3242 2842 humana:
3277 2796 3496 2849 naturae,
3524 2795 3680 2839 stercus
3699 2784 3733 2834 Ε·
3808 2793 3809 2802 ‘

2258 2879 2524 2949 guraliter
2568 2879 2890 2948 appelletur.
2939 2877 3108 2933 Terra
3159 2879 3309 2933 enim
3363 2886 3477 2942 est,
3506 2877 3730 2931 etdetem

2258 2982 2556 3041 sumptum.
2586 2969 2693 3026 Sed
2726 2981 2780 3026 et
2810 2973 3084 3042 cophinus
3113 2971 3203 3027 ille
3248 2970 3502 3027 stercoris
3519 2969 3600 3038 .qui
3624 2969 3668 3022 ad
3688 2983 3736 3022 n-

2258 3071 2406 3125 dices
2470 3068 2819 3124 suceidendae
2901 3067 3145 3123 ficulnea:
3200 3067 3475 3131 mittitur,
3517 3066 3619 3134 quid
3649 3064 3735 3116 aliud

2260 3180 2422 3232 quam
2478 3163 2795 3233 mysterium
2835 3175 3102 3231 susceptae
3128 3161 3182 3214 in
3221 3173 3450 3228 corpore
3481 3157 3735 3226 dispensatio-

2261 3260 2345 3315 nis
2393 3257 2676 3312 ostendit?
2722 3254 2834 3312 Nec
2887 3264 3068 3310 tamen
3115 3253 3165 3308 ei
3203 3254 3478 3308 interanea
3516 3252 3661 3305 deesse
3690 3251 3736 3302 di-

2261 3357 2482 3403 cuntur.
2514 3346 2776 3415 Quamvis
2803 3347 2948 3401 enim
2977 3344 3133 3399 vilem
3168 3344 3315 3398 servi
3339 3342 3550 3414 gesserit
3571 3339 3736 3398 fortnam.

2259 3440 2539 3510 plenitudo
2587 3449 2768 3494 tamen
2825 3439 2877 3493 in
2924 3453 2990 3493 eo
3040 3437 3348 3492 divinitatis
3392 3429 3735 3489 habitabat.an
3808 3453 3809 3486 l

2259 3535 2509 3604 quamvis
2561 3535 2820 3588 audacter
2868 3532 3118 3586 discussa
3167 3532 3322 3594 sint,
3367 3539 3531 3584 tamen
3558 3526 3649 3594 quia
3671 3523 3736 3592 (33}
3808 3539 3809 3550 ι

2260 3624 2496 3680 fidelium
2529 3640 2872 3695 quorumque
2909 3622 3105 3676 nutriri
3143 3637 3365 3692 semper
3410 3621 3472 3674 ad
3512 3616 3737 3686 majortde-

2257 3716 2352 3772 bet
2381 3719 2597 3773 auditus
2625 3760 2638 3782 ,
2668 3719 2858 3773 eadem
2890 3731 3107 3786 quoque
3138 3716 3305 3771 etiam
3351 3717 3414 3770 de
3442 3713 3677 3786 Synagogz
3692 3711 3737 3764 ri-

2260 3810 2372 3864 tulo
2405 3812 2718 3877 accipienda
2755 3818 2903 3865 sunt.

2329 3903 2382 3957 4.
2418 3902 2476 3958 In
2511 3905 2702 3961 morali
2736 3912 2915 3957 autem
2950 3905 3070 3956 loco
3107 3908 3286 3969 potest
3317 3898 3542 3969 pontifex
3571 3897 3738 3952 istem-
3808 3943 3809 3956 χ

2258 4016 2352 4056 sus
2399 3997 2620 4069 pietatis
2669 4006 2724 4050 et
2758 3992 3043 4063 religionis
3075 3991 3246 4045 videri
3277 4034 3292 4056 ,
3337 3991 3429 4060 qui
3471 3991 3518 4044 in
3547 3987 3737 4053 nobispa

2258 4092 2536 4148 orationes
2564 4098 2619 4144 et
2645 4087 3056 4144 obsecrationes
3084 4097 3221 4151 quas
3244 4083 3354 4138 Deo
3383 4083 3637 4144 fundimus,
3653 4077 3737 4131 velut

2258 4186 2494 4260 quodam
2534 4181 2850 4248 sacerdotio
2901 4179 3167 4249 fungitur.
3203 4175 3304 4230 llic
3335 4177 3378 4232 si
3409 4177 3457 4231 in
3492 4175 3638 4243 aliquo
3661 4170 3738 4225 deli-

2259 4277 2465 4348 querit,
2499 4290 2718 4331 omnem
2747 4273 3009 4329 continuo
3040 4273 3132 4342 qui
3165 4272 3310 4327 intra
3341 4285 3439 4326 nos
3468 4277 3542 4324 est
3563 4267 3736 4321 bonorum
3808 4309 3809 4318 χ

2257 4383 2479 4427 actuum
2526 4383 2753 4438 peccare
2795 4367 3050 4437 populum
3100 4366 3251 4421 facit.
3298 4365 3479 4434 Neque
3521 4354 3735 4415 enimuere

2257 4463 2441 4532 operis
2469 4461 2673 4530 aliquid
2700 4461 2959 4530 gerimus,
2993 4474 3119 4514 cum
3150 4456 3204 4512 in
3230 4472 3457 4527 pravum
3481 4446 3738 4509 declinaverit
3808 4525 3809 4528 η

2677 4602 2722 4633 ⁶²
2753 4600 2951 4656 Genes.
2976 4616 3152 4667 xxxu,
3179 4600 3233 4665 l,
3268 4598 3326 4655 9..

641 4713 877 4791 (3D)_Qui
908 4715 1045 4791 inter
1081 4714 1248 4791 Deum
1273 4724 1319 4769 et
1347 4716 1582 4791 lio_mi_nes
1608 4715 1811 4791 medius
1831 4716 2044 4791 quidam
2071 4735 2152 4772 re-
2185 4721 2230 4776 D
2259 4736 2322 4784 v;
2362 4718 2910 4791 llieronymtts‘epist.
2943 4717 3068 4782 128,
3094 4717 3245 4791 et_ad
3276 4713 3566 4791 Melachirr,
3590 4716 3737 4791 capkl‘l‘.

569 4784 886 4854 prOpitinto-r
918 4786 1212 4844 intervenit.
1250 4796 1357 4841 etc.
1392 4785 1594 4839 Eodem
1634 4785 1807 4841 ferme
1835 4789 1993 4841 modo
2025 4798 2153 4844 ante

569 4853 864 4925 Origene-tn
900 4853 1052 4908 Philo
1077 4854 1295 4910 Iudaeus
1327 4856 1568 4925 loquitur
1611 4857 1707 4910 lib.
1747 4874 1784 4910 ll
1824 4857 1898 4911 De
1930 4857 2156 4911 Moner-

570 4928 726 5000 chiaA:
756 4924 1009 5000 Βούᾉεται
1035 4925 1125 5000 cev
1159 4924 1420 5000 dpxtspéat
1444 4929 1471 4980 ὁ
1496 4927 1658 4998 νόμος
1678 4928 1937 5000 μείζονος
1969 4946 2161 5000 μεμοι-

571 4995 767 5070 piabat:
793 4995 1030 5070 596939);
1063 4996 1095 5067 ἢ
1131 4995 1270 5070 medi
1319 4995 1632 5067 ἄνθρωπόν,
1671 4995 1951 5070 ἐγγυτέρω
1971 4995 2159 5070 ’προσ-

574 5065 742 5151 ξόνταν
759 5065 858 5150 τῆς
893 5065 1092 5151 Θεέαςί
1123 5065 1492 5151 μεθόριοκίζερ
1525 5069 1605 5151 ξεῖ
1640 5069 1688 5121 τ’
1716 5065 2152 5151 ἅληθὲςιλέκέειν,

569 5138 792 5210 ἀμφρῖγ,
829 5137 915 5210 ἵνᾳ
945 5137 1421 5210 -διὰῌμέᾳουτινὸς
1455 5139 1730 5210 ἄνθρωποι
1769 5137 1868 5210 μὲν
1906 5141 2160 5193 Elatawa-

519 5233 526 5237 ο
570 5225 666 5282 ται.
687 5206 838 5282 Θεὸν.
867 5207 1000 5270 Θεὸς
1030 5208 1086 5282 δὲ
1106 5208 1213 5282 Δ’τὰς
1233 5209 1462 5280 χάριτας
1481 5206 1790 5282 ἀνθρώποιξ
1819 5212 2156 5282 ὑποδιακόνῳ

570 5279 679 5332 τινὶ
714 5276 992 5353 χρώμενος
1026 5278 1194 5351 ὀρέγῃ
1230 5276 1324 5333 irai.
1367 5276 1598 5353 χορηγῇξ
1645 5301 1662 5332 ‹
1698 5281 1942 5334 Postulat
1985 5283 2066 5335 lex
2103 5276 2152 5336 in

573 5352 828 5420 pontifice
875 5360 1127 5420 naturam
1162 5355 1395 5405 humana
1431 5352 1710 5419 majorem,
1745 5361 1803 5405 ut
1833 5354 1923 5420 qui
1970 5354 2035 5404 ad
2071 5354 2153 5406 di-

572 5419 756 5472 vinam
789 5419 1012 5487 propius
1041 5423 1297 5487 accedat,
1325 5423 1482 5485 situs,
1513 5423 1555 5477 si
1593 5436 1780 5475 verum
1816 5419 1972 5475 fateri
2008 5422 2154 5488 licet,

574 5490 628 5544 in
661 5490 946 5562 utriusque
973 5491 1251 5562 confinio,
1285 5502 1343 5545 ut
1390 5505 1485 5562 per
1530 5493 1882 5546 mediatorem
1919 5494 2154 5560 aliquem

576 5562 826 5632 homines
842 5561 1070 5632 quidem
1107 5561 1270 5615 Deum
1309 5563 1602 5631 propitient
1629 5600 1644 5625 ,
1681 5561 1820 5616 Deus
1861 5578 1992 5617 vero
2027 5578 2156 5632 gra-

578 5631 679 5685 tias
709 5631 1020 5703 hominibus
1045 5673 1060 5698 ,
1097 5632 1280 5702 aliquo
1310 5647 1440 5688 usus
1479 5633 1760 5703 ministro,
1793 5631 2049 5703 porrigat
2076 5643 2160 5686 at-

579 5715 684 5772 que
713 5701 996 5772 largiatur.
1032 5721 1050 5756 ι
1083 5703 1156 5758 lta
1190 5701 1412 5772 quoque
1446 5712 1638 5757 auctor
1668 5702 1890 5757 Constit.
1927 5701 2156 5770 oportet.

579 5720 684 5768 quc
714 5720 996 5772 largiatur.
1032 5721 1050 5756 ι
1083 5720 1156 5758 ita
1193 5720 1302 5771 quo
1347 5720 1412 5756 ue
1446 5720 1638 5757 auctor
1668 5720 1890 5757 censui.
1927 5720 2154 5770 oportet.

579 5770 677 5824 lib.
703 5787 763 5836 ll,
796 5787 916 5842 cap.
943 5772 1045 5837 25;
1079 5720 1564 5828 sanetusﬂiasilius
1591 5772 1874 5827 Constitat.
1905 5783 2154 5840 manus!”

581 5855 704 5908 cap.
748 5842 822 5897 22
858 5861 876 5906 ;
921 5842 1343 5912 Chrysostomus
1391 5846 1442 5899 in
1482 5843 1604 5900 Vidi
1645 5843 1928 5899 Dominum
1964 5845 2155 5902 homil.

2265 4772 2321 4846 ei
2353 4772 3116 4857 aliipassim.’Vérumtamen
3148 4787 3478 4857 Augustinus
3504 4772 3737 4857 lib._n'Con_:

2259 4871 2341 4915 tra
2375 4849 2812 4924 Parmenionem,
2845 4874 2965 4927 cap.
2991 4858 3046 4921 8,
3081 4875 3145 4912 ex
3179 4859 3196 4911 Ι
3224 4849 3460 4931 Ἰίίιῃοιιι.
3483 4867 3550 4914 XI.

2262 4947 2384 4985 eum
2431 4923 2814 4992 Donatistam,
2858 4923 2999 4997 quod
3043 4931 3278 4998 quodam
3323 4927 3442 4998 loco
3486 4923 3737 4998 mediglopj'“

2269 5003 2500 5056 dixisset
2527 4986 2836 5072 episcopum
2870 4986 3010 5072 inter
3042 4986 3294 5072 populum
3322 5007 3380 5052 et
3411 4986 3738 5072 DeumaSefl

2268 5073 2370 5125 cile
2406 5075 2523 5127 haec
2551 5056 2932 5124 conciliantur.
2969 5056 3128 5125 Solus
3164 5070 3444 5129 Christus,
3477 5064 3604 5117 aiunt
3642 5056 3738 5109 theo-

2266 5143 2391 5213 logi,
2428 5143 2693 5196 mediator
2731 5150 2816 5214 es-t
2851 5151 3056 5194 natura:
3086 5157 3149 5195 ac
3199 5134 3737 5214 reil_elnpti0|li§;_5i§ff‘
3808 5175 3809 5206 ξ

2262 5207 2412 5267 doles
2445 5223 2624 5266 autem
2658 5211 2988 5266 mediatores
3016 5222 3142 5266 sunt
3173 5208 3454 5265 ministerii
3483 5215 3530 5259 et
3557 5207 3737 5256 interesse
3808 5213 3809 5262 i

2259 5284 2446 5338 sionis.

2331 5332 2445 5428 (lit-5
2492 5353 2671 5408 Codex
2720 5351 3005 5423 Sangerm.
3035 5390 3050 5417 ,
3087 5370 3106 5403 ‹
3144 5349 3359 5407 offerre.
3395 5367 3414 5400 ι
3466 5342 3598 5400 Libb.
3622 5332 3736 5390 editi,
3808 5405 3809 5428 ἶ

2260 5441 2279 5475 ι
2315 5422 2493 5478 effert.
2538 5442 2556 5474 ι

2327 5477 2442 5565 (52)
2471 5477 2576 5560 Qui
2599 5495 2653 5548 in
2685 5495 2827 5548 cretis
2855 5492 3064 5565 quidem
3100 5508 3204 5565 non
3237 5507 3332 5565 pro
3357 5493 3572 5565 peccato,
3595 5477 3734 5565 593710

2254 5547 2649 5630 mn‘neretetc.
2692 5547 2830 5621 Vide
2865 5547 3120 5620 lluetium
3151 5547 3571 5634 Origeniauorum
3610 5547 3676 5601 lib.
3696 5555 3732 5602 II.

2255 5644 2445 5706 qumst.
2475 5637 2528 5700 '5,
2563 5653 2711 5691 num.
2740 5636 2832 5691 24.
3085 5705 3091 5706 ί
3252 5703 3260 5706 Α

2327 5677 2976 5784 quia,
3013 5726 3029 5757 ι
3064 5705 3215 5759 deest
3251 5703 3482 5784 irnantea
3508 5677 3733 5751 editis,scd

2257 5779 2563 5835 reSIituitur
2594 5793 2624 5834 e
2657 5779 2844 5834 codice
2875 5778 3350 5848 Sangermanensi.
